{"host":"BK","time":1612677316,"event":{"mods":["BaseMod","Highlight Path","Minty Spire (QoL Compilation)","StSLib"],"gold_per_floor":[113,38,55,70,30,30,58,58,85,101,165,185,212,227,227,301,301,312,237,248,268,268,297,297,330,330,330,346,346,359,4,4,79,79,92,102,102,118,118,147,162,162,233,250,285,12,12,23,23,23,23,23,23,23,48,48,48],"floor_reached":56,"language":"ENG","playtime":3068,"items_purged":["Strike_R"],"score":2018,"play_id":"14fac715-c336-4eec-b3ab-117eada39a09","local_time":"20210206225516","is_ascension_mode":true,"campfire_choices":[{"data":"Carnage","floor":6.0,"key":"SMITH"},{"data":"Inflame","floor":8.0,"key":"SMITH"},{"data":"Whirlwind","floor":15.0,"key":"SMITH"},{"data":"True Grit","floor":24.0,"key":"SMITH"},{"data":"Flame Barrier","floor":29.0,"key":"SMITH"},{"data":"Shrug It Off","floor":32.0,"key":"SMITH"},{"floor":42.0,"key":"REST"},{"floor":47,"key":"REST"},{"floor":49,"key":"RECALL"},{"data":"Evolve","floor":53,"key":"SMITH"}],"circlet_count":0,"master_deck":["AscendersBane","Strike_R","Strike_R","Defend_R","Defend_R","Defend_R","Defend_R","Bash","Carnage+1","Shrug It Off","Inflame+1","Pommel Strike","Flame Barrier+1","Cleave","Whirlwind+1","Heavy Blade","Immolate","Shrug It Off+1","True Grit+1","Necronomicurse","Feed","Feel No Pain","Dark Shackles","Impervious","Feel No Pain+1","Purity","Flame Barrier","Power Through+1","Shockwave+1","Evolve+1","Battle Trance"],"relics":["Burning Blood","Blood Vial","Oddly Smooth Stone","Blue Candle","Snecko Eye","Necronomicon","Red Skull","Shuriken","Medical Kit","Mark of Pain","Boot","Du-Vu Doll","InkBottle","Vajra"],"acts_visited":["Exordium","TheCity","TheBeyond","TheEnding"],"potions_floor_usage":[45,50,50],"damage_taken":[{"damage":1.0,"enemies":"Small Slimes","floor":1.0,"turns":5.0},{"damage":2.0,"enemies":"2 Louse","floor":3.0,"turns":3.0},{"damage":2.0,"enemies":"Jaw Worm","floor":4.0,"turns":4.0},{"damage":22.0,"enemies":"3 Sentries","floor":7.0,"turns":7.0},{"damage":2.0,"enemies":"Red Slaver","floor":10.0,"turns":4.0},{"damage":14.0,"enemies":"3 Sentries","floor":11.0,"turns":8.0},{"damage":0.0,"enemies":"2 Fungi Beasts","floor":12.0,"turns":3.0},{"damage":8.0,"enemies":"Gremlin Nob","floor":13.0,"turns":3.0},{"damage":23.0,"enemies":"Gremlin Gang","floor":14.0,"turns":4.0},{"damage":26.0,"enemies":"Slime Boss","floor":16.0,"turns":8.0},{"damage":8.0,"enemies":"Spheric Guardian","floor":18.0,"turns":4.0},{"damage":9.0,"enemies":"3 Byrds","floor":20.0,"turns":3.0},{"damage":11.0,"enemies":"Centurion and Healer","floor":21.0,"turns":3.0},{"damage":15.0,"enemies":"Slavers","floor":23.0,"turns":2.0},{"damage":0.0,"enemies":"Gremlin Leader","floor":25.0,"turns":3.0},{"damage":0.0,"enemies":"Snecko","floor":28.0,"turns":2.0},{"damage":9.0,"enemies":"Shelled Parasite and Fungi","floor":30.0,"turns":3.0},{"damage":0.0,"enemies":"Automaton","floor":33.0,"turns":5.0},{"damage":12.0,"enemies":"Orb Walker","floor":35.0,"turns":3.0},{"damage":34.0,"enemies":"3 Shapes","floor":36.0,"turns":4.0},{"damage":28.0,"enemies":"Spire Growth","floor":38.0,"turns":3.0},{"damage":30.0,"enemies":"Nemesis","floor":40.0,"turns":9.0},{"damage":11.0,"enemies":"Writhing Mass","floor":41.0,"turns":3.0},{"damage":26.0,"enemies":"Sphere and 2 Shapes","floor":44.0,"turns":4.0},{"damage":3,"enemies":"Giant Head","floor":45,"turns":6},{"damage":0,"enemies":"Transient","floor":48,"turns":6},{"damage":30,"enemies":"Awakened One","floor":50,"turns":12},{"damage":27,"enemies":"Donu and Deca","floor":51,"turns":10},{"damage":35,"enemies":"Shield and Spear","floor":55,"turns":8},{"damage":66,"enemies":"The Heart","floor":56,"turns":5}],"seed_played":"2316632892350781067","potions_obtained":[{"floor":3.0,"key":"AttackPotion"},{"floor":4.0,"key":"DuplicationPotion"},{"floor":10.0,"key":"DuplicationPotion"},{"floor":14.0,"key":"FearPotion"},{"floor":16.0,"key":"Strength Potion"},{"floor":18.0,"key":"Block Potion"},{"floor":21.0,"key":"EntropicBrew"},{"floor":30.0,"key":"BlessingOfTheForge"},{"floor":38.0,"key":"BloodPotion"},{"floor":44.0,"key":"LiquidBronze"},{"floor":45,"key":"Energy Potion"},{"floor":48,"key":"Energy Potion"}],"is_trial":false,"path_per_floor":["M","?","M","M","$","R","E","R","T","M","?","M","E","M","R","B",null,"M","$","M","M","?","E","R","E","T","?","M","R","M","$","R","B",null,"M","M","?","M","?","E","M","R","T","M","E","$","R","M","R","B","B",null,"R","$","E","B"],"character_chosen":"IRONCLAD","items_purchased":["Inflame","Medical Kit","Feel No Pain","Dark Shackles","InkBottle"],"campfire_rested":2,"item_purchase_floors":[5,31,31,31,46],"current_hp_per_floor":[80,80,82,82,82,82,66,66,66,72,66,74,74,59,59,41,72,72,72,71,68,47,40,40,48,48,48,56,56,55,55,55,63,77,73,47,37,20,20,15,12,37,37,22,27,27,53,61,61,39,23,74,74,74,50,0,0],"gold":48,"neow_bonus":"TEN_PERCENT_HP_BONUS","is_daily":false,"chose_seed":false,"campfire_upgraded":7,"win_rate":0.0,"timestamp":1612677316,"path_taken":["M","?","M","M","$","R","E","R","T","M","?","M","E","M","R","BOSS","M","$","M","M","?","E","R","E","T","?","M","R","M","?","R","BOSS","M","M","?","M","?","E","M","R","T","?","E","$","R","M","R","BOSS","BOSS","R","$","E","BOSS"],"items_purchased_type":["Card","Relic","Card","Card","Relic"],"build_version":"2020-12-18","purchased_purges":1,"victory":false,"max_hp_per_floor":[82,82,82,82,82,82,82,82,82,82,82,82,82,82,82,82,82,82,82,82,82,82,82,82,82,82,82,82,82,82,82,82,82,82,82,82,82,85,85,85,85,85,85,88,88,88,88,88,88,88,91,91,91,91,94,94,94],"card_choices":[{"not_picked":["Clash","Twin Strike"],"picked":"Carnage","floor":1.0},{"not_picked":["Havoc","Warcry"],"picked":"Shrug It Off","floor":3.0},{"not_picked":["True Grit","Dark Embrace","Flex"],"picked":"SKIP","floor":4.0},{"not_picked":["Rupture","Sever Soul"],"picked":"Pommel Strike","floor":7.0},{"not_picked":["Cleave","Headbutt"],"picked":"Flame Barrier","floor":10.0},{"not_picked":["Twin Strike","Fire Breathing"],"picked":"Cleave","floor":12.0},{"not_picked":["Entrench","Heavy Blade"],"picked":"Whirlwind","floor":13.0},{"not_picked":["Shrug It Off","Flame Barrier"],"picked":"Heavy Blade","floor":14.0},{"not_picked":["Brutality","Juggernaut"],"picked":"Immolate","floor":16.0},{"not_picked":["Clash","Searing Blow"],"picked":"Shrug It Off","floor":18.0},{"not_picked":["Sword Boomerang","Armaments","Anger+1"],"picked":"SKIP","floor":20.0},{"not_picked":["Flex","Pommel Strike"],"picked":"True Grit","floor":21.0},{"not_picked":["Pummel","Searing Blow+1","Pommel Strike"],"picked":"SKIP","floor":23.0},{"not_picked":["True Grit","Power Through","Armaments+1"],"picked":"SKIP","floor":25.0},{"not_picked":["Bloodletting","Ghostly Armor","Thunderclap"],"picked":"SKIP","floor":28.0},{"not_picked":["Cleave","Warcry+1"],"picked":"Feed","floor":30.0},{"not_picked":["Exhume","Double Tap"],"picked":"Impervious","floor":33.0},{"not_picked":["True Grit","Thunderclap+1","Ghostly Armor"],"picked":"SKIP","floor":35.0},{"not_picked":["Shrug It Off","Intimidate"],"picked":"Feel No Pain+1","floor":36.0},{"not_picked":["Discovery","Violence"],"picked":"Purity","floor":37.0},{"not_picked":["Dual Wield","Clash"],"picked":"Flame Barrier","floor":38.0},{"not_picked":["Burning Pact","Headbutt"],"picked":"Power Through+1","floor":40.0},{"not_picked":["Body Slam","Sever Soul+1","Hemokinesis"],"picked":"SKIP","floor":41.0},{"not_picked":["Pommel Strike+1","Blood for Blood+1","Pummel"],"picked":"SKIP","floor":44.0},{"not_picked":["Havoc+1","Entrench"],"picked":"Shockwave+1","floor":45},{"not_picked":["True Grit","Clash"],"picked":"Evolve","floor":48},{"not_picked":["Feed","Bludgeon"],"picked":"Battle Trance","floor":55}],"player_experience":2513482,"relics_obtained":[{"floor":7.0,"key":"Blood Vial"},{"floor":9.0,"key":"Oddly Smooth Stone"},{"floor":11.0,"key":"Blue Candle"},{"floor":22.0,"key":"Necronomicon"},{"floor":23.0,"key":"Red Skull"},{"floor":25.0,"key":"Shuriken"},{"floor":40.0,"key":"Boot"},{"floor":45,"key":"Du-Vu Doll"},{"floor":55,"key":"Vajra"}],"event_choices":[{"cards_removed":["Strike_R"],"damage_healed":0.0,"max_hp_gain":0.0,"max_hp_loss":0.0,"gold_gain":0.0,"event_name":"The Cleric","player_choice":"Card Removal","floor":2.0,"gold_loss":75.0,"damage_taken":0.0},{"damage_healed":0.0,"max_hp_gain":0.0,"max_hp_loss":0.0,"gold_gain":0.0,"event_name":"Dead Adventurer","player_choice":"Searched \u00271\u0027 times","floor":11.0,"gold_loss":0.0,"damage_taken":0.0},{"damage_healed":0.0,"max_hp_gain":0.0,"max_hp_loss":0.0,"gold_gain":0.0,"event_name":"Cursed Tome","player_choice":"Obtained Book","floor":22.0,"gold_loss":0.0,"damage_taken":21.0},{"damage_healed":0.0,"max_hp_gain":0.0,"max_hp_loss":0.0,"gold_gain":0.0,"event_name":"Ghosts","player_choice":"Ignored","floor":27.0,"gold_loss":0.0,"damage_taken":0.0},{"damage_healed":0.0,"max_hp_gain":0.0,"max_hp_loss":0.0,"gold_gain":0.0,"event_name":"SensoryStone","player_choice":"Memory 3","floor":37.0,"gold_loss":0.0,"damage_taken":10.0},{"cards_removed":["Strike_R"],"damage_healed":0.0,"max_hp_gain":0.0,"max_hp_loss":0.0,"gold_gain":0.0,"event_name":"Purifier","player_choice":"Purged","floor":39.0,"gold_loss":0.0,"damage_taken":0.0}],"is_beta":true,"boss_relics":[{"not_picked":["Runic Cube","Runic Dome"],"picked":"Snecko Eye"},{"not_picked":["Black Star","Runic Pyramid"],"picked":"Mark of Pain"}],"items_purged_floors":[19],"is_endless":false,"potions_floor_spawned":[3,4,10,14,16,18,21,30,38,44,45,48],"killed_by":"The Heart","ascension_level":20}}