{"host":"29uuqgkzqd703i93","time":1612737581,"event":{"mods":["BaseMod","Minty Spire (QoL Compilation)"],"gold_per_floor":[109,184,184,251,301,301,47,62,62,74,106,106,156,220,220,321,321,339,0,50,100,3,3,3,31,100,100,110,129,159,209,209,310,310,322,372,422,43,108,108,133,133,133,153,203,214,264,389,389,389],"floor_reached":51,"language":"ENG","playtime":3202,"items_purged":["Writhe"],"score":784,"play_id":"6e2df514-7ab6-418e-86eb-67b4e0215fb3","local_time":"20210207233941","is_ascension_mode":false,"campfire_choices":[{"floor":6,"key":"REST"},{"floor":12,"key":"REST"},{"floor":15,"key":"REST"},{"data":"Jack Of All Trades","floor":23,"key":"SMITH"},{"data":"After Image","floor":27,"key":"SMITH"},{"data":"Well Laid Plans","floor":32,"key":"SMITH"},{"data":"Footwork","floor":40,"key":"SMITH"},{"data":"Noxious Fumes","floor":42,"key":"SMITH"},{"data":"Dash","floor":49,"key":"SMITH"}],"circlet_count":0,"master_deck":["Survivor","Neutralize","Jack Of All Trades+1","Caltrops","Dash+1","Doppelganger","Noxious Fumes+1","Well Laid Plans+1","Leg Sweep+1","Poisoned Stab","Die Die Die","Wraith Form v2","After Image+1","Leg Sweep+1","Deadly Poison+1","Malaise+1","Well Laid Plans","Slice","Terror+1","Tactician+1","Necronomicurse","Deflect+1","PiercingWail+1","Dash","Deflect+1","After Image","Blur+1","Madness+1","Madness+1","Footwork+1","Blind+1","Terror+1","Distraction+1","Finesse+1","The Bomb+1","Bandage Up+1","Slice"],"relics":["Ring of the Snake","SsserpentHead","Matryoshka","Toxic Egg 2","Art of War","PreservedInsect","Pandora\u0027s Box","Bronze Scales","Lantern","Necronomicon","Lee\u0027s Waffle","Incense Burner","Oddly Smooth Stone","Paper Crane","Snake Skull","The Specimen","HoveringKite","Blood Vial","TwistedFunnel","Vajra","Ninja Scroll","Eternal Feather"],"acts_visited":["Exordium","TheCity","TheBeyond"],"potions_floor_usage":[11,11,16],"damage_taken":[{"damage":0,"enemies":"Small Slimes","floor":1,"turns":5},{"damage":4,"enemies":"Cultist","floor":4,"turns":4},{"damage":3,"enemies":"Jaw Worm","floor":8,"turns":4},{"damage":11,"enemies":"3 Louse","floor":10,"turns":5},{"damage":36,"enemies":"Gremlin Nob","floor":11,"turns":6},{"damage":14,"enemies":"Lots of Slimes","floor":14,"turns":4},{"damage":5,"enemies":"Hexaghost","floor":16,"turns":11},{"damage":9,"enemies":"Shell Parasite","floor":18,"turns":4},{"damage":3,"enemies":"Gremlin Leader","floor":25,"turns":5},{"damage":0,"enemies":"Chosen","floor":28,"turns":4},{"damage":0,"enemies":"3 Cultists","floor":29,"turns":6},{"damage":0,"enemies":"Book of Stabbing","floor":30,"turns":4},{"damage":7,"enemies":"Champ","floor":33,"turns":12},{"damage":0,"enemies":"Orb Walker","floor":35,"turns":3},{"damage":0,"enemies":"3 Darklings","floor":39,"turns":5},{"damage":11,"enemies":"Nemesis","floor":41,"turns":7},{"damage":0,"enemies":"Jaw Worm Horde","floor":44,"turns":4},{"damage":0,"enemies":"4 Shapes","floor":46,"turns":3},{"damage":9,"enemies":"Awakened One","floor":50,"turns":15}],"seed_played":"-8437006059759884286","potions_obtained":[{"floor":1,"key":"SteroidPotion"},{"floor":10,"key":"SteroidPotion"},{"floor":11,"key":"Poison Potion"},{"floor":25,"key":"Explosive Potion"},{"floor":29,"key":"EntropicBrew"},{"floor":35,"key":"DistilledChaos"}],"is_trial":false,"path_per_floor":["M","?","?","M","?","R","$","M","T","M","E","R","?","M","R","B",null,"M","$","?","?","$","R","$","E","T","R","M","M","E","?","R","B",null,"M","?","?","$","M","R","E","R","T","M","?","M","?","T","R","B",null],"character_chosen":"THE_SILENT","items_purchased":["Matryoshka","Bronze Scales","Lantern","Tactician+1","Lee\u0027s Waffle","TwistedFunnel","Footwork","Blind+1"],"campfire_rested":3,"item_purchase_floors":[7,19,19,19,22,38,38,38],"current_hp_per_floor":[70,59,59,55,55,70,70,67,67,56,20,41,41,27,48,43,70,61,61,70,54,77,77,77,74,74,74,74,74,74,74,74,67,77,77,67,67,67,69,69,60,60,60,62,52,54,54,54,75,68],"gold":389,"neow_bonus":"RANDOM_COLORLESS","is_daily":false,"chose_seed":false,"campfire_upgraded":6,"win_rate":0.0,"timestamp":1612737581,"path_taken":["M","?","?","?","?","R","$","M","T","M","E","R","?","?","R","BOSS","M","$","?","?","?","R","$","E","T","R","M","M","E","?","R","BOSS","M","?","?","$","?","R","E","R","T","M","?","M","?","?","R","BOSS"],"items_purchased_type":["Relic","Relic","Relic","Card","Relic","Relic","Card","Card"],"build_version":"2020-12-22","purchased_purges":1,"victory":true,"max_hp_per_floor":[70,70,70,70,70,70,70,70,70,70,70,70,70,70,70,70,70,70,70,70,70,77,77,77,77,77,77,77,77,77,77,77,77,77,77,77,77,77,77,77,77,77,77,77,77,77,77,77,77,77],"card_choices":[{"not_picked":["Forethought","Discovery"],"picked":"Jack Of All Trades","floor":0},{"not_picked":["Backflip","Sucker Punch"],"picked":"Caltrops","floor":1},{"not_picked":["Flying Knee","Deflect"],"picked":"Dash","floor":4},{"not_picked":["Cloak And Dagger","Flying Knee"],"picked":"Noxious Fumes","floor":8},{"not_picked":["Noxious Fumes","Skewer"],"picked":"Well Laid Plans","floor":10},{"not_picked":["Quick Slash","Tools of the Trade"],"picked":"Leg Sweep+1","floor":11},{"not_picked":["Dodge and Roll+1","Outmaneuver+1"],"picked":"Poisoned Stab","floor":14},{"not_picked":["Venomology+1","Storm of Steel+1"],"picked":"Die Die Die","floor":16},{"not_picked":["Escape Plan+1","Cloak And Dagger+1"],"picked":"Terror+1","floor":18},{"not_picked":["Cloak And Dagger+1","Flying Knee"],"picked":"Deflect+1","floor":25},{"not_picked":["Eviscerate","Acrobatics+1"],"picked":"PiercingWail+1","floor":28},{"not_picked":["All Out Attack+1","Accuracy"],"picked":"Dash","floor":29},{"not_picked":["Skewer+1","Dagger Spray"],"picked":"Deflect+1","floor":30},{"not_picked":["Glass Knife","Tools of the Trade"],"picked":"After Image","floor":33},{"not_picked":["Endless Agony","Prepared+1"],"picked":"Blur+1","floor":35},{"not_picked":["Caltrops","Dagger Spray"],"picked":"Terror+1","floor":39},{"not_picked":["Accuracy+1","Outmaneuver+1"],"picked":"Distraction+1","floor":41},{"not_picked":["Bane","Dagger Spray+1"],"picked":"Flying Knee+1","floor":44},{"not_picked":["Jack Of All Trades+1","Bandage Up+1"],"picked":"Finesse+1","floor":45},{"not_picked":["Impatience+1","Flash of Steel"],"picked":"The Bomb+1","floor":45},{"not_picked":["Impatience+1","PanicButton+1"],"picked":"Bandage Up+1","floor":45},{"not_picked":["Acrobatics+1","Prepared+1"],"picked":"Slice","floor":46}],"player_experience":63770,"relics_obtained":[{"floor":9,"key":"Toxic Egg 2"},{"floor":9,"key":"Art of War"},{"floor":11,"key":"PreservedInsect"},{"floor":21,"key":"Necronomicon"},{"floor":25,"key":"Incense Burner"},{"floor":26,"key":"Oddly Smooth Stone"},{"floor":26,"key":"Paper Crane"},{"floor":30,"key":"Snake Skull"},{"floor":41,"key":"Vajra"},{"floor":43,"key":"Ninja Scroll"},{"floor":48,"key":"Eternal Feather"}],"event_choices":[{"damage_healed":0,"gold_gain":75,"player_choice":"Gather Gold","damage_taken":11,"max_hp_gain":0,"max_hp_loss":0,"event_name":"World of Goop","floor":2,"gold_loss":0},{"damage_healed":0,"gold_gain":0,"player_choice":"Trade","damage_taken":0,"relics_obtained":["SsserpentHead"],"max_hp_gain":0,"max_hp_loss":0,"event_name":"FaceTrader","floor":3,"gold_loss":0},{"damage_healed":0,"gold_gain":0,"cards_transformed":["Strike_G"],"player_choice":"Change","damage_taken":0,"max_hp_gain":0,"max_hp_loss":0,"event_name":"Living Wall","floor":5,"gold_loss":0,"cards_obtained":["Doppelganger"]},{"cards_removed":["Strike_G"],"damage_healed":0,"gold_gain":0,"player_choice":"Offered Basic","damage_taken":0,"max_hp_gain":0,"max_hp_loss":0,"event_name":"Bonfire Elementals","floor":13,"gold_loss":0},{"damage_healed":23,"gold_gain":0,"player_choice":"Heal","damage_taken":0,"max_hp_gain":0,"max_hp_loss":0,"event_name":"The Library","floor":20,"gold_loss":0},{"damage_healed":0,"gold_gain":0,"player_choice":"Obtained Book","damage_taken":16,"max_hp_gain":0,"max_hp_loss":0,"event_name":"Cursed Tome","floor":21,"gold_loss":0},{"damage_healed":0,"gold_gain":0,"player_choice":"Opened","damage_taken":0,"relics_obtained":["The Specimen"],"max_hp_gain":0,"max_hp_loss":0,"event_name":"The Mausoleum","floor":31,"gold_loss":0,"cards_obtained":["Writhe"]},{"damage_healed":0,"gold_gain":0,"player_choice":"Embrace Madness","damage_taken":10,"max_hp_gain":0,"max_hp_loss":0,"event_name":"Winding Halls","floor":36,"gold_loss":0,"cards_obtained":["Madness","Madness"]},{"cards_removed":["Tools of the Trade"],"damage_healed":0,"gold_gain":0,"player_choice":"Gave Card","damage_taken":0,"relics_obtained":["Blood Vial"],"max_hp_gain":0,"max_hp_loss":0,"event_name":"WeMeetAgain","floor":37,"gold_loss":0},{"damage_healed":0,"gold_gain":0,"player_choice":"Memory 3","damage_taken":10,"max_hp_gain":0,"max_hp_loss":0,"event_name":"SensoryStone","floor":45,"gold_loss":0},{"cards_removed":["Flying Knee"],"damage_healed":0,"gold_gain":0,"player_choice":"Removed Attack","damage_taken":0,"max_hp_gain":0,"max_hp_loss":0,"event_name":"Falling","floor":47,"gold_loss":0}],"is_beta":false,"boss_relics":[{"not_picked":["Busted Crown","Snecko Eye"],"picked":"Pandora\u0027s Box"},{"not_picked":["Runic Pyramid","Astrolabe"],"picked":"HoveringKite"}],"items_purged_floors":[38],"is_endless":false,"potions_floor_spawned":[1,10,11,25,29,35,39,46],"ascension_level":0}}