{"host":"isy2gwbfe91wqj1j","time":1612738343,"event":{"mods":["AchievementEnabler","BaseMod","Better Altar","Better Match","Better Note","Better Sensory Stone","Better Skull","Better Third Choice","BetterRewards","Minty Spire (QoL Compilation)","StSLib"],"gold_per_floor":[113,113,133,133,143,143,161,179,203,203,218,218,218,39,39,180,180,194,194,194,293,312,312,326,326,326,326,326,1,26,26,26,122,122,137,149,149,149,149,149,159,459,459,12,40,40,71,89,89,89],"floor_reached":51,"language":"ENG","playtime":2375,"items_purged":["Strike_B","Strike_B","Strike_B","Strike_B"],"score":926,"play_id":"bab29c83-54a3-4573-af57-a65a3624f481","local_time":"20210207155223","is_ascension_mode":true,"campfire_choices":[{"floor":6,"key":"DIG"},{"floor":10,"key":"DIG"},{"floor":12,"key":"DIG"},{"floor":15,"key":"DIG"},{"floor":23,"key":"REST"},{"floor":25,"key":"DIG"},{"floor":27,"key":"DIG"},{"floor":32,"key":"REST"},{"floor":40,"key":"REST"},{"floor":42,"key":"DIG"},{"floor":49,"key":"DIG"}],"circlet_count":0,"master_deck":["Defend_B","Defend_B","Defend_B","Defend_B","Zap","Dualcast","Cold Snap","Capacitor+1","Machine Learning+1","Cold Snap","Coolheaded","Creative AI+1","Conserve Battery","Self Repair+1","Echo Form+1","Cold Snap","Coolheaded+1","Consume"],"relics":["Cracked Core","Juzu Bracelet","Mango","Shovel","Eternal Feather","Frozen Egg 2","Vajra","Bronze Scales","Nunchaku","Tiny Chest","Fusion Hammer","Blood Vial","Happy Flower","Orichalcum","Boot","Omamori","Runic Capacitor","Centennial Puzzle","Philosopher\u0027s Stone","Symbiotic Virus","Shuriken","Old Coin","Turnip","DataDisk","Chemical X","Art of War","PreservedInsect","Blue Candle"],"acts_visited":["Exordium","TheCity","TheBeyond"],"potions_floor_usage":[16,16,16,16,18,24,33,41,41,41,41,41,47,50],"damage_taken":[{"damage":0,"enemies":"Cultist","floor":1,"turns":4},{"damage":2,"enemies":"Jaw Worm","floor":3,"turns":4},{"damage":1,"enemies":"Small Slimes","floor":5,"turns":4},{"damage":16,"enemies":"3 Louse","floor":7,"turns":5},{"damage":18,"enemies":"2 Fungi Beasts","floor":8,"turns":4},{"damage":0,"enemies":"Large Slime","floor":11,"turns":5},{"damage":68,"enemies":"Slime Boss","floor":16,"turns":13},{"damage":16,"enemies":"Spheric Guardian","floor":18,"turns":4},{"damage":14,"enemies":"Shell Parasite","floor":22,"turns":7},{"damage":15,"enemies":"Snake Plant","floor":24,"turns":4},{"damage":57,"enemies":"Gremlin Leader","floor":30,"turns":11},{"damage":69,"enemies":"Champ","floor":33,"turns":11},{"damage":45,"enemies":"3 Darklings","floor":35,"turns":5},{"damage":8,"enemies":"3 Shapes","floor":36,"turns":6},{"damage":28,"enemies":"Transient","floor":41,"turns":5},{"damage":50,"enemies":"Reptomancer","floor":45,"turns":10},{"damage":8,"enemies":"Giant Head","floor":47,"turns":9},{"damage":11,"enemies":"Sphere and 2 Shapes","floor":48,"turns":5},{"damage":23,"enemies":"Time Eater","floor":50,"turns":10}],"seed_played":"-3340847892625623927","potions_obtained":[{"floor":3,"key":"SpeedPotion"},{"floor":7,"key":"EntropicBrew"},{"floor":11,"key":"Explosive Potion"},{"floor":16,"key":"PotionOfCapacity"},{"floor":18,"key":"AttackPotion"},{"floor":33,"key":"SpeedPotion"},{"floor":35,"key":"EntropicBrew"},{"floor":45,"key":"Explosive Potion"},{"floor":47,"key":"Fire Potion"}],"is_trial":false,"path_per_floor":["M","T","M","?","M","R","M","M","T","R","M","R","?","$","R","B",null,"M","?","?","?","M","R","M","R","T","R","T","$","E","?","R","B",null,"M","M","?","T","T","R","M","R","T","$","E","?","E","M","R","B",null],"character_chosen":"DEFECT","items_purchased":["Juzu Bracelet","Shovel","Capacitor+1","Runic Capacitor","Conserve Battery","DataDisk","Chemical X"],"campfire_rested":3,"item_purchase_floors":[0,0,14,29,29,44,44],"current_hp_per_floor":[89,89,87,87,86,89,73,55,55,61,61,67,89,89,89,21,72,56,85,62,62,50,82,69,75,75,81,81,81,26,26,61,36,76,43,47,47,47,47,82,66,75,75,75,37,78,78,78,78,55],"gold":89,"neow_bonus":"","is_daily":false,"chose_seed":false,"campfire_upgraded":0,"win_rate":0.0,"timestamp":1612738343,"path_taken":["M","?","M","?","M","R","M","M","T","R","M","R","?","$","R","BOSS","M","?","?","?","M","R","M","R","T","R","?","$","E","?","R","BOSS","M","M","?","?","?","R","M","R","T","$","E","?","E","M","R","BOSS"],"items_purchased_type":["Relic","Relic","Card","Relic","Card","Relic","Relic"],"build_version":"2020-12-22","purchased_purges":4,"victory":true,"max_hp_per_floor":[89,89,89,89,89,89,89,89,89,89,89,89,89,89,89,89,89,89,89,89,89,89,89,89,89,89,89,89,89,89,89,89,89,89,89,89,89,89,89,89,89,89,89,89,89,78,78,78,78,78],"card_choices":[{"not_picked":["Coolheaded","Defragment"],"picked":"Cold Snap","floor":1},{"not_picked":["Steam","Rebound","Barrage"],"picked":"SKIP","floor":3},{"not_picked":["Consume","Steam","Steam Power"],"picked":"SKIP","floor":5},{"not_picked":["Force Field","BootSequence","Sunder"],"picked":"SKIP","floor":7},{"not_picked":["Gash","Stack","Hologram"],"picked":"SKIP","floor":8},{"not_picked":["Fission","Leap","BootSequence"],"picked":"SKIP","floor":11},{"not_picked":["Buffer+1","Hyperbeam"],"picked":"Machine Learning+1","floor":16},{"not_picked":["Melter","Hologram"],"picked":"Cold Snap","floor":18},{"not_picked":["Doom and Gloom","Turbo+1"],"picked":"Coolheaded","floor":22},{"not_picked":["Reinforced Body","Melter"],"picked":"Creative AI+1","floor":24},{"not_picked":["Reinforced Body+1","Turbo"],"picked":"Self Repair+1","floor":30},{"not_picked":["Machine Learning+1","Fission"],"picked":"Echo Form+1","floor":33},{"not_picked":["Melter+1","Streamline+1"],"picked":"Cold Snap","floor":35},{"not_picked":["Rebound","Go for the Eyes+1","Steam"],"picked":"SKIP","floor":36},{"not_picked":["Reprogram+1","Redo"],"picked":"Coolheaded+1","floor":41},{"not_picked":["Scrape+1","Auto Shields"],"picked":"Consume","floor":45},{"not_picked":["Meteor Strike","Turbo","Steam Power"],"picked":"SKIP","floor":47},{"not_picked":["Turbo","Sweeping Beam","Auto Shields+1"],"picked":"SKIP","floor":48}],"player_experience":194049,"relics_obtained":[{"floor":2,"key":"Eternal Feather"},{"floor":6,"key":"Frozen Egg 2"},{"floor":9,"key":"Vajra"},{"floor":10,"key":"Bronze Scales"},{"floor":12,"key":"Nunchaku"},{"floor":15,"key":"Tiny Chest"},{"floor":25,"key":"Happy Flower"},{"floor":26,"key":"Orichalcum"},{"floor":27,"key":"Boot"},{"floor":28,"key":"Omamori"},{"floor":30,"key":"Centennial Puzzle"},{"floor":38,"key":"Symbiotic Virus"},{"floor":39,"key":"Shuriken"},{"floor":42,"key":"Old Coin"},{"floor":43,"key":"Turnip"},{"floor":45,"key":"Art of War"},{"floor":47,"key":"PreservedInsect"},{"floor":49,"key":"Blue Candle"}],"event_choices":[{"damage_healed":87,"gold_gain":0,"player_choice":"Leave","damage_taken":0,"max_hp_gain":0,"max_hp_loss":89,"event_name":"betterThird:BetterShining","floor":4,"gold_loss":0},{"damage_healed":29,"gold_gain":0,"player_choice":"Banana","damage_taken":0,"max_hp_gain":0,"max_hp_loss":0,"event_name":"Big Fish","floor":13,"gold_loss":0},{"damage_healed":29,"gold_gain":0,"player_choice":"Heal","damage_taken":0,"max_hp_gain":0,"max_hp_loss":0,"event_name":"The Library","floor":19,"gold_loss":0},{"damage_healed":0,"gold_gain":0,"player_choice":" Vial ","damage_taken":23,"relics_obtained":["Blood Vial"],"max_hp_gain":85,"max_hp_loss":62,"event_name":"betterAltar:BetterAltar","floor":20,"potions_obtained":[],"relics_lost":[],"gold_loss":0},{"damage_healed":0,"gold_gain":99,"player_choice":"Steal","damage_taken":0,"max_hp_gain":0,"max_hp_loss":0,"event_name":"betterThird:BetterNest","floor":21,"gold_loss":0},{"damage_healed":0,"gold_gain":0,"player_choice":"Ignored","damage_taken":0,"max_hp_gain":0,"max_hp_loss":0,"event_name":"Vampires","floor":31,"gold_loss":0},{"damage_healed":0,"gold_gain":0,"player_choice":"Ignored","damage_taken":0,"max_hp_gain":0,"max_hp_loss":0,"event_name":"Mysterious Sphere","floor":37,"gold_loss":0},{"damage_healed":78,"gold_gain":0,"player_choice":"Heal","damage_taken":0,"max_hp_gain":0,"max_hp_loss":11,"event_name":"The Moai Head","floor":46,"gold_loss":0}],"is_beta":false,"boss_relics":[{"not_picked":["Astrolabe","Tiny House"],"picked":"Fusion Hammer"},{"not_picked":["Snecko Eye","Runic Dome"],"picked":"Philosopher\u0027s Stone"}],"items_purged_floors":[0,14,29,44],"is_endless":false,"potions_floor_spawned":[3,7,11,16,18,33,35,45,47],"ascension_level":5}}