{"host":"tzwikg9s6mkzv6w0","time":1612697453,"event":{"mods":["BaseMod","Good Game Mod","Minty Spire (QoL Compilation)","Spicy Shops","StSLib"],"gold_per_floor":[109,121,137,151,151,176,176,146,146,181,199,274,303,322,322,417,417,432,444,369,388,11,25,25,25,25,40,70,70,97,112,112,211,211,230,246,262,272,326,353,353,403,403,403,403,434,449,462,462,462,462,462,11,43,43],"floor_reached":56,"language":"ZHS","playtime":19117,"items_purged":["Strike_G","Strike_G","Strike_G","Defend_G"],"score":1767,"play_id":"b78c0af1-e031-4d01-88d3-556c716df927","local_time":"20210207193053","is_ascension_mode":true,"campfire_choices":[{"data":"Apotheosis","floor":7.0,"key":"SMITH"},{"floor":15.0,"key":"RECALL"},{"data":"Blade Dance","floor":25.0,"key":"SMITH"},{"floor":32.0,"key":"REST"},{"floor":41.0,"key":"REST"},{"floor":45.0,"key":"REST"},{"floor":49.0,"key":"REST"},{"floor":52.0,"key":"REST"}],"circlet_count":0,"master_deck":["Defend_G","Defend_G","Defend_G","Survivor","Neutralize","Apotheosis+1","Flechettes","Prepared","Blade Dance+1","Expertise","Escape Plan","Venomology","CurseOfTheBell","Eviscerate+1","Terror","Backflip","Die Die Die+1","Deep Breath","Flash of Steel+1","Malaise"],"relics":["Ring of the Snake","REME:ComplimentaryCards","PreservedInsect","Bottled Lightning","Darkstone Periapt","Ornamental Fan","Calling Bell","Boot","InkBottle","Unceasing Top","ClockworkSouvenir","Molten Egg 2","Eternal Feather","The Courier","Runic Dome","Torii","Pocketwatch","CaptainsWheel","Pear","Gremlin Horn","TheAbacus","Incense Burner","Paper Crane","Sundial"],"acts_visited":["Exordium","TheCity","TheBeyond","TheEnding"],"potions_floor_usage":[54,55,55],"damage_taken":[{"damage":2.0,"enemies":"Cultist","floor":1.0,"turns":4.0},{"damage":1.0,"enemies":"Small Slimes","floor":2.0,"turns":3.0},{"damage":1.0,"enemies":"Jaw Worm","floor":3.0,"turns":4.0},{"damage":2.0,"enemies":"Exordium Thugs","floor":4.0,"turns":6.0},{"damage":0.0,"enemies":"Gremlin Nob","floor":6.0,"turns":3.0},{"damage":4.0,"enemies":"3 Sentries","floor":10.0,"turns":5.0},{"damage":0.0,"enemies":"Looter","floor":11.0,"turns":3.0},{"damage":0.0,"enemies":"Gremlin Nob","floor":13.0,"turns":3.0},{"damage":2.0,"enemies":"Large Slime","floor":14.0,"turns":5.0},{"damage":33.0,"enemies":"Hexaghost","floor":16.0,"turns":15.0},{"damage":8.0,"enemies":"Spheric Guardian","floor":18.0,"turns":6.0},{"damage":0.0,"enemies":"3 Byrds","floor":19.0,"turns":4.0},{"damage":2.0,"enemies":"Centurion and Healer","floor":21.0,"turns":4.0},{"damage":0.0,"enemies":"Shelled Parasite and Fungi","floor":23.0,"turns":3.0},{"damage":4.0,"enemies":"Snake Plant","floor":27.0,"turns":3.0},{"damage":0.0,"enemies":"Slavers","floor":28.0,"turns":4.0},{"damage":7.0,"enemies":"Book of Stabbing","floor":30.0,"turns":3.0},{"damage":0.0,"enemies":"Cultist and Chosen","floor":31.0,"turns":4.0},{"damage":43.0,"enemies":"Automaton","floor":33.0,"turns":7.0},{"damage":0.0,"enemies":"Orb Walker","floor":35.0,"turns":2.0},{"damage":15.0,"enemies":"3 Darklings","floor":36.0,"turns":3.0},{"damage":6.0,"enemies":"Writhing Mass","floor":37.0,"turns":4.0},{"damage":0.0,"enemies":"Maw","floor":38.0,"turns":5.0},{"damage":53.0,"enemies":"2 Orb Walkers","floor":39.0,"turns":7.0},{"damage":0.0,"enemies":"Reptomancer","floor":40.0,"turns":3.0},{"damage":0.0,"enemies":"Mind Bloom Boss Battle","floor":42.0,"turns":5.0},{"damage":1.0,"enemies":"Nemesis","floor":46.0,"turns":3.0},{"damage":0.0,"enemies":"4 Shapes","floor":47.0,"turns":3.0},{"damage":1.0,"enemies":"Writhing Mass","floor":48.0,"turns":3.0},{"damage":81.0,"enemies":"Time Eater","floor":50.0,"turns":12.0},{"damage":25,"enemies":"Shield and Spear","floor":54,"turns":5},{"damage":32,"enemies":"The Heart","floor":55,"turns":9}],"seed_played":"-6034657674935539964","potions_obtained":[{"floor":4.0,"key":"BlessingOfTheForge"},{"floor":8.0,"key":"LiquidBronze"},{"floor":8.0,"key":"FairyPotion"},{"floor":10.0,"key":"Energy Potion"},{"floor":11.0,"key":"EssenceOfSteel"},{"floor":13.0,"key":"Regen Potion"},{"floor":14.0,"key":"GhostInAJar"},{"floor":16.0,"key":"Strength Potion"},{"floor":18.0,"key":"DuplicationPotion"},{"floor":33.0,"key":"Regen Potion"},{"floor":35.0,"key":"PowerPotion"},{"floor":36.0,"key":"Swift Potion"},{"floor":39.0,"key":"FairyPotion"},{"floor":40.0,"key":"CunningPotion"}],"is_trial":false,"path_per_floor":["M","M","M","M","?","E","R","?","T","E","M","?","E","M","R","B",null,"M","M","$","M","$","M","$","R","T","M","E","?","E","M","R","B",null,"M","M","M","M","?","E","R","?","T","?","R","E","M","M","R","B",null,"R","$","E","B",null],"character_chosen":"THE_SILENT","items_purchased":["ClockworkSouvenir","TheAbacus","Incense Burner","Paper Crane"],"campfire_rested":5,"item_purchase_floors":[22,53,53,53],"current_hp_per_floor":[43,42,41,39,32,32,32,32,32,28,28,21,21,19,19,1,59,51,51,51,49,49,49,49,49,49,45,45,45,38,38,69,26,64,64,49,43,43,22,22,53,53,63,53,86,85,85,84,86,5,66,86,86,61,44],"gold":43,"neow_bonus":"REMOVE_TWO","is_daily":false,"chose_seed":false,"campfire_upgraded":2,"win_rate":0.0,"timestamp":1612697453,"path_taken":["M","?","M","M","?","E","R","?","T","E","?","?","E","M","R","BOSS","M","M","$","M","?","?","?","R","T","M","E","?","E","M","R","BOSS","M","M","M","M","?","E","R","?","T","?","R","E","?","M","R","BOSS","R","$","E","BOSS"],"items_purchased_type":["Relic","Relic","Relic","Relic"],"build_version":"2020-12-22","purchased_purges":4,"victory":true,"max_hp_per_floor":[70,70,70,70,70,70,70,70,70,70,70,70,70,70,70,70,76,76,76,76,76,76,76,76,76,76,76,76,76,76,76,76,76,76,76,76,76,76,76,76,76,76,86,86,86,86,86,86,86,86,86,86,86,86,86],"card_choices":[{"not_picked":["Poisoned Stab","Well Laid Plans","Backflip"],"picked":"SKIP","floor":1.0},{"not_picked":["Poisoned Stab","Slice","Outmaneuver"],"picked":"SKIP","floor":2.0},{"not_picked":["Poisoned Stab","Slice","Outmaneuver"],"picked":"SKIP","floor":2.0},{"not_picked":["Blur","Underhanded Strike","Poisoned Stab"],"picked":"SKIP","floor":3.0},{"not_picked":["Quick Slash","Slice"],"picked":"Flechettes","floor":4.0},{"not_picked":["Footwork","Deadly Poison"],"picked":"Prepared","floor":6.0},{"not_picked":["A Thousand Cuts","Slice"],"picked":"Blade Dance","floor":10.0},{"not_picked":["Prepared","Bane","Dodge and Roll"],"picked":"SKIP","floor":11.0},{"not_picked":["Leg Sweep","Well Laid Plans"],"picked":"Expertise","floor":13.0},{"not_picked":["Cloak And Dagger","Riddle With Holes"],"picked":"Escape Plan","floor":14.0},{"not_picked":["Wraith Form v2","Envenom"],"picked":"Venomology","floor":16.0},{"not_picked":["Bouncing Flask","Distraction+1"],"picked":"Eviscerate+1","floor":18.0},{"not_picked":["Infinite Blades","Predator","Underhanded Strike"],"picked":"SKIP","floor":19.0},{"not_picked":["Dodge and Roll+1","Setup"],"picked":"Terror","floor":21.0},{"not_picked":["Poisoned Stab","Burst","Catalyst"],"picked":"SKIP","floor":23.0},{"not_picked":["PiercingWail","Poisoned Stab+1","Flying Knee+1"],"picked":"SKIP","floor":27.0},{"not_picked":["Blade Dance","Well Laid Plans"],"picked":"Backflip","floor":28.0},{"not_picked":["Masterful Stab+1","Deadly Poison+1","Outmaneuver+1"],"picked":"SKIP","floor":30.0},{"not_picked":["Catalyst+1","Backflip","Underhanded Strike+1"],"picked":"SKIP","floor":31.0},{"not_picked":["Glass Knife+1","Wraith Form v2"],"picked":"Die Die Die+1","floor":33.0},{"not_picked":["Dodge and Roll","Blade Dance","Cloak And Dagger"],"picked":"SKIP","floor":35.0},{"not_picked":["Underhanded Strike+1","Quick Slash+1","Flechettes+1"],"picked":"SKIP","floor":36.0},{"not_picked":["Underhanded Strike+1","Quick Slash+1","Flechettes+1"],"picked":"SKIP","floor":36.0},{"not_picked":["Prepared+1","Dodge and Roll","Glass Knife+1"],"picked":"SKIP","floor":37.0},{"not_picked":["Noxious Fumes","Sucker Punch+1","Expertise"],"picked":"SKIP","floor":38.0},{"not_picked":["Finisher+1","Blade Dance+1","Eviscerate+1"],"picked":"SKIP","floor":40.0},{"not_picked":["HandOfGreed+1","Blind"],"picked":"Deep Breath","floor":44.0},{"not_picked":["Metamorphosis","Swift Strike+1"],"picked":"Flash of Steel+1","floor":44.0},{"not_picked":["Poisoned Stab+1","PiercingWail","Eviscerate+1"],"picked":"SKIP","floor":46.0},{"not_picked":["Terror","Blade Dance","Cloak And Dagger"],"picked":"SKIP","floor":47.0},{"not_picked":["Flying Knee+1","Eviscerate+1"],"picked":"Malaise","floor":48.0},{"not_picked":["PiercingWail","Terror+1","Bane+1"],"picked":"SKIP","floor":54}],"player_experience":65790,"relics_obtained":[{"floor":6.0,"key":"Bottled Lightning"},{"floor":10.0,"key":"Darkstone Periapt"},{"floor":13.0,"key":"Ornamental Fan"},{"floor":17.0,"key":"Boot"},{"floor":17.0,"key":"InkBottle"},{"floor":17.0,"key":"Unceasing Top"},{"floor":26.0,"key":"Molten Egg 2"},{"floor":28.0,"key":"Eternal Feather"},{"floor":30.0,"key":"The Courier"},{"floor":39.0,"key":"Torii"},{"floor":40.0,"key":"Pocketwatch"},{"floor":42.0,"key":"CaptainsWheel"},{"floor":43.0,"key":"Pear"},{"floor":46.0,"key":"Gremlin Horn"},{"floor":54,"key":"Sundial"}],"event_choices":[{"damage_healed":0.0,"max_hp_gain":0.0,"max_hp_loss":0.0,"gold_gain":0.0,"event_name":"Scrap Ooze","player_choice":"Success","floor":5.0,"gold_loss":0.0,"damage_taken":7.0,"relics_obtained":["PreservedInsect"]},{"damage_healed":0.0,"max_hp_gain":0.0,"max_hp_loss":0.0,"gold_gain":0.0,"event_name":"The Woman in Blue","player_choice":"Bought 2 Potions","floor":8.0,"gold_loss":0.0,"damage_taken":0.0},{"damage_healed":0.0,"max_hp_gain":0.0,"max_hp_loss":0.0,"gold_gain":75.0,"event_name":"FaceTrader","player_choice":"Touch","floor":12.0,"gold_loss":0.0,"damage_taken":7.0},{"cards_removed":["Strike_G"],"damage_healed":0.0,"max_hp_gain":0.0,"max_hp_loss":0.0,"gold_gain":0.0,"event_name":"Bonfire Elementals","player_choice":"Offered Basic","floor":29.0,"gold_loss":0.0,"damage_taken":0.0},{"damage_healed":0.0,"max_hp_gain":0.0,"max_hp_loss":0.0,"gold_gain":0.0,"event_name":"Mysterious Sphere","player_choice":"Fight","floor":39.0,"gold_loss":0.0,"damage_taken":0.0},{"damage_healed":0.0,"max_hp_gain":0.0,"max_hp_loss":0.0,"gold_gain":0.0,"event_name":"MindBloom","player_choice":"Fight","floor":42.0,"gold_loss":0.0,"damage_taken":0.0},{"damage_healed":0.0,"max_hp_gain":0.0,"max_hp_loss":0.0,"gold_gain":0.0,"event_name":"SensoryStone","player_choice":"Memory 3","floor":44.0,"gold_loss":0.0,"damage_taken":10.0}],"is_beta":false,"boss_relics":[{"not_picked":["Snecko Eye","Coffee Dripper"],"picked":"Calling Bell"},{"not_picked":["Runic Pyramid","Black Star"],"picked":"Runic Dome"}],"items_purged_floors":[20,22,22,53],"is_endless":false,"potions_floor_spawned":[4,10,11,13,14,16,18,21,33,35,36,39,40,48],"ascension_level":6}}