{"host":"hs5g5f0q56ds4vmn","time":1612681445,"event":{"mods":["AchievementEnabler","BaseMod","DeckTracker","Highlight Path","Minty Spire (QoL Compilation)","SuperFastMode","everything is the same but u backflip on backflip"],"gold_per_floor":[12,12,30,45,21,21,76,76,102,127,155,155,189,218,218,329,338,303,62,71,0,20,20,20],"floor_reached":23,"language":"KOR","playtime":1709,"items_purged":[],"score":296,"play_id":"67e0238a-870f-4fab-96ad-414bc74f283b","local_time":"20210207160405","is_ascension_mode":true,"campfire_choices":[{"data":"Fusion","floor":6.0,"key":"SMITH"},{"data":"Reprogram","floor":8.0,"key":"SMITH"},{"data":"Dualcast","floor":12.0,"key":"SMITH"},{"data":"Beam Cell","floor":15.0,"key":"SMITH"}],"circlet_count":0,"master_deck":["AscendersBane","Strike_B","Strike_B","Defend_B","Defend_B","Defend_B","Defend_B","Dualcast+1","Reprogram+1","Fusion+1","Compile Driver","Undo","Beam Cell+1","Reinforced Body","Hologram","Sunder","Seek","Buffer","CurseOfTheBell","BootSequence"],"relics":["Cracked Core","Pantograph","CeramicFish","TungstenRod","Calling Bell","Pen Nib","Ornamental Fan","Ginger","Cables"],"acts_visited":["Exordium","TheCity"],"potions_floor_usage":[],"damage_taken":[{"damage":9.0,"enemies":"Jaw Worm","floor":1.0,"turns":4.0},{"damage":0.0,"enemies":"Small Slimes","floor":3.0,"turns":6.0},{"damage":0.0,"enemies":"2 Louse","floor":4.0,"turns":2.0},{"damage":18.0,"enemies":"Lagavulin Event","floor":7.0,"turns":10.0},{"damage":0.0,"enemies":"Large Slime","floor":10.0,"turns":7.0},{"damage":4.0,"enemies":"Red Slaver","floor":11.0,"turns":5.0},{"damage":10.0,"enemies":"Gremlin Nob","floor":13.0,"turns":4.0},{"damage":6.0,"enemies":"Exordium Wildlife","floor":14.0,"turns":3.0},{"damage":14.0,"enemies":"Hexaghost","floor":16.0,"turns":11.0},{"damage":20.0,"enemies":"2 Thieves","floor":18.0,"turns":5.0},{"damage":0.0,"enemies":"Chosen","floor":22.0,"turns":4.0},{"damage":46,"enemies":"Slavers","floor":23,"turns":5}],"seed_played":"4310790343704267801","potions_obtained":[{"floor":1.0,"key":"PotionOfCapacity"},{"floor":3.0,"key":"Explosive Potion"}],"is_trial":false,"path_per_floor":["M","?","M","M","$","R","?","R","T","M","M","R","E","M","R","B",null,"M","$","?","?","M","E"],"character_chosen":"DEFECT","items_purchased":["Beam Cell","Cables"],"campfire_rested":0,"item_purchase_floors":[5,19],"current_hp_per_floor":[59,59,59,59,59,59,41,41,41,41,37,37,27,21,21,32,64,44,44,44,44,44,0,0],"gold":20,"neow_bonus":"TRANSFORM_TWO_CARDS","is_daily":false,"chose_seed":false,"campfire_upgraded":4,"win_rate":0.0,"timestamp":1612681445,"path_taken":["M","?","M","M","?","R","?","R","T","M","M","R","E","M","R","BOSS","M","$","?","?","M","E"],"items_purchased_type":["Card","Relic"],"build_version":"2020-12-22","purchased_purges":0,"victory":false,"max_hp_per_floor":[75,75,75,75,75,75,75,75,75,75,75,75,75,75,75,75,75,75,75,75,75,75,75,75],"card_choices":[{"not_picked":["FTL","Reinforced Body"],"picked":"Compile Driver","floor":1.0},{"not_picked":["Blizzard","Redo"],"picked":"Undo","floor":3.0},{"not_picked":["Doom and Gloom","FTL","Chaos"],"picked":"SKIP","floor":4.0},{"not_picked":["Leap","Doom and Gloom"],"picked":"Reinforced Body","floor":7.0},{"not_picked":["Steam Power","Redo"],"picked":"Hologram","floor":10.0},{"not_picked":["Chaos","Hello World"],"picked":"Sunder","floor":11.0},{"not_picked":["Glacier","Lockon","Ball Lightning"],"picked":"SKIP","floor":13.0},{"not_picked":["Melter","Go for the Eyes"],"picked":"Seek","floor":14.0},{"not_picked":["All For One","Biased Cognition"],"picked":"Buffer","floor":16.0},{"not_picked":["Beam Cell","Steam","Static Discharge"],"picked":"SKIP","floor":18.0},{"not_picked":["Beam Cell","Consume","Sweeping Beam"],"picked":"SKIP","floor":22.0}],"player_experience":628192,"relics_obtained":[{"floor":7.0,"key":"Pantograph"},{"floor":9.0,"key":"CeramicFish"},{"floor":13.0,"key":"TungstenRod"},{"floor":17.0,"key":"Pen Nib"},{"floor":17.0,"key":"Ornamental Fan"},{"floor":17.0,"key":"Ginger"}],"event_choices":[{"cards_removed":["Zap"],"damage_healed":0.0,"max_hp_gain":0.0,"max_hp_loss":0.0,"gold_gain":0.0,"event_name":"Living Wall","player_choice":"Forget","floor":2.0,"gold_loss":0.0,"damage_taken":0.0},{"damage_healed":0.0,"max_hp_gain":0.0,"max_hp_loss":0.0,"gold_gain":0.0,"event_name":"Dead Adventurer","player_choice":"Searched \u00271\u0027 times","floor":7.0,"gold_loss":0.0,"damage_taken":0.0},{"damage_healed":0.0,"max_hp_gain":0.0,"max_hp_loss":0.0,"gold_gain":0.0,"event_name":"The Library","player_choice":"Read","floor":20.0,"gold_loss":0.0,"damage_taken":0.0,"cards_obtained":["BootSequence"]},{"damage_healed":0.0,"max_hp_gain":0.0,"max_hp_loss":0.0,"gold_gain":0.0,"event_name":"Masked Bandits","player_choice":"Paid Fearfully","floor":21.0,"gold_loss":71.0,"damage_taken":0.0}],"is_beta":false,"boss_relics":[{"not_picked":["Cursed Key","Runic Dome"],"picked":"Calling Bell"}],"items_purged_floors":[],"is_endless":false,"potions_floor_spawned":[1,3,7,11],"killed_by":"Slavers","ascension_level":11}}