{"host":"1hw3ks68c0zl1mxv","time":1612706666,"event":{"mods":["2.2 Compatiblity","Act Like it!","Aspiration","BaseMod","Beaked The Cultist","BetterRewards","Colored Map","Colored Powertips","Conspire","Downfall","Energized Spire","GungeonMod","Halation","Hallownest","Hubris","Infinite Spire","Marisa????????","Mimic Mod","Minty Spire (QoL Compilation)","Quick Restart","Replay The Spire","Shop Mod","StSLib","The Bug Knight","The Construct","The Elementalist","The Necromancer","The Saiyan","The Servant 0.9.4","TheHero"],"gold_per_floor":[109,109,109,109,128,128,128,128,153,171,205,205,229,247,247,368,368,393,414,414,414,428,428,449,449,499,424,437,217,217,253,253,400,400,444,491,491,547,0,33,33,33,33,33,60,60,60,60,102,125,125,125],"floor_reached":53,"language":"ENG","playtime":3971,"items_purged":["Injury","elementalist:Strike+Elemblue"],"score":1035,"play_id":"5b37f522-0309-4ee7-9c9a-e502a5df099d","local_time":"20210207070426","is_ascension_mode":false,"campfire_choices":[{"data":"hubris:InfiniteBlow","floor":6.0,"key":"SMITH"},{"data":"elementalist:Firestrike","floor":8.0,"key":"SMITH"},{"data":"elementalist:Waterstrike","floor":12,"key":"SMITH"},{"data":"elementalist:Low_Tides","floor":15,"key":"SMITH"},{"data":"elementalist:Refract","floor":23,"key":"SMITH"},{"floor":25,"key":"REST"},{"data":"hubris:InfiniteBlow+1","floor":32,"key":"SMITH"},{"data":"infinitespire:Collect","floor":41,"key":"SMITH"},{"data":"Metallicize","floor":44,"key":"SMITH"},{"data":"Disarm","floor":48,"key":"SMITH"},{"data":"ReplayReversal","floor":51,"key":"SMITH"}],"circlet_count":0,"master_deck":["elementalist:Water_Emblem","elementalist:Water_Emblem","elementalist:Defend_Elemblue","elementalist:Defend_Elemblue","elementalist:Defend_Elemblue","elementalist:Defend_Elemblue","elementalist:Defend_Elemblue","elementalist:Firestrike+1","elementalist:Earthstrike","elementalist:Waterstrike+1","elementalist:Airstrike+1","elementalist:Crystal_Chalk","elementalist:Spout","hubris:InfiniteBlow+2","elementalist:Lunar_Form","elementalist:Momentum","elementalist:Low_Tides+1","elementalist:Momentum","elementalist:Refract+1","elementalist:Undertow+1","Spot Weakness","Metallicize+1","Twin Strike","Pummel+1","elementalist:Spout","Double Tap","Twin Strike","infinitespire:Collect+1","Pummel+1","elementalist:Spout+1","Disarm+1","Demon Form","ReplayReversal+1","Disarm+1"],"relics":["elementalistmod:MagusStaff","elementalistmod:BlueRibbon","halation:AfternoonTea","Golden Idol","hubris:Towel","DemoMod:WhiteGuonStone","aspiration:SeaSaltIceCream","DemoMod:PinkGuonStone","aspiration:IroncladSkillbook","WarpedTongs","beaked:ShinyBauble","infinitespire:ShieldingShard","Whetstone","infinitespire:Satchel","infinitespire:EvilPickle","hubris:RunicObelisk","aspiration:DSix","hubris:GlazedTorus","DollysMirror","DemoMod:GlassGuonStoneRelic","infinitespire:WardingShard","conspire:Dentures","hubris:Potato"],"acts_visited":["Exordium","TheCity","TheBeyond"],"potions_floor_usage":[16,18,18,24,33,49],"damage_taken":[{"damage":0.0,"enemies":"conspire:RoseBush","floor":1.0,"turns":5.0},{"damage":7.0,"enemies":"Jaw Worm","floor":5.0,"turns":6.0},{"damage":0,"enemies":"2 Louse","floor":10,"turns":1},{"damage":8,"enemies":"Gremlin Nob","floor":11,"turns":5},{"damage":5,"enemies":"conspire:2 RoseBushes","floor":13,"turns":6},{"damage":0,"enemies":"3 Louse","floor":14,"turns":3},{"damage":36,"enemies":"Hexaghost","floor":16,"turns":20},{"damage":2,"enemies":"2 Thieves","floor":18,"turns":5},{"damage":23,"enemies":"Chosen","floor":19,"turns":7},{"damage":12,"enemies":"Sentry and Sphere","floor":22,"turns":8},{"damage":10,"enemies":"Snecko","floor":24,"turns":8},{"damage":8,"enemies":"Shelled Parasite and Fungi","floor":26,"turns":9},{"damage":8,"enemies":"Shelled Parasite and Fungi","floor":28,"turns":7},{"damage":0,"enemies":"conspire:Head Lice","floor":31,"turns":7},{"damage":23,"enemies":"Pondfish","floor":33,"turns":8},{"damage":2,"enemies":"3 Shapes","floor":35,"turns":6},{"damage":4,"enemies":"Orb Walker","floor":36,"turns":4},{"damage":0,"enemies":"Transient","floor":38,"turns":5},{"damage":0,"enemies":"Reptomancer","floor":40,"turns":5},{"damage":0,"enemies":"Jaw Worm Horde","floor":45,"turns":4},{"damage":0,"enemies":"R_Hoarder","floor":49,"turns":8},{"damage":0,"enemies":"Spire Growth","floor":50,"turns":4},{"damage":0,"enemies":"conspire:OrnateMirror","floor":52,"turns":9}],"seed_played":"-8950690147428075536","potions_obtained":[{"floor":5.0,"key":"Reflective Coating"},{"floor":10,"key":"LiquidMemories"},{"floor":16,"key":"FearPotion"},{"floor":18,"key":"Fruit Juice"},{"floor":19,"key":"Weak Potion"},{"floor":24,"key":"Dexterity Potion"},{"floor":31,"key":"SkillPotion"},{"floor":40,"key":"FairyPotion"},{"floor":49,"key":"Fruit Juice"},{"floor":50,"key":"Explosive Potion"}],"is_trial":false,"path_per_floor":["M","?","?","?","M","R","?","R","T","M","E","R","M","M","R","B",null,"M","M","?","?","M","R","M","R","MIM","?","M","$","?","E","R","B",null,"M","M","AVR","M","$","E","R","?","T","R","M","PTL","PTL","R","E","M","R","B",null],"character_chosen":"THE_ELEMENTALIST","items_purchased":["Whetstone","hubris:GlazedTorus","DollysMirror"],"campfire_rested":1,"item_purchase_floors":[29,39,39],"current_hp_per_floor":[70,70,53,53,46,46,46,46,46,46,45,45,40,40,40,4,77,82,63,63,63,55,55,49,73,79,79,75,75,75,79,79,60,82,82,82,82,82,82,82,82,82,82,82,82,82,82,82,87,87,87,87],"gold":125,"neow_bonus":"RANDOM_COMMON_RELIC","is_daily":false,"chose_seed":false,"campfire_upgraded":10,"win_rate":0.0,"timestamp":1612706666,"path_taken":["M","?","?","?","M","R","?","R","T","M","E","R","M","?","R","BOSS","M","M","?","?","M","R","M","R","MIM","?","M","$","?","E","R","BOSS","M","M","AVR","M","$","E","R","?","T","R","?","PTL","PTL","R","E","M","R","BOSS"],"items_purchased_type":["Relic","Relic","Relic"],"build_version":"2020-12-22","purchased_purges":2,"victory":true,"max_hp_per_floor":[70,70,70,70,70,70,70,70,70,70,77,77,77,77,77,77,77,82,82,82,82,82,82,82,82,82,82,82,82,82,82,82,82,82,82,82,82,82,82,82,82,82,82,82,82,82,82,82,87,87,87,87],"card_choices":[{"not_picked":["elementalist:Breeze","elementalist:Confluence"],"picked":"elementalist:Spout","floor":1.0},{"not_picked":["ReplayTheSpireMod:Black Plague","infinitespire:TheBestDefense"],"picked":"hubris:InfiniteBlow","floor":3.0},{"not_picked":["elementalist:Mage_Hand","elementalist:Cauterize","elementalist:Cyclone"],"picked":"SKIP","floor":5.0},{"not_picked":["elementalist:Geomancy","elementalist:Spout"],"picked":"elementalist:Lunar_Form","floor":10},{"not_picked":["elementalist:Monument","elementalist:Breeze"],"picked":"elementalist:Momentum","floor":11},{"not_picked":["elementalist:Confluence","elementalist:Widdershins_Conversion"],"picked":"elementalist:Momentum","floor":13},{"not_picked":["elementalist:Dragon_Bigram","elementalist:Gaian_Form","elementalist:Overheat"],"picked":"SKIP","floor":14},{"not_picked":["elementalist:Rising_Vapors","elementalist:Wirbelwight"],"picked":"elementalist:Refract","floor":16},{"not_picked":["Anger","ReplayTheSpireMod:LeadingStrike+1","Havoc"],"picked":"elementalist:Undertow+1","floor":18},{"not_picked":["Pommel Strike+1","Body Slam","Power Through+1","elementalist:Cyclone"],"picked":"SKIP","floor":19},{"not_picked":["Wild Strike","Blood for Blood","Rampage","Clash"],"picked":"SKIP","floor":22},{"not_picked":["Warcry","Havoc","Pommel Strike"],"picked":"Metallicize","floor":24},{"not_picked":["elementalist:Breeze","Perfected Strike","elementalist:Caution+1"],"picked":"Twin Strike","floor":26},{"not_picked":["elementalist:Pressurize+1","Iron Wave","Dark Embrace+1"],"picked":"Pummel","floor":28},{"not_picked":["Pommel Strike","ReplayReversal","Sword Boomerang","Replay:Undeath\u0027s Touch"],"picked":"SKIP","floor":31},{"not_picked":["Corruption","Impervious","Offering"],"picked":"Double Tap","floor":33},{"not_picked":["Perfected Strike","Headbutt+1","hubris:ReadiedAction"],"picked":"Twin Strike","floor":35},{"not_picked":["Clothesline","elementalist:Undertow+1","Entrench+1","elementalist:Rising_Tides"],"picked":"SKIP","floor":36},{"not_picked":["elementalist:Pressurize","Sentinel+1","Warcry","Armaments"],"picked":"SKIP","floor":38},{"not_picked":["Uppercut","Rampage+1","Headbutt","ReplayTheSpireMod:Strike From Hell+1"],"picked":"SKIP","floor":40},{"not_picked":["ReplayTheSpireMod:Strike From Hell+1","Replay:Undeath\u0027s Touch+1","Sword Boomerang"],"picked":"Disarm","floor":45},{"not_picked":["Sentinel+1","elementalist:Pressurize","ReplayTheSpireMod:Limb From Limb"],"picked":"Demon Form","floor":49},{"not_picked":["Rage","elementalist:Flame+1","Replay:Undeath\u0027s Touch+1"],"picked":"ReplayReversal","floor":50}],"player_experience":1570391,"relics_obtained":[{"floor":9.0,"key":"DemoMod:WhiteGuonStone"},{"floor":11,"key":"aspiration:SeaSaltIceCream"},{"floor":26,"key":"beaked:ShinyBauble"},{"floor":26,"key":"infinitespire:ShieldingShard"},{"floor":31,"key":"infinitespire:Satchel"},{"floor":40,"key":"infinitespire:WardingShard"},{"floor":43,"key":"conspire:Dentures"},{"floor":49,"key":"hubris:Potato"}],"event_choices":[{"damage_healed":0.0,"max_hp_gain":0.0,"max_hp_loss":0.0,"gold_gain":0.0,"event_name":"Golden Idol","player_choice":"Take Wound","floor":2.0,"gold_loss":0.0,"damage_taken":0.0,"relics_obtained":["Golden Idol"],"cards_obtained":["Injury"]},{"damage_healed":0,"gold_gain":0,"player_choice":"Leave","damage_taken":0,"max_hp_gain":0,"max_hp_loss":0,"event_name":"conspire:Investor","floor":20,"gold_loss":0},{"damage_healed":0,"gold_gain":0,"player_choice":"Rummage","damage_taken":0,"relics_obtained":["WarpedTongs"],"max_hp_gain":0,"max_hp_loss":0,"event_name":"Accursed Blacksmith","floor":21,"gold_loss":0,"cards_obtained":["Pain"]},{"cards_removed":["Pain"],"damage_healed":0,"gold_gain":0,"player_choice":"Gave Gold","damage_taken":0,"max_hp_gain":0,"max_hp_loss":0,"event_name":"Beggar","floor":27,"gold_loss":75},{"damage_healed":0,"gold_gain":0,"player_choice":"Read","damage_taken":0,"max_hp_gain":0,"max_hp_loss":0,"event_name":"The Library","floor":30,"gold_loss":0,"cards_obtained":["elementalist:Spout"]},{"damage_healed":0,"gold_gain":0,"player_choice":"Ignored","damage_taken":0,"max_hp_gain":0,"max_hp_loss":0,"event_name":"NoteForYourself","floor":42,"gold_loss":0}],"is_beta":false,"boss_relics":[{"not_picked":["energizedSpire:CursedPentagram","hubris:BlackHole"],"picked":"aspiration:IroncladSkillbook"},{"not_picked":["halation:CatFaceCupcake","halation:HeavySnake"],"picked":"hubris:RunicObelisk"}],"items_purged_floors":[29,39],"is_endless":false,"potions_floor_spawned":[5,10,16,18,19,24,31,36,40,49,50],"ascension_level":0}}