{"host":"soyfmymeou4emntr","time":1612676690,"event":{"mods":["BaseMod","Minty Spire (QoL Compilation)","Permanent Neow","Relic Sorter","Relic Stats","StSLib"],"gold_per_floor":[99,99,99,20,20,20,20,20,20,20,20,20,20,0,0,0,0,0,0,0,0,0,0,0,0,0,0,0,0,0,0,0,0,0],"floor_reached":33,"language":"ENG","playtime":2540,"items_purged":[],"score":663,"play_id":"8b48daaf-834a-4d5c-9ab6-bada02b2a708","local_time":"20210206224450","is_ascension_mode":true,"campfire_choices":[{"data":"Perfected Strike","floor":7.0,"key":"SMITH"},{"data":"Flame Barrier","floor":11.0,"key":"SMITH"},{"data":"Disarm","floor":15.0,"key":"SMITH"},{"data":"Feed","floor":23.0,"key":"SMITH"},{"data":"Feed","floor":25.0,"key":"SMITH"},{"floor":30.0,"key":"REST"},{"floor":32.0,"key":"REST"}],"circlet_count":0,"master_deck":["AscendersBane","Defend_R","Defend_R","Defend_R","Defend_R","Bash","Uppercut+1","Disarm+1","Perfected Strike+1","Flame Barrier+1","Battle Trance","Corruption","Entrench","Feed+1","Metallicize","Bite","Bite","Bite","Bite","Bite","Evolve","Inflame+1","Pummel","Feed+1","Disarm","Whirlwind"],"relics":["Ectoplasm","Centennial Puzzle","Ancient Tea Set","Sozu","Eternal Feather","Pocketwatch","Juzu Bracelet","FossilizedHelix"],"acts_visited":["Exordium","TheCity"],"potions_floor_usage":[],"damage_taken":[{"damage":2.0,"enemies":"Jaw Worm","floor":1.0,"turns":3.0},{"damage":2.0,"enemies":"2 Louse","floor":2.0,"turns":2.0},{"damage":8.0,"enemies":"Small Slimes","floor":3.0,"turns":3.0},{"damage":21.0,"enemies":"Gremlin Nob","floor":6.0,"turns":4.0},{"damage":0.0,"enemies":"Blue Slaver","floor":10.0,"turns":1.0},{"damage":0.0,"enemies":"Exordium Wildlife","floor":12.0,"turns":4.0},{"damage":10.0,"enemies":"3 Sentries","floor":13.0,"turns":5.0},{"damage":6.0,"enemies":"Exordium Thugs","floor":14.0,"turns":3.0},{"damage":18.0,"enemies":"The Guardian","floor":16.0,"turns":13.0},{"damage":13.0,"enemies":"Chosen","floor":18.0,"turns":6.0},{"damage":7.0,"enemies":"Shell Parasite","floor":20.0,"turns":5.0},{"damage":18.0,"enemies":"Snake Plant","floor":21.0,"turns":5.0},{"damage":24.0,"enemies":"Sentry and Sphere","floor":22.0,"turns":5.0},{"damage":40.0,"enemies":"Slavers","floor":24.0,"turns":7.0},{"damage":5.0,"enemies":"Snecko","floor":27.0,"turns":4.0},{"damage":37.0,"enemies":"Book of Stabbing","floor":28.0,"turns":5.0},{"damage":16.0,"enemies":"Snake Plant","floor":29.0,"turns":5.0},{"damage":34.0,"enemies":"Slavers","floor":31.0,"turns":6.0},{"damage":88,"enemies":"Collector","floor":33,"turns":8}],"seed_played":"6491354938653115903","potions_obtained":[{"floor":1.0,"key":"AttackPotion"},{"floor":2.0,"key":"Strength Potion"},{"floor":10.0,"key":"AttackPotion"}],"is_trial":false,"path_per_floor":["M","M","M","$","?","E","R","?","T","M","R","M","E","M","R","B",null,"M","?","M","M","M","R","E","R","T","M","E","M","R","E","R","B"],"character_chosen":"IRONCLAD","items_purchased":["Flame Barrier"],"campfire_rested":2,"item_purchase_floors":[4],"current_hp_per_floor":[66,64,56,56,56,35,35,60,60,60,60,60,50,44,44,26,63,53,53,57,52,49,49,33,45,45,48,19,19,55,35,72,0,0],"gold":0,"neow_bonus":"BOSS_RELIC","is_daily":false,"chose_seed":false,"campfire_upgraded":5,"win_rate":0.0,"timestamp":1612676690,"path_taken":["M","M","M","$","?","E","R","?","T","M","R","M","E","M","R","BOSS","M","?","M","M","M","R","E","R","T","M","E","M","R","E","R","BOSS"],"items_purchased_type":["Card"],"build_version":"2020-12-22","purchased_purges":0,"victory":false,"max_hp_per_floor":[75,75,75,75,75,75,75,75,75,75,75,75,75,75,75,75,75,78,54,57,60,63,63,67,67,67,67,67,71,71,75,75,75,75],"relic_stats":{"Sozu":3,"Centennial Puzzle":[39],"counters":[19,94],"Eternal Feather":42,"Ectoplasm":477,"Juzu Bracelet":0,"obtain_stats":[{"Sozu":17,"Centennial Puzzle":6,"Eternal Feather":24,"Ectoplasm":0,"Juzu Bracelet":28,"Ancient Tea Set":13,"Burning Blood":0,"FossilizedHelix":31,"Pocketwatch":26},{"Sozu":9,"Centennial Puzzle":4,"Eternal Feather":14,"Ectoplasm":0,"Juzu Bracelet":16,"Ancient Tea Set":7,"Burning Blood":0,"FossilizedHelix":18,"Pocketwatch":14},{"Sozu":38,"Centennial Puzzle":12,"Eternal Feather":66,"Ectoplasm":0,"Juzu Bracelet":75,"Ancient Tea Set":22,"Burning Blood":0,"FossilizedHelix":86,"Pocketwatch":66}],"Pocketwatch":[22]},"card_choices":[{"not_picked":["Cleave","Fire Breathing"],"picked":"Uppercut","floor":1.0},{"not_picked":["True Grit","Thunderclap"],"picked":"Disarm","floor":2.0},{"not_picked":["Dropkick","Flex"],"picked":"Perfected Strike","floor":3.0},{"not_picked":["Perfected Strike","Heavy Blade","Clothesline"],"picked":"SKIP","floor":6.0},{"not_picked":["Iron Wave","Flex"],"picked":"Battle Trance","floor":10.0},{"not_picked":["Pommel Strike","Havoc"],"picked":"Corruption","floor":12.0},{"not_picked":["Body Slam","Clash"],"picked":"Entrench","floor":13.0},{"not_picked":["Warcry","Reckless Charge","Sword Boomerang"],"picked":"SKIP","floor":14.0},{"not_picked":["Demon Form","Juggernaut"],"picked":"Feed","floor":16.0},{"not_picked":["Wild Strike","Dual Wield"],"picked":"Metallicize","floor":18.0},{"not_picked":["Seeing Red","Iron Wave"],"picked":"Evolve","floor":20.0},{"not_picked":["Pommel Strike","Anger"],"picked":"Inflame+1","floor":21.0},{"not_picked":["Clothesline","Cleave"],"picked":"Pummel","floor":22.0},{"not_picked":["Uppercut","Havoc"],"picked":"Feed","floor":24.0},{"not_picked":["Clothesline","Perfected Strike","Uppercut"],"picked":"SKIP","floor":27.0},{"not_picked":["Pommel Strike+1","Clothesline"],"picked":"Disarm","floor":28.0},{"not_picked":["Armaments","Cleave+1"],"picked":"Whirlwind","floor":29.0},{"not_picked":["Berserk","Warcry","Perfected Strike+1"],"picked":"SKIP","floor":31.0}],"player_experience":3093165,"relics_obtained":[{"floor":6.0,"key":"Centennial Puzzle"},{"floor":13.0,"key":"Ancient Tea Set"},{"floor":24.0,"key":"Eternal Feather"},{"floor":26.0,"key":"Pocketwatch"},{"floor":28.0,"key":"Juzu Bracelet"},{"floor":31.0,"key":"FossilizedHelix"}],"event_choices":[{"damage_healed":0.0,"max_hp_gain":0.0,"max_hp_loss":0.0,"gold_gain":0.0,"event_name":"Living Wall","player_choice":"Grow","floor":5.0,"gold_loss":0.0,"damage_taken":0.0,"cards_upgraded":["Uppercut"]},{"damage_healed":25.0,"max_hp_gain":0.0,"max_hp_loss":0.0,"gold_gain":0.0,"event_name":"Big Fish","player_choice":"Banana","floor":8.0,"gold_loss":0.0,"damage_taken":0.0},{"damage_healed":0.0,"max_hp_gain":0.0,"max_hp_loss":24.0,"gold_gain":0.0,"event_name":"Vampires","player_choice":"Became a vampire","floor":19.0,"gold_loss":0.0,"damage_taken":0.0,"cards_obtained":["Bite","Bite","Bite","Bite","Bite"]}],"is_beta":false,"boss_relics":[{"not_picked":["Runic Dome","Philosopher\u0027s Stone"],"picked":"Sozu"}],"items_purged_floors":[],"is_endless":false,"potions_floor_spawned":[1,2,10,18,22,24],"killed_by":"Collector","ascension_level":20}}