{"host":"06gxn1c1bsk424jw","time":1612694506,"event":{"mods":["BaseMod","DeckTracker","Minty Spire (QoL Compilation)","SuperFastMode"],"gold_per_floor":[119,137,150,160,177,177,189,215,240,256,256,267,267,282,282,372,372,388,404,166,180,180,180],"floor_reached":22,"language":"KOR","playtime":1738,"items_purged":["Injury"],"score":464,"play_id":"948184ad-06d5-4ac3-b2de-c6f553e4e09c","local_time":"20210207194146","is_ascension_mode":true,"campfire_choices":[{"data":"Rampage","floor":6,"key":"SMITH"},{"data":"Double Tap","floor":11,"key":"SMITH"},{"data":"Flame Barrier","floor":15,"key":"SMITH"}],"circlet_count":0,"master_deck":["AscendersBane","Strike_R","Strike_R","Strike_R","Strike_R","Strike_R","Defend_R","Defend_R","Defend_R","Defend_R","Bash","Rampage+1","Headbutt","Double Tap+1","True Grit","Inflame","Metallicize","Flame Barrier+1","Impervious","Brutality"],"relics":["Black Blood","NeowsBlessing","FossilizedHelix","Pen Nib","Golden Idol","ClockworkSouvenir"],"acts_visited":["Exordium","TheCity"],"potions_floor_usage":[5,8,10,16,19,22],"damage_taken":[{"damage":0,"enemies":"Cultist","floor":1,"turns":1},{"damage":0,"enemies":"2 Louse","floor":2,"turns":1},{"damage":0,"enemies":"Small Slimes","floor":3,"turns":1},{"damage":11,"enemies":"2 Fungi Beasts","floor":4,"turns":4},{"damage":32,"enemies":"Gremlin Gang","floor":5,"turns":5},{"damage":2,"enemies":"3 Louse","floor":7,"turns":5},{"damage":8,"enemies":"Gremlin Nob","floor":8,"turns":3},{"damage":4,"enemies":"2 Fungi Beasts","floor":10,"turns":4},{"damage":0,"enemies":"Looter","floor":12,"turns":2},{"damage":0,"enemies":"Exordium Wildlife","floor":14,"turns":3},{"damage":0,"enemies":"Slime Boss","floor":16,"turns":7},{"damage":27,"enemies":"Shell Parasite","floor":18,"turns":6},{"damage":13,"enemies":"2 Thieves","floor":19,"turns":5},{"damage":31,"enemies":"Snake Plant","floor":21,"turns":4},{"damage":46,"enemies":"Shelled Parasite and Fungi","floor":22,"turns":5}],"seed_played":"56612719355940185","potions_obtained":[{"floor":1,"key":"SneckoOil"},{"floor":4,"key":"PowerPotion"},{"floor":7,"key":"SpeedPotion"},{"floor":8,"key":"SteroidPotion"},{"floor":12,"key":"Dexterity Potion"},{"floor":18,"key":"BlessingOfTheForge"},{"floor":21,"key":"Fire Potion"}],"is_trial":false,"path_per_floor":["M","M","M","M","M","R","M","E","T","M","R","M","?","M","R","B",null,"M","M","$","M","M"],"character_chosen":"IRONCLAD","items_purchased":["ClockworkSouvenir"],"campfire_rested":0,"item_purchase_floors":[20],"current_hp_per_floor":[74,75,75,70,44,44,48,46,46,48,48,54,54,60,60,66,73,58,57,57,38,0,0],"gold":180,"neow_bonus":"THREE_ENEMY_KILL","is_daily":false,"chose_seed":false,"campfire_upgraded":3,"win_rate":0.0,"timestamp":1612694506,"path_taken":["M","M","M","M","M","R","M","E","T","M","R","M","?","M","R","BOSS","M","M","$","M","M"],"items_purchased_type":["Relic"],"build_version":"2020-12-22","purchased_purges":1,"victory":false,"max_hp_per_floor":[75,75,75,75,75,75,75,75,75,75,75,75,75,75,75,75,75,75,75,75,75,75,75],"card_choices":[{"not_picked":["Armaments","Clothesline"],"picked":"Rampage","floor":1},{"not_picked":["Pummel","Wild Strike","Havoc"],"picked":"SKIP","floor":2},{"not_picked":["Wild Strike","Uppercut"],"picked":"Headbutt","floor":3},{"not_picked":["Havoc","Wild Strike"],"picked":"Double Tap","floor":4},{"not_picked":["Spot Weakness","Rage"],"picked":"True Grit","floor":5},{"not_picked":["Bloodletting","Wild Strike"],"picked":"Inflame","floor":7},{"not_picked":["Wild Strike","Heavy Blade"],"picked":"Metallicize","floor":8},{"not_picked":["Inflame","Cleave"],"picked":"Flame Barrier","floor":10},{"not_picked":["Intimidate","Iron Wave","Rupture"],"picked":"SKIP","floor":12},{"not_picked":["Bloodletting","Ghostly Armor","Pommel Strike"],"picked":"SKIP","floor":14},{"not_picked":["Berserk","Exhume"],"picked":"Impervious","floor":16},{"not_picked":["Clothesline","Thunderclap","Burning Pact"],"picked":"SKIP","floor":18},{"not_picked":["Heavy Blade","Searing Blow"],"picked":"Brutality","floor":19},{"not_picked":["True Grit","Heavy Blade","Clash"],"picked":"SKIP","floor":21}],"player_experience":788053,"relics_obtained":[{"floor":8,"key":"FossilizedHelix"},{"floor":9,"key":"Pen Nib"}],"event_choices":[{"damage_healed":0,"gold_gain":0,"player_choice":"Take Wound","damage_taken":0,"relics_obtained":["Golden Idol"],"max_hp_gain":0,"max_hp_loss":0,"event_name":"Golden Idol","floor":13,"gold_loss":0,"cards_obtained":["Injury"]}],"is_beta":false,"boss_relics":[{"not_picked":["Cursed Key","SlaversCollar"],"picked":"Black Blood"}],"items_purged_floors":[20],"is_endless":false,"potions_floor_spawned":[1,4,7,8,12,18,21],"killed_by":"Shelled Parasite and Fungi","ascension_level":18}}