{"host":"lw59ann91yhh6pk4","time":1612708803,"event":{"mods":["Act Like it!","BaseMod","Colored Map","Colored Powertips","Downfall","Duelist Mod","GifTheSpireLib","Hermit","MarisaÅiñ∂âJÅ@ñÇóùçπÅj","Minty Spire (QoL Compilation)","StSLib","The Animator","The Bug Knight","The Construct","The Cursed","The Disciple","The Hierophant","The Jungle","The Necromancer","The Runesmith","The Servant 0.9.4","slay the spire mod where everything is the same but ironclad has a cowboy hat"],"gold_per_floor":[116,131,5,5,5,5,5,5,5,31,31,61,61,75,75,172,172,172,50,50,50,50,50,50,50,50,50,50,50,50,50,50,50,50,50,50,50,50,50,50,50,50,50,50,50,50],"floor_reached":45,"language":"ENG","playtime":3092,"items_purged":["TheCursedMod:Strike_TheCursed","TheCursedMod:UltimatePain"],"score":636,"play_id":"a2de5ff4-c303-45ef-a3dc-e0ba204acb45","local_time":"20210207154003","is_ascension_mode":true,"campfire_choices":[{"data":"TheCursedMod:CleanUpWorkshop","floor":6,"key":"SMITH"},{"data":"TheCursedMod:CursedWand","floor":8,"key":"SMITH"},{"data":"TheCursedMod:ReleasedStrength","floor":13,"key":"SMITH"},{"data":"TheCursedMod:SurpriseAttack","floor":15,"key":"SMITH"},{"data":"TheCursedMod:DemonicPact","floor":23,"key":"SMITH"},{"data":"TheCursedMod:DemonicPact","floor":32,"key":"SMITH"},{"floor":44,"key":"RECALL"}],"circlet_count":0,"master_deck":["TheCursedMod:Strike_TheCursed+1","TheCursedMod:Strike_TheCursed+1","TheCursedMod:Strike_TheCursed+1","TheCursedMod:Defend_TheCursed+1","TheCursedMod:Defend_TheCursed+1","TheCursedMod:Defend_TheCursed+1","TheCursedMod:Defend_TheCursed+1","TheCursedMod:CursedWand+1","TheCursedMod:CleanUpWorkshop+1","TheCursedMod:Stretching+1","TheCursedMod:CursedBlade+1","TheCursedMod:RapidMovement+1","CurseOfTheBell","CurseOfTheBell","TheCursedMod:SurpriseAttack+1","TheCursedMod:ReleasedStrength+1","TheCursedMod:DemonicPact+1","TheCursedMod:CircleOfFlame+1","TheCursedMod:CursedShiv+1","Shame","TheCursedMod:HellfireBreathing+1","TheCursedMod:DemonicPact+1","TheCursedMod:Wield+1","TheCursedMod:BloodBarrier+1","TheCursedMod:AshesToAshes+1","TheCursedMod:CursedAmulet+1","TheCursedMod:VoidForm+1","TheCursedMod:ManaBullet+1","TheCursedMod:CursedAmulet+1","TheCursedMod:CursedBlade+1","TheCursedMod:CursedAmulet+1","TheCursedMod:ForbiddenAlchemy"],"relics":["Philosopher\u0027s Stone","downfall:ExtraCursedBell","Runesmith:AutoHammer","Eternal Feather","Lizard Tail","Dream Catcher","Vajra","Kunai","Ectoplasm","theJungle:PaperFaux","theJungle:BirthdayCake","Bag of Marbles","Incense Burner","PreservedInsect","CaptainsWheel","TheCursedMod:OminousMark","CatCart","Mark of the Bloom","Prayer Wheel","Runesmith:Nanobots","Torii"],"acts_visited":["Exordium","Exordium","TheBeyond"],"potions_floor_usage":[12,12,16,33],"damage_taken":[{"damage":3,"enemies":"Jaw Worm","floor":1,"turns":4},{"damage":0,"enemies":"2 Louse","floor":2,"turns":3},{"damage":25,"enemies":"3 Sentries","floor":10,"turns":13},{"damage":9,"enemies":"Lagavulin","floor":12,"turns":10},{"damage":0,"enemies":"Small Slimes","floor":14,"turns":2},{"damage":29,"enemies":"The Guardian","floor":16,"turns":9},{"damage":6,"enemies":"theJungle:Flameango_and_Byrd","floor":18,"turns":5},{"damage":11,"enemies":"theJungle:5_Spyders","floor":21,"turns":4},{"damage":39,"enemies":"theJungle:MamaSnecko","floor":24,"turns":6},{"damage":21,"enemies":"Snake Plant","floor":25,"turns":3},{"damage":6,"enemies":"theJungle:Cassacara","floor":27,"turns":3},{"damage":0,"enemies":"theJungle:2_Snecko_Cultists","floor":28,"turns":2},{"damage":5,"enemies":"theJungle:2_Phrogs","floor":29,"turns":5},{"damage":0,"enemies":"theJungle:QueenSpyder","floor":33,"turns":7},{"damage":0,"enemies":"Orb Walker","floor":35,"turns":3},{"damage":48,"enemies":"Orin","floor":36,"turns":9},{"damage":2,"enemies":"3 Darklings","floor":38,"turns":4},{"damage":42,"enemies":"Giant Head","floor":40,"turns":7},{"damage":0,"enemies":"4 Shapes","floor":42,"turns":2},{"damage":53,"enemies":"Transient","floor":45,"turns":4}],"seed_played":"29215005636324922","potions_obtained":[{"floor":1,"key":"Weak Potion"},{"floor":2,"key":"BlessingOfTheForge"},{"floor":14,"key":"SkillPotion"},{"floor":21,"key":"FairyPotion"},{"floor":25,"key":"Strength Potion"},{"floor":29,"key":"SmokeBomb"},{"floor":36,"key":"FairyPotion"},{"floor":38,"key":"EntropicBrew"}],"is_trial":false,"path_per_floor":["M","M","$","?","?","R","?","R","T","E","?","E","R","M","R","B",null,"M","$","?","M","?","R","E","M","T","E","M","E","?","?","R","B",null,"M","?","?","M","?","E","T","M","T","R","M"],"character_chosen":"THE_CURSED","items_purchased":["TheCursedMod:RapidMovement","TheCursedMod:CursedShiv"],"campfire_rested":0,"item_purchase_floors":[3,19],"current_hp_per_floor":[72,72,72,72,57,66,66,75,75,50,50,41,50,50,59,30,75,69,69,69,58,78,90,51,30,30,24,24,19,13,26,41,41,95,95,47,47,45,45,3,3,3,3,3,0,0],"gold":50,"neow_bonus":"BOSS_RELIC","is_daily":false,"chose_seed":false,"campfire_upgraded":6,"win_rate":0.0,"timestamp":1612708803,"path_taken":["M","M","$","?","?","R","?","R","T","E","?","E","R","M","R","BOSS","M","$","?","M","?","R","E","M","T","E","M","E","?","?","R","BOSS","M","?","?","M","?","E","?","M","T","R","?"],"items_purchased_type":["Card","Card"],"build_version":"2020-12-22","purchased_purges":2,"victory":false,"max_hp_per_floor":[75,75,75,75,75,75,75,75,75,75,75,75,75,75,75,75,75,75,75,75,75,95,95,95,95,95,95,95,95,95,95,95,95,95,95,95,95,95,95,95,95,95,95,95,95,95],"card_choices":[{"not_picked":["TheCursedMod:CursedBoomerang","TheCursedMod:SoulCrush"],"picked":"TheCursedMod:Stretching","floor":1},{"not_picked":["TheCursedMod:BlessingInDisguise","TheCursedMod:CircleOfFlame"],"picked":"TheCursedMod:CursedBlade","floor":2},{"not_picked":["TheCursedMod:CircleOfAmplification","TheCursedMod:DoubleShield"],"picked":"TheCursedMod:SurpriseAttack","floor":10},{"not_picked":["TheCursedMod:TacticalStrike","TheCursedMod:SurpriseAttack"],"picked":"TheCursedMod:ReleasedStrength","floor":12},{"not_picked":["TheCursedMod:Stretching","TheCursedMod:ReleasedKnowledge","TheCursedMod:FleshFromBone"],"picked":"SKIP","floor":14},{"not_picked":["TheCursedMod:StunningStrike","TheCursedMod:DemonSword"],"picked":"TheCursedMod:DemonicPact","floor":16},{"not_picked":["TheCursedMod:AbyssShockwave","TheCursedMod:CursedBlade"],"picked":"TheCursedMod:CircleOfFlame+1","floor":18},{"not_picked":["TheCursedMod:Wield","TheCursedMod:FuryStrike"],"picked":"TheCursedMod:HellfireBreathing","floor":21},{"not_picked":["TheCursedMod:FuryStrike","TheCursedMod:CircleOfFlame+1"],"picked":"TheCursedMod:DemonicPact","floor":24},{"not_picked":["TheCursedMod:SpitefulStrike","TheCursedMod:RavingStaff"],"picked":"TheCursedMod:Wield","floor":25},{"not_picked":["TheCursedMod:Mangle","TheCursedMod:CircleOfAbyss"],"picked":"TheCursedMod:BloodBarrier","floor":27},{"not_picked":["TheCursedMod:CursedBlade","TheCursedMod:PrepareRite"],"picked":"TheCursedMod:AshesToAshes","floor":28},{"not_picked":["TheCursedMod:VitalStrike","TheCursedMod:CursedBoomerang"],"picked":"TheCursedMod:CursedAmulet","floor":29},{"not_picked":["TheCursedMod:CollectTribute","TheCursedMod:AntiAging"],"picked":"TheCursedMod:VoidForm","floor":33},{"not_picked":["TheCursedMod:Obscuration+1","TheCursedMod:RavingStaff"],"picked":"TheCursedMod:ManaBullet+1","floor":35},{"not_picked":["TheCursedMod:SmokeScreen+1","TheCursedMod:CircleOfWindfury"],"picked":"TheCursedMod:CursedAmulet+1","floor":36},{"not_picked":["TheCursedMod:WearCloak+1","TheCursedMod:VitalStrike+1"],"picked":"TheCursedMod:CursedBlade+1","floor":38},{"not_picked":["TheCursedMod:WearCloak","TheCursedMod:CircleOfFocus+1"],"picked":"TheCursedMod:CursedAmulet+1","floor":40},{"not_picked":["TheCursedMod:SmokeScreen","TheCursedMod:SoulCrush+1"],"picked":"TheCursedMod:ForbiddenAlchemy","floor":42},{"not_picked":["TheCursedMod:Mangle","TheCursedMod:WearCloak+1","TheCursedMod:BloodBarrier"],"picked":"SKIP","floor":42}],"player_experience":120391,"relics_obtained":[{"floor":4,"key":"Runesmith:AutoHammer"},{"floor":4,"key":"Eternal Feather"},{"floor":4,"key":"Lizard Tail"},{"floor":10,"key":"Vajra"},{"floor":12,"key":"Kunai"},{"floor":24,"key":"Bag of Marbles"},{"floor":26,"key":"Incense Burner"},{"floor":27,"key":"PreservedInsect"},{"floor":29,"key":"CaptainsWheel"},{"floor":36,"key":"CatCart"},{"floor":40,"key":"Prayer Wheel"},{"floor":41,"key":"Runesmith:Nanobots"},{"floor":43,"key":"Torii"}],"event_choices":[{"damage_healed":0,"gold_gain":0,"player_choice":"Entered Light","damage_taken":15,"max_hp_gain":0,"max_hp_loss":0,"event_name":"Shining Light","floor":5,"gold_loss":0,"cards_upgraded":["TheCursedMod:Strike_TheCursed","TheCursedMod:Defend_TheCursed"]},{"damage_healed":0,"gold_gain":0,"player_choice":"Box","damage_taken":0,"relics_obtained":["Dream Catcher"],"max_hp_gain":0,"max_hp_loss":0,"event_name":"Big Fish","floor":7,"gold_loss":0,"cards_obtained":["Regret"]},{"cards_removed":["Regret","Doubt","TheCursedMod:Dregs"],"damage_healed":0,"gold_gain":0,"player_choice":"Removed Curses","damage_taken":0,"max_hp_gain":0,"max_hp_loss":0,"event_name":"Fountain of Cleansing","floor":11,"gold_loss":0},{"damage_healed":0,"gold_gain":0,"player_choice":"Fight","damage_taken":0,"max_hp_gain":0,"max_hp_loss":0,"event_name":"OrinTheCat","floor":36,"gold_loss":0},{"damage_healed":0,"gold_gain":0,"player_choice":"Upgrade","damage_taken":0,"relics_obtained":["Mark of the Bloom"],"max_hp_gain":0,"max_hp_loss":0,"event_name":"MindBloom","floor":37,"gold_loss":0,"cards_upgraded":["TheCursedMod:Strike_TheCursed","TheCursedMod:Strike_TheCursed","TheCursedMod:Defend_TheCursed","TheCursedMod:Defend_TheCursed","TheCursedMod:Defend_TheCursed","TheCursedMod:Stretching","TheCursedMod:CursedBlade","TheCursedMod:RapidMovement","TheCursedMod:CursedShiv","TheCursedMod:HellfireBreathing","TheCursedMod:Wield","TheCursedMod:BloodBarrier","TheCursedMod:AshesToAshes","TheCursedMod:CursedAmulet","TheCursedMod:VoidForm"]},{"damage_healed":0,"gold_gain":0,"player_choice":"Ignored","damage_taken":0,"max_hp_gain":0,"max_hp_loss":0,"event_name":"The Moai Head","floor":39,"gold_loss":0}],"is_beta":false,"boss_relics":[{"not_picked":["Snecko Eye","TheCursedMod:FourLeafCloverCharm"],"picked":"Ectoplasm"},{"not_picked":["Black Star","Busted Crown"],"picked":"TheCursedMod:OminousMark"}],"items_purged_floors":[3,19],"is_endless":false,"potions_floor_spawned":[1,2,14,21,25,29,36,38,42],"killed_by":"Transient","ascension_level":2}}