{"host":"wha9hktbkslqvblg","time":1612706469,"event":{"mods":["BaseMod","Colored Map","Minty Spire (QoL Compilation)","Relic Stats","SuperFastMode","everything is the same but u backflip on backflip"],"gold_per_floor":[114,39,39,39,39,39,75,75,75,118,37,61,100,50,50,146,146,166,179,192,192,225,225,263,287,287,202,227,250,92,111,111,209,209,228,178,197,530,530,564,564,599,624,649,666,666,720,740,740,740,740,740,740,2,35,35],"floor_reached":57,"language":"KOR","playtime":1771,"items_purged":["Strike_R","Strike_R","Strike_R+1","Strike_R+1","Bash"],"score":2992,"play_id":"28107a68-bf11-45e1-a84a-815ec188f719","local_time":"20210207230109","is_ascension_mode":true,"campfire_choices":[{"data":"Pommel Strike","floor":6.0,"key":"SMITH"},{"data":"Warcry","floor":8.0,"key":"SMITH"},{"data":"Body Slam","floor":15.0,"key":"SMITH"},{"floor":23.0,"key":"REST"},{"data":"Purity","floor":32.0,"key":"SMITH"},{"floor":41.0,"key":"RECALL"},{"data":"Pommel Strike","floor":46.0,"key":"SMITH"},{"data":"Shrug It Off","floor":49.0,"key":"SMITH"},{"data":"Evolve","floor":53.0,"key":"SMITH"}],"circlet_count":0,"master_deck":["AscendersBane","Defend_R+1","Defend_R+1","Defend_R+1","Defend_R+1","Pommel Strike+1","Warcry+1","Pommel Strike+1","Hemokinesis","Body Slam+1","True Grit+1","Shockwave+1","Evolve+1","Shrug It Off+1","Purity+1","Purity"],"relics":["Burning Blood","NeowsBlessing","Red Skull","Bag of Marbles","Pear","Smiling Mask","Sozu","Red Mask","Sundial","HornCleat","PreservedInsect","Runic Pyramid","White Beast Statue","Art of War","Prayer Wheel","Incense Burner","Mango","Mummified Hand","Paper Frog"],"acts_visited":["Exordium","TheCity","TheBeyond","TheEnding"],"potions_floor_usage":[],"damage_taken":[{"damage":0.0,"enemies":"Cultist","floor":1.0,"turns":1.0},{"damage":0.0,"enemies":"Lagavulin","floor":7.0,"turns":1.0},{"damage":0.0,"enemies":"3 Sentries","floor":10.0,"turns":1.0},{"damage":2.0,"enemies":"Small Slimes","floor":12.0,"turns":1.0},{"damage":39.0,"enemies":"Lagavulin","floor":13.0,"turns":4.0},{"damage":33.0,"enemies":"Hexaghost","floor":16.0,"turns":8.0},{"damage":32.0,"enemies":"Shell Parasite","floor":18.0,"turns":4.0},{"damage":8.0,"enemies":"Spheric Guardian","floor":19.0,"turns":3.0},{"damage":21.0,"enemies":"Snecko","floor":20.0,"turns":3.0},{"damage":11.0,"enemies":"Masked Bandits","floor":22.0,"turns":4.0},{"damage":27.0,"enemies":"Slavers","floor":24.0,"turns":5.0},{"damage":12.0,"enemies":"Snake Plant","floor":25.0,"turns":2.0},{"damage":2.0,"enemies":"3 Cultists","floor":28.0,"turns":4.0},{"damage":2.0,"enemies":"Cultist and Chosen","floor":29.0,"turns":3.0},{"damage":7.0,"enemies":"Shelled Parasite and Fungi","floor":31.0,"turns":4.0},{"damage":6.0,"enemies":"Champ","floor":33.0,"turns":4.0},{"damage":11.0,"enemies":"3 Darklings","floor":35.0,"turns":5.0},{"damage":7.0,"enemies":"3 Shapes","floor":37.0,"turns":4.0},{"damage":6.0,"enemies":"Nemesis","floor":40.0,"turns":5.0},{"damage":0.0,"enemies":"Giant Head","floor":42.0,"turns":3.0},{"damage":0.0,"enemies":"Mind Bloom Boss Battle","floor":44.0,"turns":4.0},{"damage":7.0,"enemies":"Spire Growth","floor":45.0,"turns":3.0},{"damage":29.0,"enemies":"2 Orb Walkers","floor":47.0,"turns":5.0},{"damage":16.0,"enemies":"Transient","floor":48.0,"turns":3.0},{"damage":24.0,"enemies":"Donu and Deca","floor":50.0,"turns":3.0},{"damage":8.0,"enemies":"Awakened One","floor":51.0,"turns":4.0},{"damage":15.0,"enemies":"Shield and Spear","floor":55.0,"turns":3.0},{"damage":71,"enemies":"The Heart","floor":56,"turns":7}],"seed_played":"-300089970856005561","potions_obtained":[{"floor":7.0,"key":"LiquidBronze"},{"floor":10.0,"key":"ElixirPotion"}],"is_trial":false,"path_per_floor":["M","$","?","?","?","R","E","R","T","E","$","M","E","$","R","B",null,"M","M","M","?","?","R","E","M","T","?","M","M","$","M","R","B",null,"M","$","M","?","?","E","R","E","T","?","M","R","?","M","R","B","B",null,"R","$","E","B",null],"character_chosen":"IRONCLAD","items_purchased":["Hemokinesis","Purity","Mango","Mummified Hand","Purity"],"campfire_rested":1,"item_purchase_floors":[11,30,54,54,54],"current_hp_per_floor":[74,74,74,67,41,41,47,47,47,63,63,67,34,34,34,7,66,40,38,23,23,18,43,22,16,16,16,20,24,24,23,23,23,70,65,65,64,64,64,64,64,70,70,76,75,75,52,42,42,24,22,69,69,83,74,9],"gold":35,"neow_bonus":"THREE_ENEMY_KILL","is_daily":false,"chose_seed":false,"campfire_upgraded":7,"win_rate":0.0,"timestamp":1612706469,"path_taken":["M","?","?","?","?","R","E","R","T","E","$","M","E","$","R","BOSS","M","M","M","?","?","R","E","M","T","?","?","?","$","M","R","BOSS","M","$","M","?","?","E","R","E","T","?","M","R","?","M","R","BOSS","BOSS","R","$","E","BOSS"],"items_purchased_type":["Card","Card","Relic","Relic","Card"],"build_version":"2020-12-22","purchased_purges":5,"victory":true,"max_hp_per_floor":[75,75,75,75,75,75,75,75,75,85,85,85,85,85,85,85,85,85,85,85,85,85,85,85,85,85,85,85,85,85,85,85,85,85,85,85,85,85,85,85,85,85,85,85,85,85,85,85,85,85,85,85,85,99,99,99],"relic_stats":{"Sozu":10,"counters":[28,101],"Sundial":[252],"Mummified Hand":[2],"Prayer Wheel":2,"PreservedInsect":257,"Art of War":[3],"Smiling Mask":350,"obtain_stats":[{"Pear":10,"NeowsBlessing":0,"Golden Idol":5,"Mango":54,"PreservedInsect":27,"Incense Burner":47,"Smiling Mask":13,"Burning Blood":0,"White Beast Statue":40,"Sozu":17,"HornCleat":26,"Sundial":24,"Mummified Hand":54,"Prayer Wheel":44,"Bag of Marbles":9,"Red Mask":22,"Art of War":42,"Red Skull":7,"Runic Pyramid":34,"Paper Frog":55},{"Pear":3,"NeowsBlessing":0,"Golden Idol":1,"Mango":26,"PreservedInsect":12,"Incense Burner":23,"Smiling Mask":5,"Burning Blood":0,"White Beast Statue":19,"Sozu":6,"HornCleat":12,"Sundial":11,"Mummified Hand":26,"Prayer Wheel":21,"Bag of Marbles":2,"Red Mask":10,"Art of War":20,"Red Skull":2,"Runic Pyramid":16,"Paper Frog":27},{"Pear":3,"NeowsBlessing":0,"Golden Idol":1,"Mango":91,"PreservedInsect":37,"Incense Burner":81,"Smiling Mask":8,"Burning Blood":0,"White Beast Statue":66,"Sozu":16,"HornCleat":37,"Sundial":35,"Mummified Hand":91,"Prayer Wheel":73,"Bag of Marbles":2,"Red Mask":30,"Art of War":69,"Red Skull":2,"Runic Pyramid":52,"Paper Frog":94}],"Burning Blood":168},"card_choices":[{"not_picked":["Pummel","Flex"],"picked":"Pommel Strike","floor":1.0},{"not_picked":["Dark Embrace","Flex","Warcry"],"picked":"SKIP","floor":7.0},{"not_picked":["Dark Embrace","Flex"],"picked":"Warcry","floor":7.0},{"not_picked":["Wild Strike","Inflame"],"picked":"Pommel Strike","floor":10.0},{"not_picked":["Havoc","Sword Boomerang","Dropkick"],"picked":"SKIP","floor":12.0},{"not_picked":["Reaper","Heavy Blade"],"picked":"Body Slam","floor":13.0},{"not_picked":["Reaper","Bludgeon"],"picked":"Berserk","floor":16.0},{"not_picked":["Havoc","Clothesline"],"picked":"True Grit+1","floor":18.0},{"not_picked":["Twin Strike","Inflame","Clash"],"picked":"SKIP","floor":19.0},{"not_picked":["Headbutt","Feel No Pain"],"picked":"Shockwave+1","floor":20.0},{"not_picked":["Feel No Pain","Perfected Strike+1"],"picked":"Evolve","floor":24.0},{"not_picked":["Armaments","Evolve"],"picked":"Shrug It Off","floor":25.0},{"not_picked":["Thunderclap","True Grit","Flex"],"picked":"SKIP","floor":28.0},{"not_picked":["Sword Boomerang","Shrug It Off","Juggernaut"],"picked":"SKIP","floor":29.0},{"not_picked":["Iron Wave","Twin Strike","Clothesline"],"picked":"SKIP","floor":31.0},{"not_picked":["Warcry","Dual Wield","Iron Wave"],"picked":"SKIP","floor":35.0},{"not_picked":["Warcry","Inflame","Fire Breathing+1"],"picked":"SKIP","floor":37.0},{"not_picked":["Blood for Blood","Demon Form","Shrug It Off+1"],"picked":"SKIP","floor":40.0},{"not_picked":["Rampage","Clash","Seeing Red+1"],"picked":"SKIP","floor":42.0},{"not_picked":["Anger","Headbutt","Inflame+1"],"picked":"SKIP","floor":45.0},{"not_picked":["True Grit+1","Seeing Red+1","Clothesline"],"picked":"SKIP","floor":45.0},{"not_picked":["Flex+1","Anger","Body Slam"],"picked":"SKIP","floor":48.0},{"not_picked":["Sword Boomerang","Searing Blow+1","Carnage+1"],"picked":"SKIP","floor":48.0},{"not_picked":["Heavy Blade+1","Twin Strike","Pommel Strike"],"picked":"SKIP","floor":55.0}],"player_experience":993321,"relics_obtained":[{"floor":7.0,"key":"Red Skull"},{"floor":9.0,"key":"Bag of Marbles"},{"floor":10.0,"key":"Pear"},{"floor":13.0,"key":"Smiling Mask"},{"floor":22.0,"key":"Red Mask"},{"floor":24.0,"key":"Sundial"},{"floor":26.0,"key":"HornCleat"},{"floor":40.0,"key":"White Beast Statue"},{"floor":42.0,"key":"Art of War"},{"floor":44.0,"key":"Prayer Wheel"},{"floor":47.0,"key":"Incense Burner"},{"floor":55.0,"key":"Paper Frog"}],"event_choices":[{"damage_healed":0.0,"max_hp_gain":0.0,"max_hp_loss":0.0,"gold_gain":0.0,"event_name":"The Cleric","player_choice":"Leave","floor":3.0,"gold_loss":0.0,"damage_taken":0.0},{"cards_removed":["Strike_R"],"damage_healed":0.0,"max_hp_gain":0.0,"max_hp_loss":0.0,"gold_gain":0.0,"event_name":"Golden Wing","player_choice":"Card Removal","floor":4.0,"gold_loss":0.0,"damage_taken":7.0},{"damage_healed":0.0,"max_hp_gain":0.0,"max_hp_loss":0.0,"gold_gain":0.0,"event_name":"Golden Idol","player_choice":"Take Damage","floor":5.0,"gold_loss":0.0,"damage_taken":26.0,"relics_obtained":["Golden Idol"]},{"damage_healed":0.0,"max_hp_gain":0.0,"max_hp_loss":0.0,"gold_gain":0.0,"event_name":"Back to Basics","player_choice":"Simplicity","floor":21.0,"gold_loss":0.0,"damage_taken":0.0,"cards_upgraded":["Strike_R","Strike_R","Defend_R","Defend_R","Defend_R","Defend_R"]},{"damage_healed":0.0,"max_hp_gain":0.0,"max_hp_loss":0.0,"gold_gain":0.0,"event_name":"Masked Bandits","player_choice":"Fought Bandits","floor":22.0,"gold_loss":0.0,"damage_taken":0.0},{"damage_healed":0.0,"max_hp_gain":0.0,"max_hp_loss":0.0,"gold_gain":0.0,"event_name":"Addict","player_choice":"Obtained Relic","floor":27.0,"gold_loss":85.0,"damage_taken":0.0,"relics_obtained":["PreservedInsect"]},{"damage_healed":0.0,"max_hp_gain":0.0,"max_hp_loss":0.0,"gold_gain":333.0,"event_name":"The Moai Head","player_choice":"Gave Idol","floor":38.0,"relics_lost":["Golden Idol"],"gold_loss":0.0,"damage_taken":0.0},{"cards_removed":["Berserk"],"damage_healed":0.0,"max_hp_gain":0.0,"max_hp_loss":0.0,"gold_gain":0.0,"event_name":"Falling","player_choice":"Removed Power","floor":39.0,"gold_loss":0.0,"damage_taken":0.0},{"damage_healed":0.0,"max_hp_gain":0.0,"max_hp_loss":0.0,"gold_gain":0.0,"event_name":"MindBloom","player_choice":"Fight","floor":44.0,"gold_loss":0.0,"damage_taken":0.0},{"damage_healed":0.0,"max_hp_gain":0.0,"max_hp_loss":0.0,"gold_gain":0.0,"event_name":"Mysterious Sphere","player_choice":"Fight","floor":47.0,"gold_loss":0.0,"damage_taken":0.0}],"is_beta":false,"boss_relics":[{"not_picked":["Busted Crown","Tiny House"],"picked":"Sozu"},{"not_picked":["Mark of Pain","SacredBark"],"picked":"Runic Pyramid"}],"items_purged_floors":[2,14,30,36,54],"is_endless":false,"potions_floor_spawned":[7,10,22,24,31,33,42,44,45,47,48,55],"ascension_level":20}}