{"host":"fzjk61lpi4bwj033","time":1612721566,"event":{"mods":["BaseMod","Hermit","Jorbs\u0027s Wanderer Trilogy","Minty Spire (QoL Compilation)","Rare Cards Sparkle","Relic Stats","StSLib"],"gold_per_floor":[116,116,266,78,78,112,112,151,206,206,219,260,260,278,278,371,371,387,387,302,316,316,347,347,363,363,363,404,427,327,327,327],"floor_reached":31,"language":"ENG","playtime":975,"items_purged":["Doubt","Strike_G"],"score":724,"play_id":"c0a1d93d-8017-4ecb-bbc6-1d2373b045ba","local_time":"20210207121246","is_ascension_mode":true,"campfire_choices":[{"data":"Bouncing Flask","floor":7.0,"key":"SMITH"},{"data":"Caltrops","floor":10.0,"key":"SMITH"},{"floor":13.0,"key":"REST"},{"data":"Neutralize","floor":15.0,"key":"SMITH"},{"floor":24.0,"key":"REST"},{"floor":27,"key":"REST"}],"circlet_count":0,"master_deck":["AscendersBane","Strike_G","Strike_G+1","Defend_G","Defend_G","Defend_G","Defend_G","Defend_G","Survivor","Neutralize+1","Well Laid Plans","Underhanded Strike+1","Bouncing Flask+1","Caltrops+1","Deadly Poison","Sucker Punch","Leg Sweep","Corpse Explosion","Prepared+1","Night Terror","Backflip","Adrenaline"],"relics":["Ring of the Snake","NeowsBlessing","Golden Idol","Mercury Hourglass","Bag of Preparation","Omamori","Oddly Smooth Stone","Velvet Choker","InkBottle","Frozen Egg 2","Juzu Bracelet","Pear","Ancient Tea Set"],"acts_visited":["Exordium","TheCity"],"potions_floor_usage":[31],"damage_taken":[{"damage":0.0,"enemies":"Small Slimes","floor":1.0,"turns":1.0},{"damage":0.0,"enemies":"Lagavulin","floor":6.0,"turns":1.0},{"damage":0.0,"enemies":"Gremlin Nob","floor":8.0,"turns":1.0},{"damage":0.0,"enemies":"2 Louse","floor":11.0,"turns":2.0},{"damage":27.0,"enemies":"3 Sentries","floor":12.0,"turns":9.0},{"damage":0.0,"enemies":"Jaw Worm","floor":14.0,"turns":2.0},{"damage":6.0,"enemies":"The Guardian","floor":16.0,"turns":8.0},{"damage":0.0,"enemies":"Chosen","floor":18.0,"turns":4.0},{"damage":13.0,"enemies":"Shell Parasite","floor":21.0,"turns":5.0},{"damage":37.0,"enemies":"Slavers","floor":23.0,"turns":6.0},{"damage":8,"enemies":"3 Cultists","floor":25,"turns":3},{"damage":13,"enemies":"Gremlin Leader","floor":28,"turns":6},{"damage":12,"enemies":"Colosseum Slavers","floor":31,"turns":3},{"damage":26,"enemies":"Colosseum Nobs","floor":31,"turns":2}],"seed_played":"8203714112199139185","potions_obtained":[{"floor":6.0,"key":"Block Potion"},{"floor":14.0,"key":"ColorlessPotion"},{"floor":25,"key":"DuplicationPotion"},{"floor":28,"key":"SkillPotion"}],"is_trial":false,"path_per_floor":["M","?","?","$","?","E","R","E","T","R","M","E","R","M","R","B",null,"M","?","?","M","?","E","R","M","T","R","E","T","$","?"],"character_chosen":"THE_SILENT","items_purchased":["Poison Potion","Underhanded Strike"],"campfire_rested":3,"item_purchase_floors":[4,4],"current_hp_per_floor":[59,59,59,59,41,41,41,41,41,41,41,14,32,32,32,26,52,52,52,52,39,39,2,20,12,22,43,30,30,30,0,0],"gold":327,"neow_bonus":"THREE_ENEMY_KILL","is_daily":false,"chose_seed":false,"campfire_upgraded":3,"win_rate":0.0,"timestamp":1612721566,"path_taken":["M","?","?","$","?","E","R","E","T","R","M","E","R","M","R","BOSS","M","?","?","M","?","E","R","M","T","R","E","?","$","?"],"items_purchased_type":["Potion","Card"],"build_version":"2020-12-22","purchased_purges":2,"victory":false,"max_hp_per_floor":[66,60,60,60,60,60,60,60,60,60,60,60,60,60,60,60,60,60,60,60,60,60,60,60,60,70,70,70,70,70,70,70],"relic_stats":{"counters":[14,53],"Golden Idol":97,"Bag of Preparation":[22],"Juzu Bracelet":1,"obtain_stats":[{"Pear":26,"NeowsBlessing":0,"Golden Idol":2,"Oddly Smooth Stone":12,"Velvet Choker":17,"Bag of Preparation":8,"Omamori":9,"Juzu Bracelet":23,"Frozen Egg 2":20,"Ancient Tea Set":28,"Mercury Hourglass":6,"InkBottle":19,"Ring of the Snake":0},{"Pear":11,"NeowsBlessing":0,"Golden Idol":1,"Oddly Smooth Stone":5,"Velvet Choker":7,"Bag of Preparation":3,"Omamori":3,"Juzu Bracelet":10,"Frozen Egg 2":8,"Ancient Tea Set":12,"Mercury Hourglass":2,"InkBottle":8,"Ring of the Snake":0},{"Pear":42,"NeowsBlessing":0,"Golden Idol":1,"Oddly Smooth Stone":14,"Velvet Choker":24,"Bag of Preparation":3,"Omamori":3,"Juzu Bracelet":39,"Frozen Egg 2":28,"Ancient Tea Set":48,"Mercury Hourglass":2,"InkBottle":28,"Ring of the Snake":0}],"InkBottle":[9],"Ring of the Snake":[28],"Mercury Hourglass":[232]},"card_choices":[{"not_picked":["Dodge and Roll","Bane"],"picked":"Well Laid Plans","floor":1.0},{"not_picked":["Footwork","Catalyst"],"picked":"Bouncing Flask","floor":6.0},{"not_picked":["Terror","Acrobatics"],"picked":"Caltrops","floor":8.0},{"not_picked":["Blur","Heel Hook"],"picked":"Deadly Poison","floor":11.0},{"not_picked":["Deadly Poison","Accuracy"],"picked":"Sucker Punch","floor":12.0},{"not_picked":["Deflect","Prepared"],"picked":"Leg Sweep","floor":14.0},{"not_picked":["Doppelganger","Unload"],"picked":"Corpse Explosion","floor":16.0},{"not_picked":["Flying Knee","Distraction"],"picked":"Prepared+1","floor":18.0},{"not_picked":["Outmaneuver","Night Terror","Expertise+1"],"picked":"SKIP","floor":21.0},{"not_picked":["Endless Agony","PiercingWail+1","Sucker Punch"],"picked":"SKIP","floor":23.0},{"not_picked":["Backflip+1","Calculated Gamble","Deadly Poison"],"picked":"SKIP","floor":25},{"not_picked":["Endless Agony","Caltrops+1"],"picked":"Adrenaline","floor":28}],"player_experience":793732,"relics_obtained":[{"floor":6.0,"key":"Mercury Hourglass"},{"floor":8.0,"key":"Bag of Preparation"},{"floor":9.0,"key":"Omamori"},{"floor":12.0,"key":"Oddly Smooth Stone"},{"floor":23.0,"key":"Juzu Bracelet"},{"floor":26,"key":"Pear"},{"floor":28,"key":"Ancient Tea Set"}],"event_choices":[{"damage_healed":0.0,"max_hp_gain":0.0,"max_hp_loss":6.0,"gold_gain":0.0,"event_name":"Golden Idol","player_choice":"Lose Max HP","floor":2.0,"gold_loss":0.0,"damage_taken":0.0,"relics_obtained":["Golden Idol"]},{"damage_healed":0.0,"max_hp_gain":0.0,"max_hp_loss":0.0,"gold_gain":150.0,"event_name":"Liars Game","player_choice":"AGREE","floor":3.0,"gold_loss":0.0,"damage_taken":0.0,"cards_obtained":["Doubt"]},{"damage_healed":0.0,"max_hp_gain":0.0,"max_hp_loss":0.0,"gold_gain":0.0,"event_name":"Shining Light","player_choice":"Entered Light","floor":5.0,"gold_loss":0.0,"damage_taken":18.0,"cards_upgraded":["Underhanded Strike","Strike_G"]},{"damage_healed":0.0,"max_hp_gain":0.0,"max_hp_loss":0.0,"gold_gain":0.0,"event_name":"The Mausoleum","player_choice":"Opened","floor":19.0,"gold_loss":0.0,"damage_taken":0.0,"relics_obtained":["InkBottle"],"cards_obtained":["Writhe"]},{"damage_healed":0.0,"max_hp_gain":0.0,"max_hp_loss":0.0,"gold_gain":0.0,"event_name":"Addict","player_choice":"Obtained Relic","floor":20.0,"gold_loss":85.0,"damage_taken":0.0,"relics_obtained":["Frozen Egg 2"]},{"damage_healed":0.0,"max_hp_gain":0.0,"max_hp_loss":0.0,"gold_gain":0.0,"cards_transformed":["Strike_G","Strike_G"],"event_name":"Drug Dealer","player_choice":"Became Test Subject","floor":22.0,"gold_loss":0.0,"damage_taken":0.0,"cards_obtained":["Night Terror","Backflip"]},{"damage_healed":0,"gold_gain":0,"player_choice":"Fight","damage_taken":0,"max_hp_gain":0,"max_hp_loss":0,"event_name":"Colosseum","floor":31,"gold_loss":0},{"damage_healed":0,"gold_gain":0,"player_choice":"Fought Nobs","damage_taken":0,"max_hp_gain":0,"max_hp_loss":0,"event_name":"Colosseum","floor":31,"gold_loss":0}],"is_beta":false,"boss_relics":[{"not_picked":["Coffee Dripper","Calling Bell"],"picked":"Velvet Choker"}],"items_purged_floors":[4,30],"is_endless":false,"potions_floor_spawned":[6,14,25,28],"killed_by":"Colosseum Nobs","ascension_level":20}}