{"host":"8d3fefv2347kqkpz","time":1612704481,"event":{"mods":["AchievementEnabler","Act Like it!","Aspiration","BaseMod","Better Vampires","Colored Map","Colored Powertips","Conspire","Downfall","GifTheSpireLib","Highlight Path","Hubris","Mimic Mod","Minty Spire (QoL Compilation)","Quick Restart","Rare Cards Sparkle","Relic Stats","Replay The Spire","Spicy Shops","StSLib","The Jungle","Waifu the Spire"],"gold_per_floor":[113,113,113,123,48,74,74,90,116,126,126,26,55,68,68,169,169,183,198,198,215,215,215],"floor_reached":22,"language":"ZHS","playtime":660,"items_purged":["Strike_R","Strike_R"],"score":243,"play_id":"c244aa0e-92ae-48b7-80cc-36dd5997666d","local_time":"20210207212801","is_ascension_mode":true,"campfire_choices":[{"data":"Dropkick","floor":7.0,"key":"SMITH"},{"data":"conspire:Charge","floor":11,"key":"SMITH"},{"data":"Searing Blow","floor":15,"key":"SMITH"}],"circlet_count":0,"master_deck":["Strike_R","Strike_R","Strike_R","Defend_R","Defend_R","Defend_R","Defend_R","Bash+1","Dropkick+1","conspire:Charge+1","Cleave","Searing Blow+1","Metallicize","ReplayTheSpireMod:Stacked","ReplayTheSpireMod:Stacked"],"relics":["Burning Blood","NeowsBlessing","Blue Candle","hubris:Reverence","Gremlin Food","ReplayTheSpireMod:TigerMarble","hubris:Backtick","Prayer Wheel"],"acts_visited":["Exordium","TheCity"],"potions_floor_usage":[19,22],"damage_taken":[{"damage":0.0,"enemies":"Small Slimes","floor":1.0,"turns":1.0},{"damage":0.0,"enemies":"Cultist","floor":4.0,"turns":1.0},{"damage":0.0,"enemies":"3 Sentries","floor":6.0,"turns":2.0},{"damage":1.0,"enemies":"2 Louse","floor":8.0,"turns":2.0},{"damage":4,"enemies":"2 Fungi Beasts","floor":10,"turns":4},{"damage":27,"enemies":"Gremlin Nob","floor":13,"turns":4},{"damage":7,"enemies":"Large Slime","floor":14,"turns":5},{"damage":39,"enemies":"The Guardian","floor":16,"turns":10},{"damage":36,"enemies":"Spheric Guardian","floor":18,"turns":7},{"damage":40,"enemies":"Shell Parasite","floor":19,"turns":7},{"damage":0,"enemies":"Snecko","floor":21,"turns":4},{"damage":19,"enemies":"Snake Plant","floor":22,"turns":1}],"seed_played":"-1422990178462570914","potions_obtained":[{"floor":1.0,"key":"Milkshake"},{"floor":10,"key":"Elixir"},{"floor":16,"key":"Energy Potion"},{"floor":19,"key":"PowerPotion"}],"is_trial":false,"path_per_floor":["M","?","?","M","$","E","R","M","T","M","R","$","E","M","R","B",null,"M","M","?","M","M"],"character_chosen":"IRONCLAD","items_purchased":[],"campfire_rested":0,"item_purchase_floors":[],"current_hp_per_floor":[80,75,75,80,80,80,80,80,80,80,80,80,59,58,58,25,80,50,16,10,16,0,0],"gold":215,"neow_bonus":"THREE_ENEMY_KILL","is_daily":false,"chose_seed":false,"campfire_upgraded":3,"win_rate":0.0,"timestamp":1612704481,"path_taken":["M","?","?","?","$","E","R","M","T","M","R","$","E","M","R","BOSS","M","?","?","M","M"],"items_purchased_type":[],"build_version":"2020-12-22","purchased_purges":2,"victory":false,"max_hp_per_floor":[80,80,80,80,80,80,80,80,80,80,80,80,80,80,80,80,80,80,80,80,80,80,80],"relic_stats":{"counters":[12,48],"Blue Candle":[0],"Prayer Wheel":3,"obtain_stats":[{"Gremlin Food":9,"hubris:Backtick":17,"NeowsBlessing":0,"Blue Candle":2,"Prayer Wheel":17,"ReplayTheSpireMod:TigerMarble":13,"Burning Blood":0,"hubris:Reverence":6},{"Gremlin Food":4,"hubris:Backtick":8,"NeowsBlessing":0,"Blue Candle":1,"Prayer Wheel":8,"ReplayTheSpireMod:TigerMarble":6,"Burning Blood":0,"hubris:Reverence":3},{"Gremlin Food":6,"hubris:Backtick":29,"NeowsBlessing":0,"Blue Candle":1,"Prayer Wheel":29,"ReplayTheSpireMod:TigerMarble":14,"Burning Blood":0,"hubris:Reverence":4}],"Burning Blood":46},"card_choices":[{"not_picked":["Armaments","Rage","ReplayTheSpireMod:LeadingStrike"],"picked":"SKIP","floor":1.0},{"not_picked":["Blood for Blood","Pommel Strike","Life Link"],"picked":"SKIP","floor":4.0},{"not_picked":["Heavy Blade","Run Through"],"picked":"Dropkick","floor":6.0},{"not_picked":["Rupture","Havoc"],"picked":"conspire:Charge","floor":8.0},{"not_picked":["Reckless Charge","Replay:Undeath\u0027s Touch"],"picked":"Cleave","floor":10},{"not_picked":["Body Slam","True Grit"],"picked":"Searing Blow","floor":13},{"not_picked":["Cleave","Burning Pact"],"picked":"Metallicize","floor":14},{"not_picked":["Cleave","Perfected Strike","Havoc+1"],"picked":"SKIP","floor":18},{"not_picked":["Twin Strike+1","Cleave","Shrug It Off"],"picked":"SKIP","floor":18},{"not_picked":["Havoc","Body Slam"],"picked":"ReplayTheSpireMod:Stacked","floor":19},{"not_picked":["Iron Wave","Thunderclap+1","Perfected Strike"],"picked":"SKIP","floor":19},{"not_picked":["Headbutt","Warcry"],"picked":"ReplayTheSpireMod:Stacked","floor":21},{"not_picked":["Wild Strike+1","Seeing Red","Perfected Strike"],"picked":"SKIP","floor":21}],"player_experience":287001,"relics_obtained":[{"floor":6.0,"key":"hubris:Reverence"},{"floor":9.0,"key":"Gremlin Food"},{"floor":13,"key":"ReplayTheSpireMod:TigerMarble"}],"event_choices":[{"damage_healed":0.0,"max_hp_gain":0.0,"max_hp_loss":0.0,"gold_gain":0.0,"event_name":"Accursed Blacksmith","player_choice":"Forge","floor":3.0,"gold_loss":0.0,"damage_taken":0.0,"cards_upgraded":["Bash"]},{"damage_healed":0,"gold_gain":0,"player_choice":"","damage_taken":6,"max_hp_gain":0,"max_hp_loss":0,"event_name":"Knowing Skull","floor":20,"potions_obtained":[],"gold_loss":0,"cards_obtained":[]}],"is_beta":false,"boss_relics":[{"not_picked":["aspiration:WatcherSkillbook","Pandora\u0027s Box"],"picked":"hubris:Backtick"}],"items_purged_floors":[5,12],"is_endless":false,"potions_floor_spawned":[1,10,16,19],"killed_by":"Snake Plant","ascension_level":2}}