{"host":"h9q6eax775d7taki","time":1612727827,"event":{"mods":["Act Like it!","Aspiration","BaseMod","Colored Map","Colored Powertips","Conspire","Energized Spire","GifTheSpireLib","Halation","Hallownest","Hubris","Minty Spire (QoL Compilation)","Replay The Spire","Spikes Relics","StS++","StSLib","Stuff the Spire","The Bug Knight"],"gold_per_floor":[115,115,115,115,290,302,302,302,320,348,395,407,407,407,407,407],"floor_reached":15,"language":"ENG","playtime":1494,"items_purged":[],"score":125,"play_id":"5e82c6b2-508f-431f-a71f-f5d6c03b5826","local_time":"20210207205707","is_ascension_mode":true,"campfire_choices":[{"data":"StuffTheSpire:LoadUp","floor":8,"key":"SMITH"},{"floor":13,"key":"REST"}],"circlet_count":0,"master_deck":["Strike_B","Strike_B","Strike_B","Strike_B","Defend_B","Defend_B","Defend_B","Defend_B","Zap","Dualcast","DiskWipe","StuffTheSpire:LoadUp+1","Injury","Barrage","StuffTheSpire:Synthwave+1","Hologram"],"relics":["Cracked Core","halation:StarCompass","Frozen Egg 2","Durian","SpikesRelics:DaevaFist","Spirit Poop"],"acts_visited":["Exordium"],"potions_floor_usage":[10,12],"damage_taken":[{"damage":4,"enemies":"Small Slimes","floor":1,"turns":3},{"damage":4,"enemies":"2 Louse","floor":6,"turns":3},{"damage":8,"enemies":"Jaw Worm","floor":9,"turns":4},{"damage":28,"enemies":"Gremlin Nob","floor":10,"turns":4},{"damage":6,"enemies":"Looter","floor":12,"turns":3},{"damage":63,"enemies":"Lagavulin","floor":15,"turns":7}],"seed_played":"1934283289983868637","potions_obtained":[{"floor":1,"key":"CultistPotion"},{"floor":9,"key":"Adrenaline Potion"}],"is_trial":false,"path_per_floor":["M","?","PTL","PTL","?","M","?","R","M","E","T","M","R","?","E"],"character_chosen":"DEFECT","items_purchased":[],"campfire_rested":1,"item_purchase_floors":[],"current_hp_per_floor":[64,64,64,64,64,60,60,60,52,29,29,23,47,47,0,0],"gold":407,"neow_bonus":"THREE_CARDS","is_daily":false,"chose_seed":false,"campfire_upgraded":1,"win_rate":0.0,"timestamp":1612727827,"path_taken":["M","?","PTL","PTL","?","M","?","R","M","E","T","?","R","?","E"],"items_purchased_type":[],"build_version":"2020-12-22","purchased_purges":0,"victory":false,"max_hp_per_floor":[75,75,75,75,75,75,75,75,75,80,80,80,80,80,80,80],"card_choices":[{"not_picked":["Recycle","StuffTheSpire:Plugnplay"],"picked":"DiskWipe","floor":1},{"not_picked":["Conserve Battery","Turbo"],"picked":"StuffTheSpire:LoadUp","floor":6},{"not_picked":["Double Energy","ReplayGash"],"picked":"Barrage","floor":9},{"not_picked":["Panic Button","Cold Snap"],"picked":"StuffTheSpire:Synthwave+1","floor":10},{"not_picked":["Cold Snap","ReplayTheSpireMod:GoodbyeWorld+1"],"picked":"Hologram","floor":12}],"player_experience":502158,"relics_obtained":[{"floor":10,"key":"Durian"},{"floor":11,"key":"SpikesRelics:DaevaFist"}],"event_choices":[{"damage_healed":0,"gold_gain":175,"player_choice":"AGREE","damage_taken":0,"max_hp_gain":0,"max_hp_loss":0,"event_name":"Liars Game","floor":5,"gold_loss":0,"cards_obtained":["Doubt"]},{"cards_removed":["Doubt"],"damage_healed":0,"gold_gain":0,"player_choice":"Offered Curse","damage_taken":0,"relics_obtained":["Spirit Poop"],"max_hp_gain":0,"max_hp_loss":0,"event_name":"Bonfire Elementals","floor":14,"gold_loss":0}],"is_beta":false,"boss_relics":[],"items_purged_floors":[],"is_endless":false,"potions_floor_spawned":[1,9],"killed_by":"Lagavulin","ascension_level":7}}