{"host":"8d3fefv2347kqkpz","time":1612734479,"event":{"mods":["AchievementEnabler","Act Like it!","Aspiration","BaseMod","Better Vampires","Colored Map","Colored Powertips","Conspire","Downfall","GifTheSpireLib","Highlight Path","Hubris","Mimic Mod","Minty Spire (QoL Compilation)","Quick Restart","Rare Cards Sparkle","Relic Stats","Replay The Spire","Spicy Shops","StSLib","The Jungle","Waifu the Spire"],"gold_per_floor":[99,118,128,141,161,161,161,161],"floor_reached":6,"language":"ZHS","playtime":461,"items_purged":[],"score":38,"play_id":"fba9b1b4-84c7-4d05-960b-9a719d9b3300","local_time":"20210208054759","is_ascension_mode":false,"campfire_choices":[{"data":"Guardian:CurlUp","floor":1,"key":"SMITH"}],"circlet_count":0,"master_deck":["Guardian:Strike_Guardian","Guardian:Strike_Guardian","Guardian:Strike_Guardian","Guardian:Strike_Guardian","Guardian:Defend_Guardian","Guardian:Defend_Guardian","Guardian:Defend_Guardian","Guardian:Defend_Guardian","Guardian:CurlUp+1","Guardian:TwinSlam","Guardian:ShieldCharger","Guardian:DecasProtection","Guardian:Incinerate","Guardian:Suspension"],"relics":["Guardian:ModeShifter"],"acts_visited":["Exordium"],"potions_floor_usage":[],"damage_taken":[{"damage":1,"enemies":"Cultist","floor":2,"turns":4},{"damage":11,"enemies":"Jaw Worm","floor":3,"turns":5},{"damage":0,"enemies":"conspire:RoseBush","floor":4,"turns":6},{"damage":8,"enemies":"conspire:2 RoseBushes","floor":5,"turns":7},{"damage":0,"enemies":"Gremlin Nob","floor":6,"turns":1}],"seed_played":"4491950946170754944","potions_obtained":[{"floor":3,"key":"PowerPotion"}],"is_trial":false,"path_per_floor":["R","M","M","M","M","E"],"character_chosen":"GUARDIAN","items_purchased":[],"campfire_rested":0,"item_purchase_floors":[],"current_hp_per_floor":[88,87,76,76,68,68,68,68],"gold":161,"neow_bonus":"TEN_PERCENT_HP_BONUS","is_daily":false,"chose_seed":false,"campfire_upgraded":1,"win_rate":0.0,"timestamp":1612734479,"path_taken":["R","M","M","?","M","E"],"items_purchased_type":[],"build_version":"2020-12-22","purchased_purges":0,"victory":false,"max_hp_per_floor":[88,88,88,88,88,88,88,88],"relic_stats":{"counters":[5,23],"obtain_stats":[{"Guardian:ModeShifter":0},{"Guardian:ModeShifter":0},{"Guardian:ModeShifter":0}]},"card_choices":[{"not_picked":["Guardian:Recover","Guardian:Gem_Yellow"],"picked":"Guardian:ShieldCharger","floor":2},{"not_picked":["Guardian:EvasiveProtocol","Guardian:PrismaticBeam"],"picked":"Guardian:DecasProtection","floor":3},{"not_picked":["Guardian:Reroute","Guardian:ShieldSpikes"],"picked":"Guardian:Incinerate","floor":4},{"not_picked":["Guardian:Recover","Guardian:Harden"],"picked":"Guardian:Suspension","floor":5}],"player_experience":294015,"relics_obtained":[],"event_choices":[],"is_beta":false,"boss_relics":[],"items_purged_floors":[],"is_endless":false,"potions_floor_spawned":[3],"killed_by":"Gremlin Nob","ascension_level":0}}