{"host":"la6t950uoatqs0xt","time":1612684343,"event":{"mods":["AchievementEnabler","BaseMod","Colored Powertips","Minty Spire (QoL Compilation)","Quick Restart","Rare Cards Sparkle"],"gold_per_floor":[119,119,44,62,62,93,112,140,190,201,218,318,336,346,346,444,444,454,471,471,471],"floor_reached":20,"language":"ENG","playtime":651,"items_purged":["Defend_B"],"score":216,"play_id":"179579c6-ee34-4942-950c-901a182982a8","local_time":"20210207025223","is_ascension_mode":true,"campfire_choices":[{"floor":15,"key":"REST"}],"circlet_count":0,"master_deck":["Strike_B","Strike_B","Strike_B","Strike_B","Defend_B","Defend_B","Defend_B","Zap","Dualcast","Ball Lightning","Hologram","White Noise","Redo","Conserve Battery","Redo","Doom and Gloom+1"],"relics":["Cracked Core","Eternal Feather","Bag of Preparation","Happy Flower","SacredBark"],"acts_visited":["Exordium","TheCity"],"potions_floor_usage":[6,6,6,8,16],"damage_taken":[{"damage":6,"enemies":"2 Louse","floor":1,"turns":3},{"damage":1,"enemies":"Cultist","floor":4,"turns":3},{"damage":35,"enemies":"3 Sentries","floor":6,"turns":5},{"damage":7,"enemies":"Small Slimes","floor":7,"turns":3},{"damage":17,"enemies":"Lagavulin","floor":8,"turns":5},{"damage":1,"enemies":"Looter","floor":10,"turns":4},{"damage":10,"enemies":"Red Slaver","floor":11,"turns":4},{"damage":8,"enemies":"Blue Slaver","floor":13,"turns":3},{"damage":0,"enemies":"2 Fungi Beasts","floor":14,"turns":4},{"damage":9,"enemies":"Slime Boss","floor":16,"turns":6},{"damage":57,"enemies":"3 Byrds","floor":18,"turns":6},{"damage":23,"enemies":"Shell Parasite","floor":19,"turns":6},{"damage":7,"enemies":"Snake Plant","floor":20,"turns":1}],"seed_played":"-7731901810249621660","potions_obtained":[{"floor":2,"key":"Regen Potion"},{"floor":2,"key":"Explosive Potion"},{"floor":2,"key":"Swift Potion"},{"floor":7,"key":"AttackPotion"},{"floor":11,"key":"FocusPotion"},{"floor":14,"key":"Dexterity Potion"},{"floor":18,"key":"SkillPotion"}],"is_trial":false,"path_per_floor":["M","?","$","M","?","E","M","E","T","M","M","?","M","M","R","B",null,"M","M","M"],"character_chosen":"DEFECT","items_purchased":[],"campfire_rested":1,"item_purchase_floors":[],"current_hp_per_floor":[76,76,76,75,75,54,47,30,30,29,19,19,11,11,44,35,82,25,2,0,0],"gold":471,"neow_bonus":"TEN_PERCENT_HP_BONUS","is_daily":false,"chose_seed":false,"campfire_upgraded":0,"win_rate":0.0,"timestamp":1612684343,"path_taken":["M","?","?","M","?","E","M","E","T","M","M","?","?","M","R","BOSS","M","M","M"],"items_purchased_type":[],"build_version":"2020-12-22","purchased_purges":1,"victory":false,"max_hp_per_floor":[82,82,82,82,82,82,82,82,82,82,82,82,82,82,82,82,82,82,82,82,82],"card_choices":[{"not_picked":["Cold Snap","Redo"],"picked":"Ball Lightning","floor":1},{"not_picked":["Capacitor","Compile Driver","Rip and Tear"],"picked":"SKIP","floor":4},{"not_picked":["Biased Cognition","Stack","Compile Driver"],"picked":"SKIP","floor":6},{"not_picked":["Consume","Steam"],"picked":"Hologram","floor":7},{"not_picked":["Hello World","Stack"],"picked":"White Noise","floor":8},{"not_picked":["Turbo","Rebound"],"picked":"Redo","floor":10},{"not_picked":["Sweeping Beam","Chill"],"picked":"Conserve Battery","floor":11},{"not_picked":["Streamline","Coolheaded"],"picked":"Redo","floor":13},{"not_picked":["Stack","Cold Snap","Hello World"],"picked":"SKIP","floor":14},{"not_picked":["Cold Snap+1","Rebound"],"picked":"Doom and Gloom+1","floor":18},{"not_picked":["Scrape","Stack","Turbo+1"],"picked":"SKIP","floor":19}],"player_experience":294433,"relics_obtained":[{"floor":6,"key":"Eternal Feather"},{"floor":8,"key":"Bag of Preparation"},{"floor":9,"key":"Happy Flower"}],"event_choices":[{"damage_healed":0,"gold_gain":0,"player_choice":"Got Potions","damage_taken":0,"max_hp_gain":0,"max_hp_loss":0,"event_name":"Lab","floor":2,"gold_loss":0},{"damage_healed":0,"gold_gain":0,"player_choice":"Ignored","damage_taken":0,"max_hp_gain":0,"max_hp_loss":0,"event_name":"Golden Wing","floor":5,"gold_loss":0},{"damage_healed":0,"gold_gain":100,"player_choice":"Pray","damage_taken":0,"max_hp_gain":0,"max_hp_loss":0,"event_name":"Golden Shrine","floor":12,"gold_loss":0}],"is_beta":false,"boss_relics":[{"not_picked":["Cursed Key","Pandora\u0027s Box"],"picked":"SacredBark"}],"items_purged_floors":[3],"is_endless":false,"potions_floor_spawned":[4,7,11,14,18],"killed_by":"Snake Plant","ascension_level":3}}