{"host":"zksvs3x2ysy9npnz","time":1612665669,"event":{"mods":["Aspiration","BaseMod","Beaked The Cultist","BetterRewards","Clockwork Mod","Colored Map","Conspire","Downfall","Duelist Mod","Halation","Highlight Path","Hubris","Infinite Spire","Jedi Mod","Magitek Elite","Minty Spire (QoL Compilation)","Permanent Neow","Quick Restart","Relic Stats","Shop Mod","StSLib","The Runesmith","The Witch"],"gold_per_floor":[115,131,149,149,164,164,118,118,141,141,141],"floor_reached":10,"language":"FRA","playtime":360,"items_purged":[],"score":96,"play_id":"a2048b79-7673-41ca-abe2-53d607f5f1f1","local_time":"20210207034109","is_ascension_mode":true,"campfire_choices":[{"data":"SummonOwlFamiliar","floor":6,"key":"SMITH"},{"data":"Demonfyre","floor":8,"key":"SMITH"}],"circlet_count":0,"master_deck":["AscendersBane","Strike_Witch","Strike_Witch","Strike_Witch","Strike_Witch","Defend_Witch","Defend_Witch","Defend_Witch","Defend_Witch","Hexguard","ZombieSpit","Demonfyre+1","CrystalResonance","SummonOwlFamiliar+1","GnarledBody"],"relics":["BlackCat","hubris:Towel","Tiny Chest"],"acts_visited":["Exordium"],"potions_floor_usage":[3,5],"damage_taken":[{"damage":2,"enemies":"2 Louse","floor":1,"turns":3},{"damage":2,"enemies":"Small Slimes","floor":2,"turns":5},{"damage":0,"enemies":"Cultist","floor":3,"turns":3},{"damage":4,"enemies":"Exordium Wildlife","floor":5,"turns":7},{"damage":63,"enemies":"Gremlin Nob","floor":10,"turns":4}],"seed_played":"368836513377234623","potions_obtained":[{"floor":1,"key":"EssenceOfSteel"},{"floor":2,"key":"Fire Potion"},{"floor":3,"key":"SpeedPotion"}],"is_trial":false,"path_per_floor":["M","M","M","?","M","R","?","R","T","E"],"character_chosen":"WITCH","items_purchased":[],"campfire_rested":0,"item_purchase_floors":[],"current_hp_per_floor":[58,56,56,56,52,52,52,52,52,0,0],"gold":141,"neow_bonus":"THREE_CARDS","is_daily":false,"chose_seed":false,"campfire_upgraded":2,"win_rate":0.0,"timestamp":1612665669,"path_taken":["M","M","M","?","M","R","?","R","T","E"],"items_purchased_type":[],"build_version":"2020-12-22","purchased_purges":0,"victory":false,"max_hp_per_floor":[67,67,67,67,67,67,67,67,67,67,67],"relic_stats":{"counters":[5,22],"Tiny Chest":0,"obtain_stats":[{"Tiny Chest":9,"hubris:Towel":4,"BlackCat":0},{"Tiny Chest":4,"hubris:Towel":3,"BlackCat":0},{"Tiny Chest":18,"hubris:Towel":11,"BlackCat":0}]},"card_choices":[{"not_picked":["RiteOfSummer","WretchedNails"],"picked":"Demonfyre","floor":0},{"not_picked":["Schadenfreude","GhoulTouch"],"picked":"CrystalResonance","floor":1},{"not_picked":["SoulBarrier","Atonement"],"picked":"SummonOwlFamiliar","floor":2},{"not_picked":["Athame","TwistedMind"],"picked":"GnarledBody","floor":3},{"not_picked":["RiteOfWinter","WickedThoughts","SoulBarrier"],"picked":"SKIP","floor":5}],"player_experience":2146267,"relics_obtained":[{"floor":9,"key":"Tiny Chest"}],"event_choices":[{"damage_healed":0,"gold_gain":0,"player_choice":"Left Gold","damage_taken":0,"max_hp_gain":0,"max_hp_loss":0,"event_name":"World of Goop","floor":7,"gold_loss":46}],"is_beta":false,"boss_relics":[],"items_purged_floors":[],"is_endless":false,"potions_floor_spawned":[1,2,3],"killed_by":"Gremlin Nob","ascension_level":13}}