{"host":"guecx47y159wwxnr","time":1612735635,"event":{"mods":["AchievementEnabler","BaseMod","Colored Map","Colored Powertips","Googly Eyes","Highlight Path","Minty Spire (QoL Compilation)","Permanent Neow","Rare Cards Sparkle","Relic Sorter","SuperFastMode","Unceasing Turn Reminder"],"gold_per_floor":[113,38,50,50,225,257,257,285,285,302,302,324,324,349,349,452,452,470,470,569,583,593,627,627,646,646,646,661,163,163,179,179,280,280,296,312,360,56,56,56,56],"floor_reached":40,"language":"ENG","playtime":1947,"items_purged":["Strike_R","Doubt","Strike_R"],"score":605,"play_id":"0ef5245f-391a-4cd1-ac85-5724f056b62a","local_time":"20210207220715","is_ascension_mode":true,"campfire_choices":[{"data":"Cleave","floor":7,"key":"SMITH"},{"floor":11,"key":"REST"},{"data":"Feed","floor":13,"key":"SMITH"},{"floor":15,"key":"REST"},{"floor":24,"key":"REST"},{"floor":32,"key":"REST"}],"circlet_count":0,"master_deck":["Strike_R","Strike_R","Strike_R","Defend_R","Defend_R","Defend_R","Defend_R+1","Bash","Thunderclap+1","Cleave+1","Thunderclap","Whirlwind","Feed+1","Uppercut","Armaments","Feed","Cleave","Thunderclap","Immolate","Shockwave+1","Seeing Red","Thunderclap","Apotheosis","Armaments","Distraction","Judgement","Protect","ThirdEye+1","Fire Breathing+1","Writhe"],"relics":["Black Blood","NeowsBlessing","Pantograph","Blue Candle","Frozen Egg 2","Odd Mushroom","Red Skull","SlaversCollar","MutagenicStrength","Red Mask","Mercury Hourglass","NlothsMask","PrismaticShard","Gambling Chip","Membership Card","PreservedInsect"],"acts_visited":["Exordium","TheCity","TheBeyond"],"potions_floor_usage":[8,14,16,22,23,25,31,31,33,33,40],"damage_taken":[{"damage":0,"enemies":"2 Louse","floor":1,"turns":1},{"damage":0,"enemies":"Small Slimes","floor":3,"turns":1},{"damage":0,"enemies":"3 Sentries","floor":6,"turns":1},{"damage":30,"enemies":"Lagavulin","floor":8,"turns":6},{"damage":7,"enemies":"Jaw Worm","floor":10,"turns":3},{"damage":12,"enemies":"The Mushroom Lair","floor":12,"turns":2},{"damage":26,"enemies":"3 Sentries","floor":14,"turns":5},{"damage":55,"enemies":"The Guardian","floor":16,"turns":13},{"damage":48,"enemies":"3 Byrds","floor":18,"turns":6},{"damage":27,"enemies":"Spheric Guardian","floor":21,"turns":5},{"damage":4,"enemies":"Cultist and Chosen","floor":22,"turns":4},{"damage":0,"enemies":"Masked Bandits","floor":23,"turns":1},{"damage":14,"enemies":"Centurion and Healer","floor":25,"turns":5},{"damage":23,"enemies":"Snecko","floor":28,"turns":5},{"damage":0,"enemies":"Sentry and Sphere","floor":31,"turns":2},{"damage":53,"enemies":"Collector","floor":33,"turns":8},{"damage":24,"enemies":"3 Shapes","floor":35,"turns":2},{"damage":47,"enemies":"3 Darklings","floor":36,"turns":3},{"damage":44,"enemies":"2 Orb Walkers","floor":37,"turns":3},{"damage":57,"enemies":"Giant Head","floor":40,"turns":6}],"seed_played":"5828324185490205027","potions_obtained":[{"floor":1,"key":"Fire Potion"},{"floor":3,"key":"FearPotion"},{"floor":8,"key":"Strength Potion"},{"floor":10,"key":"Explosive Potion"},{"floor":21,"key":"SkillPotion"},{"floor":23,"key":"DistilledChaos"},{"floor":28,"key":"LiquidMemories"},{"floor":30,"key":"BlessingOfTheForge"},{"floor":30,"key":"DistilledChaos"},{"floor":31,"key":"LiquidBronze"},{"floor":33,"key":"FearPotion"},{"floor":36,"key":"Strength Potion"}],"is_trial":false,"path_per_floor":["M","$","M","?","?","E","R","E","T","M","R","?","R","E","R","B",null,"M","?","?","M","M","?","R","M","T","?","M","$","?","M","R","B",null,"M","M","?","$","?","E"],"character_chosen":"IRONCLAD","items_purchased":["Apotheosis","PrismaticShard","Armaments","Membership Card","PreservedInsect","Fire Breathing+1"],"campfire_rested":4,"item_purchase_floors":[29,29,29,38,38,38],"current_hp_per_floor":[78,78,80,64,64,70,70,46,46,45,69,66,66,50,76,38,75,37,37,37,16,22,28,56,51,51,51,34,34,34,40,69,51,89,81,46,14,14,41,0,0],"gold":56,"neow_bonus":"THREE_ENEMY_KILL","is_daily":false,"chose_seed":false,"campfire_upgraded":2,"win_rate":0.0,"timestamp":1612735635,"path_taken":["M","$","M","?","?","E","R","E","T","M","R","?","R","E","R","BOSS","M","?","?","M","?","?","R","M","T","?","?","$","?","?","R","BOSS","M","M","?","$","?","E"],"items_purchased_type":["Card","Relic","Card","Relic","Relic","Card"],"build_version":"2020-12-22","purchased_purges":3,"victory":false,"max_hp_per_floor":[80,80,80,80,80,80,80,80,80,80,80,83,83,87,87,87,87,91,91,91,91,95,95,95,98,98,98,98,98,98,98,98,102,102,106,106,106,106,106,106,106],"card_choices":[{"not_picked":["Evolve","Wild Strike"],"picked":"Thunderclap","floor":1},{"not_picked":["Fire Breathing","Seeing Red"],"picked":"Cleave","floor":3},{"not_picked":["Inflame","Body Slam"],"picked":"Thunderclap","floor":6},{"not_picked":["Body Slam","Headbutt"],"picked":"Whirlwind","floor":8},{"not_picked":["Clothesline","Entrench"],"picked":"Feed","floor":10},{"not_picked":["Flex","Body Slam"],"picked":"Uppercut","floor":12},{"not_picked":["Reckless Charge","Cleave"],"picked":"Armaments","floor":14},{"not_picked":["Fiend Fire","Berserk+1"],"picked":"Feed","floor":16},{"not_picked":["Flex","Havoc"],"picked":"Cleave","floor":18},{"not_picked":["Warcry","Perfected Strike"],"picked":"Thunderclap","floor":21},{"not_picked":["Wild Strike","Searing Blow+1"],"picked":"Immolate","floor":22},{"not_picked":["Spot Weakness","Rampage"],"picked":"Shockwave+1","floor":23},{"not_picked":["Twin Strike","Clash"],"picked":"Seeing Red","floor":25},{"not_picked":["Iron Wave+1","Wild Strike+1"],"picked":"Thunderclap","floor":28},{"not_picked":["CutThroughFate","Redo"],"picked":"Distraction","floor":31},{"not_picked":["After Image+1","Wraith Form v2+1"],"picked":"Judgement","floor":33},{"not_picked":["WindmillStrike","CrushJoints"],"picked":"Protect","floor":35},{"not_picked":["Clash+1","Flash of Steel+1"],"picked":"ThirdEye+1","floor":36}],"player_experience":213889,"relics_obtained":[{"floor":6,"key":"Pantograph"},{"floor":8,"key":"Blue Candle"},{"floor":9,"key":"Frozen Egg 2"},{"floor":12,"key":"Odd Mushroom"},{"floor":14,"key":"Red Skull"},{"floor":23,"key":"Red Mask"},{"floor":26,"key":"Mercury Hourglass"},{"floor":37,"key":"Gambling Chip"}],"event_choices":[{"damage_healed":0,"gold_gain":0,"player_choice":"Entered Light","damage_taken":16,"max_hp_gain":0,"max_hp_loss":0,"event_name":"Shining Light","floor":4,"gold_loss":0,"cards_upgraded":["Thunderclap","Defend_R"]},{"damage_healed":0,"gold_gain":175,"player_choice":"AGREE","damage_taken":0,"max_hp_gain":0,"max_hp_loss":0,"event_name":"Liars Game","floor":5,"gold_loss":0,"cards_obtained":["Doubt"]},{"damage_healed":0,"gold_gain":0,"player_choice":"Fought Mushrooms","damage_taken":0,"max_hp_gain":0,"max_hp_loss":0,"event_name":"Mushrooms","floor":12,"gold_loss":0},{"damage_healed":0,"gold_gain":0,"player_choice":"Inject Mutagens","damage_taken":0,"relics_obtained":["MutagenicStrength"],"max_hp_gain":0,"max_hp_loss":0,"event_name":"Drug Dealer","floor":19,"gold_loss":0},{"damage_healed":0,"gold_gain":99,"player_choice":"Stole From Cult","damage_taken":0,"max_hp_gain":0,"max_hp_loss":0,"event_name":"Nest","floor":20,"gold_loss":0},{"damage_healed":0,"gold_gain":0,"player_choice":"Fought Bandits","damage_taken":0,"max_hp_gain":0,"max_hp_loss":0,"event_name":"Masked Bandits","floor":23,"gold_loss":0},{"damage_healed":0,"gold_gain":0,"player_choice":"Trade","damage_taken":0,"relics_obtained":["NlothsMask"],"max_hp_gain":0,"max_hp_loss":0,"event_name":"FaceTrader","floor":27,"gold_loss":0},{"damage_healed":0,"gold_gain":0,"player_choice":"Got Potions","damage_taken":0,"max_hp_gain":0,"max_hp_loss":0,"event_name":"Lab","floor":30,"gold_loss":0},{"damage_healed":0,"gold_gain":0,"player_choice":"Fight","damage_taken":0,"max_hp_gain":0,"max_hp_loss":0,"event_name":"Mysterious Sphere","floor":37,"gold_loss":0},{"damage_healed":27,"gold_gain":0,"player_choice":"Writhe","damage_taken":0,"max_hp_gain":0,"max_hp_loss":0,"event_name":"Winding Halls","floor":39,"gold_loss":0,"cards_obtained":["Writhe"]}],"is_beta":false,"boss_relics":[{"not_picked":["Runic Pyramid","SacredBark"],"picked":"SlaversCollar"},{"not_picked":["Cursed Key","Velvet Choker"],"picked":"Black Blood"}],"items_purged_floors":[2,29,38],"is_endless":false,"potions_floor_spawned":[1,3,8,10,21,23,28,31,33,36],"killed_by":"Giant Head","ascension_level":6}}