{"host":"65jin1tlag1hqw3w","time":1612662044,"event":{"mods":["AchievementEnabler","BaseMod","Colored Map","Minty Spire (QoL Compilation)","StSLib"],"gold_per_floor":[12,12,27,27,43,43,43,57,57,80,105,145,165,90,90,210,210,225,125,125,0,0,0,0,0,0],"floor_reached":25,"language":"ENG","playtime":1025,"items_purged":["Strike_R","Entrench","Strike_R"],"score":291,"play_id":"2a4a0cfa-f88f-4739-a1ab-bdfe3e6e10be","local_time":"20210206194044","is_ascension_mode":true,"campfire_choices":[{"data":"Apotheosis","floor":6,"key":"SMITH"},{"floor":15,"key":"REST"},{"data":"Bash","floor":23,"key":"SMITH"}],"circlet_count":0,"master_deck":["Strike_R","Strike_R","Strike_R","Defend_R","Defend_R","Defend_R","Defend_R","Bash+1","Apotheosis+1","Iron Wave","Perfected Strike+1","Entrench","Dropkick","Fiend Fire"],"relics":["Black Blood","Golden Idol","Paper Frog","Pear","Boot"],"acts_visited":["Exordium","TheCity"],"potions_floor_usage":[10,11,25],"damage_taken":[{"damage":9,"enemies":"2 Louse","floor":1,"turns":2},{"damage":7,"enemies":"Jaw Worm","floor":3,"turns":4},{"damage":0,"enemies":"Small Slimes","floor":5,"turns":4},{"damage":16,"enemies":"Exordium Thugs","floor":8,"turns":4},{"damage":1,"enemies":"Looter","floor":10,"turns":2},{"damage":13,"enemies":"Large Slime","floor":11,"turns":6},{"damage":16,"enemies":"3 Sentries","floor":12,"turns":6},{"damage":20,"enemies":"Lots of Slimes","floor":13,"turns":5},{"damage":35,"enemies":"Slime Boss","floor":16,"turns":11},{"damage":51,"enemies":"3 Byrds","floor":18,"turns":8},{"damage":99,"enemies":"Gremlin Leader","floor":25,"turns":7}],"seed_played":"4856127616895054488","potions_obtained":[{"floor":1,"key":"BlessingOfTheForge"},{"floor":8,"key":"BlessingOfTheForge"},{"floor":18,"key":"FearPotion"}],"is_trial":false,"path_per_floor":["M","?","M","T","M","R","?","M","T","M","M","E","M","$","R","B",null,"M","$","?","$","?","R","?","E"],"character_chosen":"IRONCLAD","items_purchased":[],"campfire_rested":1,"item_purchase_floors":[],"current_hp_per_floor":[69,49,48,48,54,54,54,44,54,59,52,42,28,28,55,26,74,35,35,35,35,65,65,90,0,0],"gold":0,"neow_bonus":"RANDOM_COLORLESS_2","is_daily":false,"chose_seed":false,"campfire_upgraded":2,"win_rate":0.0,"timestamp":1612662044,"path_taken":["M","?","M","?","M","R","?","M","T","M","M","E","M","?","R","BOSS","M","$","?","?","?","R","?","E"],"items_purchased_type":[],"build_version":"2020-12-22","purchased_purges":3,"victory":false,"max_hp_per_floor":[80,80,80,80,80,80,80,80,90,90,90,90,90,90,90,90,90,90,90,90,90,90,90,90,90,90],"card_choices":[{"not_picked":["Violence","The Bomb"],"picked":"Apotheosis","floor":0},{"not_picked":["Wild Strike","Flex"],"picked":"Iron Wave","floor":1},{"not_picked":["Body Slam","Sword Boomerang"],"picked":"Perfected Strike","floor":3},{"not_picked":["Reckless Charge","True Grit"],"picked":"Perfected Strike","floor":5},{"not_picked":["Iron Wave","Sword Boomerang"],"picked":"Entrench","floor":8},{"not_picked":["Anger","Heavy Blade","Evolve"],"picked":"SKIP","floor":10},{"not_picked":["Corruption","Sentinel"],"picked":"Entrench","floor":11},{"not_picked":["Pommel Strike","Whirlwind"],"picked":"Dropkick","floor":12},{"not_picked":["Second Wind","Infernal Blade","Shockwave"],"picked":"SKIP","floor":13},{"not_picked":["Immolate","Double Tap"],"picked":"Fiend Fire","floor":16},{"not_picked":["Shockwave","Carnage+1","Sword Boomerang+1"],"picked":"SKIP","floor":18}],"player_experience":333709,"relics_obtained":[{"floor":4,"key":"Paper Frog"},{"floor":9,"key":"Pear"},{"floor":12,"key":"Boot"}],"event_choices":[{"damage_healed":0,"gold_gain":0,"player_choice":"Take Damage","damage_taken":20,"relics_obtained":["Golden Idol"],"max_hp_gain":0,"max_hp_loss":0,"event_name":"Golden Idol","floor":2,"gold_loss":0},{"damage_healed":0,"gold_gain":0,"player_choice":"Grow","damage_taken":0,"max_hp_gain":0,"max_hp_loss":0,"event_name":"Living Wall","floor":7,"gold_loss":0,"cards_upgraded":["Perfected Strike"]},{"cards_removed":["Perfected Strike"],"damage_healed":0,"gold_gain":0,"player_choice":"Purged","damage_taken":0,"max_hp_gain":0,"max_hp_loss":0,"event_name":"Purifier","floor":20,"gold_loss":0},{"damage_healed":30,"gold_gain":0,"player_choice":"Heal","damage_taken":0,"max_hp_gain":0,"max_hp_loss":0,"event_name":"The Library","floor":22,"gold_loss":0},{"damage_healed":25,"gold_gain":0,"player_choice":"Full Heal","damage_taken":0,"max_hp_gain":0,"max_hp_loss":0,"event_name":"Wheel of Change","floor":24,"gold_loss":0}],"is_beta":false,"boss_relics":[{"not_picked":["Astrolabe","Snecko Eye"],"picked":"Black Blood"}],"items_purged_floors":[14,19,21],"is_endless":false,"potions_floor_spawned":[1,8,18],"killed_by":"Gremlin Leader","ascension_level":9}}