{"host":"5f8ute538gzudddu","time":1612730324,"event":{"mods":["BaseMod","Highlight Path","Minty Spire (QoL Compilation)","Relic Stats","StSLib"],"gold_per_floor":[113,113,128,138,103,103,135,135,188,188,229,68,68,104,104,198,198,221,62,62,62,62,91,16,43,43,43,54,65,65,96,96,174,174,189,214,228,242,242,269,269,284,284,301,330,341,341,375,375,375,375,375,375,35,61,61,61],"floor_reached":56,"language":"ENG","playtime":3949,"items_purged":["Defend_P","Indignation","BowlingBash"],"score":2218,"play_id":"989a07be-aba0-4033-8218-f553fa0deef7","local_time":"20210207123844","is_ascension_mode":true,"campfire_choices":[{"floor":6.0,"key":"REST"},{"data":"BowlingBash","floor":8.0,"key":"SMITH"},{"floor":15.0,"key":"REST"},{"floor":27.0,"key":"REST"},{"data":"Omniscience","floor":32.0,"key":"SMITH"},{"data":"Ghostly","floor":41.0,"key":"SMITH"},{"floor":47.0,"key":"RECALL"},{"data":"TalkToTheHand","floor":49.0,"key":"SMITH"},{"data":"Omniscience","floor":53.0,"key":"SMITH"}],"circlet_count":0,"master_deck":["AscendersBane","Eruption+1","Vigilance+1","BowlingBash+1","Crescendo+1","EmptyMind","Wireheading+1","Adaptation+1","ThirdEye+1","DeusExMachina","CrushJoints+1","Swivel+1","Omniscience+1","Indignation+1","FearNoEvil+1","ThirdEye+1","Evaluate+1","Ghostly+1","Ghostly+1","Ghostly+1","Halt+1","LessonLearned+1","Wallop+1","Adaptation+1","Omniscience+1","Omniscience","ClearTheMind+1","TalkToTheHand+1","MentalFortress+1","DeceiveReality","Collect+1"],"relics":["Black Star","Vajra","Dream Catcher","Blood Vial","Bloody Idol","Frozen Egg 2","Mercury Hourglass","Turnip","PreservedInsect","Pandora\u0027s Box","Yang","Juzu Bracelet","TeardropLocket","Regal Pillow","Toy Ornithopter","Oddly Smooth Stone","Centennial Puzzle","SlaversCollar","CaptainsWheel","Prayer Wheel","Ornamental Fan","Eternal Feather","Sundial","Meat on the Bone","HornCleat","Kunai","FossilizedHelix","CloakClasp"],"acts_visited":["Exordium","TheCity","TheBeyond","TheEnding"],"potions_floor_usage":[56],"damage_taken":[{"damage":8.0,"enemies":"2 Louse","floor":1.0,"turns":3.0},{"damage":7.0,"enemies":"Small Slimes","floor":3.0,"turns":4.0},{"damage":14.0,"enemies":"Jaw Worm","floor":4.0,"turns":5.0},{"damage":0.0,"enemies":"Gremlin Nob","floor":7.0,"turns":2.0},{"damage":25.0,"enemies":"Lagavulin","floor":11.0,"turns":6.0},{"damage":15.0,"enemies":"3 Sentries","floor":14.0,"turns":3.0},{"damage":30.0,"enemies":"Slime Boss","floor":16.0,"turns":5.0},{"damage":14.0,"enemies":"Spheric Guardian","floor":18.0,"turns":3.0},{"damage":9.0,"enemies":"Gremlin Leader","floor":23.0,"turns":2.0},{"damage":12.0,"enemies":"Slavers","floor":25.0,"turns":4.0},{"damage":8.0,"enemies":"Chosen","floor":28.0,"turns":4.0},{"damage":22.0,"enemies":"Snecko","floor":29.0,"turns":3.0},{"damage":0.0,"enemies":"Book of Stabbing","floor":31.0,"turns":3.0},{"damage":24.0,"enemies":"Collector","floor":33.0,"turns":11.0},{"damage":1.0,"enemies":"Orb Walker","floor":35.0,"turns":4.0},{"damage":0.0,"enemies":"Mind Bloom Boss Battle","floor":36.0,"turns":4.0},{"damage":4.0,"enemies":"3 Shapes","floor":37.0,"turns":4.0},{"damage":0.0,"enemies":"Spire Growth","floor":38.0,"turns":3.0},{"damage":0.0,"enemies":"Reptomancer","floor":40.0,"turns":3.0},{"damage":3.0,"enemies":"Maw","floor":42.0,"turns":6.0},{"damage":2.0,"enemies":"4 Shapes","floor":44.0,"turns":6.0},{"damage":11.0,"enemies":"Giant Head","floor":45.0,"turns":4.0},{"damage":0.0,"enemies":"Jaw Worm Horde","floor":46.0,"turns":5.0},{"damage":5.0,"enemies":"Reptomancer","floor":48.0,"turns":3.0},{"damage":11.0,"enemies":"Time Eater","floor":50.0,"turns":13.0},{"damage":9.0,"enemies":"Awakened One","floor":51.0,"turns":10.0},{"damage":0.0,"enemies":"Shield and Spear","floor":55.0,"turns":8.0},{"damage":32,"enemies":"The Heart","floor":56,"turns":11}],"seed_played":"1765353567291439622","potions_obtained":[{"floor":1.0,"key":"LiquidMemories"},{"floor":11.0,"key":"AttackPotion"},{"floor":16.0,"key":"EssenceOfSteel"},{"floor":23.0,"key":"Fire Potion"},{"floor":28.0,"key":"Energy Potion"},{"floor":36.0,"key":"LiquidMemories"},{"floor":45.0,"key":"PowerPotion"},{"floor":48.0,"key":"Swift Potion"}],"is_trial":false,"path_per_floor":["M","?","M","M","?","R","E","R","T","?","E","$","?","E","R","B",null,"M","$","?","?","?","E","?","E","T","R","M","M","T","E","R","B",null,"M","?","M","M","?","E","R","M","T","M","E","M","R","E","R","B","B",null,"R","$","E","B"],"character_chosen":"WATCHER","items_purchased":["Adaptation+1","ThirdEye","MentalFortress+1","DuplicationPotion","DeceiveReality"],"campfire_rested":3,"item_purchase_floors":[12,19,54,54,54],"current_hp_per_floor":[53,33,26,12,29,49,49,49,49,49,26,26,26,13,31,3,47,35,35,35,35,31,27,27,22,22,31,28,13,13,25,25,12,26,31,31,31,31,29,29,29,29,29,29,28,29,29,29,29,23,16,26,29,29,29,0,0],"gold":61,"neow_bonus":"BOSS_RELIC","is_daily":false,"chose_seed":false,"campfire_upgraded":5,"win_rate":0.0,"timestamp":1612730324,"path_taken":["M","?","M","M","?","R","E","R","T","?","E","$","?","E","R","BOSS","M","$","?","?","?","E","?","E","T","R","M","M","?","E","R","BOSS","M","?","M","M","?","E","R","M","T","M","E","M","R","E","R","BOSS","BOSS","R","$","E","BOSS"],"items_purchased_type":["Card","Card","Card","Potion","Card"],"build_version":"2020-12-22","purchased_purges":3,"victory":false,"max_hp_per_floor":[68,68,68,68,68,68,68,68,68,62,62,62,62,62,62,62,62,62,62,62,62,31,31,31,31,31,31,31,31,31,31,31,31,31,31,31,31,31,29,29,29,29,29,29,29,29,29,29,29,29,29,29,29,29,29,29,29],"relic_stats":{"Regal Pillow":0,"counters":[28,142],"Yang":[228],"Eternal Feather":3,"PreservedInsect":463,"Juzu Bracelet":1,"CloakClasp":[37],"Mercury Hourglass":[474],"Blood Vial":21,"Dream Catcher":2,"Centennial Puzzle":[31],"Ornamental Fan":[112],"Sundial":[18],"Bloody Idol":53,"Pandora\u0027s Box":["Crescendo","ReachHeaven","Indignation","CrushJoints","Swivel","Omniscience","Indignation"],"Prayer Wheel":3,"Turnip":[22],"Black Star":10,"Kunai":[20],"obtain_stats":[{"Regal Pillow":25,"Vajra":7,"Yang":23,"Juzu Bracelet":23,"CloakClasp":55,"TeardropLocket":25,"Blood Vial":9,"Dream Catcher":7,"Centennial Puzzle":31,"HornCleat":48,"Sundial":45,"Prayer Wheel":40,"Kunai":48,"Golden Idol":10,"Oddly Smooth Stone":31,"Eternal Feather":43,"PreservedInsect":14,"Frozen Egg 2":11,"Mercury Hourglass":11,"SlaversCollar":34,"CaptainsWheel":36,"Ornamental Fan":40,"Bloody Idol":20,"Pandora\u0027s Box":17,"Turnip":14,"Black Star":0,"PureWater":0,"Toy Ornithopter":26,"FossilizedHelix":55,"Meat on the Bone":45},{"Regal Pillow":10,"Vajra":4,"Yang":9,"Juzu Bracelet":9,"CloakClasp":27,"TeardropLocket":10,"Blood Vial":4,"Dream Catcher":4,"Centennial Puzzle":13,"HornCleat":24,"Sundial":22,"Prayer Wheel":19,"Kunai":24,"Golden Idol":4,"Oddly Smooth Stone":13,"Eternal Feather":20,"PreservedInsect":6,"Frozen Egg 2":5,"Mercury Hourglass":5,"SlaversCollar":14,"CaptainsWheel":16,"Ornamental Fan":19,"Bloody Idol":8,"Pandora\u0027s Box":7,"Turnip":6,"Black Star":0,"PureWater":0,"Toy Ornithopter":10,"FossilizedHelix":27,"Meat on the Bone":22},{"Regal Pillow":37,"Vajra":14,"Yang":33,"Juzu Bracelet":33,"CloakClasp":131,"TeardropLocket":37,"Blood Vial":14,"Dream Catcher":14,"Centennial Puzzle":47,"HornCleat":100,"Sundial":92,"Prayer Wheel":76,"Kunai":100,"Golden Idol":14,"Oddly Smooth Stone":47,"Eternal Feather":82,"PreservedInsect":23,"Frozen Egg 2":20,"Mercury Hourglass":20,"SlaversCollar":58,"CaptainsWheel":66,"Ornamental Fan":76,"Bloody Idol":31,"Pandora\u0027s Box":28,"Turnip":23,"Black Star":0,"PureWater":0,"Toy Ornithopter":37,"FossilizedHelix":131,"Meat on the Bone":92}],"Toy Ornithopter":19,"Meat on the Bone":0},"card_choices":[{"not_picked":["Worship","Halt"],"picked":"BowlingBash","floor":1.0},{"not_picked":["JustLucky","Evaluate"],"picked":"BowlingBash","floor":3.0},{"not_picked":["JustLucky","CrushJoints"],"picked":"Crescendo","floor":4.0},{"not_picked":["Pray","Establishment"],"picked":"EmptyMind","floor":7.0},{"not_picked":["WheelKick","Nirvana+1"],"picked":"Wireheading+1","floor":11.0},{"not_picked":["Fasting2+1","Vengeance","Protect"],"picked":"SKIP","floor":14.0},{"not_picked":["CutThroughFate","PathToVictory"],"picked":"ThirdEye","floor":15.0},{"not_picked":["ConjureBlade","Establishment+1"],"picked":"DeusExMachina","floor":16.0},{"not_picked":["Conclude","FlyingSleeves"],"picked":"FearNoEvil","floor":18.0},{"not_picked":["Consecrate","DevaForm+1"],"picked":"Halt","floor":23.0},{"not_picked":["BattleHymn+1","Vengeance"],"picked":"LessonLearned","floor":25.0},{"not_picked":["Crescendo","ClearTheMind"],"picked":"Wallop+1","floor":27.0},{"not_picked":["WindmillStrike","FlyingSleeves"],"picked":"Adaptation+1","floor":28.0},{"not_picked":["FollowUp","Prostrate","JustLucky"],"picked":"SKIP","floor":29.0},{"not_picked":["ThirdEye","Vengeance"],"picked":"Omniscience","floor":31.0},{"not_picked":["Brilliance","LessonLearned"],"picked":"Omniscience","floor":33.0},{"not_picked":["FollowUp","DeceiveReality","FlurryOfBlows"],"picked":"SKIP","floor":35.0},{"not_picked":["Prostrate+1","Indignation","ThirdEye"],"picked":"SKIP","floor":37.0},{"not_picked":["Sanctity","FollowUp","Prostrate+1"],"picked":"SKIP","floor":38.0},{"not_picked":["Vengeance","ClearTheMind","Brilliance"],"picked":"SKIP","floor":40.0},{"not_picked":["Vengeance","Brilliance"],"picked":"ClearTheMind","floor":40.0},{"not_picked":["ThirdEye","EmptyFist+1","Evaluate"],"picked":"SKIP","floor":42.0},{"not_picked":["Crescendo","EmptyBody","ThirdEye"],"picked":"SKIP","floor":42.0},{"not_picked":["Perseverance","BowlingBash"],"picked":"TalkToTheHand","floor":44.0},{"not_picked":["ThirdEye","EmptyBody","WindmillStrike"],"picked":"SKIP","floor":44.0},{"not_picked":["FlurryOfBlows","ThirdEye","SignatureMove"],"picked":"SKIP","floor":45.0},{"not_picked":["MasterReality+1","Vengeance+1","EmptyBody"],"picked":"SKIP","floor":46.0},{"not_picked":["Evaluate+1","SandsOfTime","ClearTheMind"],"picked":"SKIP","floor":46.0},{"not_picked":["ForeignInfluence","Nirvana+1","BowlingBash"],"picked":"SKIP","floor":48.0},{"not_picked":["BattleHymn+1","Brilliance"],"picked":"Collect+1","floor":55.0}],"player_experience":943290,"relics_obtained":[{"floor":7.0,"key":"Vajra"},{"floor":7.0,"key":"Dream Catcher"},{"floor":9.0,"key":"Blood Vial"},{"floor":11.0,"key":"Frozen Egg 2"},{"floor":11.0,"key":"Mercury Hourglass"},{"floor":14.0,"key":"Turnip"},{"floor":14.0,"key":"PreservedInsect"},{"floor":23.0,"key":"Yang"},{"floor":23.0,"key":"Juzu Bracelet"},{"floor":25.0,"key":"TeardropLocket"},{"floor":25.0,"key":"Regal Pillow"},{"floor":26.0,"key":"Toy Ornithopter"},{"floor":31.0,"key":"Oddly Smooth Stone"},{"floor":31.0,"key":"Centennial Puzzle"},{"floor":36.0,"key":"CaptainsWheel"},{"floor":40.0,"key":"Prayer Wheel"},{"floor":40.0,"key":"Ornamental Fan"},{"floor":43.0,"key":"Eternal Feather"},{"floor":45.0,"key":"Sundial"},{"floor":45.0,"key":"Meat on the Bone"},{"floor":48.0,"key":"HornCleat"},{"floor":48.0,"key":"Kunai"},{"floor":55.0,"key":"FossilizedHelix"},{"floor":55.0,"key":"CloakClasp"}],"event_choices":[{"damage_healed":0.0,"max_hp_gain":0.0,"max_hp_loss":0.0,"gold_gain":0.0,"event_name":"Shining Light","player_choice":"Entered Light","floor":2.0,"gold_loss":0.0,"damage_taken":20.0,"cards_upgraded":["Eruption","Strike_P"]},{"damage_healed":17.0,"max_hp_gain":0.0,"max_hp_loss":0.0,"gold_gain":0.0,"event_name":"The Cleric","player_choice":"Healed","floor":5.0,"gold_loss":35.0,"damage_taken":0.0},{"damage_healed":0.0,"max_hp_gain":0.0,"max_hp_loss":6.0,"gold_gain":0.0,"event_name":"Golden Idol","player_choice":"Lose Max HP","floor":10.0,"gold_loss":0.0,"damage_taken":0.0,"relics_obtained":["Golden Idol"]},{"damage_healed":0.0,"max_hp_gain":0.0,"max_hp_loss":0.0,"gold_gain":0.0,"event_name":"Liars Game","player_choice":"Ignored","floor":13.0,"gold_loss":0.0,"damage_taken":0.0},{"damage_healed":0.0,"max_hp_gain":0.0,"max_hp_loss":0.0,"gold_gain":0.0,"event_name":"Forgotten Altar","player_choice":"Gave Idol","floor":20.0,"relics_lost":["Golden Idol"],"gold_loss":0.0,"damage_taken":0.0,"relics_obtained":["Bloody Idol"]},{"damage_healed":0.0,"max_hp_gain":0.0,"max_hp_loss":0.0,"gold_gain":0.0,"cards_transformed":["Crescendo","ReachHeaven"],"event_name":"Drug Dealer","player_choice":"Became Test Subject","floor":21.0,"gold_loss":0.0,"damage_taken":0.0,"cards_obtained":["Evaluate","ForeignInfluence"]},{"damage_healed":0.0,"max_hp_gain":0.0,"max_hp_loss":31.0,"gold_gain":0.0,"event_name":"Ghosts","player_choice":"Became a Ghost","floor":22.0,"gold_loss":0.0,"damage_taken":0.0,"cards_obtained":["Ghostly","Ghostly","Ghostly"]},{"cards_removed":["ForeignInfluence"],"damage_healed":0.0,"max_hp_gain":0.0,"max_hp_loss":0.0,"gold_gain":0.0,"event_name":"Beggar","player_choice":"Gave Gold","floor":24.0,"gold_loss":75.0,"damage_taken":0.0},{"damage_healed":0.0,"max_hp_gain":0.0,"max_hp_loss":0.0,"gold_gain":0.0,"event_name":"MindBloom","player_choice":"Fight","floor":36.0,"gold_loss":0.0,"damage_taken":0.0},{"damage_healed":0.0,"max_hp_gain":0.0,"max_hp_loss":2.0,"gold_gain":0.0,"event_name":"Winding Halls","player_choice":"Max HP","floor":39.0,"gold_loss":0.0,"damage_taken":0.0}],"is_beta":false,"boss_relics":[{"not_picked":["Busted Crown","Sozu"],"picked":"Pandora\u0027s Box"},{"not_picked":["Philosopher\u0027s Stone","Empty Cage"],"picked":"SlaversCollar"}],"items_purged_floors":[12,19,54],"is_endless":false,"potions_floor_spawned":[1,11,16,23,28,29,36,45,48],"killed_by":"The Heart","ascension_level":20}}