{"host":"kda2p2afd6bvz6qo","time":1612733803,"event":{"mods":["BaseMod","Colored Map","Minty Spire (QoL Compilation)","Relic Stats"],"gold_per_floor":[119,119,133,153,153,153,184,197,197,197,236,259,274,274,274],"floor_reached":14,"language":"ENG","playtime":502,"items_purged":[],"score":122,"play_id":"c9f6f190-98d4-4d21-9b7a-7cfb8531b024","local_time":"20210207213643","is_ascension_mode":true,"campfire_choices":[{"data":"Carnage","floor":6.0,"key":"SMITH"},{"floor":10.0,"key":"REST"}],"circlet_count":0,"master_deck":["Strike_R","Strike_R","Strike_R","Strike_R","Strike_R","Defend_R","Defend_R","Defend_R","Defend_R","Bash","Carnage+1","Battle Trance","Wild Strike","Second Wind","Exhume","Clothesline"],"relics":["Black Star","Golden Idol","The Courier","Tiny Chest","Shuriken","Bottled Flame","Frozen Egg 2","Oddly Smooth Stone"],"acts_visited":["Exordium"],"potions_floor_usage":[14,14],"damage_taken":[{"damage":4.0,"enemies":"Small Slimes","floor":1.0,"turns":4.0},{"damage":7.0,"enemies":"Jaw Worm","floor":3.0,"turns":3.0},{"damage":0.0,"enemies":"2 Louse","floor":4.0,"turns":2.0},{"damage":20.0,"enemies":"3 Sentries","floor":7.0,"turns":7.0},{"damage":2.0,"enemies":"Exordium Wildlife","floor":8.0,"turns":2.0},{"damage":21.0,"enemies":"Gremlin Nob","floor":11.0,"turns":4.0},{"damage":11.0,"enemies":"Looter","floor":12.0,"turns":2.0},{"damage":1.0,"enemies":"3 Louse","floor":13.0,"turns":3.0},{"damage":8,"enemies":"Lagavulin","floor":14,"turns":2}],"seed_played":"-1903233373249971018","potions_obtained":[{"floor":1.0,"key":"SpeedPotion"},{"floor":3.0,"key":"SteroidPotion"},{"floor":7.0,"key":"ColorlessPotion"},{"floor":11.0,"key":"PowerPotion"}],"is_trial":false,"path_per_floor":["M","?","M","M","?","R","E","M","T","R","E","M","M","E"],"character_chosen":"IRONCLAD","items_purchased":[],"campfire_rested":1,"item_purchase_floors":[],"current_hp_per_floor":[76,56,49,49,37,37,17,15,15,39,18,7,6,0,0],"gold":274,"neow_bonus":"BOSS_RELIC","is_daily":false,"chose_seed":false,"campfire_upgraded":1,"win_rate":0.0,"timestamp":1612733803,"path_taken":["M","?","M","M","?","R","E","M","T","R","E","M","M","E"],"items_purchased_type":[],"build_version":"2020-12-22","purchased_purges":0,"victory":false,"max_hp_per_floor":[80,80,80,80,80,80,80,80,80,80,80,80,80,80,80],"relic_stats":{"counters":[9,29],"Golden Idol":32,"Shuriken":[0],"Tiny Chest":0,"Black Star":2,"obtain_stats":[{"Bottled Flame":9,"Golden Idol":2,"Shuriken":7,"Oddly Smooth Stone":11,"Tiny Chest":7,"The Courier":5,"Black Star":0,"Frozen Egg 2":11,"Burning Blood":0},{"Bottled Flame":5,"Golden Idol":1,"Shuriken":4,"Oddly Smooth Stone":6,"Tiny Chest":4,"The Courier":3,"Black Star":0,"Frozen Egg 2":6,"Burning Blood":0},{"Bottled Flame":18,"Golden Idol":4,"Shuriken":16,"Oddly Smooth Stone":22,"Tiny Chest":16,"The Courier":9,"Black Star":0,"Frozen Egg 2":22,"Burning Blood":0}]},"card_choices":[{"not_picked":["Rupture","Anger"],"picked":"Carnage","floor":1.0},{"not_picked":["Carnage","Warcry"],"picked":"Battle Trance","floor":3.0},{"not_picked":["Bloodletting","Wild Strike","Dark Embrace"],"picked":"SKIP","floor":4.0},{"not_picked":["Bloodletting","Dark Embrace"],"picked":"Wild Strike","floor":4.0},{"not_picked":["Thunderclap","Flex"],"picked":"Second Wind","floor":7.0},{"not_picked":["Entrench","Havoc","Sever Soul"],"picked":"SKIP","floor":8.0},{"not_picked":["Entrench","Iron Wave"],"picked":"Exhume","floor":11.0},{"not_picked":["Havoc","Pommel Strike"],"picked":"Clothesline","floor":12.0},{"not_picked":["Iron Wave","Anger","Hemokinesis"],"picked":"SKIP","floor":13.0}],"player_experience":224723,"relics_obtained":[{"floor":7.0,"key":"Tiny Chest"},{"floor":7.0,"key":"Shuriken"},{"floor":9.0,"key":"Bottled Flame"},{"floor":11.0,"key":"Frozen Egg 2"},{"floor":11.0,"key":"Oddly Smooth Stone"}],"event_choices":[{"damage_healed":0.0,"max_hp_gain":0.0,"max_hp_loss":0.0,"gold_gain":0.0,"event_name":"Golden Idol","player_choice":"Take Damage","floor":2.0,"gold_loss":0.0,"damage_taken":20.0,"relics_obtained":["Golden Idol"]},{"damage_healed":0.0,"max_hp_gain":0.0,"max_hp_loss":0.0,"gold_gain":0.0,"event_name":"Scrap Ooze","player_choice":"Success","floor":5.0,"gold_loss":0.0,"damage_taken":12.0,"relics_obtained":["The Courier"]}],"is_beta":false,"boss_relics":[],"items_purged_floors":[],"is_endless":false,"potions_floor_spawned":[1,3,7,11],"killed_by":"Lagavulin","ascension_level":4}}