{"host":"zmnaju399zpax9sm","time":1612722009,"event":{"mods":["BaseMod","Hermit","Minty Spire (QoL Compilation)","StSLib","The Cursed","The Poker Player","The Runesmith"],"gold_per_floor":[112,126,58,70,70,70,82,106,177,187,221,241,254,98,98,203,203,218,228,228,228,228,255,29,39,64,75,101,201,72,72,72],"floor_reached":31,"language":"KOR","playtime":2276,"items_purged":["Runesmith:Discharge","Runesmith:DuctTape"],"score":302,"play_id":"f48f9b1f-1b36-4679-a5d7-225ee0a20688","local_time":"20210208032009","is_ascension_mode":false,"campfire_choices":[{"data":"Runesmith:Repurpose","floor":6.0,"key":"SMITH"},{"floor":15,"key":"REST"}],"circlet_count":0,"master_deck":["Runesmith:CraftFirestone","Runesmith:Fortify","Runesmith:Repurpose+1","Runesmith:ChaoticBlast","Runesmith:LithiumIon","Runesmith:ElementalConversion","Runesmith:CraftMagma","Runesmith:CraftIncendium","Runesmith:PerfectChisel","Runesmith:CraftVitae","Runesmith:ReplicatingBarrier","Runesmith:ChiselStab","Runesmith:PerfectChisel","Runesmith:ArcReactor","Runesmith:PerfectChisel","Runesmith:HeatedChisel","Runesmith:RunicBlueprint","Runesmith:FrozenChisel","Runesmith:Permafrost","Runesmith:ReplicatingBarrier","Runesmith:UnlimitedPower"],"relics":["Runesmith:BrokenRuby","NeowsBlessing","Eternal Feather","Odd Mushroom","Mercury Hourglass","Orichalcum","ClockworkSouvenir","Pandora\u0027s Box","Prayer Wheel","Membership Card","Bag of Marbles","Happy Flower","OrangePellets"],"acts_visited":["Exordium","TheCity"],"potions_floor_usage":[27,28],"damage_taken":[{"damage":0.0,"enemies":"Cultist","floor":1.0,"turns":1.0},{"damage":0.0,"enemies":"Jaw Worm","floor":2.0,"turns":1.0},{"damage":1.0,"enemies":"2 Louse","floor":4.0,"turns":2.0},{"damage":10.0,"enemies":"Exordium Thugs","floor":7.0,"turns":4.0},{"damage":12.0,"enemies":"The Mushroom Lair","floor":8.0,"turns":3.0},{"damage":0.0,"enemies":"Lots of Slimes","floor":10.0,"turns":1.0},{"damage":34,"enemies":"Gremlin Nob","floor":11,"turns":5},{"damage":4,"enemies":"Looter","floor":12,"turns":2},{"damage":4,"enemies":"Exordium Thugs","floor":13,"turns":4},{"damage":6,"enemies":"Hexaghost","floor":16,"turns":9},{"damage":4,"enemies":"Chosen","floor":18,"turns":4},{"damage":5,"enemies":"Shell Parasite","floor":19,"turns":5},{"damage":26,"enemies":"Book of Stabbing","floor":23,"turns":4},{"damage":18,"enemies":"Shelled Parasite and Fungi","floor":25,"turns":5},{"damage":18,"enemies":"Sentry and Sphere","floor":27,"turns":4},{"damage":0,"enemies":"Gremlin Leader","floor":28,"turns":4},{"damage":13,"enemies":"Snake Plant","floor":31,"turns":1}],"seed_played":"-61950282428493599","potions_obtained":[{"floor":4.0,"key":"Fire Potion"},{"floor":10.0,"key":"SpeedPotion"},{"floor":13,"key":"BlessingOfTheForge"},{"floor":16,"key":"Regen Potion"},{"floor":25,"key":"ColorlessPotion"}],"is_trial":false,"path_per_floor":["M","M","$","M","T","R","M","?","T","M","E","M","M","$","R","B",null,"M","M","?","?","?","E","$","M","T","M","E","?","$","M"],"character_chosen":"RUNESMITH_CLASS","items_purchased":["Runesmith:LithiumIon","ClockworkSouvenir","Membership Card","Runesmith:Permafrost","OrangePellets"],"campfire_rested":1,"item_purchase_floors":[3,14,24,24,30],"current_hp_per_floor":[70,70,70,69,69,70,60,48,48,48,14,10,6,6,36,30,70,66,61,61,61,61,35,35,17,17,11,11,11,11,0,0],"gold":72,"neow_bonus":"THREE_ENEMY_KILL","is_daily":false,"chose_seed":false,"campfire_upgraded":1,"win_rate":0.0,"timestamp":1612722009,"path_taken":["M","M","?","M","?","R","M","?","T","M","E","?","?","$","R","BOSS","M","M","?","?","?","E","$","?","T","?","E","?","$","M"],"items_purchased_type":["Card","Relic","Relic","Card","Relic"],"build_version":"2020-12-22","purchased_purges":2,"victory":false,"max_hp_per_floor":[70,70,70,70,70,70,70,70,70,70,70,70,70,70,70,70,70,70,70,70,70,70,70,70,70,70,70,70,70,70,70,70],"card_choices":[{"not_picked":["Runesmith:CraftMagma","Runesmith:WhiteBalance"],"picked":"Runesmith:Repurpose","floor":1.0},{"not_picked":["Runesmith:HeatExchange","Runesmith:PerfectChisel"],"picked":"Runesmith:ChaoticBlast","floor":2.0},{"not_picked":["Runesmith:HeatExchange","Runesmith:Prism"],"picked":"Runesmith:ElementalConversion","floor":4.0},{"not_picked":["Runesmith:Superposition","Runesmith:Grindstone"],"picked":"Runesmith:CraftMagma","floor":7.0},{"not_picked":["Runesmith:EnergizedChisel","Runesmith:LithiumIon"],"picked":"Runesmith:CraftIncendium","floor":8.0},{"not_picked":["Runesmith:Overpower","Runesmith:Superposition","Runesmith:Repurpose"],"picked":"SKIP","floor":10.0},{"not_picked":["Runesmith:LastStand","Runesmith:Reinforce","Runesmith:Superposition"],"picked":"SKIP","floor":11},{"not_picked":["Runesmith:EnergizedChisel","Runesmith:Prism"],"picked":"Runesmith:PerfectChisel","floor":12},{"not_picked":["Runesmith:Empowerment","Runesmith:UnstableHammer"],"picked":"Runesmith:CraftVitae","floor":13},{"not_picked":["Runesmith:LightningRod","Runesmith:FissionHammer"],"picked":"Runesmith:ReplicatingBarrier","floor":16},{"not_picked":["Runesmith:HeatedChisel","Runesmith:CraftVitae","Runesmith:Repurpose+1"],"picked":"SKIP","floor":18},{"not_picked":["Runesmith:Accelerate+1","Runesmith:EarthShield","Runesmith:ChiselStab"],"picked":"SKIP","floor":19},{"not_picked":["Runesmith:EarthShield","Runesmith:CraftProtectio"],"picked":"Runesmith:FrozenChisel","floor":23},{"not_picked":["Runesmith:StaticCage+1","Runesmith:EnergizedChisel"],"picked":"Runesmith:ReplicatingBarrier","floor":25},{"not_picked":["Runesmith:CraftSpiculum","Runesmith:PerfectChisel+1","Runesmith:CraftMagma+1"],"picked":"SKIP","floor":25},{"not_picked":["Runesmith:ShiftingStrike","Runesmith:MakeshiftArmor","Runesmith:HeatExchange"],"picked":"SKIP","floor":27},{"not_picked":["Runesmith:ChaoticBlast","Runesmith:EnergizedChisel","Runesmith:Augment"],"picked":"SKIP","floor":27},{"not_picked":["Runesmith:HeatedChisel","Runesmith:StaticCage"],"picked":"Runesmith:UnlimitedPower","floor":28}],"player_experience":484714,"relics_obtained":[{"floor":5.0,"key":"Eternal Feather"},{"floor":8.0,"key":"Odd Mushroom"},{"floor":9.0,"key":"Mercury Hourglass"},{"floor":11,"key":"Orichalcum"},{"floor":23,"key":"Prayer Wheel"},{"floor":26,"key":"Bag of Marbles"},{"floor":28,"key":"Happy Flower"}],"event_choices":[{"damage_healed":0.0,"max_hp_gain":0.0,"max_hp_loss":0.0,"gold_gain":0.0,"event_name":"Mushrooms","player_choice":"Fought Mushrooms","floor":8.0,"gold_loss":0.0,"damage_taken":0.0},{"damage_healed":0,"gold_gain":0,"player_choice":"Read","damage_taken":0,"max_hp_gain":0,"max_hp_loss":0,"event_name":"The Library","floor":20,"gold_loss":0,"cards_obtained":["Runesmith:DuctTape"]},{"damage_healed":0,"gold_gain":0,"cards_transformed":["Runesmith:Retool","Runesmith:Repurpose"],"player_choice":"Became Test Subject","damage_taken":0,"max_hp_gain":0,"max_hp_loss":0,"event_name":"Drug Dealer","floor":21,"gold_loss":0,"cards_obtained":["Runesmith:Discharge","Runesmith:Superposition"]},{"cards_removed":["Runesmith:Superposition"],"damage_healed":0,"gold_gain":0,"player_choice":"Elegance","damage_taken":0,"max_hp_gain":0,"max_hp_loss":0,"event_name":"Back to Basics","floor":22,"gold_loss":0},{"damage_healed":0,"gold_gain":100,"player_choice":"Pray","damage_taken":0,"max_hp_gain":0,"max_hp_loss":0,"event_name":"Golden Shrine","floor":29,"gold_loss":0}],"is_beta":false,"boss_relics":[{"not_picked":["Coffee Dripper","Runic Pyramid"],"picked":"Pandora\u0027s Box"}],"items_purged_floors":[24,30],"is_endless":false,"potions_floor_spawned":[4,10,13,16,18,25,27],"killed_by":"Snake Plant","ascension_level":0}}