{"host":"hszimsrtxxc2k25w","time":1612727770,"event":{"mods":["AchievementEnabler","BaseMod","Colored Map","DeckTracker","Minty Spire (QoL Compilation)","Rare Cards Sparkle","SuperFastMode"],"gold_per_floor":[116,128,175,187,187,187,202,202,202,236,252,263,188,188,188,259,259,273,173,183,98,110,110,138,138,164,164,184,195,221,231,231,304,304,324,349,402,277,127,127,127],"floor_reached":40,"language":"KOR","playtime":1082,"items_purged":["Strike_G","Defend_G","Strike_G","Strike_G"],"score":852,"play_id":"ea4797e6-4755-4d8c-a787-15c95b452958","local_time":"20210208045610","is_ascension_mode":true,"campfire_choices":[{"data":"Blade Dance","floor":6.0,"key":"SMITH"},{"data":"Accuracy","floor":8.0,"key":"SMITH"},{"data":"Bouncing Flask","floor":15.0,"key":"SMITH"},{"data":"Storm of Steel","floor":23.0,"key":"SMITH"},{"data":"After Image","floor":25.0,"key":"SMITH"},{"data":"Neutralize","floor":27.0,"key":"SMITH"},{"data":"Infinite Blades","floor":32.0,"key":"SMITH"}],"circlet_count":0,"master_deck":["AscendersBane","Strike_G","Defend_G","Defend_G","Defend_G","Defend_G","Survivor","Neutralize+1","Blade Dance+1","Accuracy+1","Poisoned Stab","Noxious Fumes","Bouncing Flask+1","Storm of Steel+1","After Image+1","Blur","Infinite Blades+1","A Thousand Cuts","Dodge and Roll+1"],"relics":["Ring of the Snake","NeowsBlessing","Regal Pillow","Mummified Hand","Meat on the Bone","Akabeko","WristBlade","Question Card","Ancient Tea Set","Bag of Preparation","Art of War","Busted Crown","Du-Vu Doll","StoneCalendar"],"acts_visited":["Exordium","TheCity","TheBeyond"],"potions_floor_usage":[40,40],"damage_taken":[{"damage":0.0,"enemies":"Cultist","floor":1.0,"turns":1.0},{"damage":0.0,"enemies":"Small Slimes","floor":2.0,"turns":1.0},{"damage":0.0,"enemies":"Jaw Worm","floor":4.0,"turns":1.0},{"damage":8.0,"enemies":"Exordium Thugs","floor":7.0,"turns":3.0},{"damage":16.0,"enemies":"3 Sentries","floor":10.0,"turns":7.0},{"damage":8.0,"enemies":"Looter","floor":11.0,"turns":3.0},{"damage":0.0,"enemies":"3 Louse","floor":12.0,"turns":2.0},{"damage":20.0,"enemies":"The Guardian","floor":16.0,"turns":7.0},{"damage":11.0,"enemies":"2 Thieves","floor":18.0,"turns":3.0},{"damage":0.0,"enemies":"Chosen","floor":20.0,"turns":2.0},{"damage":1.0,"enemies":"Sentry and Sphere","floor":22.0,"turns":3.0},{"damage":15.0,"enemies":"Gremlin Leader","floor":24.0,"turns":4.0},{"damage":9.0,"enemies":"Cultist and Chosen","floor":28.0,"turns":5.0},{"damage":11.0,"enemies":"Snecko","floor":29.0,"turns":4.0},{"damage":1.0,"enemies":"Book of Stabbing","floor":30.0,"turns":3.0},{"damage":1.0,"enemies":"Centurion and Healer","floor":31.0,"turns":3.0},{"damage":26.0,"enemies":"Automaton","floor":33.0,"turns":7.0},{"damage":10.0,"enemies":"3 Darklings","floor":35.0,"turns":4.0},{"damage":9.0,"enemies":"Mind Bloom Boss Battle","floor":36.0,"turns":6.0},{"damage":34.0,"enemies":"2 Orb Walkers","floor":37.0,"turns":4.0},{"damage":18,"enemies":"Reptomancer","floor":40,"turns":4}],"seed_played":"-2650959886084415673","potions_obtained":[{"floor":2.0,"key":"EssenceOfSteel"},{"floor":7.0,"key":"PowerPotion"},{"floor":10.0,"key":"SkillPotion"},{"floor":36.0,"key":"Explosive Potion"}],"is_trial":false,"path_per_floor":["M","M","T","M","?","R","M","R","T","E","M","M","$","?","R","B",null,"M","$","M","?","M","R","E","R","T","R","M","M","E","M","R","B",null,"M","?","?","$","$","E"],"character_chosen":"THE_SILENT","items_purchased":[],"campfire_rested":0,"item_purchase_floors":[],"current_hp_per_floor":[59,59,59,59,59,59,51,51,51,35,39,39,39,39,39,31,57,46,46,46,46,45,45,42,42,42,42,45,34,45,44,44,30,57,47,38,16,16,16,0,0],"gold":127,"neow_bonus":"THREE_ENEMY_KILL","is_daily":false,"chose_seed":false,"campfire_upgraded":7,"win_rate":0.0,"timestamp":1612727770,"path_taken":["M","M","?","M","?","R","?","R","T","E","M","M","$","?","R","BOSS","M","$","M","?","M","R","E","R","T","R","M","M","E","M","R","BOSS","M","?","?","?","$","E"],"items_purchased_type":[],"build_version":"2020-12-22","purchased_purges":4,"victory":false,"max_hp_per_floor":[66,66,66,66,66,66,66,66,66,66,66,66,66,66,66,66,66,66,66,66,66,66,66,66,66,66,66,66,66,66,66,66,66,66,66,66,66,66,66,66,66],"card_choices":[{"not_picked":["Dodge and Roll","Escape Plan"],"picked":"Blade Dance","floor":1.0},{"not_picked":["Blade Dance","PiercingWail"],"picked":"Accuracy","floor":2.0},{"not_picked":["Quick Slash","Tactician"],"picked":"Poisoned Stab","floor":4.0},{"not_picked":["Bane","Deadly Poison"],"picked":"Noxious Fumes","floor":7.0},{"not_picked":["Caltrops","Outmaneuver","Calculated Gamble"],"picked":"SKIP","floor":10.0},{"not_picked":["Riddle With Holes","Slice","Prepared"],"picked":"SKIP","floor":11.0},{"not_picked":["Slice","Outmaneuver","Dagger Throw"],"picked":"SKIP","floor":12.0},{"not_picked":["Adrenaline","Malaise"],"picked":"Storm of Steel","floor":16.0},{"not_picked":["Choke","Sucker Punch","Flechettes"],"picked":"SKIP","floor":18.0},{"not_picked":["Deadly Poison","Catalyst","Bane"],"picked":"SKIP","floor":20.0},{"not_picked":["Blade Dance","Caltrops","Underhanded Strike","Bane"],"picked":"SKIP","floor":22.0},{"not_picked":["Riddle With Holes+1","Backstab","Sucker Punch"],"picked":"After Image","floor":24.0},{"not_picked":["Acrobatics","Prepared","Leg Sweep"],"picked":"Blur","floor":28.0},{"not_picked":["Dodge and Roll","Dagger Spray+1","Deflect"],"picked":"Infinite Blades","floor":29.0},{"not_picked":["Slice","Crippling Poison","PiercingWail","Dagger Throw"],"picked":"SKIP","floor":30.0},{"not_picked":["Acrobatics","Blur","Masterful Stab","Quick Slash"],"picked":"SKIP","floor":31.0},{"not_picked":["Malaise","Storm of Steel","Unload"],"picked":"A Thousand Cuts","floor":33.0},{"not_picked":["PiercingWail","Bane"],"picked":"SKIP","floor":35.0},{"not_picked":["Escape Plan+1"],"picked":"Dodge and Roll+1","floor":37.0}],"player_experience":672276,"relics_obtained":[{"floor":3.0,"key":"Regal Pillow"},{"floor":9.0,"key":"Meat on the Bone"},{"floor":10.0,"key":"Akabeko"},{"floor":24.0,"key":"Ancient Tea Set"},{"floor":26.0,"key":"Bag of Preparation"},{"floor":30.0,"key":"Art of War"},{"floor":36.0,"key":"Du-Vu Doll"},{"floor":37.0,"key":"StoneCalendar"}],"event_choices":[{"damage_healed":0.0,"max_hp_gain":0.0,"max_hp_loss":0.0,"gold_gain":0.0,"event_name":"WeMeetAgain","player_choice":"Gave Potion","floor":5.0,"gold_loss":0.0,"damage_taken":0.0,"relics_obtained":["Mummified Hand"]},{"damage_healed":0.0,"max_hp_gain":0.0,"max_hp_loss":0.0,"gold_gain":0.0,"cards_transformed":["Strike_G"],"event_name":"Transmorgrifier","player_choice":"Transformed","floor":14.0,"gold_loss":0.0,"damage_taken":0.0,"cards_obtained":["Bouncing Flask"]},{"damage_healed":0.0,"max_hp_gain":0.0,"max_hp_loss":0.0,"gold_gain":0.0,"event_name":"Addict","player_choice":"Obtained Relic","floor":21.0,"gold_loss":85.0,"damage_taken":0.0,"relics_obtained":["Question Card"]},{"damage_healed":0.0,"max_hp_gain":0.0,"max_hp_loss":0.0,"gold_gain":0.0,"event_name":"MindBloom","player_choice":"Fight","floor":36.0,"gold_loss":0.0,"damage_taken":0.0},{"damage_healed":0.0,"max_hp_gain":0.0,"max_hp_loss":0.0,"gold_gain":0.0,"event_name":"Mysterious Sphere","player_choice":"Fight","floor":37.0,"gold_loss":0.0,"damage_taken":0.0}],"is_beta":false,"boss_relics":[{"not_picked":["Tiny House","Astrolabe"],"picked":"WristBlade"},{"not_picked":["Pandora\u0027s Box","Cursed Key"],"picked":"Busted Crown"}],"items_purged_floors":[13,19,38,39],"is_endless":false,"potions_floor_spawned":[2,7,10,20,24,30,31,36,37],"killed_by":"Reptomancer","ascension_level":20}}