{"host":"mi5q6ofoqrk3twea","time":1612739117,"event":{"mods":["AchievementEnabler","BaseMod","Colored Powertips","Googly Eyes","Minty Spire (QoL Compilation)","StSLib","The IronCluck","Unceasing Turn Reminder","slay the spire mod where everything is the same but ironclad has a cowboy hat"],"gold_per_floor":[117,66,66,16,37,73,73,89,89,114,114,189,222,222,222,222,222],"floor_reached":16,"language":"ENG","playtime":1004,"items_purged":[],"score":119,"play_id":"d9dfd37b-34f6-48b6-a61e-8bf5fa104a90","local_time":"20210208000517","is_ascension_mode":true,"campfire_choices":[{"data":"Feed","floor":7,"key":"SMITH"},{"floor":15,"key":"REST"}],"circlet_count":0,"master_deck":["Strike_R","Strike_R","Strike_R","Strike_R","Strike_R","Defend_R","Defend_R","Defend_R","Defend_R","Bash","Perfected Strike","Armaments","Feed+1","Dual Wield","Rampage","Evolve"],"relics":["Burning Blood","Du-Vu Doll","Golden Idol","InkBottle","Torii"],"acts_visited":["Exordium"],"potions_floor_usage":[13],"damage_taken":[{"damage":8,"enemies":"2 Louse","floor":1,"turns":4},{"damage":7,"enemies":"Jaw Worm","floor":5,"turns":3},{"damage":27,"enemies":"Gremlin Nob","floor":6,"turns":4},{"damage":0,"enemies":"Small Slimes","floor":8,"turns":3},{"damage":10,"enemies":"2 Fungi Beasts","floor":10,"turns":3},{"damage":40,"enemies":"Lagavulin","floor":13,"turns":6},{"damage":46,"enemies":"The Guardian","floor":16,"turns":5}],"seed_played":"-6486086350518395142","potions_obtained":[{"floor":1,"key":"LiquidMemories"},{"floor":5,"key":"ElixirPotion"},{"floor":13,"key":"BlessingOfTheForge"}],"is_trial":false,"path_per_floor":["M","$","?","?","M","E","R","M","T","M","?","?","E","?","R","B"],"character_chosen":"IRONCLAD","items_purchased":["Armaments"],"campfire_rested":1,"item_purchase_floors":[2],"current_hp_per_floor":[78,78,78,78,77,56,56,66,66,66,59,48,14,19,46,0,0],"gold":222,"neow_bonus":"ONE_RARE_RELIC","is_daily":false,"chose_seed":false,"campfire_upgraded":1,"win_rate":0.0,"timestamp":1612739117,"path_taken":["M","$","?","?","M","E","R","M","T","M","?","?","E","?","R","BOSS"],"items_purchased_type":["Card"],"build_version":"2020-12-22","purchased_purges":0,"victory":false,"max_hp_per_floor":[80,80,80,80,80,80,80,84,84,88,88,88,88,93,93,93,93],"card_choices":[{"not_picked":["Havoc","Shrug It Off"],"picked":"Perfected Strike","floor":1},{"not_picked":["Flex","Burning Pact","Headbutt"],"picked":"SKIP","floor":5},{"not_picked":["Warcry","Pummel"],"picked":"Feed","floor":6},{"not_picked":["Reckless Charge","Uppercut"],"picked":"Dual Wield","floor":8},{"not_picked":["Infernal Blade","Iron Wave"],"picked":"Rampage","floor":10},{"not_picked":["Body Slam","Heavy Blade"],"picked":"Evolve","floor":13}],"player_experience":206320,"relics_obtained":[{"floor":6,"key":"InkBottle"},{"floor":13,"key":"Torii"}],"event_choices":[{"damage_healed":0,"gold_gain":0,"player_choice":"Take Wound","damage_taken":0,"relics_obtained":["Golden Idol"],"max_hp_gain":0,"max_hp_loss":0,"event_name":"Golden Idol","floor":3,"gold_loss":0,"cards_obtained":["Injury"]},{"cards_removed":["Doubt"],"damage_healed":0,"gold_gain":0,"player_choice":"Card Removal","damage_taken":0,"max_hp_gain":0,"max_hp_loss":0,"event_name":"The Cleric","floor":4,"gold_loss":50},{"cards_removed":["Injury"],"damage_healed":0,"gold_gain":0,"player_choice":"Card Removal","damage_taken":7,"max_hp_gain":0,"max_hp_loss":0,"event_name":"Golden Wing","floor":11,"gold_loss":0},{"damage_healed":0,"gold_gain":75,"player_choice":"Gather Gold","damage_taken":11,"max_hp_gain":0,"max_hp_loss":0,"event_name":"World of Goop","floor":12,"gold_loss":0},{"damage_healed":0,"gold_gain":0,"player_choice":"Donut","damage_taken":0,"max_hp_gain":5,"max_hp_loss":0,"event_name":"Big Fish","floor":14,"gold_loss":0}],"is_beta":false,"boss_relics":[],"items_purged_floors":[],"is_endless":false,"potions_floor_spawned":[1,5,13],"killed_by":"The Guardian","ascension_level":2}}