{"host":"xw709scqdmsx7obr","time":1612664734,"event":{"mods":["BaseMod","Colored Map","Downfall","Minty Spire (QoL Compilation)","Replay The Spire","StSLib"],"gold_per_floor":[99,118,130,141,159,176,176,176,202,102,126,37,37,51,36,53,69,167,167,167,185,199,27,27,27,27],"floor_reached":24,"language":"ENG","playtime":2691,"items_purged":["Slimebound:Defend_Slimebound"],"score":190,"play_id":"b4776970-d2dc-4d70-a106-d21591e143b1","local_time":"20210206212534","is_ascension_mode":false,"campfire_choices":[{"floor":1,"key":"RECALL"},{"data":"Slimebound:FlameTackle","floor":10,"key":"SMITH"},{"floor":13,"key":"REST"},{"data":"Slimebound:Gluttony","floor":20,"key":"SMITH"}],"circlet_count":0,"master_deck":["Slimebound:Strike_Slimebound","Slimebound:Strike_Slimebound","Slimebound:Strike_Slimebound","Slimebound:Tackle","Slimebound:Defend_Slimebound","Slimebound:Defend_Slimebound","Slimebound:Defend_Slimebound","Slimebound:Split","Slimebound:CorrosiveSpit","Slimebound:SlimeTap","Slimebound:RollThrough","Slimebound:BestDefense","Slimebound:FinishingTackle","Slimebound:FlameTackle+1","Slimebound:LivingWall","Slimebound:GoopSpray","Slimebound:SamplingLick","Slimebound:ItLooksTasty","Slimebound:TongueLash","Slimebound:Gluttony+1","Slimebound:PrepareCrush","Slimebound:DouseInSlime","CurseOfTheBell","Slimebound:HauntingLick","Slimebound:Dissolve"],"relics":["Slimebound:AbsorbEndCombat","Vajra","downfall:HeartBlessingRed","Odd Mushroom","Calling Bell","Gremlin Food","ReplayTheSpireMod:Ninjato","Lizard Tail"],"acts_visited":["Exordium","TheCity"],"potions_floor_usage":[14,24],"damage_taken":[{"damage":3,"enemies":"Small Slimes","floor":2,"turns":3},{"damage":9,"enemies":"2 Louse","floor":3,"turns":2},{"damage":10,"enemies":"Cultist","floor":4,"turns":4},{"damage":3,"enemies":"3 Louse","floor":5,"turns":2},{"damage":15,"enemies":"Exordium Wildlife","floor":6,"turns":3},{"damage":13,"enemies":"The Mushroom Lair","floor":11,"turns":2},{"damage":10,"enemies":"downfall:FleeingMerchant","floor":12,"turns":4},{"damage":2,"enemies":"Blue Slaver","floor":14,"turns":3},{"damage":9,"enemies":"downfall:FleeingMerchant","floor":15,"turns":4},{"damage":5,"enemies":"Gremlin Gang","floor":16,"turns":3},{"damage":6,"enemies":"2 Fungi Beasts","floor":17,"turns":3},{"damage":22,"enemies":"SI_SHIV_ARCHETYPE","floor":18,"turns":6},{"damage":25,"enemies":"Shell Parasite","floor":21,"turns":6},{"damage":93,"enemies":"3 Cultists","floor":22,"turns":7},{"damage":3,"enemies":"downfall:FleeingMerchant","floor":23,"turns":4},{"damage":25,"enemies":"Shelled Parasite and Fungi","floor":24,"turns":4}],"seed_played":"-639399447280856698","potions_obtained":[{"floor":2,"key":"Elixir"},{"floor":3,"key":"Elixir"},{"floor":4,"key":"Elixir"},{"floor":6,"key":"SkillPotion"},{"floor":14,"key":"SteroidPotion"},{"floor":18,"key":"Slimebound:SlimyTonguePotion"}],"is_trial":false,"path_per_floor":["R","M","M","M","M","M","PTL","PTL","T","R","?","$","R","M","$","M","M","B",null,"R","M","M","$","M"],"character_chosen":"SLIMEBOUND","items_purchased":["Slimebound:SamplingLick","Slimebound:ItLooksTasty","Slimebound:Dissolve"],"campfire_rested":1,"item_purchase_floors":[12,12,23],"current_hp_per_floor":[71,71,66,58,57,44,44,44,44,44,31,21,42,46,39,42,40,26,71,71,50,9,14,0,0,0],"gold":27,"neow_bonus":"TEN_PERCENT_HP_BONUS","is_daily":false,"chose_seed":false,"campfire_upgraded":2,"win_rate":0.0,"timestamp":1612664734,"path_taken":["R","M","M","M","M","M","PTL","PTL","T","R","?","$","R","M","$","M","M","BOSS","R","M","M","$","M"],"items_purchased_type":["Card","Card","Card"],"build_version":"2020-12-22","purchased_purges":1,"victory":false,"max_hp_per_floor":[71,71,71,71,71,71,71,71,71,71,71,71,71,71,71,71,71,71,71,71,71,71,71,71,71,71],"card_choices":[{"not_picked":["Slimebound:FlameTackle","Slimebound:SamplingLick"],"picked":"Slimebound:SlimeTap","floor":2},{"not_picked":["Slimebound:Chomp","Slimebound:Replication"],"picked":"Slimebound:RollThrough","floor":3},{"not_picked":["Slimebound:MegaLick","Slimebound:GrowthPunch"],"picked":"Slimebound:BestDefense","floor":4},{"not_picked":["Slimebound:GoopTackle","Slimebound:SlimeTap"],"picked":"Slimebound:FinishingTackle","floor":5},{"not_picked":["Slimebound:HauntingLick","Slimebound:ViciousTackle"],"picked":"Slimebound:FlameTackle","floor":6},{"not_picked":["Slimebound:SlimeBrawl","Slimebound:ComboTackle"],"picked":"Slimebound:LivingWall","floor":11},{"not_picked":["Slimebound:SlimeSpikes","Slimebound:Nibble"],"picked":"Slimebound:GoopSpray","floor":12},{"not_picked":["Slimebound:SamplingLick","Slimebound:Nibble"],"picked":"Slimebound:TongueLash","floor":14},{"not_picked":["Slimebound:ItLooksTasty","Slimebound:Prepare"],"picked":"Slimebound:Gluttony","floor":15},{"not_picked":["Slimebound:Chomp","Slimebound:FlameTackle"],"picked":"Slimebound:PrepareCrush","floor":16},{"not_picked":["Slimebound:SlimeBrawl","Slimebound:Prepare","Slimebound:SlimeTap"],"picked":"SKIP","floor":17},{"not_picked":["Slimebound:MassFeed","Slimebound:SelfFormingGoo"],"picked":"Slimebound:DouseInSlime","floor":18},{"not_picked":["Slimebound:SplitMire","Slimebound:PressTheAttack","Slimebound:GoopTackle"],"picked":"SKIP","floor":21},{"not_picked":["Slimebound:SplitMire","Slimebound:PressTheAttack","Slimebound:GoopTackle"],"picked":"SKIP","floor":21},{"not_picked":["Slimebound:Chomp","Slimebound:Grow"],"picked":"Slimebound:HauntingLick","floor":22},{"not_picked":["Slimebound:GoopSpray","Slimebound:ComboTackle","Slimebound:LivingWall"],"picked":"SKIP","floor":23}],"player_experience":77757,"relics_obtained":[{"floor":9,"key":"Vajra"},{"floor":11,"key":"Odd Mushroom"},{"floor":19,"key":"Gremlin Food"},{"floor":19,"key":"ReplayTheSpireMod:Ninjato"},{"floor":19,"key":"Lizard Tail"}],"event_choices":[{"damage_healed":0,"gold_gain":0,"player_choice":"Fought Mushrooms","damage_taken":0,"max_hp_gain":0,"max_hp_loss":0,"event_name":"Mushrooms","floor":11,"gold_loss":0}],"is_beta":false,"boss_relics":[{"not_picked":["Replay:Drink Me","Slimebound:AbsorbEndCombatUpgraded"],"picked":"Calling Bell"}],"items_purged_floors":[23],"is_endless":false,"potions_floor_spawned":[2,3,4,6,14,18,22],"killed_by":"Shelled Parasite and Fungi","ascension_level":0}}