{"host":"sav7uxregyirlf69","time":1612707623,"event":{"mods":["AchievementEnabler","BaseMod","Colored Map","DeckTracker","Keyboard Shortcuts","Minty Spire (QoL Compilation)","READ ME - Guardian Mod","StSLib","SuperFastMode"],"gold_per_floor":[114,114,114,114,114,140,65,95,95,121,121,156,169,85,85,161,161,175,75,75],"floor_reached":19,"language":"KOR","playtime":225,"items_purged":["Strike_G"],"score":462,"play_id":"831cb5ae-79ed-4654-9207-25e41258a3ee","local_time":"20210207232023","is_ascension_mode":true,"campfire_choices":[{"data":"Bouncing Flask","floor":11,"key":"SMITH"},{"floor":15,"key":"REST"}],"circlet_count":0,"master_deck":["AscendersBane","Strike_G","Strike_G","Defend_G","Defend_G","Defend_G","Defend_G","Survivor","Neutralize","Poisoned Stab","Bouncing Flask+1","Bane","Blur","Footwork"],"relics":["Ring of the Snake","NeowsBlessing","Toy Ornithopter","PreservedInsect","Blue Candle","Happy Flower","InkBottle","Ninja Scroll","Empty Cage"],"acts_visited":["Exordium","TheCity"],"potions_floor_usage":[],"damage_taken":[{"damage":0,"enemies":"Small Slimes","floor":1,"turns":1},{"damage":0,"enemies":"3 Sentries","floor":8,"turns":1},{"damage":0,"enemies":"Gremlin Nob","floor":10,"turns":1},{"damage":39,"enemies":"3 Sentries","floor":12,"turns":7},{"damage":2,"enemies":"Jaw Worm","floor":13,"turns":2},{"damage":9,"enemies":"The Guardian","floor":16,"turns":9},{"damage":14,"enemies":"Spheric Guardian","floor":18,"turns":4},{"damage":23,"enemies":"2 Thieves","floor":19,"turns":4}],"seed_played":"-5341722349858906857","potions_obtained":[{"floor":13,"key":"Energy Potion"},{"floor":18,"key":"FearPotion"}],"is_trial":false,"path_per_floor":["M","?","?","?","?","T","$","E","T","E","R","E","M","$","R","B",null,"M","M"],"character_chosen":"THE_SILENT","items_purchased":["Blur"],"campfire_rested":1,"item_purchase_floors":[14],"current_hp_per_floor":[59,52,41,41,46,46,46,46,46,46,46,7,5,5,26,17,58,44,21,21],"gold":75,"neow_bonus":"THREE_ENEMY_KILL","is_daily":false,"chose_seed":false,"campfire_upgraded":1,"win_rate":0.0,"timestamp":1612707623,"path_taken":["M","?","?","?","?","?","?","E","T","E","R","E","?","$","R","BOSS","M","M"],"items_purchased_type":["Card"],"build_version":"2020-12-22","purchased_purges":1,"victory":false,"max_hp_per_floor":[66,66,66,66,71,71,71,71,71,71,71,71,71,71,71,71,71,71,71,71],"card_choices":[{"not_picked":["Dodge and Roll","Skewer"],"picked":"Poisoned Stab","floor":1},{"not_picked":["Endless Agony","Dagger Spray"],"picked":"Bouncing Flask","floor":8},{"not_picked":["Outmaneuver","Infinite Blades"],"picked":"Bane","floor":10},{"not_picked":["Underhanded Strike","PiercingWail","All Out Attack"],"picked":"SKIP","floor":12},{"not_picked":["Dagger Spray","Masterful Stab","Prepared"],"picked":"SKIP","floor":13},{"not_picked":["Bouncing Flask","Flechettes"],"picked":"Footwork","floor":18}],"player_experience":1514966,"relics_obtained":[{"floor":6,"key":"PreservedInsect"},{"floor":8,"key":"Blue Candle"},{"floor":9,"key":"Happy Flower"},{"floor":10,"key":"InkBottle"},{"floor":12,"key":"Ninja Scroll"}],"event_choices":[{"cards_removed":["Defend_G"],"damage_healed":0,"gold_gain":0,"player_choice":"Card Removal","damage_taken":7,"max_hp_gain":0,"max_hp_loss":0,"event_name":"Golden Wing","floor":2,"gold_loss":0},{"damage_healed":0,"gold_gain":0,"player_choice":"Success","damage_taken":11,"relics_obtained":["Toy Ornithopter"],"max_hp_gain":0,"max_hp_loss":0,"event_name":"Scrap Ooze","floor":3,"gold_loss":0},{"damage_healed":0,"gold_gain":0,"player_choice":"Ignored","damage_taken":0,"max_hp_gain":0,"max_hp_loss":0,"event_name":"Liars Game","floor":4,"gold_loss":0},{"damage_healed":0,"gold_gain":0,"player_choice":"Donut","damage_taken":0,"max_hp_gain":5,"max_hp_loss":0,"event_name":"Big Fish","floor":5,"gold_loss":0}],"is_beta":false,"boss_relics":[{"not_picked":["Black Star","HoveringKite"],"picked":"Empty Cage"}],"items_purged_floors":[7],"is_endless":false,"potions_floor_spawned":[13,18],"killed_by":"2 Thieves","ascension_level":20}}