{"host":"aapp7ew3jk5k1bvd","time":1612701107,"event":{"mods":["AchievementEnabler","BaseMod","Colored Map","Minty Spire (QoL Compilation)","Permanent Neow","StSLib","SuperFastMode"],"gold_per_floor":[119,119,132,132,132,132,146,166,166,91,91,103,103,131,131,231,231,248,266,266,266,282,310,310,320,320,320,220,220,95,20,20,122,122,141,151,162,12,12,32,32,32,32,43,62,76,0,0,0,0],"floor_reached":51,"language":"KOR","playtime":987,"items_purged":["Defend_R","Strike_R","Strike_R","Strike_R"],"score":767,"play_id":"78c1d843-a7e6-416a-b914-33959b25b26b","local_time":"20210207213147","is_ascension_mode":false,"campfire_choices":[{"data":"Dual Wield","floor":6.0,"key":"SMITH"},{"data":"Clash","floor":11.0,"key":"SMITH"},{"floor":13.0,"key":"REST"},{"data":"Bash","floor":15.0,"key":"SMITH"},{"data":"Offering","floor":24.0,"key":"SMITH"},{"floor":27.0,"key":"REST"},{"floor":32.0,"key":"REST"},{"floor":41.0,"key":"REST"},{"floor":42.0,"key":"REST"},{"data":"Strike_R","floor":49.0,"key":"SMITH"}],"circlet_count":0,"master_deck":["Strike_R+1","Bash+1","Dual Wield+1","Clash+1","Offering+1"],"relics":["Burning Blood","Omamori","WarpedTongs","Kunai","Happy Flower","Empty Cage","Self Forming Clay","WingedGreaves","Runic Cube","HornCleat","Red Mask"],"acts_visited":["Exordium","TheCity","TheBeyond"],"potions_floor_usage":[50,50,50],"damage_taken":[{"damage":3.0,"enemies":"Small Slimes","floor":1.0,"turns":3.0},{"damage":6.0,"enemies":"Cultist","floor":3.0,"turns":3.0},{"damage":6.0,"enemies":"2 Louse","floor":7.0,"turns":3.0},{"damage":26.0,"enemies":"Lots of Slimes","floor":8.0,"turns":5.0},{"damage":24.0,"enemies":"Gremlin Gang","floor":12.0,"turns":4.0},{"damage":14.0,"enemies":"Gremlin Nob","floor":14.0,"turns":3.0},{"damage":50.0,"enemies":"Slime Boss","floor":16.0,"turns":12.0},{"damage":7.0,"enemies":"3 Byrds","floor":18.0,"turns":3.0},{"damage":6.0,"enemies":"Spheric Guardian","floor":19.0,"turns":1.0},{"damage":21.0,"enemies":"Shelled Parasite and Fungi","floor":22.0,"turns":2.0},{"damage":28.0,"enemies":"Book of Stabbing","floor":23.0,"turns":3.0},{"damage":6.0,"enemies":"3 Cultists","floor":25.0,"turns":2.0},{"damage":35.0,"enemies":"Collector","floor":33.0,"turns":3.0},{"damage":19.0,"enemies":"3 Darklings","floor":35.0,"turns":3.0},{"damage":15.0,"enemies":"3 Shapes","floor":36.0,"turns":1.0},{"damage":13.0,"enemies":"Sphere and 2 Shapes","floor":37.0,"turns":3.0},{"damage":27.0,"enemies":"4 Shapes","floor":40.0,"turns":1.0},{"damage":6.0,"enemies":"Jaw Worm Horde","floor":44.0,"turns":2.0},{"damage":15.0,"enemies":"Sphere and 2 Shapes","floor":45.0,"turns":3.0},{"damage":16.0,"enemies":"Writhing Mass","floor":46.0,"turns":2.0},{"damage":62,"enemies":"Awakened One","floor":50,"turns":4}],"seed_played":"2316952873531506002","potions_obtained":[{"floor":3.0,"key":"FearPotion"},{"floor":12.0,"key":"SpeedPotion"},{"floor":14.0,"key":"Swift Potion"},{"floor":18.0,"key":"Fire Potion"},{"floor":22.0,"key":"Explosive Potion"},{"floor":35.0,"key":"BloodPotion"},{"floor":44.0,"key":"Swift Potion"},{"floor":45.0,"key":"DistilledChaos"},{"floor":46.0,"key":"PowerPotion"}],"is_trial":false,"path_per_floor":["M","?","M","?","?","R","M","M","T","$","R","M","R","E","R","B",null,"M","M","?","?","M","E","R","M","T","R","$","?","$","?","R","B",null,"M","M","M","$","?","M","R","R","T","M","M","M","?","?","R","B",null],"character_chosen":"IRONCLAD","items_purchased":[],"campfire_rested":5,"item_purchase_floors":[],"current_hp_per_floor":[80,80,80,80,80,80,80,60,60,60,60,42,66,58,58,14,80,79,79,64,85,70,48,48,48,48,73,73,73,73,73,85,56,85,72,63,56,56,56,35,60,85,85,85,76,83,83,83,83,27],"gold":0,"neow_bonus":"RANDOM_COMMON_RELIC","is_daily":false,"chose_seed":false,"campfire_upgraded":5,"win_rate":0.0,"timestamp":1612701107,"path_taken":["M","?","?","?","?","R","M","M","T","$","R","?","R","E","R","BOSS","M","?","?","?","M","E","R","M","T","R","$","?","$","?","R","BOSS","M","M","M","$","?","M","R","R","T","M","M","M","?","?","R","BOSS"],"items_purchased_type":[],"build_version":"2020-12-22","purchased_purges":4,"victory":true,"max_hp_per_floor":[80,80,80,80,80,80,80,80,80,80,80,80,80,80,80,80,80,80,80,85,85,85,85,85,85,85,85,85,85,85,85,85,85,85,85,85,85,85,85,85,85,85,85,85,85,85,85,85,85,85],"card_choices":[{"not_picked":["Wild Strike","Burning Pact","Warcry"],"picked":"SKIP","floor":1.0},{"not_picked":["Shrug It Off","Cleave","Headbutt"],"picked":"SKIP","floor":3.0},{"not_picked":["Havoc","Spot Weakness","Cleave"],"picked":"SKIP","floor":7.0},{"not_picked":["Pommel Strike","Clothesline"],"picked":"Clash","floor":8.0},{"not_picked":["True Grit","Rupture","Clothesline"],"picked":"SKIP","floor":12.0},{"not_picked":["Sentinel","Body Slam","Warcry"],"picked":"SKIP","floor":14.0},{"not_picked":["Immolate","Brutality"],"picked":"Offering","floor":16.0},{"not_picked":["Hemokinesis","Wild Strike","Clothesline"],"picked":"SKIP","floor":18.0},{"not_picked":["Perfected Strike","Cleave+1","Carnage+1"],"picked":"SKIP","floor":19.0},{"not_picked":["Havoc","Headbutt","Searing Blow+1"],"picked":"SKIP","floor":22.0},{"not_picked":["Armaments","Burning Pact","Shrug It Off"],"picked":"SKIP","floor":23.0},{"not_picked":["Wild Strike","Flex+1","Anger"],"picked":"SKIP","floor":25.0},{"not_picked":["True Grit+1","Inflame","Anger"],"picked":"SKIP","floor":35.0},{"not_picked":["Rage","Flex","Heavy Blade+1"],"picked":"SKIP","floor":36.0},{"not_picked":["Anger+1","Body Slam","Heavy Blade+1"],"picked":"SKIP","floor":37.0},{"not_picked":["Infernal Blade","Body Slam+1","Cleave"],"picked":"SKIP","floor":40.0},{"not_picked":["Uppercut+1","Havoc+1","Heavy Blade+1"],"picked":"SKIP","floor":44.0},{"not_picked":["Rage+1","Pommel Strike+1","Flex+1"],"picked":"SKIP","floor":45.0},{"not_picked":["Flame Barrier+1","Combust","Inflame+1"],"picked":"SKIP","floor":46.0}],"player_experience":1337950,"relics_obtained":[{"floor":9.0,"key":"Kunai"},{"floor":14.0,"key":"Happy Flower"},{"floor":23.0,"key":"Self Forming Clay"},{"floor":26.0,"key":"WingedGreaves"},{"floor":43.0,"key":"HornCleat"}],"event_choices":[{"damage_healed":0.0,"max_hp_gain":0.0,"max_hp_loss":0.0,"gold_gain":0.0,"event_name":"Accursed Blacksmith","player_choice":"Rummage","floor":2.0,"gold_loss":0.0,"damage_taken":0.0,"relics_obtained":["WarpedTongs"],"cards_obtained":["Pain"]},{"damage_healed":0.0,"max_hp_gain":0.0,"max_hp_loss":0.0,"gold_gain":0.0,"event_name":"Shining Light","player_choice":"Ignored","floor":4.0,"gold_loss":0.0,"damage_taken":0.0},{"damage_healed":0.0,"max_hp_gain":0.0,"max_hp_loss":0.0,"gold_gain":0.0,"cards_transformed":["Defend_R"],"event_name":"Transmorgrifier","player_choice":"Transformed","floor":5.0,"gold_loss":0.0,"damage_taken":0.0,"cards_obtained":["Dual Wield"]},{"damage_healed":0.0,"max_hp_gain":5.0,"max_hp_loss":0.0,"gold_gain":0.0,"event_name":"Forgotten Altar","player_choice":"Shed Blood","floor":20.0,"gold_loss":0.0,"damage_taken":20.0},{"damage_healed":28.0,"max_hp_gain":0.0,"max_hp_loss":0.0,"gold_gain":0.0,"event_name":"The Library","player_choice":"Heal","floor":21.0,"gold_loss":0.0,"damage_taken":0.0},{"damage_healed":0.0,"max_hp_gain":0.0,"max_hp_loss":0.0,"gold_gain":0.0,"event_name":"Ghosts","player_choice":"Ignored","floor":29.0,"gold_loss":0.0,"damage_taken":0.0},{"cards_removed":["Defend_R"],"damage_healed":0.0,"max_hp_gain":0.0,"max_hp_loss":0.0,"gold_gain":0.0,"event_name":"Beggar","player_choice":"Gave Gold","floor":31.0,"gold_loss":75.0,"damage_taken":0.0},{"damage_healed":0.0,"max_hp_gain":0.0,"max_hp_loss":0.0,"gold_gain":0.0,"event_name":"Match and Keep!","player_choice":"0 cards matched","floor":39.0,"gold_loss":0.0,"damage_taken":0.0,"cards_obtained":[]},{"damage_healed":0.0,"max_hp_gain":0.0,"max_hp_loss":0.0,"gold_gain":0.0,"event_name":"Tomb of Lord Red Mask","player_choice":"Paid","floor":47.0,"gold_loss":76.0,"damage_taken":0.0,"relics_obtained":["Red Mask"]},{"damage_healed":0.0,"max_hp_gain":0.0,"max_hp_loss":0.0,"gold_gain":0.0,"event_name":"Duplicator","player_choice":"Ignored","floor":48.0,"gold_loss":0.0,"damage_taken":0.0}],"is_beta":false,"boss_relics":[{"not_picked":["Black Star","Runic Pyramid"],"picked":"Empty Cage"},{"not_picked":["Astrolabe","Cursed Key"],"picked":"Runic Cube"}],"items_purged_floors":[10,28,30,38],"is_endless":false,"potions_floor_spawned":[3,12,14,18,22,35,44,45,46],"ascension_level":0}}