{"host":"lx933ja015x1ub68","time":1612670460,"event":{"mods":["AchievementEnabler","BaseMod","Better Match","Better Third Choice","BetterRewards","Colored Map","Exacting","FTL Soundtrack","Minty Spire (QoL Compilation)","Shop Mod","StSLib","Weighted Paths"],"gold_per_floor":[110,140,166,194,194,194,194,230,230,274,274,298,316,31,31,151,151,167,167,167,167,232,232,268,292,364,387,408,433,433,433,433,552,552,568,603,603,44,77,77,113,113,113,113,113,128,161,494,494,494],"floor_reached":51,"language":"ENG","playtime":6286,"items_purged":["Writhe"],"score":1009,"play_id":"5e8dc0c4-248c-44a4-b24f-dec7f370ce54","local_time":"20210207150100","is_ascension_mode":false,"campfire_choices":[{"data":"Infernal Blade","floor":6.0,"key":"SMITH"},{"data":"Bludgeon","floor":15.0,"key":"SMITH"},{"data":"Carnage","floor":23.0,"key":"SMITH"},{"floor":32.0,"key":"REST"},{"data":"Mayhem","floor":40.0,"key":"SMITH"},{"data":"Shrug It Off","floor":42.0,"key":"SMITH"},{"data":"Impervious","floor":44.0,"key":"SMITH"},{"data":"Ghostly Armor","floor":49.0,"key":"SMITH"}],"circlet_count":0,"master_deck":["Strike_R","Strike_R+1","Strike_R+1","Defend_R","Defend_R","Defend_R","Defend_R","Bash","Iron Wave","Thunderclap","Infernal Blade+1","Thunderclap","Clash","Carnage+1","Hemokinesis","Cleave","Shrug It Off+1","Rage","Bludgeon+1","Reaper","CurseOfTheBell","Battle Trance+1","Feed","Anger","Armaments+1","Armaments","Rage+1","Cleave+1","Shockwave","Impervious+1","Warcry+1","Mayhem+1","Body Slam+1","Pain","Ghostly Armor+1","Flame Barrier+1"],"relics":["Burning Blood","Ginger","Bottled Flame","InkBottle","MerchantsRug","PreservedInsect","Ornamental Fan","Bird Faced Urn","Nunchaku","Enchiridion","Red Skull","Matryoshka","Pen Nib","Eternal Feather","Mark of Pain","Frozen Egg 2","Happy Flower","Self Forming Clay","Bottled Lightning","WarpedTongs"],"acts_visited":["Exordium","TheCity","TheBeyond"],"potions_floor_usage":[50,50],"damage_taken":[{"damage":0.0,"enemies":"Cultist","floor":1.0,"turns":3.0},{"damage":4.0,"enemies":"Small Slimes","floor":2.0,"turns":4.0},{"damage":4.0,"enemies":"Jaw Worm","floor":3.0,"turns":5.0},{"damage":8.0,"enemies":"3 Louse","floor":4.0,"turns":4.0},{"damage":21.0,"enemies":"Lagavulin","floor":8.0,"turns":6.0},{"damage":0.0,"enemies":"Gremlin Nob","floor":10.0,"turns":2.0},{"damage":5.0,"enemies":"Exordium Thugs","floor":12.0,"turns":3.0},{"damage":9.0,"enemies":"2 Fungi Beasts","floor":13.0,"turns":2.0},{"damage":25.0,"enemies":"Slime Boss","floor":16.0,"turns":7.0},{"damage":0.0,"enemies":"Chosen","floor":18.0,"turns":4.0},{"damage":15.0,"enemies":"3 Byrds","floor":22.0,"turns":6.0},{"damage":56.0,"enemies":"Gremlin Leader","floor":24.0,"turns":5.0},{"damage":30.0,"enemies":"Snake Plant","floor":25.0,"turns":3.0},{"damage":5.0,"enemies":"Cultist and Chosen","floor":27.0,"turns":6.0},{"damage":20.0,"enemies":"Centurion and Healer","floor":28.0,"turns":6.0},{"damage":2.0,"enemies":"Snake Plant","floor":29.0,"turns":2.0},{"damage":73.0,"enemies":"Collector","floor":33.0,"turns":15.0},{"damage":16.0,"enemies":"Orb Walker","floor":35.0,"turns":3.0},{"damage":18.0,"enemies":"3 Shapes","floor":36.0,"turns":4.0},{"damage":26.0,"enemies":"Spire Growth","floor":39.0,"turns":4.0},{"damage":15.0,"enemies":"Reptomancer","floor":41.0,"turns":6.0},{"damage":8.0,"enemies":"Transient","floor":46.0,"turns":5.0},{"damage":10.0,"enemies":"Writhing Mass","floor":47.0,"turns":4.0},{"damage":63,"enemies":"Donu and Deca","floor":50,"turns":12}],"seed_played":"3776492981322968286","potions_obtained":[{"floor":2.0,"key":"ColorlessPotion"},{"floor":3.0,"key":"FairyPotion"},{"floor":8.0,"key":"DistilledChaos"},{"floor":13.0,"key":"LiquidBronze"},{"floor":22.0,"key":"Fire Potion"},{"floor":25.0,"key":"Fire Potion"},{"floor":33.0,"key":"SkillPotion"},{"floor":35.0,"key":"Swift Potion"},{"floor":47.0,"key":"Ancient Potion"}],"is_trial":false,"path_per_floor":["M","M","M","M","?","R","?","E","T","E","?","M","M","$","R","B",null,"M","?","?","?","M","R","E","M","T","M","M","M","T","?","R","B",null,"M","M","?","$","M","R","E","R","T","R","?","M","M","?","R","B",null],"character_chosen":"IRONCLAD","items_purchased":["Whetstone","Swift Potion","MerchantsRug","Rage","Bludgeon","Mayhem","Frozen Egg 2","Fruit Juice"],"campfire_rested":1,"item_purchase_floors":[0,0,14,14,14,38,38,38],"current_hp_per_floor":[79,80,80,78,78,78,71,56,56,62,62,63,60,60,60,41,80,80,80,80,64,61,61,14,16,16,34,36,42,42,42,85,43,86,76,77,77,77,70,88,83,98,98,98,98,96,96,96,98,43],"gold":494,"neow_bonus":"","is_daily":false,"chose_seed":false,"campfire_upgraded":7,"win_rate":0.0,"timestamp":1612670460,"path_taken":["M","M","M","?","?","R","?","E","T","E","?","M","?","$","R","BOSS","M","?","?","?","M","R","E","?","T","M","M","M","?","?","R","BOSS","M","M","?","$","M","R","E","R","T","R","?","M","?","?","R","BOSS"],"items_purchased_type":["Relic","Potion","Relic","Card","Card","Card","Relic","Potion"],"build_version":"2020-12-22","purchased_purges":1,"victory":true,"max_hp_per_floor":[80,80,80,80,80,80,80,80,80,80,80,80,80,80,80,80,80,80,80,80,80,80,80,83,83,83,86,86,86,86,86,86,86,86,86,89,89,89,98,98,98,98,98,98,98,98,98,98,98,98],"card_choices":[{"not_picked":["Armaments","Fire Breathing"],"picked":"Iron Wave","floor":1.0},{"not_picked":["Warcry","Twin Strike"],"picked":"Thunderclap","floor":2.0},{"not_picked":["Anger","Shrug It Off"],"picked":"Infernal Blade","floor":3.0},{"not_picked":["Clothesline","Sword Boomerang"],"picked":"Thunderclap","floor":4.0},{"not_picked":["Rupture","Sword Boomerang"],"picked":"Clash","floor":8.0},{"not_picked":["Rampage","Demon Form"],"picked":"Carnage","floor":10.0},{"not_picked":["Warcry","Thunderclap"],"picked":"Cleave","floor":12.0},{"not_picked":["Warcry","Sword Boomerang"],"picked":"Shrug It Off","floor":13.0},{"not_picked":["Barricade","Bludgeon"],"picked":"Reaper","floor":16.0},{"not_picked":["Infernal Blade","Pommel Strike"],"picked":"Battle Trance+1","floor":18.0},{"not_picked":["Rupture","Flex"],"picked":"Anger","floor":22.0},{"not_picked":["Corruption","Dark Embrace"],"picked":"Armaments+1","floor":24.0},{"not_picked":["Bloodletting","Pommel Strike"],"picked":"Armaments","floor":25.0},{"not_picked":["Armaments","Battle Trance"],"picked":"Rage+1","floor":27.0},{"not_picked":["Clothesline+1","Carnage"],"picked":"Cleave+1","floor":28.0},{"not_picked":["Feel No Pain+1","Armaments"],"picked":"Shockwave","floor":29.0},{"not_picked":["Barricade","Corruption"],"picked":"Impervious","floor":33.0},{"not_picked":["Dropkick","Intimidate+1"],"picked":"Warcry+1","floor":35.0},{"not_picked":["Iron Wave","Pummel","Inflame"],"picked":"SKIP","floor":36.0},{"not_picked":["Iron Wave+1","Twin Strike"],"picked":"Body Slam+1","floor":39.0},{"not_picked":["Warcry+1","Fiend Fire","Rupture+1"],"picked":"SKIP","floor":41.0},{"not_picked":["Second Wind+1","Sword Boomerang"],"picked":"Ghostly Armor","floor":46.0},{"not_picked":["Ghostly Armor+1","Power Through"],"picked":"Flame Barrier+1","floor":47.0}],"player_experience":12185,"relics_obtained":[{"floor":8.0,"key":"Ginger"},{"floor":9.0,"key":"Bottled Flame"},{"floor":10.0,"key":"InkBottle"},{"floor":17.0,"key":"PreservedInsect"},{"floor":17.0,"key":"Ornamental Fan"},{"floor":17.0,"key":"Bird Faced Urn"},{"floor":21.0,"key":"Enchiridion"},{"floor":24.0,"key":"Red Skull"},{"floor":26.0,"key":"Matryoshka"},{"floor":30.0,"key":"Pen Nib"},{"floor":30.0,"key":"Eternal Feather"},{"floor":41.0,"key":"Happy Flower"},{"floor":43.0,"key":"Self Forming Clay"},{"floor":43.0,"key":"Bottled Lightning"}],"event_choices":[{"damage_healed":0.0,"max_hp_gain":0.0,"max_hp_loss":0.0,"gold_gain":0.0,"event_name":"Golden Idol","player_choice":"Take Wound","floor":5.0,"gold_loss":0.0,"damage_taken":0.0,"relics_obtained":["Golden Idol"],"cards_obtained":["Injury"]},{"cards_removed":["Injury"],"damage_healed":0.0,"max_hp_gain":0.0,"max_hp_loss":0.0,"gold_gain":0.0,"event_name":"Golden Wing","player_choice":"Card Removal","floor":7.0,"gold_loss":0.0,"damage_taken":7.0},{"damage_healed":0.0,"max_hp_gain":0.0,"max_hp_loss":0.0,"gold_gain":0.0,"cards_transformed":["Strike_R"],"event_name":"Transmorgrifier","player_choice":"Transformed","floor":11.0,"gold_loss":0.0,"damage_taken":0.0,"cards_obtained":["Hemokinesis"]},{"damage_healed":0.0,"max_hp_gain":0.0,"max_hp_loss":0.0,"gold_gain":0.0,"event_name":"The Mausoleum","player_choice":"Opened","floor":19.0,"gold_loss":0.0,"damage_taken":0.0,"relics_obtained":["Nunchaku"],"cards_obtained":["Writhe"]},{"damage_healed":0.0,"max_hp_gain":0.0,"max_hp_loss":0.0,"gold_gain":0.0,"event_name":"The Library","player_choice":"Read","floor":20.0,"gold_loss":0.0,"damage_taken":0.0,"cards_obtained":["Feed"]},{"damage_healed":0.0,"max_hp_gain":0.0,"max_hp_loss":0.0,"gold_gain":0.0,"event_name":"Cursed Tome","player_choice":"Obtained Book","floor":21.0,"gold_loss":0.0,"damage_taken":16.0},{"damage_healed":0.0,"max_hp_gain":0.0,"max_hp_loss":0.0,"gold_gain":0.0,"event_name":"Vampires","player_choice":"Ignored","floor":31.0,"gold_loss":0.0,"damage_taken":0.0},{"cards_removed":["Strike_R"],"damage_healed":0.0,"max_hp_gain":0.0,"max_hp_loss":0.0,"gold_gain":0.0,"event_name":"Falling","player_choice":"Removed Attack","floor":37.0,"gold_loss":0.0,"damage_taken":0.0},{"damage_healed":0.0,"max_hp_gain":0.0,"max_hp_loss":0.0,"gold_gain":0.0,"event_name":"Accursed Blacksmith","player_choice":"Rummage","floor":45.0,"gold_loss":0.0,"damage_taken":0.0,"relics_obtained":["WarpedTongs"],"cards_obtained":["Pain"]},{"damage_healed":0.0,"max_hp_gain":0.0,"max_hp_loss":0.0,"gold_gain":333.0,"event_name":"The Moai Head","player_choice":"Gave Idol","floor":48.0,"relics_lost":["Golden Idol"],"gold_loss":0.0,"damage_taken":0.0}],"is_beta":false,"boss_relics":[{"not_picked":["SlaversCollar","Busted Crown"],"picked":"Calling Bell"},{"not_picked":["Runic Cube","Snecko Eye"],"picked":"Mark of Pain"}],"items_purged_floors":[38],"is_endless":false,"potions_floor_spawned":[2,3,8,13,22,25,33,35,47],"ascension_level":0}}