{"host":"ftf7rwqr5w72pdsx","time":1612671354,"event":{"mods":["BaseMod","Bestiary","Minty Spire (QoL Compilation)","Relic Stats","Slay the Relics Exporter"],"gold_per_floor":[117,117,138,159,159,159,159,159],"floor_reached":7,"language":"ENG","playtime":275,"items_purged":[],"score":82,"play_id":"2b237824-5abe-4ea1-ae24-44c081ab3df7","local_time":"20210206221554","is_ascension_mode":true,"campfire_choices":[{"floor":6,"key":"REST"}],"circlet_count":0,"master_deck":["AscendersBane","Strike_G","Strike_G","Strike_G+1","Strike_G","Strike_G+1","Defend_G","Defend_G","Defend_G","Defend_G","Defend_G","Survivor","Neutralize","Dash","PiercingWail","Deadly Poison"],"relics":["SacredBark","CeramicFish"],"acts_visited":["Exordium"],"potions_floor_usage":[],"damage_taken":[{"damage":3,"enemies":"2 Louse","floor":1,"turns":4},{"damage":5,"enemies":"Small Slimes","floor":3,"turns":6},{"damage":1,"enemies":"Jaw Worm","floor":4,"turns":6},{"damage":46,"enemies":"Lagavulin","floor":7,"turns":6}],"seed_played":"5066678983126958551","potions_obtained":[],"is_trial":false,"path_per_floor":["M","?","M","M","?","R","E"],"character_chosen":"THE_SILENT","items_purchased":[],"campfire_rested":1,"item_purchase_floors":[],"current_hp_per_floor":[56,38,33,32,12,31,0,0],"gold":159,"neow_bonus":"BOSS_RELIC","is_daily":false,"chose_seed":false,"campfire_upgraded":0,"win_rate":0.0,"timestamp":1612671354,"path_taken":["M","?","M","M","?","R","E"],"items_purchased_type":[],"build_version":"2020-12-22","purchased_purges":0,"victory":false,"max_hp_per_floor":[66,66,66,66,66,66,66,66],"relic_stats":{"counters":[4,22],"CeramicFish":18,"obtain_stats":[{"SacredBark":0,"CeramicFish":2,"Ring of the Snake":0},{"SacredBark":0,"CeramicFish":1,"Ring of the Snake":0},{"SacredBark":0,"CeramicFish":4,"Ring of the Snake":0}]},"card_choices":[{"not_picked":["Backflip","Flying Knee"],"picked":"Dash","floor":1},{"not_picked":["Sucker Punch","Unload"],"picked":"PiercingWail","floor":3},{"not_picked":["Finisher","Poisoned Stab"],"picked":"Deadly Poison","floor":4}],"player_experience":810029,"relics_obtained":[],"event_choices":[{"damage_healed":0,"gold_gain":0,"player_choice":"Success","damage_taken":18,"relics_obtained":["CeramicFish"],"max_hp_gain":0,"max_hp_loss":0,"event_name":"Scrap Ooze","floor":2,"gold_loss":0},{"damage_healed":0,"gold_gain":0,"player_choice":"Entered Light","damage_taken":20,"max_hp_gain":0,"max_hp_loss":0,"event_name":"Shining Light","floor":5,"gold_loss":0,"cards_upgraded":["Strike_G","Strike_G"]}],"is_beta":false,"boss_relics":[],"items_purged_floors":[],"is_endless":false,"potions_floor_spawned":[],"killed_by":"Lagavulin","ascension_level":20}}