{"host":"w3q5ijqu8eoknil3","time":1612736023,"event":{"mods":["AchievementEnabler","BaseMod","Block Reminder","Colored Map","Colored Powertips","Curses Come First","Dark Map","Minty Spire (QoL Compilation)","Quick Restart","Relic Stats","StSLib","ojb\u0027s Better Paths Mod","ojb\u0027s Info Mod","slay the spire mod where everything is the same but ironclad has a cowboy hat"],"gold_per_floor":[117,117,130,42,42,42,72,72,72,72,103,165,315,82,82,82,82],"floor_reached":16,"language":"ENG","playtime":243,"items_purged":["Doubt"],"score":300,"play_id":"01d40336-8a3a-4c68-83a8-6a5bbe48c535","local_time":"20210207221343","is_ascension_mode":true,"campfire_choices":[{"data":"Backstab","floor":6,"key":"SMITH"},{"data":"Dagger Spray","floor":8,"key":"SMITH"},{"data":"Calculated Gamble","floor":10,"key":"SMITH"},{"data":"Terror","floor":15,"key":"SMITH"}],"circlet_count":0,"master_deck":["AscendersBane","Strike_G","Strike_G","Strike_G","Strike_G","Strike_G","Defend_G","Defend_G","Defend_G+1","Defend_G","Defend_G","Survivor+1","Neutralize","Dagger Spray+1","Backstab+1","Calculated Gamble+1","PiercingWail","Finisher","Terror+1","Corpse Explosion"],"relics":["Ring of the Snake","NeowsBlessing","Matryoshka","Ninja Scroll","StrikeDummy","Prayer Wheel","Gambling Chip"],"acts_visited":["Exordium"],"potions_floor_usage":[11,16],"damage_taken":[{"damage":0,"enemies":"2 Louse","floor":1,"turns":1},{"damage":0,"enemies":"Small Slimes","floor":3,"turns":1},{"damage":0,"enemies":"3 Sentries","floor":7,"turns":1},{"damage":0,"enemies":"Gremlin Nob","floor":11,"turns":2},{"damage":20,"enemies":"3 Sentries","floor":12,"turns":4},{"damage":27,"enemies":"Hexaghost","floor":16,"turns":7}],"seed_played":"1375136775783967969","potions_obtained":[{"floor":7,"key":"Swift Potion"},{"floor":12,"key":"LiquidMemories"}],"is_trial":false,"path_per_floor":["M","?","M","$","?","R","E","R","T","R","E","?","?","$","R","B"],"character_chosen":"THE_SILENT","items_purchased":["Calculated Gamble","Corpse Explosion"],"campfire_rested":0,"item_purchase_floors":[4,14],"current_hp_per_floor":[59,64,64,64,43,43,43,43,43,43,43,23,23,23,23,0,0],"gold":82,"neow_bonus":"THREE_ENEMY_KILL","is_daily":false,"chose_seed":false,"campfire_upgraded":4,"win_rate":0.0,"timestamp":1612736023,"path_taken":["M","?","M","$","?","R","E","R","T","R","E","?","?","$","R","BOSS"],"items_purchased_type":["Card","Card"],"build_version":"2020-12-22","purchased_purges":1,"victory":false,"max_hp_per_floor":[66,71,71,71,71,71,71,71,71,71,71,71,71,71,71,71,71],"relic_stats":{"counters":[6,16],"Gambling Chip":[1],"Prayer Wheel":0,"obtain_stats":[{"Matryoshka":7,"NeowsBlessing":0,"Ninja Scroll":9,"Gambling Chip":12,"Prayer Wheel":11,"StrikeDummy":9,"Ring of the Snake":0},{"Matryoshka":3,"NeowsBlessing":0,"Ninja Scroll":3,"Gambling Chip":5,"Prayer Wheel":4,"StrikeDummy":3,"Ring of the Snake":0},{"Matryoshka":3,"NeowsBlessing":0,"Ninja Scroll":3,"Gambling Chip":9,"Prayer Wheel":5,"StrikeDummy":3,"Ring of the Snake":0}],"Ring of the Snake":[12]},"card_choices":[{"not_picked":["Deflect","Dagger Throw"],"picked":"Dagger Spray","floor":1},{"not_picked":["Eviscerate","Backflip"],"picked":"Backstab","floor":3},{"not_picked":["Bane","Infinite Blades"],"picked":"PiercingWail","floor":7},{"not_picked":["PiercingWail","Backflip"],"picked":"Finisher","floor":11},{"not_picked":["Prepared","Deadly Poison"],"picked":"Terror","floor":12}],"player_experience":1039969,"relics_obtained":[{"floor":7,"key":"Matryoshka"},{"floor":9,"key":"Ninja Scroll"},{"floor":9,"key":"StrikeDummy"},{"floor":11,"key":"Prayer Wheel"},{"floor":12,"key":"Gambling Chip"}],"event_choices":[{"damage_healed":0,"gold_gain":0,"player_choice":"Donut","damage_taken":0,"max_hp_gain":5,"max_hp_loss":0,"event_name":"Big Fish","floor":2,"gold_loss":0},{"damage_healed":0,"gold_gain":0,"player_choice":"Entered Light","damage_taken":21,"max_hp_gain":0,"max_hp_loss":0,"event_name":"Shining Light","floor":5,"gold_loss":0,"cards_upgraded":["Survivor","Defend_G"]},{"damage_healed":0,"gold_gain":30,"player_choice":"Searched \u00272\u0027 times","damage_taken":0,"max_hp_gain":0,"max_hp_loss":0,"event_name":"Dead Adventurer","floor":12,"gold_loss":0},{"damage_healed":0,"gold_gain":150,"player_choice":"AGREE","damage_taken":0,"max_hp_gain":0,"max_hp_loss":0,"event_name":"Liars Game","floor":13,"gold_loss":0,"cards_obtained":["Doubt"]}],"is_beta":false,"boss_relics":[],"items_purged_floors":[14],"is_endless":false,"potions_floor_spawned":[7,12],"killed_by":"Hexaghost","ascension_level":19}}