{"host":"8kd0mw0b4mjhs7vl","time":1612710640,"event":{"mods":["BaseMod","Bestiary","Colored Map","Conspire","Downfall","Friendly Minions","Minty Spire (QoL Compilation)","Morshu Shopkeeper - ENHANCED","Reliquary","Replay The Spire","StSLib","SuperFastMode"],"gold_per_floor":[117,67,142,142,142,142,66,66,96,96,96,109,138,138,138,138,138,215,215,215,215],"floor_reached":20,"language":"ENG","playtime":371,"items_purged":[],"score":328,"play_id":"0f3fee83-0a41-4c06-be4c-0c6ee01ed100","local_time":"20210207151039","is_ascension_mode":true,"campfire_choices":[{"data":"Finisher","floor":8,"key":"SMITH"},{"data":"Grand Finale","floor":10,"key":"SMITH"},{"floor":15,"key":"REST"},{"data":"Neutralize","floor":17,"key":"SMITH"}],"circlet_count":0,"master_deck":["AscendersBane","Strike_G","Strike_G","Strike_G","Strike_G","Defend_G","Defend_G","Defend_G","Defend_G","Survivor","Neutralize+1","Flying Knee","Finisher+1","Grand Finale+1","Acrobatics","Footwork","Malaise"],"relics":["Ring of the Snake","NeowsBlessing","NlothsMask","reliquary:Stiletto","Tiny Chest","Blue Candle","reliquary:Craggleroot"],"acts_visited":["Exordium","TheCity"],"potions_floor_usage":[18,20],"damage_taken":[{"damage":0,"enemies":"2 Louse","floor":1,"turns":1},{"damage":0,"enemies":"Lagavulin","floor":9,"turns":1},{"damage":0,"enemies":"Jaw Worm","floor":12,"turns":1},{"damage":32,"enemies":"Gremlin Nob","floor":13,"turns":5},{"damage":19,"enemies":"The Guardian","floor":18,"turns":10},{"damage":35,"enemies":"conspire:FuzzyDice","floor":20,"turns":6}],"seed_played":"2373871704642189746","potions_obtained":[{"floor":9,"key":"Reflective Coating"},{"floor":18,"key":"Block Potion"}],"is_trial":false,"path_per_floor":["M","?","?","PTL","PTL","?","$","R","E","R","T","M","E","?","R","?","R","B",null,"M"],"character_chosen":"THE_SILENT","items_purchased":["Finisher"],"campfire_rested":1,"item_purchase_floors":[7],"current_hp_per_floor":[63,63,52,52,52,52,52,52,52,52,52,52,20,13,34,29,29,10,55,20,20],"gold":215,"neow_bonus":"THREE_ENEMY_KILL","is_daily":false,"chose_seed":false,"campfire_upgraded":3,"win_rate":0.0,"timestamp":1612710639,"path_taken":["M","?","?","PTL","PTL","?","$","R","E","R","T","?","E","?","R","?","R","BOSS","M"],"items_purchased_type":["Card"],"build_version":"2020-12-22","purchased_purges":0,"victory":false,"max_hp_per_floor":[70,70,70,70,70,70,70,70,70,70,70,70,70,70,70,70,70,70,70,70,70],"card_choices":[{"not_picked":["Prepared","Skewer"],"picked":"Flying Knee","floor":1},{"not_picked":["Acrobatics","Dodge and Roll"],"picked":"Grand Finale","floor":9},{"not_picked":["Calculated Gamble","Quick Slash"],"picked":"Acrobatics","floor":12},{"not_picked":["Cloak And Dagger","Underhanded Strike"],"picked":"Footwork","floor":13},{"not_picked":["Grand Finale","Poison Darts"],"picked":"Malaise","floor":18}],"player_experience":320363,"relics_obtained":[{"floor":9,"key":"reliquary:Stiletto"},{"floor":13,"key":"Tiny Chest"}],"event_choices":[{"cards_removed":["Strike_G"],"damage_healed":0,"gold_gain":0,"player_choice":"Card Removal","damage_taken":0,"max_hp_gain":0,"max_hp_loss":0,"event_name":"The Cleric","floor":2,"gold_loss":50},{"damage_healed":0,"gold_gain":75,"player_choice":"Gather Gold","damage_taken":11,"max_hp_gain":0,"max_hp_loss":0,"event_name":"World of Goop","floor":3,"gold_loss":0},{"damage_healed":0,"gold_gain":0,"player_choice":"Trade","damage_taken":0,"relics_obtained":["NlothsMask"],"max_hp_gain":0,"max_hp_loss":0,"event_name":"FaceTrader","floor":6,"gold_loss":0},{"cards_removed":["Defend_G"],"damage_healed":0,"gold_gain":0,"player_choice":"Card Removal","damage_taken":7,"max_hp_gain":0,"max_hp_loss":0,"event_name":"Golden Wing","floor":14,"gold_loss":0}],"is_beta":false,"boss_relics":[{"not_picked":["Sozu","Replay:Wanted Poster"],"picked":"reliquary:Craggleroot"}],"items_purged_floors":[],"is_endless":false,"potions_floor_spawned":[9,18],"killed_by":"conspire:FuzzyDice","ascension_level":13}}