{"host":"d52brwsy6af8zvaq","time":1612727747,"event":{"mods":["AchievementEnabler","BaseMod","Bestiary","Highlight Path","Minty Spire (QoL Compilation)","Quick Restart","Relic Stats","ojb\u0027s Better Paths Mod"],"gold_per_floor":[115,115,128,27,47,47,78,78,78,91,112,112,141,5,5,81,81,101,113,126,126,67,67,67,67],"floor_reached":24,"language":"ENG","playtime":987,"items_purged":["Pain"],"score":508,"play_id":"52a4d102-d746-4f1a-9fe7-2ff0be286476","local_time":"20210207125547","is_ascension_mode":true,"campfire_choices":[{"data":"Streamline","floor":6.0,"key":"SMITH"},{"data":"Zap","floor":8.0,"key":"SMITH"},{"data":"Dualcast","floor":12.0,"key":"SMITH"},{"data":"Loop","floor":15.0,"key":"SMITH"},{"data":"Biased Cognition","floor":23.0,"key":"SMITH"}],"circlet_count":0,"master_deck":["AscendersBane","Strike_B","Strike_B","Strike_B","Strike_B","Defend_B","Defend_B","Defend_B","Defend_B","Zap+1","Dualcast+1","Leap","Streamline+1","Compile Driver","Coolheaded","Cold Snap","Glacier+1","Undo+1","Double Energy+1","Hologram+1","Loop+1","Biased Cognition+1","Conserve Battery+1","Go for the Eyes+1","Double Energy+1","Sweeping Beam+1"],"relics":["Cracked Core","WarpedTongs","Bottled Lightning","Toxic Egg 2","Odd Mushroom","Molten Egg 2","Sozu"],"acts_visited":["Exordium","TheCity"],"potions_floor_usage":[],"damage_taken":[{"damage":7.0,"enemies":"Jaw Worm","floor":1.0,"turns":4.0},{"damage":3.0,"enemies":"Cultist","floor":3.0,"turns":4.0},{"damage":0.0,"enemies":"2 Louse","floor":5.0,"turns":2.0},{"damage":5.0,"enemies":"3 Sentries","floor":7.0,"turns":5.0},{"damage":0.0,"enemies":"Looter","floor":10.0,"turns":2.0},{"damage":2.0,"enemies":"The Mushroom Lair","floor":11.0,"turns":5.0},{"damage":6.0,"enemies":"Lagavulin","floor":13.0,"turns":7.0},{"damage":0.0,"enemies":"The Guardian","floor":16.0,"turns":10.0},{"damage":0.0,"enemies":"Chosen","floor":18.0,"turns":4.0},{"damage":0.0,"enemies":"Shell Parasite","floor":19.0,"turns":8.0},{"damage":22.0,"enemies":"Snake Plant","floor":20.0,"turns":7.0},{"damage":66,"enemies":"Gremlin Leader","floor":24,"turns":9}],"seed_played":"5902569823449526047","potions_obtained":[{"floor":3.0,"key":"Explosive Potion"},{"floor":5.0,"key":"FearPotion"},{"floor":7.0,"key":"SkillPotion"}],"is_trial":false,"path_per_floor":["M","?","M","$","M","R","E","R","T","M","?","R","E","$","R","B",null,"M","M","M","?","$","R","E"],"character_chosen":"DEFECT","items_purchased":["Compile Driver","Hologram+1","Loop","Sweeping Beam+1"],"campfire_rested":0,"item_purchase_floors":[4,14,14,22],"current_hp_per_floor":[64,64,61,61,61,61,56,56,56,56,54,54,48,48,48,48,71,71,71,49,49,49,49,0,0],"gold":67,"neow_bonus":"TEN_PERCENT_HP_BONUS","is_daily":false,"chose_seed":false,"campfire_upgraded":5,"win_rate":0.0,"timestamp":1612727747,"path_taken":["M","?","M","$","M","R","E","R","T","?","?","R","E","$","R","BOSS","M","M","M","?","?","R","E"],"items_purchased_type":["Card","Card","Card","Card"],"build_version":"2020-12-22","purchased_purges":1,"victory":false,"max_hp_per_floor":[78,78,78,78,78,78,78,78,78,78,78,78,78,78,78,78,78,78,78,78,78,78,78,78,78],"relic_stats":{"Sozu":2,"counters":[12,67],"obtain_stats":[{"Sozu":17,"Molten Egg 2":13,"Bottled Lightning":7,"Toxic Egg 2":9,"Odd Mushroom":11,"Cracked Core":0,"WarpedTongs":2},{"Sozu":8,"Molten Egg 2":7,"Bottled Lightning":4,"Toxic Egg 2":4,"Odd Mushroom":6,"Cracked Core":0,"WarpedTongs":1},{"Sozu":39,"Molten Egg 2":29,"Bottled Lightning":15,"Toxic Egg 2":15,"Odd Mushroom":22,"Cracked Core":0,"WarpedTongs":4}],"WarpedTongs":[61]},"card_choices":[{"not_picked":["Blizzard","Beam Cell"],"picked":"Leap","floor":1.0},{"not_picked":["Ball Lightning","Beam Cell"],"picked":"Streamline","floor":3.0},{"not_picked":["Beam Cell","Conserve Battery"],"picked":"Coolheaded","floor":5.0},{"not_picked":["Steam Power","Ball Lightning"],"picked":"Cold Snap","floor":7.0},{"not_picked":["FTL","Genetic Algorithm+1"],"picked":"Glacier+1","floor":10.0},{"not_picked":["Streamline","Rebound"],"picked":"Undo+1","floor":11.0},{"not_picked":["Steam+1","Scrape+1"],"picked":"Double Energy+1","floor":13.0},{"not_picked":["Meteor Strike+1","Seek+1"],"picked":"Biased Cognition","floor":16.0},{"not_picked":["Redo+1","Beam Cell+1"],"picked":"Conserve Battery+1","floor":18.0},{"not_picked":["Melter+1","Hologram+1"],"picked":"Go for the Eyes+1","floor":19.0},{"not_picked":["Leap+1","Conserve Battery+1","Redo+1"],"picked":"SKIP","floor":20.0}],"player_experience":2188885,"relics_obtained":[{"floor":7.0,"key":"Bottled Lightning"},{"floor":9.0,"key":"Toxic Egg 2"},{"floor":11.0,"key":"Odd Mushroom"},{"floor":13.0,"key":"Molten Egg 2"}],"event_choices":[{"damage_healed":0.0,"max_hp_gain":0.0,"max_hp_loss":0.0,"gold_gain":0.0,"event_name":"Accursed Blacksmith","player_choice":"Rummage","floor":2.0,"gold_loss":0.0,"damage_taken":0.0,"relics_obtained":["WarpedTongs"],"cards_obtained":["Pain"]},{"damage_healed":0.0,"max_hp_gain":0.0,"max_hp_loss":0.0,"gold_gain":0.0,"event_name":"Mushrooms","player_choice":"Fought Mushrooms","floor":11.0,"gold_loss":0.0,"damage_taken":0.0},{"damage_healed":0.0,"max_hp_gain":0.0,"max_hp_loss":0.0,"gold_gain":0.0,"event_name":"Duplicator","player_choice":"Copied","floor":21.0,"gold_loss":0.0,"damage_taken":0.0,"cards_obtained":["Double Energy"]}],"is_beta":false,"boss_relics":[{"not_picked":["Coffee Dripper","Nuclear Battery"],"picked":"Sozu"}],"items_purged_floors":[4],"is_endless":false,"potions_floor_spawned":[3,5,7,18,20],"killed_by":"Gremlin Leader","ascension_level":20}}