{"host":"4u4xibnmtqpdl4qa","time":1612714677,"event":{"mods":["2.2 Compatiblity","AchievementEnabler","BaseMod","Colored Map","Colored Powertips","Curses Come First","DeckTracker","Highlight Path","Minty Spire (QoL Compilation)","Quick Restart","Rare Cards Sparkle","Relic Stats","Slay-I","StSLib","SuperFastMode","Waifu the Spire"],"gold_per_floor":[116,116,41,57,57,57,8,41,41,41,41],"floor_reached":10,"language":"ENG","playtime":318,"items_purged":["Strike_R"],"score":74,"play_id":"2c0835b3-1765-4970-8b73-8d47f58ef2a2","local_time":"20210207171757","is_ascension_mode":true,"campfire_choices":[{"floor":6,"key":"REST"}],"circlet_count":0,"master_deck":["Strike_R","Strike_R","Strike_R","Defend_R","Defend_R","Defend_R","Defend_R","Bash","Shrug It Off","Armaments","Impervious"],"relics":["Burning Blood","Unceasing Top","Paper Frog","Art of War","InkBottle"],"acts_visited":["Exordium"],"potions_floor_usage":[8,10],"damage_taken":[{"damage":0,"enemies":"2 Louse","floor":1,"turns":4},{"damage":6,"enemies":"Cultist","floor":4,"turns":4},{"damage":58,"enemies":"Lagavulin","floor":8,"turns":9},{"damage":16,"enemies":"3 Sentries","floor":10,"turns":7}],"seed_played":"1634963821844573299","potions_obtained":[{"floor":8,"key":"BlessingOfTheForge"}],"is_trial":false,"path_per_floor":["M","?","$","M","?","R","$","E","T","E"],"character_chosen":"IRONCLAD","items_purchased":["PowerPotion"],"campfire_rested":1,"item_purchase_floors":[7],"current_hp_per_floor":[62,62,62,62,44,68,68,16,16,0,0],"gold":41,"neow_bonus":"ONE_RARE_RELIC","is_daily":false,"chose_seed":false,"campfire_upgraded":0,"win_rate":0.0,"timestamp":1612714677,"path_taken":["M","?","?","M","?","R","$","E","T","E"],"items_purchased_type":["Potion"],"build_version":"2020-12-22","purchased_purges":1,"victory":false,"max_hp_per_floor":[80,80,80,80,80,80,80,80,80,80,80],"relic_stats":{"counters":[4,24],"Art of War":[1],"obtain_stats":[{"Art of War":8,"Burning Blood":0,"Unceasing Top":0,"InkBottle":9,"Paper Frog":5},{"Art of War":3,"Burning Blood":0,"Unceasing Top":0,"InkBottle":3,"Paper Frog":2},{"Art of War":17,"Burning Blood":0,"Unceasing Top":0,"InkBottle":17,"Paper Frog":8}],"Burning Blood":18,"Unceasing Top":[0],"InkBottle":[1]},"card_choices":[{"not_picked":["Sword Boomerang","Armaments"],"picked":"Shrug It Off","floor":1},{"not_picked":["Sentinel","Second Wind"],"picked":"Armaments","floor":4},{"not_picked":["Perfected Strike","Clash"],"picked":"Impervious","floor":8}],"player_experience":161210,"relics_obtained":[{"floor":8,"key":"Art of War"},{"floor":9,"key":"InkBottle"}],"event_choices":[{"cards_removed":["Strike_R"],"damage_healed":0,"gold_gain":0,"player_choice":"Offered Basic","damage_taken":0,"max_hp_gain":0,"max_hp_loss":0,"event_name":"Bonfire Elementals","floor":2,"gold_loss":0},{"damage_healed":0,"gold_gain":0,"player_choice":"Success","damage_taken":18,"relics_obtained":["Paper Frog"],"max_hp_gain":0,"max_hp_loss":0,"event_name":"Scrap Ooze","floor":5,"gold_loss":0}],"is_beta":false,"boss_relics":[],"items_purged_floors":[3],"is_endless":false,"potions_floor_spawned":[8],"killed_by":"3 Sentries","ascension_level":3}}