{"host":"fzjk61lpi4bwj033","time":1612722972,"event":{"mods":["BaseMod","Hermit","Jorbs\u0027s Wanderer Trilogy","Minty Spire (QoL Compilation)","Rare Cards Sparkle","Relic Stats","StSLib"],"gold_per_floor":[119,135,147,72,72,72,97,97,122,122,132,165,179,209,209,209,209],"floor_reached":16,"language":"ENG","playtime":447,"items_purged":[],"score":290,"play_id":"f63199e9-4974-48ef-91a6-1c47492e0c7d","local_time":"20210207123612","is_ascension_mode":true,"campfire_choices":[{"data":"Eruption","floor":6,"key":"SMITH"},{"data":"SpiritShield","floor":8,"key":"SMITH"},{"floor":10,"key":"REST"},{"data":"FlurryOfBlows","floor":15,"key":"SMITH"}],"circlet_count":0,"master_deck":["AscendersBane","Strike_P","Strike_P","Strike_P","Defend_P","Defend_P","Defend_P","Defend_P","Eruption+1","Vigilance","FollowUp","SashWhip+1","SpiritShield+1","BowlingBash","ThirdEye","FlurryOfBlows+1","EmptyFist"],"relics":["Philosopher\u0027s Stone","Art of War","Happy Flower","TeardropLocket","WingedGreaves"],"acts_visited":["Exordium"],"potions_floor_usage":[7,12,14],"damage_taken":[{"damage":0,"enemies":"2 Louse","floor":1,"turns":2},{"damage":8,"enemies":"Jaw Worm","floor":2,"turns":3},{"damage":0,"enemies":"Cultist","floor":3,"turns":2},{"damage":26,"enemies":"3 Sentries","floor":7,"turns":9},{"damage":5,"enemies":"Exordium Wildlife","floor":11,"turns":4},{"damage":0,"enemies":"Lagavulin","floor":12,"turns":5},{"damage":2,"enemies":"Blue Slaver","floor":13,"turns":2},{"damage":19,"enemies":"Gremlin Nob","floor":14,"turns":4},{"damage":24,"enemies":"Slime Boss","floor":16,"turns":3}],"seed_played":"-7765059453423624121","potions_obtained":[{"floor":2,"key":"Strength Potion"},{"floor":11,"key":"ColorlessPotion"},{"floor":12,"key":"ColorlessPotion"}],"is_trial":false,"path_per_floor":["M","M","M","?","?","R","E","R","T","R","M","E","M","E","R","B"],"character_chosen":"WATCHER","items_purchased":[],"campfire_rested":1,"item_purchase_floors":[],"current_hp_per_floor":[61,53,53,53,53,53,27,27,27,47,42,42,40,21,21,0,0],"gold":209,"neow_bonus":"BOSS_RELIC","is_daily":false,"chose_seed":false,"campfire_upgraded":3,"win_rate":0.0,"timestamp":1612722972,"path_taken":["M","M","M","?","?","R","E","R","T","R","M","E","M","E","R","BOSS"],"items_purchased_type":[],"build_version":"2020-12-22","purchased_purges":0,"victory":false,"max_hp_per_floor":[68,68,68,68,68,68,68,68,68,68,68,68,68,68,68,68,68],"relic_stats":{"Happy Flower":[6],"counters":[9,34],"Art of War":[2],"obtain_stats":[{"Happy Flower":9,"Philosopher\u0027s Stone":0,"WingedGreaves":14,"Art of War":7,"TeardropLocket":12,"PureWater":0},{"Happy Flower":4,"Philosopher\u0027s Stone":0,"WingedGreaves":8,"Art of War":4,"TeardropLocket":6,"PureWater":0},{"Happy Flower":16,"Philosopher\u0027s Stone":0,"WingedGreaves":31,"Art of War":16,"TeardropLocket":25,"PureWater":0}]},"card_choices":[{"not_picked":["JustLucky","ClearTheMind"],"picked":"FollowUp","floor":1},{"not_picked":["FlyingSleeves","Pray"],"picked":"SashWhip","floor":2},{"not_picked":["JustLucky","Protect"],"picked":"SpiritShield","floor":3},{"not_picked":["Swivel","JustLucky"],"picked":"BowlingBash","floor":7},{"not_picked":["Evaluate","FollowUp"],"picked":"ThirdEye","floor":11},{"not_picked":["CutThroughFate","ThirdEye"],"picked":"FlurryOfBlows","floor":12},{"not_picked":["ReachHeaven","InnerPeace"],"picked":"EmptyFist","floor":13},{"not_picked":["Protect","Establishment","Fasting2"],"picked":"SKIP","floor":14}],"player_experience":795627,"relics_obtained":[{"floor":7,"key":"Art of War"},{"floor":9,"key":"Happy Flower"},{"floor":12,"key":"TeardropLocket"},{"floor":14,"key":"WingedGreaves"}],"event_choices":[{"cards_removed":["Strike_P"],"damage_healed":0,"gold_gain":0,"player_choice":"Card Removal","damage_taken":0,"max_hp_gain":0,"max_hp_loss":0,"event_name":"The Cleric","floor":4,"gold_loss":75},{"damage_healed":0,"gold_gain":0,"player_choice":"Grow","damage_taken":0,"max_hp_gain":0,"max_hp_loss":0,"event_name":"Living Wall","floor":5,"gold_loss":0,"cards_upgraded":["SashWhip"]}],"is_beta":false,"boss_relics":[],"items_purged_floors":[],"is_endless":false,"potions_floor_spawned":[2,11,12],"killed_by":"Slime Boss","ascension_level":20}}