{"host":"osk2oboccoevp2u5","time":1612732740,"event":{"mods":["AchievementEnabler","Alarm Clock","BaseMod","Colored Powertips","Disable Question Mark Monsters","Displayed Cursed Tome","Key Reminder","Minty Spire (QoL Compilation)","Potion Indicator Mod","Quick Restart","Rare Cards Sparkle","Reorder Act Four","StSLib","The Cursed","Useless Jewels Mod"],"gold_per_floor":[109,34,334,35,51,51,70,90,90,90,90,103,71,87,87,185,185,195,215,243,256,268,268,30,30,54,69,69,100,7,17,17,17,17],"floor_reached":33,"language":"ENG","playtime":3002,"items_purged":["TheCursedMod:Strike_TheCursed","Regret","TheCursedMod:Strike_TheCursed"],"score":401,"play_id":"37a52d6f-b445-4a63-a4ba-dc9eacdf4d9e","local_time":"20210207171900","is_ascension_mode":true,"campfire_choices":[{"data":"TheCursedMod:CleanUpWorkshop","floor":6,"key":"SMITH"},{"floor":11,"key":"REST"},{"floor":15,"key":"REST"},{"floor":23,"key":"REST"},{"floor":25,"key":"REST"},{"floor":32,"key":"REST"}],"circlet_count":0,"master_deck":["AscendersBane","TheCursedMod:Strike_TheCursed","TheCursedMod:Strike_TheCursed+1","TheCursedMod:Defend_TheCursed","TheCursedMod:Defend_TheCursed+1","TheCursedMod:Defend_TheCursed","TheCursedMod:Defend_TheCursed","TheCursedMod:CursedWand","TheCursedMod:CleanUpWorkshop+1","TheCursedMod:Dregs","TheCursedMod:CircleOfBlood","TheCursedMod:Stigma","TheCursedMod:Wield","TheCursedMod:RavingStaff","TheCursedMod:DemonSword","TheCursedMod:SpitefulStrike","TheCursedMod:FleshFromBone+1","TheCursedMod:SmokeScreen+1","TheCursedMod:HellsGateOpen","TheCursedMod:SpreadPlague+1","TheCursedMod:Stigma","TheCursedMod:SpitefulStrike+1","TheCursedMod:Torture","TheCursedMod:HellfireBreathing","TheCursedMod:SpitefulStrike+1"],"relics":["TheCursedMod:BlackMagic101","Old Coin","Vajra","StrikeDummy","Red Mask","War Paint","Nunchaku","Omamori"],"acts_visited":["Exordium","TheCity"],"potions_floor_usage":[8,16,16,21,27,29,31,33],"damage_taken":[{"damage":12,"enemies":"Small Slimes","floor":1,"turns":4},{"damage":3,"enemies":"2 Louse","floor":5,"turns":2},{"damage":3,"enemies":"Jaw Worm","floor":7,"turns":3},{"damage":25,"enemies":"Lots of Slimes","floor":8,"turns":6},{"damage":2,"enemies":"Looter","floor":12,"turns":3},{"damage":2,"enemies":"Exordium Wildlife","floor":14,"turns":5},{"damage":26,"enemies":"The Guardian","floor":16,"turns":9},{"damage":25,"enemies":"Shell Parasite","floor":18,"turns":12},{"damage":30,"enemies":"3 Byrds","floor":19,"turns":6},{"damage":25,"enemies":"Masked Bandits","floor":20,"turns":6},{"damage":125,"enemies":"Shelled Parasite and Fungi","floor":21,"turns":13},{"damage":42,"enemies":"3 Cultists","floor":22,"turns":8},{"damage":5,"enemies":"Centurion and Healer","floor":27,"turns":6},{"damage":69,"enemies":"Book of Stabbing","floor":29,"turns":6},{"damage":18,"enemies":"Snake Plant","floor":31,"turns":4},{"damage":57,"enemies":"Automaton","floor":33,"turns":6}],"seed_played":"-199646153457060933","potions_obtained":[{"floor":1,"key":"Swift Potion"},{"floor":7,"key":"Strength Potion"},{"floor":8,"key":"CultistPotion"},{"floor":20,"key":"SneckoOil"},{"floor":22,"key":"Block Potion"},{"floor":27,"key":"Regen Potion"},{"floor":29,"key":"SpeedPotion"},{"floor":31,"key":"SkillPotion"}],"is_trial":false,"path_per_floor":["M","$","?","$","M","R","M","M","T","?","R","M","?","M","R","B",null,"M","M","?","M","M","R","$","R","T","M","?","E","$","M","R","B"],"character_chosen":"THE_CURSED","items_purchased":["Vajra","SkillPotion","TheCursedMod:HellsGateOpen","TheCursedMod:SpreadPlague","TheCursedMod:Torture","TheCursedMod:HellfireBreathing"],"campfire_rested":5,"item_purchase_floors":[4,4,24,24,30,30],"current_hp_per_floor":[70,70,67,67,68,68,71,48,48,30,56,58,58,58,84,62,82,61,35,16,66,28,54,54,80,80,79,79,29,29,17,43,0,0],"gold":17,"neow_bonus":"TWENTY_PERCENT_HP_BONUS","is_daily":false,"chose_seed":false,"campfire_upgraded":1,"win_rate":0.0,"timestamp":1612732740,"path_taken":["M","$","?","$","M","R","M","M","T","?","R","M","?","M","R","BOSS","M","M","?","M","M","R","$","R","T","M","?","E","$","M","R","BOSS"],"items_purchased_type":["Relic","Potion","Card","Card","Card","Card"],"build_version":"2020-12-22","purchased_purges":3,"victory":false,"max_hp_per_floor":[89,89,89,89,89,89,89,89,89,89,89,89,89,89,89,89,89,89,89,89,89,89,89,89,89,89,89,89,89,89,89,89,89,89],"card_choices":[{"not_picked":["TheCursedMod:CircleOfFlame","TheCursedMod:SurpriseAttack"],"picked":"TheCursedMod:CircleOfBlood","floor":1},{"not_picked":["TheCursedMod:VitalStrike","TheCursedMod:LuckyCharm","TheCursedMod:CursedSpellbook"],"picked":"SKIP","floor":5},{"not_picked":["TheCursedMod:CircleOfAmplification","TheCursedMod:TroublousMinions","TheCursedMod:Obscuration"],"picked":"SKIP","floor":7},{"not_picked":["TheCursedMod:StingEye","TheCursedMod:FleshFromBone"],"picked":"TheCursedMod:Stigma","floor":8},{"not_picked":["TheCursedMod:FuryStrike","TheCursedMod:Obscuration"],"picked":"TheCursedMod:Wield","floor":12},{"not_picked":["TheCursedMod:ParallelWorld","TheCursedMod:Evocation"],"picked":"TheCursedMod:RavingStaff","floor":14},{"not_picked":["TheCursedMod:DarkBarrier","TheCursedMod:DemonicPact"],"picked":"TheCursedMod:DemonSword","floor":16},{"not_picked":["TheCursedMod:CircleOfFlame","TheCursedMod:CircleOfFocus"],"picked":"TheCursedMod:SpitefulStrike","floor":18},{"not_picked":["TheCursedMod:SpreadPlague+1","TheCursedMod:FuryStrike+1","TheCursedMod:RapidMovement"],"picked":"SKIP","floor":19},{"not_picked":["TheCursedMod:SmokeScreen","TheCursedMod:LuckyCharm"],"picked":"TheCursedMod:FleshFromBone+1","floor":21},{"not_picked":["TheCursedMod:SaltUponWound","TheCursedMod:CircleOfCorruption"],"picked":"TheCursedMod:SmokeScreen","floor":22},{"not_picked":["TheCursedMod:CircleOfAmplification","TheCursedMod:DoubleShield"],"picked":"TheCursedMod:Stigma","floor":27},{"not_picked":["TheCursedMod:SurpriseAttack+1","TheCursedMod:Neurasthenia"],"picked":"TheCursedMod:SpitefulStrike+1","floor":29},{"not_picked":["TheCursedMod:Obscuration+1","TheCursedMod:SurpriseAttack"],"picked":"TheCursedMod:SpitefulStrike+1","floor":31}],"player_experience":1026389,"relics_obtained":[{"floor":9,"key":"StrikeDummy"},{"floor":20,"key":"Red Mask"},{"floor":26,"key":"War Paint"},{"floor":28,"key":"Nunchaku"},{"floor":29,"key":"Omamori"}],"event_choices":[{"damage_healed":0,"gold_gain":0,"player_choice":"Success","damage_taken":3,"relics_obtained":["Old Coin"],"max_hp_gain":0,"max_hp_loss":0,"event_name":"Scrap Ooze","floor":3,"gold_loss":0},{"damage_healed":0,"gold_gain":0,"player_choice":"Entered Light","damage_taken":18,"max_hp_gain":0,"max_hp_loss":0,"event_name":"Shining Light","floor":10,"gold_loss":0,"cards_upgraded":["TheCursedMod:Defend_TheCursed","TheCursedMod:Strike_TheCursed"]},{"damage_healed":0,"gold_gain":0,"player_choice":"Left Gold","damage_taken":0,"max_hp_gain":0,"max_hp_loss":0,"event_name":"World of Goop","floor":13,"gold_loss":32},{"damage_healed":0,"gold_gain":0,"player_choice":"Fought Bandits","damage_taken":0,"max_hp_gain":0,"max_hp_loss":0,"event_name":"Masked Bandits","floor":20,"gold_loss":0},{"damage_healed":0,"gold_gain":0,"player_choice":"Relic","damage_taken":0,"max_hp_gain":0,"max_hp_loss":0,"event_name":"Wheel of Change","floor":28,"gold_loss":0}],"is_beta":false,"boss_relics":[{"not_picked":["Velvet Choker","Pandora\u0027s Box","Philosopher\u0027s Stone"]}],"items_purged_floors":[2,4,24],"is_endless":false,"potions_floor_spawned":[1,7,8,20,22,27,29,31],"killed_by":"Automaton","ascension_level":11}}