{"host":"x3xr1fzypq6qqz5s","time":1612727203,"event":{"mods":["BaseMod","Better Vampires","Colored Powertips","DeckTracker","Highlight Path","Minty Spire (QoL Compilation)","Quick Restart","Rare Cards Sparkle","Relic Stats"],"gold_per_floor":[114,134,153,153,170,170,201,201,201,227,227,227,244,258,258,363,363,378,378,394,410,28,28,38,38,61,72,98,113,74,74,74,178,178,189,239,289,289,304,304,339,9,9,19,32,47,123,158,158,158,158,158,33,65,65],"floor_reached":56,"language":"ZHS","playtime":1921,"items_purged":["Defend_R","Strike_R","Strike_R"],"score":1390,"play_id":"1e2d167c-5539-4431-a515-7efcffa0b78d","local_time":"20210208034643","is_ascension_mode":true,"campfire_choices":[{"data":"Spot Weakness","floor":6.0,"key":"SMITH"},{"data":"Whirlwind","floor":8.0,"key":"SMITH"},{"data":"Entrench","floor":11.0,"key":"SMITH"},{"floor":15.0,"key":"REST"},{"data":"Shrug It Off","floor":23.0,"key":"SMITH"},{"floor":25.0,"key":"REST"},{"data":"Armaments","floor":32.0,"key":"SMITH"},{"data":"Limit Break","floor":40.0,"key":"SMITH"},{"floor":49.0,"key":"RECALL"},{"data":"Rupture","floor":52,"key":"SMITH"}],"circlet_count":0,"master_deck":["Defend_R","Defend_R","Defend_R","Thunderclap","Ghostly Armor+1","Spot Weakness+1","Whirlwind+1","Offering","Entrench+1","Inflame","Offering","Shrug It Off+1","Offering","Headbutt+1","Flex+1","Heavy Blade+1","Armaments+1","Rampage+1","Limit Break+1","Reaper+1","Rupture+1","Bloodletting+1"],"relics":["Burning Blood","Darkstone Periapt","Matryoshka","Molten Egg 2","Runic Cube","ClockworkSouvenir","Shuriken","Gambling Chip","Sozu","Calipers","Du-Vu Doll","Blood Vial","Pen Nib","Blue Candle","Toy Ornithopter","Letter Opener","Incense Burner","Gremlin Horn"],"acts_visited":["TheCity","TheBeyond","TheEnding"],"potions_floor_usage":[55,55,55],"damage_taken":[{"damage":7.0,"enemies":"2 Louse","floor":1.0,"turns":2.0},{"damage":0.0,"enemies":"Cultist","floor":2.0,"turns":3.0},{"damage":0.0,"enemies":"Small Slimes","floor":3.0,"turns":3.0},{"damage":12.0,"enemies":"Red Slaver","floor":5.0,"turns":5.0},{"damage":11.0,"enemies":"Lagavulin","floor":7.0,"turns":7.0},{"damage":37.0,"enemies":"Gremlin Nob","floor":10.0,"turns":4.0},{"damage":6.0,"enemies":"Lots of Slimes","floor":13.0,"turns":1.0},{"damage":8.0,"enemies":"2 Fungi Beasts","floor":14.0,"turns":3.0},{"damage":47.0,"enemies":"Slime Boss","floor":16.0,"turns":10.0},{"damage":12.0,"enemies":"Shell Parasite","floor":18.0,"turns":4.0},{"damage":12.0,"enemies":"2 Thieves","floor":20.0,"turns":2.0},{"damage":12.0,"enemies":"Shelled Parasite and Fungi","floor":21.0,"turns":3.0},{"damage":28.0,"enemies":"Centurion and Healer","floor":24.0,"turns":2.0},{"damage":12.0,"enemies":"3 Cultists","floor":27.0,"turns":1.0},{"damage":18.0,"enemies":"Book of Stabbing","floor":28.0,"turns":2.0},{"damage":12.0,"enemies":"Sentry and Sphere","floor":29.0,"turns":2.0},{"damage":38.0,"enemies":"Automaton","floor":33.0,"turns":5.0},{"damage":13.0,"enemies":"3 Darklings","floor":35.0,"turns":2.0},{"damage":18.0,"enemies":"Mind Bloom Boss Battle","floor":36.0,"turns":3.0},{"damage":12.0,"enemies":"2 Orb Walkers","floor":37.0,"turns":1.0},{"damage":12.0,"enemies":"Orb Walker","floor":39.0,"turns":2.0},{"damage":18.0,"enemies":"Giant Head","floor":41.0,"turns":4.0},{"damage":6.0,"enemies":"3 Darklings","floor":44.0,"turns":2.0},{"damage":25.0,"enemies":"Transient","floor":45.0,"turns":5.0},{"damage":19.0,"enemies":"4 Shapes","floor":46.0,"turns":1.0},{"damage":24.0,"enemies":"Nemesis","floor":48.0,"turns":3.0},{"damage":31,"enemies":"Donu and Deca","floor":50,"turns":2},{"damage":15,"enemies":"Shield and Spear","floor":54,"turns":1},{"damage":100,"enemies":"The Heart","floor":55,"turns":4}],"seed_played":"8220623705081815424","potions_obtained":[{"floor":2.0,"key":"BlessingOfTheForge"},{"floor":3.0,"key":"AttackPotion"},{"floor":7.0,"key":"BloodPotion"},{"floor":10.0,"key":"BlessingOfTheForge"},{"floor":18.0,"key":"Weak Potion"},{"floor":20.0,"key":"FearPotion"},{"floor":28.0,"key":"Regen Potion"}],"is_trial":false,"path_per_floor":["M","M","M","?","M","R","E","R","T","E","R","?","M","M","R","B",null,"M","?","M","M","$","R","M","R","T","M","E","M","$","?","R","B",null,"M","?","?","?","M","R","E","$","T","M","M","M","T","E","R","B",null,"R","$","E","B",null],"character_chosen":"IRONCLAD","items_purchased":["Offering","Headbutt+1","ClockworkSouvenir","Rampage+1","Rupture","Pen Nib"],"campfire_rested":2,"item_purchase_floors":[22,22,22,30,42,42],"current_hp_per_floor":[79,80,80,80,74,74,69,69,69,38,38,38,38,36,60,19,80,74,74,68,62,62,62,40,64,64,58,62,56,56,56,56,24,80,73,61,55,55,49,49,37,37,37,39,77,80,80,62,62,39,80,80,80,71,20],"gold":65,"neow_bonus":"TRANSFORM_CARD","is_daily":false,"chose_seed":false,"campfire_upgraded":7,"win_rate":0.0,"timestamp":1612727203,"path_taken":["M","M","M","?","?","R","E","R","T","E","R","?","M","?","R","BOSS","M","?","?","M","?","R","M","R","T","M","E","M","$","?","R","BOSS","M","?","?","?","M","R","E","?","T","M","?","?","?","E","R","BOSS","R","$","E","BOSS"],"items_purchased_type":["Card","Card","Relic","Card","Card","Relic"],"build_version":"2020-12-22","purchased_purges":3,"victory":true,"max_hp_per_floor":[80,80,80,80,80,80,80,80,80,80,80,80,80,80,80,80,80,80,80,80,80,80,80,80,80,80,80,80,80,80,80,80,80,80,80,80,80,80,80,80,80,80,80,80,80,80,80,80,80,80,80,80,80,80,80],"relic_stats":{"Darkstone Periapt":0,"Gremlin Horn":[0,0],"counters":[29,89],"Blue Candle":[0],"Pen Nib":[3],"Letter Opener":[86],"Burning Blood":157,"Sozu":6,"Blood Vial":10,"Shuriken":[12],"Gambling Chip":[29],"obtain_stats":[{"Darkstone Periapt":7,"Calipers":36,"Gremlin Horn":54,"Blue Candle":43,"Pen Nib":42,"Incense Burner":48,"Letter Opener":47,"Burning Blood":0,"ClockworkSouvenir":22,"Sozu":34,"Du-Vu Doll":37,"Blood Vial":41,"Matryoshka":9,"Shuriken":26,"Gambling Chip":28,"Molten Egg 2":10,"Toy Ornithopter":43,"Runic Cube":17},{"Darkstone Periapt":5,"Calipers":19,"Gremlin Horn":28,"Blue Candle":22,"Pen Nib":22,"Incense Burner":26,"Letter Opener":25,"Burning Blood":0,"ClockworkSouvenir":12,"Sozu":17,"Du-Vu Doll":20,"Blood Vial":22,"Matryoshka":5,"Shuriken":13,"Gambling Chip":15,"Molten Egg 2":6,"Toy Ornithopter":22,"Runic Cube":9},{"Darkstone Periapt":20,"Calipers":64,"Gremlin Horn":85,"Blue Candle":71,"Pen Nib":71,"Incense Burner":82,"Letter Opener":79,"Burning Blood":0,"ClockworkSouvenir":47,"Sozu":59,"Du-Vu Doll":65,"Blood Vial":71,"Matryoshka":20,"Shuriken":49,"Gambling Chip":52,"Molten Egg 2":24,"Toy Ornithopter":71,"Runic Cube":38}],"Toy Ornithopter":15,"Runic Cube":[82]},"card_choices":[{"not_picked":["Twin Strike","Flame Barrier"],"picked":"Ghostly Armor","floor":1.0},{"not_picked":["Seeing Red","Wild Strike"],"picked":"Spot Weakness","floor":2.0},{"not_picked":["Thunderclap","Cleave"],"picked":"Whirlwind","floor":3.0},{"not_picked":["Pommel Strike","Hemokinesis","Sever Soul"],"picked":"SKIP","floor":5.0},{"not_picked":["Iron Wave","Shrug It Off"],"picked":"Offering","floor":7.0},{"not_picked":["Dual Wield","Disarm"],"picked":"Entrench","floor":10.0},{"not_picked":["Feel No Pain","Body Slam+1"],"picked":"Inflame","floor":13.0},{"not_picked":["Perfected Strike+1","Iron Wave+1"],"picked":"Body Slam+1","floor":14.0},{"not_picked":["Immolate+1","Juggernaut"],"picked":"Offering","floor":16.0},{"not_picked":["Thunderclap+1","Dual Wield+1"],"picked":"Shrug It Off","floor":18.0},{"not_picked":["Dark Embrace+1","True Grit","Whirlwind+1"],"picked":"SKIP","floor":20.0},{"not_picked":["Fire Breathing","Anger+1","Wild Strike+1"],"picked":"SKIP","floor":21.0},{"not_picked":["Dropkick+1","Sever Soul+1"],"picked":"Flex+1","floor":24.0},{"not_picked":["Inflame","Combust"],"picked":"Heavy Blade+1","floor":27.0},{"not_picked":["Shockwave","Cleave+1","Perfected Strike+1"],"picked":"SKIP","floor":28.0},{"not_picked":["Warcry","Fire Breathing"],"picked":"Armaments","floor":29.0},{"not_picked":["Corruption","Brutality"],"picked":"Limit Break","floor":33.0},{"not_picked":["Shrug It Off+1","Flex","Wild Strike+1"],"picked":"SKIP","floor":35.0},{"not_picked":["Perfected Strike+1","Body Slam+1"],"picked":"Reaper+1","floor":37.0},{"not_picked":["Havoc+1","Thunderclap+1","Perfected Strike+1"],"picked":"SKIP","floor":39.0},{"not_picked":["Evolve","Bludgeon+1","Twin Strike+1"],"picked":"SKIP","floor":41.0},{"not_picked":["Warcry+1","Blood for Blood+1","Rupture"],"picked":"SKIP","floor":44.0},{"not_picked":["Thunderclap+1","Hemokinesis+1","Iron Wave+1"],"picked":"SKIP","floor":45.0},{"not_picked":["True Grit","Power Through","Headbutt+1"],"picked":"SKIP","floor":46.0},{"not_picked":["Clash+1","Burning Pact+1"],"picked":"Bloodletting+1","floor":48.0},{"not_picked":["Evolve+1","Ghostly Armor","Reaper+1"],"picked":"SKIP","floor":54}],"player_experience":666782,"relics_obtained":[{"floor":7.0,"key":"Darkstone Periapt"},{"floor":9.0,"key":"Matryoshka"},{"floor":10.0,"key":"Molten Egg 2"},{"floor":26.0,"key":"Shuriken"},{"floor":28.0,"key":"Gambling Chip"},{"floor":36.0,"key":"Calipers"},{"floor":37.0,"key":"Du-Vu Doll"},{"floor":41.0,"key":"Blood Vial"},{"floor":43.0,"key":"Blue Candle"},{"floor":43.0,"key":"Toy Ornithopter"},{"floor":47.0,"key":"Letter Opener"},{"floor":48.0,"key":"Incense Burner"},{"floor":54,"key":"Gremlin Horn"}],"event_choices":[{"cards_removed":["Strike_R"],"damage_healed":0.0,"max_hp_gain":0.0,"max_hp_loss":0.0,"gold_gain":0.0,"event_name":"Purifier","player_choice":"Purged","floor":4.0,"gold_loss":0.0,"damage_taken":0.0},{"damage_healed":0.0,"max_hp_gain":0.0,"max_hp_loss":0.0,"gold_gain":0.0,"event_name":"Accursed Blacksmith","player_choice":"Forge","floor":12.0,"gold_loss":0.0,"damage_taken":0.0,"cards_upgraded":["Ghostly Armor"]},{"cards_removed":["Strike_R"],"damage_healed":0.0,"max_hp_gain":0.0,"max_hp_loss":0.0,"gold_gain":0.0,"event_name":"Purifier","player_choice":"Purged","floor":19.0,"gold_loss":0.0,"damage_taken":0.0},{"cards_removed":["Strike_R"],"damage_healed":0.0,"max_hp_gain":0.0,"max_hp_loss":0.0,"gold_gain":0.0,"event_name":"Back to Basics","player_choice":"Elegance","floor":31.0,"gold_loss":0.0,"damage_taken":0.0},{"damage_healed":0.0,"max_hp_gain":0.0,"max_hp_loss":0.0,"gold_gain":0.0,"event_name":"MindBloom","player_choice":"Fight","floor":36.0,"gold_loss":0.0,"damage_taken":0.0},{"damage_healed":0.0,"max_hp_gain":0.0,"max_hp_loss":0.0,"gold_gain":0.0,"event_name":"Mysterious Sphere","player_choice":"Fight","floor":37.0,"gold_loss":0.0,"damage_taken":0.0},{"cards_removed":["Body Slam"],"damage_healed":0.0,"max_hp_gain":0.0,"max_hp_loss":0.0,"gold_gain":0.0,"event_name":"Falling","player_choice":"Removed Attack","floor":38.0,"gold_loss":0.0,"damage_taken":0.0}],"is_beta":false,"boss_relics":[{"not_picked":["SacredBark","Runic Dome"],"picked":"Runic Cube"},{"not_picked":["Astrolabe","Tiny House"],"picked":"Sozu"}],"items_purged_floors":[22,42,53],"is_endless":false,"potions_floor_spawned":[2,3,7,10,18,20,28,29,35,36,41,45,48,54],"ascension_level":1}}