{"host":"c35j6tsoy7cxzn43","time":1612717206,"event":{"mods":["BaseMod","Better Third Choice","BetterRewards","Colored Map","Colored Powertips","Conspire","Highlight Path","Hubris","Infinite Spire","Minty Spire (QoL Compilation)","Quick Restart","Replay The Spire","Shop Mod","StSLib"],"gold_per_floor":[116,127,137,152,152,180,199,199,199,214,214,289,317,340,340,340,340],"floor_reached":16,"language":"ENG","playtime":703,"items_purged":[],"score":112,"play_id":"0975f06a-913b-4ab2-8371-0fc8ab481b0c","local_time":"20210207180006","is_ascension_mode":false,"campfire_choices":[{"data":"Discovery","floor":8,"key":"SMITH"},{"data":"Barricade","floor":15,"key":"SMITH"}],"circlet_count":0,"master_deck":["Strike_R","Strike_R","Strike_R","Strike_R","Strike_R","Defend_R","Defend_R","Defend_R","Bash","Discovery+1","Pummel","Twin Strike","Barricade+1"],"relics":["Burning Blood","Bag of Marbles","Another Sword","Centennial Puzzle"],"acts_visited":["Exordium"],"potions_floor_usage":[13,16,16],"damage_taken":[{"damage":6,"enemies":"Cultist","floor":1,"turns":3},{"damage":10,"enemies":"Small Slimes","floor":2,"turns":4},{"damage":1,"enemies":"2 Louse","floor":3,"turns":2},{"damage":10,"enemies":"Looter","floor":4,"turns":2},{"damage":68,"enemies":"Lagavulin","floor":6,"turns":7},{"damage":0,"enemies":"2 Fungi Beasts","floor":7,"turns":2},{"damage":0,"enemies":"Exordium Wildlife","floor":10,"turns":2},{"damage":4,"enemies":"Gremlin Nob","floor":13,"turns":5},{"damage":17,"enemies":"The Guardian","floor":16,"turns":8}],"seed_played":"2836498025608565000","potions_obtained":[{"floor":2,"key":"Block Potion"},{"floor":7,"key":"LifebloodPotion"},{"floor":10,"key":"conspire:TimeTravelPotion"}],"is_trial":false,"path_per_floor":["M","M","M","M","?","E","M","R","T","M","?","?","E","T","R","B"],"character_chosen":"IRONCLAD","items_purchased":[],"campfire_rested":0,"item_purchase_floors":[],"current_hp_per_floor":[80,76,80,76,81,19,25,25,25,31,24,13,15,15,15,0,0],"gold":340,"neow_bonus":"RANDOM_COLORLESS","is_daily":false,"chose_seed":false,"campfire_upgraded":2,"win_rate":0.0,"timestamp":1612717206,"path_taken":["M","M","M","M","?","E","M","R","T","M","?","?","E","?","R","BOSS"],"items_purchased_type":[],"build_version":"2020-12-22","purchased_purges":0,"victory":false,"max_hp_per_floor":[80,80,80,80,85,85,85,85,85,85,85,85,85,85,85,85,85],"card_choices":[{"not_picked":["ReplayTheSpireMod:Uncanny Aura","Deep Breath"],"picked":"Discovery","floor":0},{"not_picked":["Warcry","Headbutt"],"picked":"Pummel","floor":1},{"not_picked":["Replay:Undeath\u0027s Touch","conspire:ExplosiveBarrier"],"picked":"Twin Strike","floor":2},{"not_picked":["Corruption","Infernal Blade","Anger"],"picked":"SKIP","floor":3},{"not_picked":["Shrug It Off","Body Slam","Searing Blow"],"picked":"SKIP","floor":4},{"not_picked":["Anger","Searing Blow","Body Slam"],"picked":"SKIP","floor":6},{"not_picked":["Armaments","Shrug It Off","Havoc"],"picked":"SKIP","floor":7},{"not_picked":["Warcry","Body Slam","Run Through"],"picked":"SKIP","floor":10},{"not_picked":["Armaments","Body Slam"],"picked":"Barricade","floor":13}],"player_experience":457024,"relics_obtained":[{"floor":6,"key":"Bag of Marbles"},{"floor":9,"key":"Another Sword"},{"floor":13,"key":"Centennial Puzzle"}],"event_choices":[{"damage_healed":0,"gold_gain":0,"player_choice":"Donut","damage_taken":0,"max_hp_gain":5,"max_hp_loss":0,"event_name":"Big Fish","floor":5,"gold_loss":0},{"cards_removed":["Defend_R"],"damage_healed":0,"gold_gain":0,"player_choice":"Card Removal","damage_taken":7,"max_hp_gain":0,"max_hp_loss":0,"event_name":"Golden Wing","floor":11,"gold_loss":0},{"damage_healed":0,"gold_gain":75,"player_choice":"Gold","damage_taken":11,"max_hp_gain":0,"max_hp_loss":0,"event_name":"betterThird:BetterGoop","floor":12,"gold_loss":0}],"is_beta":false,"boss_relics":[],"items_purged_floors":[],"is_endless":false,"potions_floor_spawned":[2,7,10,13],"killed_by":"The Guardian","ascension_level":0}}