{"host":"ooa7gbxz3ilj1hm6","time":1612684439,"event":{"mods":["BaseMod","Colored Map","Downfall","Highlight Path","Minty Spire (QoL Compilation)","StSLib"],"gold_per_floor":[99,118,148,162,147,147,147,132,145,145,145,145,161,261,281,380,430,430,340,359,372,384,284,284,284,184,213,213,213,72,72,82,179,179,179,193,193,210,229,279,279,294,311,311,311,411,411,437,337,337,337,365,132,132,132,132,132,132],"floor_reached":56,"language":"ENG","playtime":2741,"items_purged":["downfall:Malfunctioning","downfall:Bewildered"],"score":708,"play_id":"d3bfc709-83a9-4feb-a84e-dc7e1db35004","local_time":"20210207005359","is_ascension_mode":false,"campfire_choices":[{"data":"Slimebound:FirmFortitude","floor":1,"key":"SMITH"},{"data":"Slimebound:LeadByExample","floor":11,"key":"SMITH"},{"floor":18,"key":"RECALL"},{"floor":23,"key":"REST"},{"data":"Slimebound:SplitBruiser","floor":26,"key":"SMITH"},{"floor":29,"key":"REST"},{"data":"Slimebound:OneTwoCombo","floor":35,"key":"SMITH"},{"data":"Slimebound:SelfFormingGoo","floor":44,"key":"SMITH"},{"data":"Slimebound:SplitMire","floor":47,"key":"SMITH"},{"data":"Slimebound:OneTwoCombo","floor":49,"key":"SMITH"},{"data":"Slimebound:OneTwoCombo","floor":54,"key":"SMITH"}],"circlet_count":0,"master_deck":["Slimebound:Strike_Slimebound","Slimebound:Strike_Slimebound+1","Slimebound:Defend_Slimebound","Slimebound:Defend_Slimebound+1","Slimebound:Defend_Slimebound+1","Slimebound:Defend_Slimebound+1","Slimebound:Split+1","Slimebound:CorrosiveSpit+1","Slimebound:FirmFortitude+1","Slimebound:SplitBruiser+1","Slimebound:SlimeSpikes","Slimebound:LeadByExample+1","Slimebound:LivingWall","Slimebound:SelfFormingGoo+1","Slimebound:SplitBruiser+1","Slimebound:LivingWall","Slimebound:RollThrough","Slimebound:SplitLeeching","Slimebound:PressTheAttack","Slimebound:SplitBruiser","Slimebound:SplitLeeching","Slimebound:OneTwoCombo+1","Slimebound:SplitLeeching","Slimebound:Prepare+1","Slimebound:SlimeTap+1","Slimebound:SplitMire+1","Slimebound:OneTwoCombo+1","Slimebound:OneTwoCombo+1","Slimebound:SplitSpecialist"],"relics":["Slimebound:AbsorbEndCombat","Anchor","Mercury Hourglass","downfall:HeartBlessingRed","downfall:HeartBlessingBlue","Centennial Puzzle","sneckomod:BabySnecko","Nloth\u0027s Gift","Coffee Dripper","Gremlin Horn","FossilizedHelix","Shuriken","White Beast Statue","downfall:HeartBlessingGreen","Bag of Marbles","War Paint"],"acts_visited":["Exordium","TheCity","TheBeyond","TheEnding"],"potions_floor_usage":[],"damage_taken":[{"damage":9,"enemies":"Jaw Worm","floor":2,"turns":5},{"damage":2,"enemies":"2 Louse","floor":4,"turns":3},{"damage":3,"enemies":"downfall:FleeingMerchant","floor":5,"turns":4},{"damage":6,"enemies":"downfall:FleeingMerchant","floor":8,"turns":4},{"damage":7,"enemies":"Small Slimes","floor":9,"turns":4},{"damage":0,"enemies":"3 Louse","floor":13,"turns":2},{"damage":10,"enemies":"2 Fungi Beasts","floor":15,"turns":3},{"damage":0,"enemies":"SI_SHIV_ARCHETYPE","floor":16,"turns":6},{"damage":0,"enemies":"downfall:FleeingMerchant","floor":19,"turns":4},{"damage":9,"enemies":"Shell Parasite","floor":20,"turns":4},{"damage":15,"enemies":"3 Cultists","floor":21,"turns":5},{"damage":19,"enemies":"Cultist and Chosen","floor":22,"turns":5},{"damage":38,"enemies":"Gremlin Leader","floor":27,"turns":5},{"damage":13,"enemies":"downfall:FleeingMerchant","floor":30,"turns":4},{"damage":0,"enemies":"Snake Plant","floor":32,"turns":3},{"damage":46,"enemies":"IC_MUSHROOM_ARCHETYPE","floor":33,"turns":8},{"damage":0,"enemies":"Orb Walker","floor":36,"turns":3},{"damage":0,"enemies":"3 Shapes","floor":38,"turns":4},{"damage":22,"enemies":"Maw","floor":39,"turns":6},{"damage":0,"enemies":"Maw","floor":40,"turns":4},{"damage":0,"enemies":"3 Darklings","floor":42,"turns":3},{"damage":22,"enemies":"Spire Growth","floor":43,"turns":3},{"damage":27,"enemies":"Nemesis","floor":48,"turns":5},{"damage":46,"enemies":"DF_ARCHETYPE_ORBS","floor":50,"turns":9},{"damage":18,"enemies":"downfall:CharBossMerchant","floor":52,"turns":6},{"damage":42,"enemies":"downfall:NeowBoss","floor":55,"turns":12},{"damage":56,"enemies":"downfall:NeowBossFinal","floor":56,"turns":2}],"seed_played":"6832843453733396906","potions_obtained":[{"floor":4,"key":"ColorlessPotion"},{"floor":9,"key":"SneckoOil"},{"floor":13,"key":"Fire Potion"},{"floor":17,"key":"FairyPotion"},{"floor":20,"key":"LiquidBronze"},{"floor":52,"key":"Swift Potion"}],"is_trial":false,"path_per_floor":["R","M","?","M","$","?","T","$","M","?","R","T","M","?","M","B",null,"R","$","M","M","M","R","T","?","R","E","?","R","$","?","M","B",null,"R","M","T","M","M","?","T","M","M","R","?","?","R","E","R","B",null,"E","$","R","B","B"],"character_chosen":"SLIMEBOUND","items_purchased":["Slimebound:SplitBruiser","Slimebound:SplitSpecialist","War Paint"],"campfire_rested":2,"item_purchase_floors":[30,53,53],"current_hp_per_floor":[65,56,56,54,55,55,55,53,48,48,48,48,48,48,38,44,70,70,70,63,50,33,54,54,54,64,30,30,54,43,43,43,5,80,80,80,80,80,64,68,68,76,58,58,70,70,70,43,43,25,70,52,52,52,18,0,0,0],"gold":132,"neow_bonus":"ONE_RANDOM_RARE_CARD","is_daily":false,"chose_seed":false,"campfire_upgraded":8,"win_rate":0.0,"timestamp":1612684439,"path_taken":["R","M","?","M","$","?","T","$","M","?","R","?","M","?","M","BOSS","R","$","M","M","M","R","T","?","R","E","?","R","$","?","M","BOSS","R","M","?","M","?","?","T","M","M","R","?","?","R","E","R","BOSS","E","$","R","BOSS","BOSS"],"items_purchased_type":["Card","Card","Relic"],"build_version":"2020-12-22","purchased_purges":2,"victory":false,"max_hp_per_floor":[65,65,65,65,65,65,65,65,65,65,65,65,65,65,65,65,70,70,70,70,70,70,70,70,70,80,80,80,80,80,80,80,80,80,80,80,80,80,80,80,80,80,80,80,70,70,70,70,70,70,70,70,70,70,70,70,70,70],"card_choices":[{"not_picked":["Slimebound:SamplingLick","Slimebound:RainOfGoop","Slimebound:Recollect"],"picked":"SKIP","floor":2},{"not_picked":["Slimebound:Chomp","Slimebound:SlimeSpikes"],"picked":"Slimebound:SplitBruiser","floor":4},{"not_picked":["Slimebound:ServeAndProtect","Slimebound:DivideAndConquer"],"picked":"Slimebound:SlimeSpikes","floor":5},{"not_picked":["Slimebound:Prepare","Slimebound:ComboTackle"],"picked":"Slimebound:LeadByExample","floor":8},{"not_picked":["Slimebound:DivideAndConquer","Slimebound:ComboTackle","Slimebound:Chomp"],"picked":"SKIP","floor":9},{"not_picked":["Slimebound:FormOfPuddle","Slimebound:SlimeTap","Slimebound:ItLooksTasty"],"picked":"SKIP","floor":13},{"not_picked":["Slimebound:Schlurp","Slimebound:Equalize"],"picked":"Slimebound:LivingWall","floor":15},{"not_picked":["Slimebound:DuplicatedForm","Slimebound:PrepareCrush"],"picked":"Slimebound:SelfFormingGoo","floor":16},{"not_picked":["Slimebound:ItLooksTasty+1","Slimebound:Schlurp","Slimebound:DivideAndConquer"],"picked":"SKIP","floor":19},{"not_picked":["Slimebound:Nibble+1","Slimebound:LeechEnergy"],"picked":"Slimebound:SplitBruiser+1","floor":20},{"not_picked":["Slimebound:Dissolve","Slimebound:ItLooksTasty","Slimebound:HauntingLick"],"picked":"SKIP","floor":21},{"not_picked":["Slimebound:FlameTackle","Slimebound:FinishingTackle+1","Slimebound:SamplingLick"],"picked":"SKIP","floor":22},{"not_picked":["Slimebound:FinishingTackle","Slimebound:ProtectTheBoss"],"picked":"Slimebound:SplitLeeching","floor":27},{"not_picked":["Slimebound:Schlurp","Slimebound:GoopTackle"],"picked":"Slimebound:PressTheAttack","floor":30},{"not_picked":["Slimebound:RallyTheTroops","Slimebound:Chomp+1"],"picked":"Slimebound:SplitLeeching","floor":32},{"not_picked":["Slimebound:SlimeSlap","Slimebound:DuplicatedForm"],"picked":"Slimebound:OneTwoCombo","floor":33},{"not_picked":["Slimebound:Equalize","Slimebound:HungryTackle"],"picked":"Slimebound:SplitLeeching","floor":36},{"not_picked":["Slimebound:GoopTackle+1","Slimebound:FlameTackle","Slimebound:SpikyOuterGoop"],"picked":"SKIP","floor":38},{"not_picked":["Slimebound:Overexert","Slimebound:Dissolve+1"],"picked":"Slimebound:Prepare","floor":39},{"not_picked":["Slimebound:FormOfPuddle+1","Slimebound:FinishingTackle"],"picked":"Slimebound:SlimeTap+1","floor":40},{"not_picked":["Slimebound:HungryTackle+1","Slimebound:GoopSpray+1"],"picked":"Slimebound:SplitMire","floor":42},{"not_picked":["Slimebound:HauntingLick","Slimebound:ForwardTackle+1","Slimebound:ProtectTheBoss"],"picked":"SKIP","floor":43},{"not_picked":["Slimebound:RollThrough+1","Slimebound:FormOfPuddle+1"],"picked":"Slimebound:OneTwoCombo","floor":48},{"not_picked":["Slimebound:TongueLash","Slimebound:BestDefense"],"picked":"Slimebound:OneTwoCombo","floor":52}],"player_experience":66584,"relics_obtained":[{"floor":7,"key":"Anchor"},{"floor":12,"key":"Mercury Hourglass"},{"floor":27,"key":"Centennial Puzzle"},{"floor":37,"key":"Gremlin Horn"},{"floor":40,"key":"FossilizedHelix"},{"floor":41,"key":"Shuriken"},{"floor":48,"key":"White Beast Statue"},{"floor":52,"key":"Bag of Marbles"}],"event_choices":[{"damage_healed":0,"gold_gain":0,"player_choice":"Grow","damage_taken":0,"max_hp_gain":0,"max_hp_loss":0,"event_name":"Living Wall","floor":6,"gold_loss":0,"cards_upgraded":["Slimebound:Split"]},{"damage_healed":0,"gold_gain":0,"cards_transformed":["Slimebound:Strike_Slimebound","Slimebound:Tackle"],"player_choice":"Became Test Subject","damage_taken":0,"max_hp_gain":0,"max_hp_loss":0,"event_name":"Drug Dealer","floor":25,"gold_loss":0,"cards_obtained":["Slimebound:LivingWall","Slimebound:RollThrough"]}],"is_beta":false,"boss_relics":[{"not_picked":["Empty Cage","SacredBark"],"picked":"Tiny House"},{"not_picked":["Snecko Eye","Runic Pyramid"],"picked":"Coffee Dripper"}],"items_purged_floors":[19,30],"is_endless":false,"potions_floor_spawned":[4,9,13,16,20,22,27,39,40,43,52],"killed_by":"downfall:NeowBossFinal","ascension_level":0}}