{"host":"5dhwd44u3dydylwe","time":1612680906,"event":{"mods":["AchievementEnabler","BaseMod","BetterRewards","Dota2Spire","Downfall","Hubris","Minty Spire (QoL Compilation)","Shop Mod","StSLib","Wandering Minibosses"],"gold_per_floor":[99,114,128,128,138,164,164,177,168,68,93,93,116,21,38,28,28,28],"floor_reached":16,"language":"ENG","playtime":1020,"items_purged":["Guardian:Strike_Guardian"],"score":154,"play_id":"409e13fe-c6db-4a37-8c57-933aed38a9c5","local_time":"20210207145506","is_ascension_mode":true,"campfire_choices":[{"data":"Guardian:TwinSlam","floor":1,"key":"SMITH"},{"data":"Guardian:DecasProtection","floor":10,"key":"SMITH"},{"data":"Guardian:CurlUp","floor":12,"key":"SMITH"}],"circlet_count":0,"master_deck":["Guardian:Strike_Guardian","Guardian:Strike_Guardian","Guardian:Strike_Guardian","Guardian:Defend_Guardian","Guardian:Defend_Guardian+1","Guardian:Defend_Guardian","Guardian:Defend_Guardian+1","Guardian:CurlUp+1","Guardian:TwinSlam+1","Guardian:DecasProtection+1","Guardian:TwinSlam+1","Guardian:PiercingHide","Guardian:EvasiveProtocol","Guardian:RefractedBeam","Guardian:Gem_White"],"relics":["Guardian:ModeShifter","Lantern","Oddly Smooth Stone","downfall:HeartBlessingBlue","War Paint","Guardian:PickAxe"],"acts_visited":["Exordium"],"potions_floor_usage":[16,16,16],"damage_taken":[{"damage":0,"enemies":"Small Slimes","floor":2,"turns":3},{"damage":0,"enemies":"Cultist","floor":3,"turns":5},{"damage":0,"enemies":"2 Louse","floor":5,"turns":3},{"damage":12,"enemies":"3 Sentries","floor":6,"turns":8},{"damage":14,"enemies":"Exordium Thugs","floor":8,"turns":6},{"damage":6,"enemies":"2 Fungi Beasts","floor":9,"turns":6},{"damage":10,"enemies":"Gremlin Nob","floor":11,"turns":5},{"damage":0,"enemies":"Lagavulin","floor":13,"turns":10},{"damage":0,"enemies":"downfall:FleeingMerchant","floor":14,"turns":4},{"damage":2,"enemies":"Lots of Slimes","floor":15,"turns":4},{"damage":53,"enemies":"DF_ARCHETYPE_STREAMLINE","floor":16,"turns":14}],"seed_played":"-1537336568240249345","potions_obtained":[{"floor":3,"key":"Fire Potion"},{"floor":8,"key":"Swift Potion"},{"floor":9,"key":"Strength Potion"},{"floor":15,"key":"DistilledChaos"}],"is_trial":false,"path_per_floor":["R","M","M","?","M","E","T","M","M","R","E","R","E","$","M","B"],"character_chosen":"GUARDIAN","items_purchased":[],"campfire_rested":0,"item_purchase_floors":[],"current_hp_per_floor":[80,80,80,80,80,68,68,54,48,58,48,48,48,48,46,0,0,0],"gold":28,"neow_bonus":"RANDOM_COMMON_RELIC","is_daily":false,"chose_seed":false,"campfire_upgraded":3,"win_rate":0.0,"timestamp":1612680906,"path_taken":["R","M","M","?","M","E","T","?","M","R","E","R","E","$","M","BOSS"],"items_purchased_type":[],"build_version":"2020-12-22","purchased_purges":1,"victory":false,"max_hp_per_floor":[80,80,80,80,80,80,80,80,80,90,90,90,90,90,90,90,90,90],"card_choices":[{"not_picked":["Guardian:CrystalBeam","Guardian:WalkerClaw","Guardian:RollAttack"],"picked":"SKIP","floor":2},{"not_picked":["Guardian:Reroute","Guardian:TemporalShield"],"picked":"Guardian:DecasProtection","floor":3},{"not_picked":["Guardian:Clone","Guardian:FloatingOrbs"],"picked":"Guardian:Gem_Red","floor":5},{"not_picked":["Guardian:WalkerClaw","Guardian:BodySlam"],"picked":"Guardian:PiercingHide","floor":6},{"not_picked":["Guardian:Reroute","Guardian:Planning"],"picked":"Guardian:Gem_Purple","floor":8},{"not_picked":["Guardian:Incinerate","Guardian:GemFire"],"picked":"Guardian:EvasiveProtocol","floor":9},{"not_picked":["Guardian:Gem_Green","Guardian:Emergency"],"picked":"Guardian:Gem_Crimson","floor":11},{"not_picked":["Guardian:Emergency","Guardian:Gem_White"],"picked":"Guardian:RefractedBeam","floor":13},{"not_picked":["Guardian:TimeBomb","Guardian:BronzeArmor","Guardian:Gem_Green"],"picked":"SKIP","floor":14},{"not_picked":["Guardian:WalkerClaw","Guardian:PrimingBeam"],"picked":"Guardian:Gem_White","floor":15}],"player_experience":216754,"relics_obtained":[{"floor":6,"key":"Oddly Smooth Stone"},{"floor":11,"key":"War Paint"},{"floor":13,"key":"Guardian:PickAxe"}],"event_choices":[],"is_beta":false,"boss_relics":[],"items_purged_floors":[14],"is_endless":false,"potions_floor_spawned":[3,8,9,15],"killed_by":"DF_ARCHETYPE_STREAMLINE","ascension_level":1}}