{"host":"bh6quz2fwdrf21ml","time":1612726892,"event":{"mods":["BaseMod","Better Note","Better Sensory Stone","Better Silent Start","Better Third Choice","BetterRewards","Colored Map","Colored Powertips","Emptier Cage","Friendly Minions","Hermit","Magitek Elite","Minty Spire (QoL Compilation)","Permanent Neow","Relic Filter","Replay The Spire","Robot Space Explorer","Shade Mod","Spicy Shops","StSLib","SuperFastMode"],"gold_per_floor":[114,124,124,299,315,315,355,374,399,418,108,108,183,183,183,183,183],"floor_reached":16,"language":"ENG","playtime":963,"items_purged":["RobotSpaceExplorer:Defend","Doubt"],"score":150,"play_id":"84810661-b298-4db8-b8be-3422be6dfac5","local_time":"20210207134132","is_ascension_mode":false,"campfire_choices":[{"data":"Replay:BasicMightCard","floor":6,"key":"SMITH"},{"floor":15,"key":"REST"}],"circlet_count":0,"master_deck":["RobotSpaceExplorer:Strike","RobotSpaceExplorer:Strike","RobotSpaceExplorer:Strike","RobotSpaceExplorer:Defend","RobotSpaceExplorer:Defend","RobotSpaceExplorer:Defend","RobotSpaceExplorer:Scan","RobotSpaceExplorer:MiniLasers","Replay:BasicMightCard+1","RobotSpaceExplorer:FrostMissile","Enlightenment","RobotSpaceExplorer:Counterblock","RobotSpaceExplorer:GlueSpray","RobotSpaceExplorer:TurboDodge","RobotSpaceExplorer:FreezingShield","RobotSpaceExplorer:FreezeRay","RobotSpaceExplorer:SwiftStep","RobotSpaceExplorer:BigMissile+1","RobotSpaceExplorer:DoubleFind","Juggernaut+1"],"relics":["RobotSpaceExplorer:RoboCore","Chemical X","Incense Burner","Pantograph","Golden Idol","Golden Egg","Blue Doll","Medical Kit"],"acts_visited":["Exordium"],"potions_floor_usage":[7,10],"damage_taken":[{"damage":6,"enemies":"Jaw Worm","floor":1,"turns":2},{"damage":0,"enemies":"2 Louse","floor":2,"turns":3},{"damage":0,"enemies":"Small Slimes","floor":5,"turns":3},{"damage":32,"enemies":"3 Sentries","floor":7,"turns":17},{"damage":0,"enemies":"2 Fungi Beasts","floor":8,"turns":5},{"damage":0,"enemies":"Exordium Thugs","floor":10,"turns":5},{"damage":82,"enemies":"Fading Forest","floor":16,"turns":9}],"seed_played":"-515840621852998134","potions_obtained":[{"floor":5,"key":"Explosive Potion"},{"floor":8,"key":"Fire Potion"}],"is_trial":false,"path_per_floor":["M","M","?","?","M","R","E","M","T","M","$","?","?","?","R","B"],"character_chosen":"RobotSpaceExplorer","items_purchased":["Chemical X","Replay:BasicMightCard","Incense Burner","Pantograph","RobotSpaceExplorer:FrostMissile","Medical Kit","RobotSpaceExplorer:BigMissile+1"],"campfire_rested":1,"item_purchase_floors":[0,0,0,0,0,11,11],"current_hp_per_floor":[69,69,51,51,51,51,19,19,19,19,19,19,8,6,28,0,0],"gold":183,"neow_bonus":"","is_daily":false,"chose_seed":false,"campfire_upgraded":1,"win_rate":0.0,"timestamp":1612726892,"path_taken":["M","M","?","?","M","R","E","M","T","M","$","?","?","?","R","BOSS"],"items_purchased_type":["Relic","Card","Relic","Relic","Card","Relic","Card"],"build_version":"2020-12-22","purchased_purges":2,"victory":false,"max_hp_per_floor":[75,75,75,75,75,75,75,75,75,75,75,75,75,75,75,75,75],"card_choices":[{"not_picked":["RobotSpaceExplorer:SurgingShield","RobotSpaceExplorer:SelfCleaning"],"picked":"RobotSpaceExplorer:Counterblock","floor":1},{"not_picked":["RobotSpaceExplorer:RigExplosive","RobotSpaceExplorer:SurgingShield"],"picked":"RobotSpaceExplorer:GlueSpray","floor":2},{"not_picked":["RobotSpaceExplorer:MakeshiftVolley","RobotSpaceExplorer:FrostMissile"],"picked":"RobotSpaceExplorer:TurboDodge","floor":5},{"not_picked":["RobotSpaceExplorer:ShovelStrike","RobotSpaceExplorer:StunGrenade"],"picked":"RobotSpaceExplorer:FreezingShield","floor":7},{"not_picked":["RobotSpaceExplorer:SurgingShield","RobotSpaceExplorer:SwiftStep"],"picked":"RobotSpaceExplorer:FreezeRay","floor":8},{"not_picked":["RobotSpaceExplorer:Counterblock","RobotSpaceExplorer:Accelerator"],"picked":"RobotSpaceExplorer:SwiftStep","floor":10}],"player_experience":875189,"relics_obtained":[{"floor":7,"key":"Golden Egg"},{"floor":9,"key":"Blue Doll"}],"event_choices":[{"damage_healed":0,"gold_gain":0,"player_choice":"Take Damage","damage_taken":18,"relics_obtained":["Golden Idol"],"max_hp_gain":0,"max_hp_loss":0,"event_name":"Golden Idol","floor":3,"gold_loss":0},{"damage_healed":0,"gold_gain":175,"player_choice":"AGREE","damage_taken":124,"max_hp_gain":0,"max_hp_loss":0,"event_name":"betterThird:BetterSerpent","floor":4,"gold_loss":0},{"damage_healed":0,"gold_gain":0,"cards_transformed":["RobotSpaceExplorer:Strike"],"player_choice":"Change","damage_taken":0,"max_hp_gain":0,"max_hp_loss":0,"event_name":"Living Wall","floor":12,"gold_loss":0,"cards_obtained":["RobotSpaceExplorer:DoubleFind"]},{"damage_healed":0,"gold_gain":75,"player_choice":"Gold","damage_taken":11,"max_hp_gain":0,"max_hp_loss":0,"event_name":"betterThird:BetterGoop","floor":13,"gold_loss":0},{"damage_healed":0,"gold_gain":1,"player_choice":"Card ","damage_taken":2,"max_hp_gain":0,"max_hp_loss":0,"event_name":"betterThird:BetterScrap","floor":14,"gold_loss":0,"cards_obtained":["Juggernaut","Omniscience"]}],"is_beta":false,"boss_relics":[],"items_purged_floors":[0,11],"is_endless":false,"potions_floor_spawned":[5,8],"killed_by":"Fading Forest","ascension_level":0}}