{"host":"rq7gz685gkaokql0","time":1612740943,"event":{"mods":["BaseMod","Hubris","Infinite Spire","Minty Spire (QoL Compilation)","Replay The Spire","StSLib"],"gold_per_floor":[20,120,135,8,35,35,35,69,96,115,135,145,145,145,145],"floor_reached":14,"language":"ENG","playtime":543,"items_purged":[],"score":180,"play_id":"6acf49f7-64db-4a3c-b83e-6e1226ebfc95","local_time":"20210207133543","is_ascension_mode":true,"campfire_choices":[{"data":"Draining Mist","floor":6.0,"key":"SMITH"}],"circlet_count":0,"master_deck":["AscendersBane","Accuracy+1","Strike_G","Strike_G","Strike_G","Strike_G","Strike_G","Defend_G","Defend_G","Defend_G","Defend_G","Defend_G","Survivor","Neutralize","Flechettes+1","Draining Mist+1","Footwork","Deadly Poison+1","Dagger Spray","Fluid Movement","Poisoned Stab","Flying Knee"],"relics":["Ring of the Snake","hubris:CuriousFeather","infinitespire:Satchel","Pet Ghost","Dream Catcher","hubris:Icosahedron"],"acts_visited":["Exordium"],"potions_floor_usage":[14],"damage_taken":[{"damage":8.0,"enemies":"Small Slimes","floor":1.0,"turns":4.0},{"damage":11.0,"enemies":"Cultist","floor":3.0,"turns":4.0},{"damage":23.0,"enemies":"Gremlin Nob","floor":8.0,"turns":4.0},{"damage":2.0,"enemies":"Jaw Worm","floor":10.0,"turns":3.0},{"damage":0.0,"enemies":"2 Fungi Beasts","floor":11.0,"turns":3.0},{"damage":4.0,"enemies":"Large Slime","floor":12.0,"turns":4.0},{"damage":9,"enemies":"3 Sentries","floor":14,"turns":5}],"seed_played":"1801731078387526716","potions_obtained":[{"floor":8.0,"key":"Weak Potion"},{"floor":11.0,"key":"Block Potion"}],"is_trial":false,"path_per_floor":["M","?","M","$","T","R","?","E","T","M","M","M","?","E"],"character_chosen":"THE_SILENT","items_purchased":["Footwork","Deadly Poison+1"],"campfire_rested":0,"item_purchase_floors":[4,4],"current_hp_per_floor":[51,51,40,40,40,40,40,17,17,15,15,11,11,2,2],"gold":145,"neow_bonus":"ONE_RARE_RELIC","is_daily":false,"chose_seed":false,"campfire_upgraded":1,"win_rate":0.0,"timestamp":1612740943,"path_taken":["M","?","?","$","?","R","?","E","T","M","M","M","?","E"],"items_purchased_type":["Card","Card"],"build_version":"2020-12-22","purchased_purges":0,"victory":false,"max_hp_per_floor":[66,66,66,66,66,66,66,66,66,66,66,66,66,66,66],"card_choices":[{"not_picked":["Underhanded Strike","hubris:SlightOfHand"],"picked":"Flechettes","floor":1.0},{"not_picked":["Bane","Blade Dance"],"picked":"Draining Mist","floor":3.0},{"not_picked":["Escape Plan","Slice"],"picked":"Dagger Spray","floor":8.0},{"not_picked":["hubris:SlightOfHand","Backflip"],"picked":"Fluid Movement","floor":10.0},{"not_picked":["Deadly Poison","Reflex"],"picked":"Poisoned Stab","floor":11.0},{"not_picked":["hubris:SlightOfHand","Flechettes"],"picked":"Flying Knee","floor":12.0}],"player_experience":1263499,"relics_obtained":[{"floor":5.0,"key":"infinitespire:Satchel"},{"floor":8.0,"key":"Pet Ghost"},{"floor":9.0,"key":"Dream Catcher"}],"event_choices":[{"damage_healed":0.0,"max_hp_gain":0.0,"max_hp_loss":0.0,"gold_gain":100.0,"event_name":"Wheel of Change","player_choice":"Gold","floor":2.0,"gold_loss":0.0,"damage_taken":0.0}],"is_beta":false,"boss_relics":[],"items_purged_floors":[],"is_endless":false,"potions_floor_spawned":[8,11],"killed_by":"3 Sentries","ascension_level":20}}