{"host":"o9lehcdjc4u6j9un","time":1612689675,"event":{"mods":["BaseMod","Colored Map","Downfall","Hermit","Marisa£®ÏF”Í°°ƒß¿Ì…≥£©","Minty Spire (QoL Compilation)","Reimu£®≤©¿ˆ¡È√Œ£©","Remilia£®¿Ÿ√◊¿Ú—«£©","StSLib","The Runesmith","Youmu£®ªÍ∆«—˝√Œ£©"],"gold_per_floor":[112,132,92,103,3,34,34,47,70,85,98,98,98,126,126,222,222,237,137,137,127,87,87,87],"floor_reached":23,"language":"ZHS","playtime":2547,"items_purged":["Strike_Lin:ReiMu","Strike_Lin:ReiMu"],"score":201,"play_id":"6bdeaf25-453b-493d-8c67-4b713a5443aa","local_time":"20210207172115","is_ascension_mode":false,"campfire_choices":[{"floor":7,"key":"REST"},{"data":"YinYangSange:ReiMu","floor":12,"key":"SMITH"},{"floor":15,"key":"REST"}],"circlet_count":0,"master_deck":["Strike_Lin:ReiMu","Strike_Lin:ReiMu","Defend_Lin:ReiMu","Defend_Lin:ReiMu","Defend_Lin:ReiMu+1","Defend_Lin:ReiMu+1","NB:ReiMu","Stagnation:ReiMu","SpringWay:ReiMu","Meditation:ReiMu","AirStrike:ReiMu","Enchanting:ReiMu","YinYangSange:ReiMu+1","LovePray:ReiMu","CareerPray:ReiMu","LearningPray:ReiMu","DependentForm:ReiMu","Authority:ReiMu","EmergencyTakeOff:ReiMu","SafetyPray:ReiMu"],"relics":["ShineYinYang:ReiMu","KaguraBell:ReiMu","PaintedHorse:ReiMu","Lantern","Runesmith:AutoHammer","Toy Ornithopter","Nilry\u0027s Codex"],"acts_visited":["Exordium","TheCity"],"potions_floor_usage":[6,14,14,23],"damage_taken":[{"damage":0,"enemies":"Jaw Worm","floor":1,"turns":6},{"damage":1,"enemies":"Small Slimes","floor":2,"turns":4},{"damage":3,"enemies":"2 Louse","floor":4,"turns":3},{"damage":13,"enemies":"Lagavulin","floor":6,"turns":7},{"damage":2,"enemies":"Red Slaver","floor":8,"turns":4},{"damage":0,"enemies":"Looter","floor":10,"turns":3},{"damage":0,"enemies":"Large Slime","floor":11,"turns":5},{"damage":26,"enemies":"3 Sentries","floor":14,"turns":10},{"damage":17,"enemies":"The Guardian","floor":16,"turns":9},{"damage":10,"enemies":"Shell Parasite","floor":18,"turns":7},{"damage":8,"enemies":"2 Thieves","floor":21,"turns":4},{"damage":38,"enemies":"Gremlin Leader","floor":23,"turns":5}],"seed_played":"-4317310563101260597","potions_obtained":[{"floor":4,"key":"ColorlessPotion"},{"floor":6,"key":"SteroidPotion"},{"floor":11,"key":"Guardian:BlockOnCardUsePotion"},{"floor":18,"key":"bronze:BurnAndBuffPotion"},{"floor":21,"key":"HakureiPotion:ReiMu"}],"is_trial":false,"path_per_floor":["M","M","?","M","$","E","R","M","T","M","M","R","?","E","R","B",null,"M","$","?","M","?","E"],"character_chosen":"REIMU","items_purchased":["Enchanting:ReiMu"],"campfire_rested":2,"item_purchase_floors":[5],"current_hp_per_floor":[47,46,46,43,43,30,49,47,47,47,47,47,47,21,40,23,65,55,55,39,31,31,0,0],"gold":87,"neow_bonus":"ONE_RARE_RELIC","is_daily":false,"chose_seed":false,"campfire_upgraded":1,"win_rate":0.0,"timestamp":1612689675,"path_taken":["M","M","?","M","$","E","R","M","T","M","M","R","?","E","R","BOSS","M","$","?","M","?","E"],"items_purchased_type":["Card"],"build_version":"2020-12-22","purchased_purges":2,"victory":false,"max_hp_per_floor":[65,65,65,65,65,65,65,65,65,65,65,65,65,65,65,65,65,65,65,65,65,65,65,65],"card_choices":[{"not_picked":["Enchanting:ReiMu","CareerPray:ReiMu"],"picked":"SpringWay:ReiMu","floor":1},{"not_picked":["RainPray2:ReiMu","SpringWay:ReiMu"],"picked":"Meditation:ReiMu","floor":2},{"not_picked":["EmergencyTakeOff:ReiMu","Conquer:ReiMu"],"picked":"AirStrike:ReiMu","floor":4},{"not_picked":["AirStrike:ReiMu","Conquer:ReiMu"],"picked":"YinYangSange:ReiMu","floor":6},{"not_picked":["PrepareRite:ReiMu","Free:ReiMu"],"picked":"LovePray:ReiMu","floor":8},{"not_picked":["FantasyBorder:ReiMu","BarrageOfMoneybags:ReiMu"],"picked":"CareerPray:ReiMu","floor":10},{"not_picked":["WonderfulDomain:ReiMu","KamiSacrifice:ReiMu"],"picked":"LearningPray:ReiMu","floor":11},{"not_picked":["TightArray:ReiMu","CollectionFlower2:ReiMu"],"picked":"DependentForm:ReiMu","floor":14},{"not_picked":["YinYang:ReiMu","BlastKick2:ReiMu"],"picked":"Authority:ReiMu","floor":16},{"not_picked":["Mountainwind:ReiMu","AlertArray:ReiMu"],"picked":"EmergencyTakeOff:ReiMu","floor":18},{"not_picked":["EmergencyTakeOff:ReiMu","YinYang:ReiMu"],"picked":"SafetyPray:ReiMu","floor":21}],"player_experience":113035,"relics_obtained":[{"floor":6,"key":"Lantern"},{"floor":9,"key":"Runesmith:AutoHammer"},{"floor":14,"key":"Toy Ornithopter"},{"floor":20,"key":"Nilry\u0027s Codex"}],"event_choices":[{"damage_healed":0,"gold_gain":0,"player_choice":"»˚«Æ","damage_taken":0,"relics_obtained":["PaintedHorse:ReiMu"],"max_hp_gain":0,"max_hp_loss":0,"event_name":"yidonshenshe","floor":3,"gold_loss":40},{"damage_healed":0,"gold_gain":0,"player_choice":"Ignored","damage_taken":0,"max_hp_gain":0,"max_hp_loss":0,"event_name":"Liars Game","floor":13,"gold_loss":0},{"damage_healed":0,"gold_gain":0,"player_choice":"Obtained Book","damage_taken":16,"max_hp_gain":0,"max_hp_loss":0,"event_name":"Cursed Tome","floor":20,"gold_loss":0},{"damage_healed":0,"gold_gain":0,"player_choice":"Upgraded Two","damage_taken":0,"max_hp_gain":0,"max_hp_loss":0,"event_name":"Designer","floor":22,"gold_loss":40,"cards_upgraded":["Defend_Lin:ReiMu","Defend_Lin:ReiMu"]}],"is_beta":false,"boss_relics":[{"not_picked":["Tiny House","Runesmith:UraniumAnvil"],"picked":"ShineYinYang:ReiMu"}],"items_purged_floors":[5,19],"is_endless":false,"potions_floor_spawned":[4,6,11,18,21],"killed_by":"Gremlin Leader","ascension_level":0}}