{"host":"qeogwbudlaqzb6hy","time":1612692239,"event":{"mods":["BaseMod","Minty Spire (QoL Compilation)","StSLib","The Runesmith"],"gold_per_floor":[112,122,122,136,64,96,96,96,96,96,116,116,148,168,168,264,264,282,282,282,295,102,102,132,132,132,147,147,159,185,32,32,127,127,144,0,19,19,35,35,70,70,97,113,113,79,79,98,98,98],"floor_reached":51,"language":"ENG","playtime":4440,"items_purged":["Runesmith:Strike_RS"],"score":698,"play_id":"81089eae-4f39-4e13-bcdf-fa1f141a0a5d","local_time":"20210207200359","is_ascension_mode":false,"campfire_choices":[{"data":"Runesmith:Permafrost","floor":7,"key":"SMITH"},{"data":"Runesmith:HeatExchange","floor":8,"key":"SMITH"},{"data":"Runesmith:Firestorm","floor":10,"key":"SMITH"},{"floor":12,"key":"REST"},{"floor":15,"key":"REST"},{"floor":23,"key":"REST"},{"data":"Runesmith:CraftIndustria","floor":25,"key":"SMITH"},{"floor":28,"key":"REST"},{"floor":32,"key":"REST"},{"data":"Runesmith:HammerThrow","floor":40,"key":"SMITH"},{"data":"Runesmith:ChaoticBlast","floor":42,"key":"SMITH"},{"floor":45,"key":"REST"},{"data":"Runesmith:Firestorm","floor":49,"key":"SMITH"}],"circlet_count":0,"master_deck":["Runesmith:Strike_RS","Runesmith:Strike_RS","Runesmith:Strike_RS","Runesmith:Defend_RS","Runesmith:Defend_RS+1","Runesmith:Defend_RS","Runesmith:Defend_RS","Runesmith:CraftFirestone","Runesmith:Fortify+1","Runesmith:CraftVitae","Runesmith:HeatExchange+1","Runesmith:HammerThrow+1","Runesmith:Firestorm+1","Runesmith:Permafrost+1","Runesmith:Repurpose","Runesmith:StaticCage","Runesmith:CraftProtectio","Runesmith:CraftIndustria+1","Runesmith:Overpower+1","Necronomicurse","Runesmith:ChaoticBlast+1","Runesmith:Firestorm+1","Runesmith:BackupBattery","Runesmith:EnergizedChisel","Runesmith:MetallurgicalResearch","Runesmith:CraftObretio+1","Runesmith:Firewall","Runesmith:CraftMedicinae","Runesmith:DoubleUp+1","Runesmith:CraftMagma+1","Runesmith:PoweredAnvil"],"relics":["Runesmith:BrokenRuby","Art of War","WingedGreaves","InkBottle","Tiny Chest","Sozu","MutagenicStrength","Necronomicon","Bag of Preparation","Question Card","War Paint","Runesmith:EmergencyProvisions","Busted Crown","Red Mask","Toxic Egg 2","Juzu Bracelet","Pen Nib"],"acts_visited":["Exordium","TheCity","TheBeyond"],"potions_floor_usage":[14,16,21],"damage_taken":[{"damage":0,"enemies":"Small Slimes","floor":1,"turns":3},{"damage":0,"enemies":"Cultist","floor":2,"turns":4},{"damage":0,"enemies":"2 Louse","floor":4,"turns":3},{"damage":26,"enemies":"3 Sentries","floor":6,"turns":9},{"damage":13,"enemies":"Exordium Wildlife","floor":11,"turns":4},{"damage":4,"enemies":"Lagavulin","floor":13,"turns":6},{"damage":0,"enemies":"2 Fungi Beasts","floor":14,"turns":2},{"damage":5,"enemies":"The Guardian","floor":16,"turns":14},{"damage":21,"enemies":"Spheric Guardian","floor":18,"turns":6},{"damage":0,"enemies":"Chosen","floor":21,"turns":6},{"damage":0,"enemies":"Gremlin Leader","floor":24,"turns":8},{"damage":16,"enemies":"Snecko","floor":27,"turns":6},{"damage":10,"enemies":"Cultist and Chosen","floor":29,"turns":4},{"damage":30,"enemies":"Slavers","floor":30,"turns":4},{"damage":21,"enemies":"Automaton","floor":33,"turns":10},{"damage":3,"enemies":"3 Darklings","floor":35,"turns":5},{"damage":0,"enemies":"Orb Walker","floor":37,"turns":4},{"damage":10,"enemies":"4 Shapes","floor":39,"turns":6},{"damage":1,"enemies":"Giant Head","floor":41,"turns":10},{"damage":28,"enemies":"Transient","floor":44,"turns":5},{"damage":8,"enemies":"Jaw Worm Horde","floor":48,"turns":2},{"damage":20,"enemies":"Awakened One","floor":50,"turns":14}],"seed_played":"7340460954764918645","potions_obtained":[{"floor":4,"key":"Fire Potion"},{"floor":11,"key":"Fire Potion"},{"floor":13,"key":"BlessingOfTheForge"}],"is_trial":false,"path_per_floor":["M","M","?","M","$","E","R","R","T","R","M","R","E","M","R","B",null,"M","?","?","M","$","R","E","R","T","M","R","M","E","$","R","B",null,"M","?","M","T","M","R","E","R","T","M","R","$","?","M","R","B",null],"character_chosen":"RUNESMITH_CLASS","items_purchased":["Runesmith:Firestorm","Runesmith:Firestorm","Runesmith:BackupBattery","Runesmith:EmergencyProvisions","Runesmith:PoweredAnvil"],"campfire_rested":6,"item_purchase_floors":[5,22,22,31,46],"current_hp_per_floor":[70,70,70,70,70,44,44,44,44,44,31,52,48,48,69,64,70,49,49,33,33,33,54,54,54,54,38,59,49,19,19,40,19,70,70,70,70,70,63,63,65,65,65,37,58,58,58,50,50,33],"gold":98,"neow_bonus":"RANDOM_COMMON_RELIC","is_daily":false,"chose_seed":false,"campfire_upgraded":7,"win_rate":0.0,"timestamp":1612692239,"path_taken":["M","M","?","M","$","E","R","R","T","R","?","R","E","M","R","BOSS","M","?","?","M","$","R","E","R","T","M","R","M","E","$","R","BOSS","M","?","M","?","M","R","E","R","T","M","R","?","?","M","R","BOSS"],"items_purchased_type":["Card","Card","Card","Relic","Card"],"build_version":"2020-12-22","purchased_purges":1,"victory":true,"max_hp_per_floor":[70,70,70,70,70,70,70,70,70,70,70,70,70,70,70,70,70,70,70,70,70,70,70,70,70,70,70,70,70,70,70,70,70,70,70,70,70,70,70,70,70,70,70,70,70,70,66,66,66,66],"card_choices":[{"not_picked":["Runesmith:ChiselStab","Runesmith:Augment"],"picked":"Runesmith:CraftVitae","floor":1},{"not_picked":["Runesmith:NanitesCloud","Runesmith:ShiftingStrike"],"picked":"Runesmith:HeatExchange","floor":2},{"not_picked":["Runesmith:RuneHurl","Runesmith:Overpower"],"picked":"Runesmith:HammerThrow","floor":4},{"not_picked":["Runesmith:RuneHurl","Runesmith:Empowerment"],"picked":"Runesmith:Permafrost","floor":6},{"not_picked":["Runesmith:HeatExchange","Runesmith:HammerThrow"],"picked":"Runesmith:Repurpose","floor":11},{"not_picked":["Runesmith:EarthShield","Runesmith:Prism"],"picked":"Runesmith:StaticCage","floor":13},{"not_picked":["Runesmith:CraftReservo","Runesmith:Empowerment"],"picked":"Runesmith:CraftProtectio","floor":14},{"not_picked":["Runesmith:CraftMedicinae","Runesmith:LastStand"],"picked":"Runesmith:CraftIndustria","floor":16},{"not_picked":["Runesmith:Prism","Runesmith:WhiteBalance"],"picked":"Runesmith:Overpower+1","floor":18},{"not_picked":["Runesmith:HeatedChisel","Runesmith:ChiselStab+1"],"picked":"Runesmith:ChaoticBlast","floor":21},{"not_picked":["Runesmith:HeatExchange+1","Runesmith:ShiftingStrike"],"picked":"Runesmith:EnergizedChisel","floor":24},{"not_picked":["Runesmith:Grindstone","Runesmith:EarthShield+1","Runesmith:HeatedChisel+1"],"picked":"Runesmith:MetallurgicalResearch","floor":27},{"not_picked":["Runesmith:RuneHurl","Runesmith:CraftProtectio","Runesmith:StaticCage"],"picked":"Runesmith:CraftObretio","floor":29},{"not_picked":["Runesmith:Empowerment","Runesmith:Reinforce","Runesmith:Attraction"],"picked":"Runesmith:Firewall","floor":30},{"not_picked":["Runesmith:GenerateForcefield","Runesmith:UnlimitedPower","Runesmith:CraftIndustria"],"picked":"Runesmith:CraftMedicinae","floor":33},{"not_picked":["Runesmith:UnstableHammer"],"picked":"Runesmith:DoubleUp+1","floor":35},{"not_picked":["Runesmith:RuneHurl","Runesmith:Repurpose"],"picked":"SKIP","floor":37},{"not_picked":["Runesmith:Grindstone+1"],"picked":"Runesmith:CraftMagma+1","floor":39},{"not_picked":["Runesmith:BackupBattery+1","Runesmith:Attraction+1"],"picked":"SKIP","floor":41},{"not_picked":["Runesmith:ShiftingStrike","Runesmith:StaticCage+1"],"picked":"SKIP","floor":44},{"not_picked":["Runesmith:ShiftingStrike+1","Runesmith:ChiselStab+1"],"picked":"SKIP","floor":48}],"player_experience":307114,"relics_obtained":[{"floor":6,"key":"WingedGreaves"},{"floor":9,"key":"InkBottle"},{"floor":13,"key":"Tiny Chest"},{"floor":20,"key":"Necronomicon"},{"floor":24,"key":"Bag of Preparation"},{"floor":26,"key":"Question Card"},{"floor":30,"key":"War Paint"},{"floor":38,"key":"Toxic Egg 2"},{"floor":41,"key":"Juzu Bracelet"},{"floor":43,"key":"Pen Nib"}],"event_choices":[{"damage_healed":0,"gold_gain":0,"player_choice":"Upgraded","damage_taken":0,"max_hp_gain":0,"max_hp_loss":0,"event_name":"Upgrade Shrine","floor":3,"gold_loss":0,"cards_upgraded":["Runesmith:Fortify"]},{"damage_healed":0,"gold_gain":0,"player_choice":"Inject Mutagens","damage_taken":0,"relics_obtained":["MutagenicStrength"],"max_hp_gain":0,"max_hp_loss":0,"event_name":"Drug Dealer","floor":19,"gold_loss":0},{"damage_healed":0,"gold_gain":0,"player_choice":"Obtained Book","damage_taken":16,"max_hp_gain":0,"max_hp_loss":0,"event_name":"Cursed Tome","floor":20,"gold_loss":0},{"damage_healed":0,"gold_gain":0,"player_choice":"Paid","damage_taken":0,"relics_obtained":["Red Mask"],"max_hp_gain":0,"max_hp_loss":0,"event_name":"Tomb of Lord Red Mask","floor":36,"gold_loss":144},{"damage_healed":0,"gold_gain":0,"player_choice":"Max HP","damage_taken":0,"max_hp_gain":0,"max_hp_loss":4,"event_name":"Winding Halls","floor":47,"gold_loss":0}],"is_beta":false,"boss_relics":[{"not_picked":["Runic Dome","Pandora\u0027s Box"],"picked":"Sozu"},{"not_picked":["Tiny House","Black Star"],"picked":"Busted Crown"}],"items_purged_floors":[22],"is_endless":false,"potions_floor_spawned":[4,11,13,21,27,29,33,39,44],"ascension_level":0}}