{"host":"1m3dfme8k5w8sg4k","time":1612741103,"event":{"mods":["AchievementEnabler","BaseMod","Colored Map","Colored Powertips","Minty Spire (QoL Compilation)","Random Character Button","Random Character Mod","Relic Stats","StSLib","everything is the same but u backflip on backflip"],"gold_per_floor":[116,191,204,218,218,218,237,255,282,294,339,351,363,406,418,561,573,601,613,292,292,307,335,335,346,346,346,92,108,140,156,156,255,255,273,285,285,301,347,375,386,386,412,425,455,467,467,502,502,502,502,502,9,44,44,44],"floor_reached":55,"language":"ENG","playtime":3030,"items_purged":["Zap","Strike_B"],"score":782,"play_id":"329e3caa-f56f-4e0b-bab8-0ecce7eeabab","local_time":"20210207183823","is_ascension_mode":false,"campfire_choices":[{"data":"Tempest","floor":6,"key":"SMITH"},{"floor":12,"key":"REST"},{"data":"Rainbow","floor":15,"key":"SMITH"},{"data":"Defragment","floor":24,"key":"SMITH"},{"data":"Glacier","floor":27,"key":"SMITH"},{"data":"Doom and Gloom","floor":32,"key":"SMITH"},{"floor":42,"key":"RECALL"},{"floor":49,"key":"REST"},{"floor":52,"key":"REST"}],"circlet_count":0,"master_deck":["Strike_B+1","Strike_B","Defend_B","Defend_B","Defend_B","Dualcast","Compile Driver","Tempest+1","Consume+1","Cold Snap+1","Coolheaded","Rainbow+1","Echo Form","Fusion","Defragment+1","Reinforced Body","Glacier+1","Glacier+1","Doom and Gloom+1","Electrodynamics+1","Loop+1","Loop+1","Echo Form+1","All For One","Sunder","Buffer+1"],"relics":["Cracked Core","MawBank","Nunchaku","Bloody Idol","Pen Nib","Snecko Eye","Mercury Hourglass","Orichalcum","Frozen Egg 2","Bottled Tornado","Fusion Hammer","Prayer Wheel","Kunai","Whetstone","Lantern","Oddly Smooth Stone","Turnip","Blood Vial"],"acts_visited":["Exordium","TheCity","TheBeyond","TheEnding"],"potions_floor_usage":[11,16,30,38,39,40,45,45,55,55,55],"damage_taken":[{"damage":1,"enemies":"2 Louse","floor":1,"turns":3},{"damage":1,"enemies":"Cultist","floor":3,"turns":3},{"damage":1,"enemies":"Jaw Worm","floor":4,"turns":4},{"damage":15,"enemies":"3 Louse","floor":7,"turns":3},{"damage":3,"enemies":"Looter","floor":8,"turns":3},{"damage":16,"enemies":"Lagavulin","floor":11,"turns":5},{"damage":13,"enemies":"Gremlin Nob","floor":14,"turns":4},{"damage":25,"enemies":"Hexaghost","floor":16,"turns":10},{"damage":25,"enemies":"2 Thieves","floor":18,"turns":3},{"damage":0,"enemies":"Spheric Guardian","floor":22,"turns":3},{"damage":6,"enemies":"Book of Stabbing","floor":23,"turns":5},{"damage":0,"enemies":"3 Cultists","floor":25,"turns":3},{"damage":10,"enemies":"Snecko","floor":29,"turns":4},{"damage":1,"enemies":"Gremlin Leader","floor":30,"turns":4},{"damage":0,"enemies":"Cultist and Chosen","floor":31,"turns":3},{"damage":23,"enemies":"Automaton","floor":33,"turns":9},{"damage":0,"enemies":"3 Shapes","floor":35,"turns":2},{"damage":9,"enemies":"3 Darklings","floor":36,"turns":3},{"damage":10,"enemies":"Sphere and 2 Shapes","floor":38,"turns":3},{"damage":6,"enemies":"2 Orb Walkers","floor":39,"turns":2},{"damage":13,"enemies":"Reptomancer","floor":40,"turns":5},{"damage":13,"enemies":"Maw","floor":41,"turns":5},{"damage":0,"enemies":"Spire Growth","floor":44,"turns":3},{"damage":21,"enemies":"Nemesis","floor":45,"turns":5},{"damage":0,"enemies":"Transient","floor":46,"turns":5},{"damage":12,"enemies":"Reptomancer","floor":48,"turns":4},{"damage":48,"enemies":"Awakened One","floor":50,"turns":9},{"damage":22,"enemies":"Shield and Spear","floor":54,"turns":5},{"damage":48,"enemies":"The Heart","floor":55,"turns":9}],"seed_played":"4836935365615290278","potions_obtained":[{"floor":1,"key":"Dexterity Potion"},{"floor":7,"key":"Energy Potion"},{"floor":14,"key":"Block Potion"},{"floor":18,"key":"Explosive Potion"},{"floor":23,"key":"PowerPotion"},{"floor":30,"key":"DistilledChaos"},{"floor":31,"key":"EssenceOfSteel"},{"floor":36,"key":"Regen Potion"},{"floor":38,"key":"LiquidBronze"},{"floor":40,"key":"Energy Potion"},{"floor":41,"key":"Regen Potion"},{"floor":48,"key":"FocusPotion"}],"is_trial":false,"path_per_floor":["M","?","M","M","?","R","M","M","T","?","E","R","?","E","R","B",null,"M","?","$","?","M","E","R","M","T","R","$","M","E","M","R","B",null,"M","M","?","M","?","E","M","R","T","M","E","M","?","E","R","B",null,"R","$","E","B"],"character_chosen":"DEFECT","items_purchased":["Mercury Hourglass","Frozen Egg 2","Sunder","Dexterity Potion","Turnip"],"campfire_rested":3,"item_purchase_floors":[20,28,53,53,53],"current_hp_per_floor":[67,56,55,54,54,54,39,36,36,36,20,40,40,27,27,2,63,38,38,43,43,48,47,47,52,52,52,52,47,51,56,56,38,63,63,59,59,62,61,53,45,45,50,55,53,58,58,51,60,12,60,60,60,43,0,0],"gold":44,"neow_bonus":"TRANSFORM_TWO_CARDS","is_daily":false,"chose_seed":false,"campfire_upgraded":5,"win_rate":0.0,"timestamp":1612741103,"path_taken":["M","?","M","M","?","R","?","M","T","?","E","R","?","E","R","BOSS","M","?","$","?","M","E","R","M","T","R","$","M","E","M","R","BOSS","M","M","?","M","?","E","M","R","T","M","E","M","?","E","R","BOSS","R","$","E","BOSS"],"items_purchased_type":["Relic","Relic","Card","Potion","Relic"],"build_version":"2020-12-22","purchased_purges":2,"victory":false,"max_hp_per_floor":[68,68,68,68,68,68,68,68,68,68,68,68,63,63,63,63,63,63,63,63,63,63,63,63,63,63,63,63,63,63,63,63,63,63,63,63,63,63,63,63,63,63,63,63,63,63,60,60,60,60,60,60,60,60,60,60],"relic_stats":{"counters":[29,127],"Pen Nib":[13],"Whetstone":["Strike_B","Cold Snap"],"Orichalcum":[72],"MawBank":132,"Mercury Hourglass":[395],"Blood Vial":2,"Nunchaku":[13],"Bloody Idol":95,"Snecko Eye":[156,164,155,150],"Prayer Wheel":3,"Turnip":[2],"Kunai":[13],"obtain_stats":[{"Lantern":45,"Golden Idol":13,"Oddly Smooth Stone":48,"Pen Nib":14,"Whetstone":43,"Orichalcum":23,"Frozen Egg 2":28,"Bottled Tornado":30,"MawBank":9,"Mercury Hourglass":20,"Blood Vial":54,"Nunchaku":11,"Bloody Idol":19,"Snecko Eye":17,"Prayer Wheel":39,"Fusion Hammer":34,"Turnip":53,"Kunai":40,"Cracked Core":0},{"Lantern":24,"Golden Idol":6,"Oddly Smooth Stone":26,"Pen Nib":7,"Whetstone":22,"Orichalcum":11,"Frozen Egg 2":12,"Bottled Tornado":14,"MawBank":5,"Mercury Hourglass":9,"Blood Vial":28,"Nunchaku":6,"Bloody Idol":9,"Snecko Eye":8,"Prayer Wheel":20,"Fusion Hammer":16,"Turnip":27,"Kunai":21,"Cracked Core":0},{"Lantern":96,"Golden Idol":21,"Oddly Smooth Stone":104,"Pen Nib":25,"Whetstone":88,"Orichalcum":46,"Frozen Egg 2":49,"Bottled Tornado":57,"MawBank":16,"Mercury Hourglass":38,"Blood Vial":118,"Nunchaku":21,"Bloody Idol":38,"Snecko Eye":35,"Prayer Wheel":78,"Fusion Hammer":69,"Turnip":113,"Kunai":83,"Cracked Core":0}]},"card_choices":[{"not_picked":["Genetic Algorithm","Beam Cell"],"picked":"Sweeping Beam","floor":1},{"not_picked":["Coolheaded","Beam Cell"],"picked":"Consume","floor":3},{"not_picked":["Beam Cell","Steam","Heatsinks"],"picked":"SKIP","floor":4},{"not_picked":["Reinforced Body","Sweeping Beam"],"picked":"Cold Snap","floor":7},{"not_picked":["Conserve Battery","Amplify"],"picked":"Coolheaded","floor":8},{"not_picked":["Sweeping Beam","Gash","Rip and Tear"],"picked":"SKIP","floor":11},{"not_picked":["Coolheaded","Compile Driver"],"picked":"Rainbow","floor":14},{"not_picked":["Hyperbeam","Creative AI"],"picked":"Echo Form","floor":16},{"not_picked":["Sweeping Beam","Tempest+1","Coolheaded+1"],"picked":"SKIP","floor":18},{"not_picked":["Lockon+1","Rebound+1"],"picked":"Defragment","floor":22},{"not_picked":["Melter","Cold Snap+1"],"picked":"Reinforced Body","floor":23},{"not_picked":["Beam Cell","Rebound"],"picked":"Glacier","floor":25},{"not_picked":["Skim+1","Scrape+1","Gash+1"],"picked":"SKIP","floor":29},{"not_picked":["Cold Snap","Gash+1"],"picked":"Glacier+1","floor":30},{"not_picked":["Cold Snap+1","FTL+1"],"picked":"Doom and Gloom","floor":31},{"not_picked":["Creative AI+1","Amplify"],"picked":"Electrodynamics+1","floor":33},{"not_picked":["Streamline","Turbo+1","Redo"],"picked":"SKIP","floor":35},{"not_picked":["Steam","Compile Driver+1"],"picked":"Loop+1","floor":36},{"not_picked":["BootSequence","Turbo","Conserve Battery+1"],"picked":"SKIP","floor":38},{"not_picked":["Conserve Battery","Beam Cell+1","Redo+1"],"picked":"SKIP","floor":40},{"not_picked":["BootSequence","Turbo+1"],"picked":"Loop+1","floor":41},{"not_picked":["Gash+1","Genetic Algorithm+1","Doom and Gloom"],"picked":"SKIP","floor":41},{"not_picked":["Stack","Force Field"],"picked":"Echo Form+1","floor":44},{"not_picked":["Sweeping Beam","Hologram","Glacier+1"],"picked":"SKIP","floor":44},{"not_picked":["Beam Cell","Cold Snap+1","Reprogram"],"picked":"SKIP","floor":45},{"not_picked":["Redo","Conserve Battery+1","Rebound"],"picked":"SKIP","floor":46},{"not_picked":["Go for the Eyes+1","Stack","Undo+1"],"picked":"SKIP","floor":46},{"not_picked":["Go for the Eyes","Cold Snap+1"],"picked":"All For One","floor":48},{"not_picked":["Scrape","Compile Driver"],"picked":"Buffer+1","floor":54}],"player_experience":1625775,"relics_obtained":[{"floor":9,"key":"MawBank"},{"floor":11,"key":"Nunchaku"},{"floor":14,"key":"Pen Nib"},{"floor":23,"key":"Orichalcum"},{"floor":30,"key":"Bottled Tornado"},{"floor":39,"key":"Prayer Wheel"},{"floor":40,"key":"Kunai"},{"floor":43,"key":"Whetstone"},{"floor":45,"key":"Lantern"},{"floor":48,"key":"Oddly Smooth Stone"},{"floor":54,"key":"Blood Vial"}],"event_choices":[{"damage_healed":0,"gold_gain":75,"player_choice":"Gather Gold","damage_taken":11,"max_hp_gain":0,"max_hp_loss":0,"event_name":"World of Goop","floor":2,"gold_loss":0},{"damage_healed":0,"gold_gain":0,"player_choice":"Upgraded","damage_taken":0,"max_hp_gain":0,"max_hp_loss":0,"event_name":"Upgrade Shrine","floor":5,"gold_loss":0,"cards_upgraded":["Consume"]},{"damage_healed":0,"gold_gain":0,"player_choice":"Grow","damage_taken":0,"max_hp_gain":0,"max_hp_loss":0,"event_name":"Living Wall","floor":10,"gold_loss":0,"cards_upgraded":["Sweeping Beam"]},{"damage_healed":0,"gold_gain":0,"player_choice":"Lose Max HP","damage_taken":0,"relics_obtained":["Golden Idol"],"max_hp_gain":0,"max_hp_loss":5,"event_name":"Golden Idol","floor":13,"gold_loss":0},{"damage_healed":0,"gold_gain":0,"player_choice":"Gave Idol","damage_taken":0,"relics_obtained":["Bloody Idol"],"max_hp_gain":0,"max_hp_loss":0,"event_name":"Forgotten Altar","floor":19,"relics_lost":["Golden Idol"],"gold_loss":0},{"damage_healed":0,"gold_gain":0,"player_choice":"Read","damage_taken":0,"max_hp_gain":0,"max_hp_loss":0,"event_name":"The Library","floor":21,"gold_loss":0,"cards_obtained":["Fusion"]},{"cards_removed":["Sweeping Beam"],"damage_healed":0,"gold_gain":0,"player_choice":"Removed Attack","damage_taken":0,"max_hp_gain":0,"max_hp_loss":0,"event_name":"Falling","floor":37,"gold_loss":0},{"damage_healed":0,"gold_gain":0,"player_choice":"Fight","damage_taken":0,"max_hp_gain":0,"max_hp_loss":0,"event_name":"Mysterious Sphere","floor":39,"gold_loss":0},{"damage_healed":0,"gold_gain":0,"player_choice":"Max HP","damage_taken":0,"max_hp_gain":0,"max_hp_loss":3,"event_name":"Winding Halls","floor":47,"gold_loss":0}],"is_beta":false,"boss_relics":[{"not_picked":["Philosopher\u0027s Stone","Runic Dome"],"picked":"Snecko Eye"},{"not_picked":["Busted Crown","Inserter"],"picked":"Fusion Hammer"}],"items_purged_floors":[20,53],"is_endless":false,"potions_floor_spawned":[1,7,14,18,23,30,31,36,38,40,41,48],"killed_by":"The Heart","ascension_level":0}}