{"host":"oigynbtg272c19pw","time":1612700381,"event":{"mods":["BaseMod","Colored Map","Minty Spire (QoL Compilation)","Relic Stats","Slay the Relics Exporter","StSLib"],"gold_per_floor":[113,128,128,148,148,175,175,194,194,194,73,103,121,141,141,214,214,234,245,245,257,257,257],"floor_reached":22,"playtime":870,"items_purged":["Strike_P"],"score":496,"play_id":"fd9975b7-39d5-4d64-affb-e6307aff6f41","local_time":"20210207131941","is_ascension_mode":true,"campfire_choices":[{"data":"Vault","floor":7.0,"key":"SMITH"},{"data":"BowlingBash","floor":10.0,"key":"SMITH"},{"floor":15,"key":"REST"}],"circlet_count":0,"master_deck":["AscendersBane","Defend_P","Defend_P","Defend_P","Defend_P","Eruption","Vigilance","Vault+1","CarveReality","ClearTheMind","BowlingBash+1","Wireheading+1","Wallop","DevaForm","Tantrum","Judgement","Consecrate","LessonLearned+1","Meditate","EmptyFist"],"relics":["PureWater","Yang","The Courier","Darkstone Periapt","SlaversCollar"],"acts_visited":["Exordium","TheCity"],"potions_floor_usage":[16],"damage_taken":[{"damage":0.0,"enemies":"2 Louse","floor":1.0,"turns":4.0},{"damage":0.0,"enemies":"Small Slimes","floor":2.0,"turns":4.0},{"damage":0.0,"enemies":"Cultist","floor":4.0,"turns":2.0},{"damage":22.0,"enemies":"Gremlin Nob","floor":6.0,"turns":4.0},{"damage":0.0,"enemies":"Exordium Wildlife","floor":8.0,"turns":5.0},{"damage":13,"enemies":"3 Sentries","floor":12,"turns":9},{"damage":0,"enemies":"Red Slaver","floor":13,"turns":2},{"damage":13,"enemies":"Blue Slaver","floor":14,"turns":4},{"damage":0,"enemies":"Slime Boss","floor":16,"turns":5},{"damage":0,"enemies":"Spheric Guardian","floor":18,"turns":3},{"damage":14,"enemies":"Shell Parasite","floor":19,"turns":4},{"damage":31,"enemies":"Snecko","floor":21,"turns":6},{"damage":19,"enemies":"Snake Plant","floor":22,"turns":3}],"seed_played":"-8505024536908289173","potions_obtained":[{"floor":1.0,"key":"FairyPotion"},{"floor":4.0,"key":"LiquidBronze"},{"floor":8.0,"key":"SteroidPotion"},{"floor":13,"key":"BlessingOfTheForge"}],"is_trial":false,"path_per_floor":["M","M","?","M","?","E","R","M","T","R","$","E","M","M","R","B",null,"M","M","?","M","M"],"character_chosen":"WATCHER","items_purchased":["DevaForm"],"campfire_rested":1,"item_purchase_floors":[11],"current_hp_per_floor":[61,61,54,54,54,32,32,32,32,32,32,19,19,6,24,24,53,53,39,39,8,10,10],"gold":257,"neow_bonus":"THREE_RARE_CARDS","is_daily":false,"chose_seed":false,"campfire_upgraded":2,"win_rate":0.0,"timestamp":1612700381,"path_taken":["M","M","?","M","?","E","R","M","T","R","$","E","M","M","R","BOSS","M","?","?","M","M"],"items_purchased_type":["Card"],"build_version":"2020-12-13","purchased_purges":1,"victory":false,"max_hp_per_floor":[62,62,62,62,62,62,62,62,62,62,62,62,62,62,62,62,62,62,62,62,62,62,62],"relic_stats":{"Darkstone Periapt":0,"counters":[13,55],"Yang":[61],"obtain_stats":[{"Darkstone Periapt":12,"SlaversCollar":17,"Yang":6,"The Courier":9,"PureWater":0},{"Darkstone Periapt":6,"SlaversCollar":9,"Yang":4,"The Courier":5,"PureWater":0},{"Darkstone Periapt":28,"SlaversCollar":39,"Yang":14,"The Courier":19,"PureWater":0}]},"card_choices":[{"not_picked":["Brilliance","SpiritShield"],"picked":"Vault","floor":0.0},{"not_picked":["Worship","BowlingBash"],"picked":"CarveReality","floor":1.0},{"not_picked":["CutThroughFate","PathToVictory"],"picked":"ClearTheMind","floor":2.0},{"not_picked":["FollowUp","Prostrate"],"picked":"BowlingBash","floor":4.0},{"not_picked":["EmptyFist","PathToVictory"],"picked":"Wireheading","floor":6.0},{"not_picked":["Prostrate","BattleHymn"],"picked":"Wallop","floor":8.0},{"not_picked":["FlurryOfBlows","JustLucky"],"picked":"Tantrum","floor":12},{"not_picked":["BattleHymn","WindmillStrike"],"picked":"Judgement","floor":13},{"not_picked":["JustLucky","Tantrum"],"picked":"Consecrate","floor":14},{"not_picked":["ConjureBlade","Alpha"],"picked":"LessonLearned","floor":16},{"not_picked":["WreathOfFlame","EmptyBody","FollowUp"],"picked":"SKIP","floor":18},{"not_picked":["Halt","ClearTheMind"],"picked":"Meditate","floor":19},{"not_picked":["Crescendo","CutThroughFate"],"picked":"EmptyFist","floor":21}],"player_experience":1557386,"relics_obtained":[{"floor":6.0,"key":"Yang"},{"floor":9.0,"key":"The Courier"},{"floor":12,"key":"Darkstone Periapt"}],"event_choices":[{"cards_removed":["Strike_P"],"damage_healed":0.0,"max_hp_gain":0.0,"max_hp_loss":0.0,"gold_gain":0.0,"event_name":"Golden Wing","player_choice":"Card Removal","floor":3.0,"gold_loss":0.0,"damage_taken":7.0},{"cards_removed":["Strike_P"],"damage_healed":0.0,"max_hp_gain":0.0,"max_hp_loss":0.0,"gold_gain":0.0,"event_name":"Purifier","player_choice":"Purged","floor":5.0,"gold_loss":0.0,"damage_taken":0.0},{"cards_removed":["Strike_P"],"damage_healed":0,"gold_gain":0,"player_choice":"Purged","damage_taken":0,"max_hp_gain":0,"max_hp_loss":0,"event_name":"Purifier","floor":20,"gold_loss":0}],"is_beta":false,"boss_relics":[{"not_picked":["Velvet Choker","Calling Bell"],"picked":"SlaversCollar"}],"items_purged_floors":[11],"is_endless":false,"potions_floor_spawned":[1,4,8,13],"killed_by":"Snake Plant","ascension_level":20}}