{"host":"17xjy7b7ubl548g2","time":1612676976,"event":{"mods":["2.2 Compatiblity","Act Like it!","Aspiration","Astrologer","Bard","BaseMod","Challenge The Spire","ChefMod","Colored Map","Colored Powertips","Conspire","Elementarium","Energized Spire","Gensokyo","GifTheSpireLib","Halation","Hallownest","Hermit","Hubris","Infinite Spire","Jedi Mod","Jorbs\u0027s Wanderer Trilogy","Marisa（霧雨　魔理沙）","Marked Mod","Menagerie","Minty Spire (QoL Compilation)","Permanent Neow","Reliquary","Replay The Spire","Robot Space Explorer","Spicy Shops","Spire Arcade","StSLib","Stuff the Spire","The Blue Laboratory","The Bug Knight","The Construct","The Disciple","The Hayseed","The Hierophant","The Marked","The Runesmith","The Sage","TheFirefly"],"gold_per_floor":[118,118,118,134,209,209,220,253,253,312,312,331,331,331,331,434,434,450,365,290,290,309,309,343,343,343,377,403,415,415,197,197,335,335,367,405,405,443,443,443,512,512,512,564,621,621,695,695,695,713,713,713,7,41,98,98],"floor_reached":55,"language":"ENG","playtime":5161,"items_purged":["theMarked:Strike","theMarked:Opportunist+1","theMarked:Strike"],"score":1473,"play_id":"794a4803-3996-4129-9ac2-31e394e29ed1","local_time":"20210207004936","is_ascension_mode":true,"campfire_choices":[{"floor":6,"key":"REST"},{"data":"StuffTheSpire:Innocence","floor":11,"key":"SMITH"},{"data":"theMarked:Opportunist","floor":13,"key":"SMITH"},{"data":"theMarked:ParalyzingBlade","floor":15,"key":"SMITH"},{"data":"infinitespire:SevenWalls","floor":23,"key":"SMITH"},{"data":"theMarked:ResourceFulStrike","floor":25,"key":"SMITH"},{"data":"theMarked:StartUp","floor":32,"key":"SMITH"},{"data":"theMarked:TakeOffHeels","floor":40,"key":"SMITH"},{"floor":42,"key":"RECALL"},{"data":"theMarked:Static","floor":46,"key":"SMITH"},{"data":"theMarked:Polarize","floor":49,"key":"SMITH"},{"data":"theMarked:WardOff","floor":52,"key":"SMITH"}],"circlet_count":0,"master_deck":["theMarked:Defend","theMarked:Defend","theMarked:Defend","theMarked:Defend","theMarked:SoldierOfQuellstein+1","theMarked:EnhanceMovement","StuffTheSpire:Innocence+1","theMarked:WastefulAttack","theMarked:ParalyzingBlade+1","theMarked:ElectricStrings","theMarked:WardOff+1","theMarked:ResourceFulStrike+1","theMarked:TakeOffHeels+1","theMarked:Frustration+1","infinitespire:SevenWalls+1","theMarked:Static+1","theMarked:BanishingStrike","theMarked:StartUp+1","theMarked:BanishingStrike","theMarked:HeightenedSenses+1","theMarked:Heritage","theMarked:Defy","theMarked:SwordAndMagic+1","theMarked:ElectricStrings+1","theMarked:SwordAndMagic+1","theMarked:BanishingStrike+1","theMarked:EmpowerWeapon+1","theMarked:Polarize+1","theMarked:WardOff+1"],"relics":["theMarked:ArtifactOfAir","theMarked:Gun","theMarked:VonisonLock","Mercury Hourglass","hubris:CrystalStatue","reliquary:Craggleroot","halation:IllGainedPizza","reliquary:PartyBalloon","conspire:RunicOctahedron","Centennial Puzzle","hubris:SphereOfDissonance","StuffTheSpire:GrapeVine","Bag of Marbles","hubris:Towel","infinitespire:EvilPickle","hubris:ScarierMask","infinitespire:FocusingShard","infinitespire:Broken Mirror","Strange Spoon","StuffTheSpire:Gunfinga","hubris:BundleOfHerbs","Pen Nib"],"acts_visited":["Exordium","TheCity","TheBeyond","TheEnding"],"potions_floor_usage":[8,8,24,41,45,50,50,55,55,55],"damage_taken":[{"damage":1,"enemies":"Jaw Worm","floor":1,"turns":5},{"damage":0,"enemies":"Small Slimes","floor":4,"turns":4},{"damage":0,"enemies":"2 Louse","floor":7,"turns":2},{"damage":4,"enemies":"Gremlin Nob","floor":8,"turns":4},{"damage":1,"enemies":"Large Slime","floor":12,"turns":5},{"damage":0,"enemies":"The Guardian","floor":16,"turns":11},{"damage":0,"enemies":"Shell Parasite","floor":18,"turns":4},{"damage":0,"enemies":"Chosen","floor":22,"turns":5},{"damage":0,"enemies":"conspire:Head Lice","floor":24,"turns":6},{"damage":0,"enemies":"Gremlin Leader","floor":27,"turns":4},{"damage":0,"enemies":"Snecko","floor":29,"turns":3},{"damage":2,"enemies":"Pondfish","floor":33,"turns":9},{"damage":0,"enemies":"3 Shapes","floor":35,"turns":2},{"damage":0,"enemies":"3 Darklings","floor":36,"turns":4},{"damage":0,"enemies":"Jaw Worm Horde","floor":38,"turns":3},{"damage":0,"enemies":"HollowMod:StalkingDevout","floor":41,"turns":6},{"damage":0,"enemies":"Transient","floor":44,"turns":5},{"damage":0,"enemies":"Writhing Mass","floor":45,"turns":5},{"damage":6,"enemies":"Nemesis","floor":47,"turns":5},{"damage":2,"enemies":"Time Eater","floor":50,"turns":11},{"damage":1,"enemies":"Shield and Spear","floor":54,"turns":4},{"damage":78,"enemies":"The Heart","floor":55,"turns":6}],"seed_played":"4538579483968621956","potions_obtained":[{"floor":1,"key":"SpeedPotion"},{"floor":4,"key":"jedi:StrikingPotion"},{"floor":12,"key":"blueLaboratory:PolymorphPotion"},{"floor":29,"key":"SkillPotion"},{"floor":33,"key":"DistilledChaos"},{"floor":35,"key":"blueLaboratory:EnragingPotion"},{"floor":45,"key":"Reflective Coating"},{"floor":48,"key":"blueLaboratory:SavagePotion"},{"floor":48,"key":"blueLaboratory:BottledHope"},{"floor":54,"key":"SpeedPotion"}],"is_trial":false,"path_per_floor":["M","?","?","M","?","R","M","E","T","?","R","M","R","T","R","B",null,"M","?","?","AVR","M","R","E","R","T","E","T","M","?","$","R","B",null,"M","M","?","M","?","R","E","R","T","M","M","R","E","?","R","B",null,"R","$","E","B"],"character_chosen":"THE_DEFAULT","items_purchased":["theMarked:HeightenedSenses+1","theMarked:Heritage","Milkshake","Strange Spoon","StuffTheSpire:Gunfinga","hubris:BundleOfHerbs"],"campfire_rested":1,"item_purchase_floors":[31,31,53,53,53,53],"current_hp_per_floor":[44,44,37,37,26,47,47,43,43,26,26,25,25,25,25,25,59,59,59,59,59,59,59,59,59,59,59,59,59,59,59,59,57,67,67,67,67,67,67,67,67,67,67,67,67,67,61,61,61,59,67,67,67,66,0,0],"gold":98,"neow_bonus":"REMOVE_TWO","is_daily":false,"chose_seed":false,"campfire_upgraded":10,"win_rate":0.0,"timestamp":1612676976,"path_taken":["M","?","?","M","?","R","M","E","T","?","R","M","R","?","R","BOSS","M","?","?","AVR","M","R","E","R","T","E","?","?","?","$","R","BOSS","M","M","?","M","?","R","E","R","T","M","M","R","E","?","R","BOSS","R","$","E","BOSS"],"items_purchased_type":["Card","Card","Potion","Relic","Relic","Relic"],"build_version":"2020-12-22","purchased_purges":3,"victory":false,"max_hp_per_floor":[70,70,70,70,70,70,70,70,70,70,70,70,70,70,70,70,70,70,70,70,70,70,70,70,70,70,70,70,70,70,70,70,70,70,70,70,70,70,70,70,70,70,70,70,70,70,70,70,70,70,70,70,70,70,70,70],"card_choices":[{"not_picked":["theMarked:Aftermath","theMarked:Memento"],"picked":"theMarked:EnhanceMovement","floor":1},{"not_picked":["theMarked:Frustration","theMarked:Reabsorb"],"picked":"theMarked:WastefulAttack","floor":4},{"not_picked":["theMarked:ResourceFulStrike","theMarked:TunnelVision"],"picked":"theMarked:ParalyzingBlade","floor":7},{"not_picked":["theMarked:ResourceFulStrike","theMarked:TakeCover"],"picked":"theMarked:ElectricStrings","floor":8},{"not_picked":["theMarked:Reabsorb","theMarked:Convert"],"picked":"theMarked:WardOff","floor":10},{"not_picked":["theMarked:SwordAndMagic","theMarked:EmpowerWeapon"],"picked":"theMarked:ResourceFulStrike","floor":10},{"not_picked":["theMarked:RepellingDischarge","theMarked:Frustration"],"picked":"theMarked:Opportunist","floor":12},{"not_picked":["theMarked:Challenge","theMarked:Levitate"],"picked":"theMarked:TakeOffHeels","floor":16},{"not_picked":["theMarked:Parkour","theMarked:ParalyzingBlade"],"picked":"theMarked:Frustration+1","floor":18},{"not_picked":["theMarked:WastefulAttack","theMarked:Memento+1"],"picked":"theMarked:Static","floor":22},{"not_picked":["theMarked:MysticalArsenal+1","theMarked:RogueSparks"],"picked":"theMarked:BanishingStrike","floor":24},{"not_picked":["theMarked:AttractMetal","theMarked:HeightenedSenses+1"],"picked":"theMarked:StartUp","floor":27},{"not_picked":["theMarked:GodGivenPower","theMarked:Memento"],"picked":"theMarked:BanishingStrike","floor":29},{"not_picked":["theMarked:SuspiciousRaven","theMarked:ThrowWeapon"],"picked":"theMarked:Defy","floor":33},{"not_picked":["theMarked:TakeCover+1","theMarked:EmpowerWeapon+1"],"picked":"theMarked:SwordAndMagic+1","floor":35},{"not_picked":["theMarked:Seal","theMarked:SwordAndMagic"],"picked":"theMarked:ElectricStrings+1","floor":36},{"not_picked":["theMarked:Improvise+1","theMarked:ElectricStrings"],"picked":"theMarked:SwordAndMagic+1","floor":38},{"not_picked":["theMarked:TakeOffHeels","theMarked:TunnelVision"],"picked":"theMarked:BanishingStrike+1","floor":41},{"not_picked":["theMarked:AttractMetal","theMarked:Reabsorb+1"],"picked":"theMarked:EmpowerWeapon+1","floor":44},{"not_picked":["theMarked:BanishingStrike","theMarked:EmpowerWeapon+1","theMarked:Improvise+1"],"picked":"SKIP","floor":45},{"not_picked":["theMarked:SuspiciousRaven","theMarked:Improvise"],"picked":"theMarked:Polarize","floor":47},{"not_picked":["theMarked:ElectricStrings+1","theMarked:StartUp"],"picked":"theMarked:WardOff+1","floor":54}],"player_experience":2090423,"relics_obtained":[{"floor":8,"key":"theMarked:Gun"},{"floor":9,"key":"theMarked:VonisonLock"},{"floor":10,"key":"Mercury Hourglass"},{"floor":14,"key":"hubris:CrystalStatue"},{"floor":24,"key":"Centennial Puzzle"},{"floor":26,"key":"hubris:SphereOfDissonance"},{"floor":27,"key":"StuffTheSpire:GrapeVine"},{"floor":28,"key":"Bag of Marbles"},{"floor":41,"key":"infinitespire:FocusingShard"},{"floor":47,"key":"infinitespire:Broken Mirror"},{"floor":54,"key":"Pen Nib"}],"event_choices":[{"damage_healed":0,"gold_gain":75,"player_choice":"Gather Gold","damage_taken":11,"max_hp_gain":0,"max_hp_loss":0,"event_name":"World of Goop","floor":5,"gold_loss":0},{"damage_healed":0,"gold_gain":0,"player_choice":"Obtained Relic","damage_taken":0,"relics_obtained":["halation:IllGainedPizza"],"max_hp_gain":0,"max_hp_loss":0,"event_name":"Addict","floor":19,"gold_loss":85},{"cards_removed":["theMarked:Strike"],"damage_healed":0,"gold_gain":0,"player_choice":"Gave Gold","damage_taken":0,"max_hp_gain":0,"max_hp_loss":0,"event_name":"Beggar","floor":20,"gold_loss":75},{"damage_healed":0,"gold_gain":0,"player_choice":"Ignored","damage_taken":0,"max_hp_gain":0,"max_hp_loss":0,"event_name":"Tomb of Lord Red Mask","floor":37,"gold_loss":0},{"damage_healed":0,"gold_gain":0,"player_choice":"Got Potions","damage_taken":0,"max_hp_gain":0,"max_hp_loss":0,"event_name":"Lab","floor":48,"gold_loss":0}],"is_beta":false,"boss_relics":[{"not_picked":["Velvet Choker","energizedSpire:NeverEndingSparkler"],"picked":"reliquary:Craggleroot"},{"not_picked":["halation:LoveArrow","StuffTheSpire:RunicConfusion"],"picked":"hubris:ScarierMask"}],"items_purged_floors":[21,31,53],"is_endless":false,"potions_floor_spawned":[1,4,12,29,33,35,38,45,54],"killed_by":"The Heart","ascension_level":8}}