{"host":"6febr6iklru1ag3j","time":1612728535,"event":{"mods":["BaseMod","Better Note","DeckTracker","Hubris","Minty Spire (QoL Compilation)","Replay The Spire","Shop Mod","StSLib","slay the spire mod where everything is the same but ironclad has a cowboy hat"],"gold_per_floor":[114,131,141,159,56,81,180,207,262,262,262,277,294,369,369,466,516,535,170,187,187,201,201,219,219,219],"floor_reached":25,"language":"ENG","playtime":1327,"items_purged":["Strike_G"],"score":247,"play_id":"a3ade0b6-75e6-489f-adc5-ae102d9563bc","local_time":"20210207150855","is_ascension_mode":true,"campfire_choices":[{"floor":11.0,"key":"REST"},{"floor":15.0,"key":"REST"},{"floor":23.0,"key":"REST"}],"circlet_count":0,"master_deck":["Strike_G","Strike_G","Strike_G","Defend_G","Defend_G","Defend_G","Defend_G","Defend_G","Survivor","Neutralize+1","Dagger Throw","Noxious Fumes","Sneak Up","Deadly Poison","Poison Darts+1","Draining Mist","hubris:SlightOfHand","Backflip","Leg Sweep","Bullet Time","Setup","Calculated Gamble","Footwork","Catalyst"],"relics":["Ring of the Snake","NeowsBlessing","hubris:BottledRain","Matryoshka","Oddly Smooth Stone","Dream Catcher","Tiny House","Omamori","Necronomicon"],"acts_visited":["Exordium","TheCity"],"potions_floor_usage":[],"damage_taken":[{"damage":0.0,"enemies":"Cultist","floor":1.0,"turns":1.0},{"damage":0.0,"enemies":"Jaw Worm","floor":2.0,"turns":1.0},{"damage":0.0,"enemies":"Small Slimes","floor":3.0,"turns":1.0},{"damage":0.0,"enemies":"3 Louse","floor":4.0,"turns":1.0},{"damage":25.0,"enemies":"Lagavulin","floor":6.0,"turns":5.0},{"damage":1.0,"enemies":"Replay:BlueRogue","floor":8.0,"turns":5.0},{"damage":2.0,"enemies":"Blue Slaver","floor":12.0,"turns":3.0},{"damage":4.0,"enemies":"2 Fungi Beasts","floor":13.0,"turns":4.0},{"damage":40.0,"enemies":"Fading Forest","floor":16.0,"turns":11.0},{"damage":2.0,"enemies":"Chosen","floor":18.0,"turns":6.0},{"damage":5.0,"enemies":"Shell Parasite","floor":20.0,"turns":8.0},{"damage":29.0,"enemies":"Shelled Parasite and Fungi","floor":22.0,"turns":10.0},{"damage":34.0,"enemies":"Snake Plant","floor":24.0,"turns":6.0},{"damage":18,"enemies":"Chosen and Byrds","floor":25,"turns":4}],"seed_played":"-1628862035573081833","potions_obtained":[{"floor":3.0,"key":"Explosive Potion"},{"floor":6.0,"key":"Swift Potion"},{"floor":12.0,"key":"SkillPotion"},{"floor":16.0,"key":"Languid Potion"},{"floor":17.0,"key":"Dexterity Potion"},{"floor":22.0,"key":"CultistPotion"}],"is_trial":false,"path_per_floor":["M","M","M","M","$","E","?","E","T","?","R","M","M","?","R","B",null,"M","$","M","?","M","R","M","M"],"character_chosen":"THE_SILENT","items_purchased":["Poison Darts+1","Omamori","Calculated Gamble","Footwork"],"campfire_rested":3,"item_purchase_floors":[5,19,19,19],"current_hp_per_floor":[70,70,70,70,70,45,28,27,27,20,41,39,35,24,45,5,75,73,73,68,52,23,45,11,0,0],"gold":219,"neow_bonus":"THREE_ENEMY_KILL","is_daily":false,"chose_seed":false,"campfire_upgraded":0,"win_rate":0.0,"timestamp":1612728535,"path_taken":["M","?","M","?","?","E","?","E","T","?","R","M","M","?","R","BOSS","M","$","M","?","M","R","M","M"],"items_purchased_type":["Card","Relic","Card","Card"],"build_version":"2020-12-22","purchased_purges":1,"victory":false,"max_hp_per_floor":[70,70,70,70,70,70,70,70,70,70,70,70,70,70,70,70,75,75,75,75,75,75,75,75,75,75],"card_choices":[{"not_picked":["Calculated Gamble","ReplayTheSpireMod:Shiv Toss"],"picked":"Dagger Throw","floor":1.0},{"not_picked":["Hidden Blade","Leg Sweep"],"picked":"Noxious Fumes","floor":2.0},{"not_picked":["PiercingWail","Bane"],"picked":"Sneak Up","floor":3.0},{"not_picked":["Quick Slash","Bane"],"picked":"Deadly Poison","floor":4.0},{"not_picked":["PiercingWail","hubris:SlightOfHand"],"picked":"Draining Mist","floor":6.0},{"not_picked":["Backstab","Sucker Punch"],"picked":"hubris:SlightOfHand","floor":7.0},{"not_picked":["Flying Knee","Blade Dance","Bane"],"picked":"SKIP","floor":8.0},{"not_picked":["Deadly Poison","Underhanded Strike"],"picked":"Backflip","floor":11.0},{"not_picked":["Dagger Spray","Flying Knee","Draining Mist"],"picked":"SKIP","floor":12.0},{"not_picked":["ReplayTheSpireMod:Tripwire","Reflex","Riddle With Holes"],"picked":"SKIP","floor":13.0},{"not_picked":["ReplayTheSpireMod:Tripwire","Reflex","Riddle With Holes"],"picked":"SKIP","floor":13.0},{"not_picked":["Blur","Toxin Wave"],"picked":"Leg Sweep","floor":15.0},{"not_picked":["Doppelganger","Die Die Die"],"picked":"Bullet Time","floor":16.0},{"not_picked":["Crippling Poison","Outmaneuver"],"picked":"Setup","floor":17.0},{"not_picked":["Choke","Quick Slash","Riddle With Holes"],"picked":"SKIP","floor":18.0},{"not_picked":["Dash+1","Cloak And Dagger","Dodge and Roll"],"picked":"SKIP","floor":20.0},{"not_picked":["Dagger Spray","Slice"],"picked":"Catalyst","floor":22.0},{"not_picked":["Riddle With Holes","Flechettes","Dodge and Roll"],"picked":"SKIP","floor":24.0}],"player_experience":441308,"relics_obtained":[{"floor":6.0,"key":"hubris:BottledRain"},{"floor":8.0,"key":"Matryoshka"},{"floor":9.0,"key":"Oddly Smooth Stone"},{"floor":9.0,"key":"Dream Catcher"},{"floor":21.0,"key":"Necronomicon"}],"event_choices":[{"cards_removed":["Strike_G"],"damage_healed":0.0,"max_hp_gain":0.0,"max_hp_loss":0.0,"gold_gain":0.0,"event_name":"Golden Wing","player_choice":"Card Removal","floor":10.0,"gold_loss":0.0,"damage_taken":7.0},{"damage_healed":0.0,"max_hp_gain":0.0,"max_hp_loss":0.0,"gold_gain":75.0,"event_name":"World of Goop","player_choice":"Gather Gold","floor":14.0,"gold_loss":0.0,"damage_taken":11.0},{"damage_healed":0.0,"max_hp_gain":0.0,"max_hp_loss":0.0,"gold_gain":0.0,"event_name":"Cursed Tome","player_choice":"Obtained Book","floor":21.0,"gold_loss":0.0,"damage_taken":16.0}],"is_beta":false,"boss_relics":[{"not_picked":["Sozu","Runic Pyramid"],"picked":"Tiny House"}],"items_purged_floors":[19],"is_endless":false,"potions_floor_spawned":[3,6,12,16,22],"killed_by":"Chosen and Byrds","ascension_level":3}}