{"host":"iao9zlhzdan4iyha","time":1612674023,"event":{"mods":["BaseMod","BetterRewards","Curses Come First","Downfall","Hermit","Ironclad Rager","Minty Spire (QoL Compilation)","Quick Restart","Replay The Spire","Shop Mod","StSLib","The Bug Knight","The Runesmith"],"gold_per_floor":[114,132,97,46,65,65,65],"floor_reached":6,"language":"ENG","playtime":465,"items_purged":[],"score":38,"play_id":"5f957666-c30d-4cd8-acb8-5048a40ce23c","local_time":"20210207050023","is_ascension_mode":true,"campfire_choices":[],"circlet_count":0,"master_deck":["hermit:Strike_Hermit","hermit:Strike_Hermit","hermit:Strike_Hermit","hermit:Strike_Hermit","hermit:Defend_Hermit","hermit:Defend_Hermit","hermit:Defend_Hermit","hermit:Defend_Hermit","hermit:Snapshot","hermit:Covet","ReplayTheSpireMod:Faulty Equipment","hermit:Quickdraw","ReplayTheSpireMod:Trickstab","Panache","hermit:Brawl","hermit:Manifest","hermit:GoldenBullet+1","hermit:WideOpen"],"relics":["hermit:Momento","ReplayTheSpireMod:CursedCoin","Runesmith:Locket","Unceasing Top"],"acts_visited":["Exordium"],"potions_floor_usage":[6],"damage_taken":[{"damage":0,"enemies":"Jaw Worm","floor":1,"turns":2},{"damage":10,"enemies":"Cultist","floor":2,"turns":4},{"damage":8,"enemies":"Small Slimes","floor":5,"turns":4},{"damage":41,"enemies":"Lagavulin","floor":6,"turns":8}],"seed_played":"-3542458154556041734","potions_obtained":[{"floor":1,"key":"LiquidBronze"},{"floor":2,"key":"GamblersBrew"}],"is_trial":false,"path_per_floor":["M","M","?","$","M","E"],"character_chosen":"HERMIT","items_purchased":["ReplayTheSpireMod:CursedCoin","hermit:Quickdraw","Panache","hermit:GoldenBullet+1"],"campfire_rested":0,"item_purchase_floors":[0,0,0,4],"current_hp_per_floor":[40,30,48,48,40,0,0],"gold":65,"neow_bonus":"","is_daily":false,"chose_seed":false,"campfire_upgraded":0,"win_rate":0.0,"timestamp":1612674023,"path_taken":["M","M","?","$","M","E"],"items_purchased_type":["Relic","Card","Card","Card"],"build_version":"2020-12-22","purchased_purges":0,"victory":false,"max_hp_per_floor":[75,75,75,75,75,75,75],"card_choices":[{"not_picked":["hermit:Cheat","hermit:Dive"],"picked":"hermit:Brawl","floor":1},{"not_picked":["hermit:FullyLoaded","hermit:BodyArmor"],"picked":"hermit:Manifest","floor":2},{"not_picked":["hermit:Coalescence","hermit:ShadowCloak"],"picked":"hermit:WideOpen","floor":5}],"player_experience":104102,"relics_obtained":[],"event_choices":[{"damage_healed":18,"gold_gain":0,"player_choice":"Healed","damage_taken":0,"max_hp_gain":0,"max_hp_loss":0,"event_name":"The Cleric","floor":3,"gold_loss":35}],"is_beta":false,"boss_relics":[],"items_purged_floors":[],"is_endless":false,"potions_floor_spawned":[1,2],"killed_by":"Lagavulin","ascension_level":1}}