{"host":"pe7ycb8t2t906so2","time":1612736906,"event":{"mods":["BaseMod","Colored Map","Highlight Path","Minty Spire (QoL Compilation)"],"gold_per_floor":[110,126,137,107,121,121,139,139,215,215,61,61,61],"floor_reached":12,"language":"FRA","playtime":653,"items_purged":["Strike_B"],"score":126,"play_id":"a33eba0d-2ca3-4a5c-8062-234c96b5c515","local_time":"20210207172826","is_ascension_mode":true,"campfire_choices":[{"data":"Zap","floor":6,"key":"SMITH"},{"data":"Dualcast","floor":8,"key":"SMITH"},{"data":"Streamline","floor":10,"key":"SMITH"}],"circlet_count":0,"master_deck":["AscendersBane","Strike_B","Strike_B","Strike_B","Defend_B","Defend_B","Defend_B","Defend_B","Zap+1","Dualcast+1","Multi-Cast","Go for the Eyes","Steam","Streamline+1","Auto Shields","Beam Cell","Self Repair"],"relics":["Cracked Core","White Beast Statue"],"acts_visited":["Exordium"],"potions_floor_usage":[5,12,12],"damage_taken":[{"damage":5,"enemies":"Small Slimes","floor":1,"turns":4},{"damage":1,"enemies":"Cultist","floor":2,"turns":3},{"damage":2,"enemies":"2 Louse","floor":3,"turns":2},{"damage":1,"enemies":"Exordium Wildlife","floor":5,"turns":4},{"damage":11,"enemies":"Looter","floor":7,"turns":3},{"damage":44,"enemies":"Gremlin Nob","floor":12,"turns":4}],"seed_played":"3386265195180369793","potions_obtained":[{"floor":2,"key":"Dexterity Potion"},{"floor":4,"key":"BlessingOfTheForge"},{"floor":5,"key":"SpeedPotion"},{"floor":7,"key":"EssenceOfSteel"}],"is_trial":false,"path_per_floor":["M","M","M","?","M","R","M","R","T","R","$","E"],"character_chosen":"DEFECT","items_purchased":["Self Repair"],"campfire_rested":0,"item_purchase_floors":[11],"current_hp_per_floor":[59,58,56,56,55,55,44,44,44,44,44,0,0],"gold":61,"neow_bonus":"ONE_RANDOM_RARE_CARD","is_daily":false,"chose_seed":false,"campfire_upgraded":3,"win_rate":0.0,"timestamp":1612736906,"path_taken":["M","M","M","?","?","R","M","R","T","R","$","E"],"items_purchased_type":["Card"],"build_version":"2020-12-22","purchased_purges":1,"victory":false,"max_hp_per_floor":[71,71,71,71,71,71,71,71,71,71,71,71,71],"card_choices":[{"not_picked":["Stack","Rip and Tear"],"picked":"Go for the Eyes","floor":1},{"not_picked":["Go for the Eyes","Stack"],"picked":"Steam","floor":2},{"not_picked":["Recycle","Force Field"],"picked":"Streamline","floor":3},{"not_picked":["Recycle","Sweeping Beam"],"picked":"Auto Shields","floor":5},{"not_picked":["Sweeping Beam","Barrage"],"picked":"Beam Cell","floor":7}],"player_experience":1002638,"relics_obtained":[{"floor":9,"key":"White Beast Statue"}],"event_choices":[{"damage_healed":0,"gold_gain":0,"player_choice":"Bought 2 Potions","damage_taken":0,"max_hp_gain":0,"max_hp_loss":0,"event_name":"The Woman in Blue","floor":4,"gold_loss":0}],"is_beta":false,"boss_relics":[],"items_purged_floors":[11],"is_endless":false,"potions_floor_spawned":[2,5,7],"killed_by":"Gremlin Nob","ascension_level":16}}