{"host":"rmsq46plbpwfbxcc","time":1612700566,"event":{"mods":["AchievementEnabler","BaseMod","Colored Map","Colored Powertips","DeckTracker","KOR Keyword Fix","Minty Spire (QoL Compilation)","Permanent Neow","Quick Restart","SuperFastMode"],"gold_per_floor":[113,125,138,150,165,165,198,198],"floor_reached":7,"language":"KOR","playtime":276,"items_purged":[],"score":91,"play_id":"55ac8820-41ef-467b-8076-a7f3fcdc83fc","local_time":"20210207212246","is_ascension_mode":true,"campfire_choices":[{"data":"Neutralize","floor":6,"key":"SMITH"}],"circlet_count":0,"master_deck":["AscendersBane","Strike_G","Strike_G","Strike_G","Strike_G","Strike_G","Defend_G","Defend_G","Defend_G","Defend_G","Defend_G","Survivor","Neutralize+1","Backflip","PiercingWail","Slice"],"relics":["WristBlade","Blue Candle"],"acts_visited":["Exordium"],"potions_floor_usage":[5],"damage_taken":[{"damage":1.0,"enemies":"Cultist","floor":1.0,"turns":5.0},{"damage":1.0,"enemies":"2 Louse","floor":2.0,"turns":2.0},{"damage":2.0,"enemies":"Jaw Worm","floor":3.0,"turns":4.0},{"damage":3.0,"enemies":"Blue Slaver","floor":4.0,"turns":7.0},{"damage":6,"enemies":"Exordium Wildlife","floor":5,"turns":8},{"damage":37,"enemies":"3 Sentries","floor":7,"turns":11}],"seed_played":"-8085020977061868805","potions_obtained":[{"floor":1.0,"key":"PowerPotion"}],"is_trial":false,"path_per_floor":["M","M","M","M","M","R","E"],"character_chosen":"THE_SILENT","items_purchased":[],"campfire_rested":0,"item_purchase_floors":[],"current_hp_per_floor":[62,61,59,56,50,50,13,13],"gold":198,"neow_bonus":"BOSS_RELIC","is_daily":false,"chose_seed":false,"campfire_upgraded":1,"win_rate":0.0,"timestamp":1612700566,"path_taken":["M","?","M","M","M","R","E"],"items_purchased_type":[],"build_version":"2020-12-22","purchased_purges":0,"victory":false,"max_hp_per_floor":[70,70,70,70,70,70,70,70],"card_choices":[{"not_picked":["Bouncing Flask","Outmaneuver"],"picked":"Backflip","floor":1.0},{"not_picked":["Backflip","Outmaneuver","Caltrops"],"picked":"SKIP","floor":2.0},{"not_picked":["Reflex","Bouncing Flask"],"picked":"PiercingWail","floor":3.0},{"not_picked":["Outmaneuver","Prepared","Quick Slash"],"picked":"SKIP","floor":4.0},{"not_picked":["Dagger Throw","Underhanded Strike"],"picked":"Slice","floor":5}],"player_experience":667946,"relics_obtained":[{"floor":7,"key":"Blue Candle"}],"event_choices":[],"is_beta":false,"boss_relics":[],"items_purged_floors":[],"is_endless":false,"potions_floor_spawned":[1],"killed_by":"3 Sentries","ascension_level":13}}