{"host":"ylxam20yo7j5dy26","time":1612670294,"event":{"mods":["100% Spire Juice","ATMod(阿瑾Mod)","Act Like it!","Aspiration","BaseMod","BetterRewards","Conspire","Defuse TimeMaze Blight","Downfall","Energized Spire","Gensokyo","GungeonMod","Hubris","Infinite Spire","Jedi Mod","KomeijiMod","Marisa（F雨　魔理沙）","Minty Spire (QoL Compilation)","MostiFishMod","Quarter Circle Forward PUNCH!","Quick Restart","Red Circlet Mod","Reimu（博丽灵梦）","Reliquary","Remilia（蕾米莉亚）","Replay The Spire","Robot Space Explorer","RumiaBox-露米娅的神秘盒子","Spicy Shops","StSLib","TestMod","The Animator","The Jungle","The Runesmith","【功能Mod】混沌之环修复补丁","【遗物卡牌】REMEMod"],"gold_per_floor":[99,114,114,172,187,217,242,256,268,301,553,567,467,467,484,588,588,588,588,588,588,588,588,588,619,662,695,695,733,758,803,842,975,975,975,1032,345,378,427,427,427,487,487,487,529,591,-1370,-1370,-1239,-1199],"floor_reached":51,"language":"ZHS","playtime":1812,"items_purged":[],"score":1154,"play_id":"8db62420-0f09-48d6-b499-bedfb0a8e51f","local_time":"20210207115814","is_ascension_mode":false,"campfire_choices":[{"data":"MostiFishMod:ForestofLight","floor":1,"key":"SMITH"},{"data":"champ:Taunt","floor":13,"key":"SMITH"},{"data":"champ:RisingSlash","floor":18,"key":"SMITH"},{"data":"champ:PerfectedStrike","floor":23,"key":"SMITH"},{"data":"champ:PerfectedStrike","floor":23,"key":"SMITH"},{"data":"champ:Devastate","floor":35,"key":"SMITH"},{"data":"champ:PerfectedStrike","floor":35,"key":"SMITH"},{"data":"champ:MurderStrike","floor":44,"key":"SMITH"},{"data":"champ:FlashCut","floor":44,"key":"SMITH"}],"circlet_count":0,"master_deck":["champ:Strike","champ:Strike","champ:Strike","champ:Defend","champ:Defend","champ:Execute","champ:Taunt+1","MostiFishMod:ForestofLight+1","champ:PerfectedStrike+1","champ:PerfectedStrike+1","champ:FlashCut+1","champ:RisingSlash+1","champ:PerfectedStrike+1","champ:Devastate+1","champ:MurderStrike+1","champ:FlashCut+1","champ:RisingSlash+1","champ:SwordThrow"],"relics":["champ:ChampionCrown","AT_ATBox","REME_ComplimentaryCards","testmod-TestBox","testmod-HeartOfStrike","PatriotShield","infinitespire:Satchel","jedi:heavyjacket","aspiration:TomeofQuesting","DemoMod:GlassGuonStoneRelic","Meat on the Bone","downfall:HeartBlessingGreen","testmod-CardMagician","aspiration:RitualStick","Juzu Bracelet","aspiration:SeaSaltIceCream","Replay:Arrowhead","hubris:Towel","Replay:Bandana","Pen Nib","reliquary:Sideboard","Ring of Chaos","testmod-Register","Art of War","testmod-BouquetWithThorns","Bottled Flame","TheAbacus","qcfpunch:White_Boots","Pondfish Scales","SynthV:MejaisSoulstealer","hubris:Icosahedron"],"acts_visited":["Exordium","TheCity","TheBeyond"],"potions_floor_usage":[],"damage_taken":[{"damage":0,"enemies":"Jaw Worm","floor":2,"turns":1},{"damage":0,"enemies":"Lagavulin Event","floor":4,"turns":2},{"damage":0,"enemies":"conspire:RoseBush","floor":5,"turns":1},{"damage":0,"enemies":"Lagavulin","floor":6,"turns":1},{"damage":0,"enemies":"2 Louse","floor":8,"turns":2},{"damage":0,"enemies":"conspire:2 RoseBushes","floor":9,"turns":3},{"damage":0,"enemies":"3 Sentries","floor":10,"turns":3},{"damage":0,"enemies":"downfall:FleeingMerchant","floor":11,"turns":3},{"damage":15,"enemies":"Exordium Thugs","floor":12,"turns":2},{"damage":0,"enemies":"Blue Slaver","floor":15,"turns":1},{"damage":0,"enemies":"SI_SHIV_ARCHETYPE","floor":16,"turns":1},{"damage":0,"enemies":"Shell Parasite","floor":25,"turns":1},{"damage":0,"enemies":"Gremlin Leader","floor":26,"turns":1},{"damage":0,"enemies":"conspire:FuzzyDice","floor":27,"turns":2},{"damage":0,"enemies":"conspire:Head Lice","floor":29,"turns":1},{"damage":0,"enemies":"Snake Plant","floor":30,"turns":1},{"damage":0,"enemies":"Centurion and Healer","floor":31,"turns":2},{"damage":0,"enemies":"Sentry and Sphere","floor":32,"turns":2},{"damage":0,"enemies":"WA_ARCHETYPE_CALM","floor":33,"turns":2},{"damage":0,"enemies":"3 Darklings","floor":36,"turns":3},{"damage":0,"enemies":"3 Shapes","floor":38,"turns":2},{"damage":0,"enemies":"Maw","floor":39,"turns":2},{"damage":0,"enemies":"Reptomancer","floor":42,"turns":2},{"damage":0,"enemies":"Jaw Worm Horde","floor":45,"turns":1},{"damage":6,"enemies":"4 Shapes","floor":46,"turns":3},{"damage":20,"enemies":"Transient","floor":49,"turns":4},{"damage":0,"enemies":"DF_ARCHETYPE_ORBS","floor":50,"turns":2}],"seed_played":"-8167263374024218606","potions_obtained":[{"floor":9,"key":"SteroidPotion"},{"floor":12,"key":"Energy Potion"},{"floor":15,"key":"ColorlessPotion"}],"is_trial":false,"path_per_floor":["R","M","?","?","M","E","T","M","M","E","$","M","R","?","M","B",null,"R","?","?","T","?","R","T","M","E","M","?","E","M","M","M","B",null,"R","M","$","M","M","?","T","E","?","R","M","M","$","?","M","B",null],"character_chosen":"THE_CHAMP","items_purchased":["champ:PerfectedStrike","testmod-Register","Art of War","champ:MurderStrike","TheAbacus","qcfpunch:White_Boots","Pondfish Scales","SynthV:MejaisSoulstealer"],"campfire_rested":0,"item_purchase_floors":[11,37,37,37,47,47,47,47],"current_hp_per_floor":[99,99,99,99,99,99,99,99,99,99,99,99,99,99,99,99,99,99,79,79,79,79,79,79,79,79,79,79,79,79,79,79,79,99,99,99,99,99,99,99,99,99,99,99,99,93,93,93,93,94],"gold":-1199,"neow_bonus":"TEN_PERCENT_HP_BONUS","is_daily":false,"chose_seed":false,"campfire_upgraded":9,"win_rate":0.0,"timestamp":1612670294,"path_taken":["R","M","?","?","M","E","T","M","M","E","?","?","R","?","M","BOSS","R","?","?","?","?","R","T","M","E","M","?","E","M","M","M","BOSS","R","M","$","M","M","?","T","E","?","R","M","M","$","?","M","BOSS"],"items_purchased_type":["Card","Relic","Relic","Card","Relic","Relic","Relic","Relic"],"build_version":"2020-12-22","purchased_purges":0,"victory":true,"max_hp_per_floor":[99,99,99,99,99,99,99,99,99,99,99,99,99,99,99,99,99,99,99,99,99,99,99,99,99,99,99,99,99,99,99,99,99,99,99,99,99,99,99,99,99,99,99,99,99,99,99,99,99,99],"card_choices":[{"not_picked":["champ:Backstep","champ:Shatter"],"picked":"champ:PerfectedStrike","floor":2},{"not_picked":["champ:PreemptiveStrike","champ:FanOfKnives"],"picked":"champ:PerfectedStrike","floor":5},{"not_picked":["champ:FocusedDefense","champ:CalledShot"],"picked":"champ:FlashCut","floor":6},{"not_picked":["champ:GutPunch","champ:FlashCut"],"picked":"champ:RisingSlash","floor":8},{"not_picked":["champ:FocusedBerserking","champ:SetATrap","champ:CrownThrow"],"picked":"SKIP","floor":9},{"not_picked":["champ:FanOfKnives","champ:CrookedStrike","champ:Encircle"],"picked":"SKIP","floor":10},{"not_picked":["champ:EnragedBash","champ:FanOfKnives","champ:Encircle"],"picked":"SKIP","floor":11},{"not_picked":["champ:Haymaker","champ:Shatter","champ:UltimateStance"],"picked":"SKIP","floor":12},{"not_picked":["champ:TornadoPunch","champ:GutPunch","champ:CalledShot"],"picked":"SKIP","floor":15},{"not_picked":["champ:StanceDance","champ:CrookedStrike+1","champ:CrownThrow"],"picked":"SKIP","floor":25},{"not_picked":["champ:GladiatorStyle","champ:EnGarde","champ:FocusedDefense"],"picked":"SKIP","floor":26},{"not_picked":["champ:FlashCut","champ:PreciseThrust","champ:BringItOn"],"picked":"SKIP","floor":27},{"not_picked":["champ:DancingMaster","champ:RecklessLeap+1"],"picked":"champ:ShieldWall","floor":29},{"not_picked":["champ:FancyFootwork","champ:PreemptiveStrike"],"picked":"champ:StanceDance+1","floor":30},{"not_picked":["champ:AdrenalArmor+1","champ:FlashCut"],"picked":"champ:SetATrap","floor":31},{"not_picked":["champ:DeathBlow","champ:Shatter"],"picked":"champ:EnGarde+1","floor":32},{"not_picked":["champ:HoldFirm","champ:HeavySlash"],"picked":"champ:IgnorePain","floor":33},{"not_picked":["champ:Backstep+1","champ:Parry+1","champ:ArenaPreparation"],"picked":"SKIP","floor":36},{"not_picked":["champ:GladiatorForm","champ:EnGarde+1"],"picked":"champ:FlashCut+1","floor":38},{"not_picked":["champ:IronFortress+1","champ:Backstep+1","champ:Haymaker"],"picked":"SKIP","floor":39},{"not_picked":["champ:Lariat","champ:IgnorePain","champ:PerfectedStrike"],"picked":"SKIP","floor":42},{"not_picked":["champ:RapidStrikes+1","champ:Lariat","champ:DefensiveShout"],"picked":"SKIP","floor":45},{"not_picked":["champ:FocusedBerserking","champ:HeartStrike","champ:EndlessRage"],"picked":"SKIP","floor":46},{"not_picked":["champ:FancyFootwork+1","champ:FaceSlap+1","champ:FlashCut"],"picked":"SKIP","floor":49}],"player_experience":212905,"relics_obtained":[{"floor":4,"key":"infinitespire:Satchel"},{"floor":6,"key":"jedi:heavyjacket"},{"floor":7,"key":"aspiration:TomeofQuesting"},{"floor":10,"key":"Meat on the Bone"},{"floor":21,"key":"aspiration:SeaSaltIceCream"},{"floor":24,"key":"Replay:Bandana"},{"floor":26,"key":"Pen Nib"},{"floor":29,"key":"reliquary:Sideboard"},{"floor":41,"key":"testmod-BouquetWithThorns"},{"floor":42,"key":"Bottled Flame"}],"event_choices":[{"damage_healed":0,"gold_gain":0,"player_choice":"Swap Relic","damage_taken":0,"relics_obtained":["Juzu Bracelet"],"max_hp_gain":0,"max_hp_loss":0,"event_name":"给自己的盒子","floor":20,"relics_lost":["DaveBox"],"gold_loss":0}],"is_beta":false,"boss_relics":[{"not_picked":["hubris:GrandSneckoEye","qcfpunch:Dark_Gi"],"picked":"testmod-CardMagician"},{"not_picked":["Empty Cage","Velvet Choker"],"picked":"Ring of Chaos"}],"items_purged_floors":[],"is_endless":false,"potions_floor_spawned":[9,12,15,16,29,31,33,36,38,45,46],"ascension_level":0}}