{"host":"mqhvlr3kpxebko0t","time":1612684466,"event":{"mods":["AchievementEnabler","BaseMod","Colored Map","Colored Powertips","KOR Keyword Fix","Keyboard Shortcuts","Minty Spire (QoL Compilation)","StSLib","SuperFastMode"],"gold_per_floor":[115,265,285,285,285,285,315,329,329,329,344,77,77,77,77,156,156,173,14,64,80,90,90,90,90],"floor_reached":24,"language":"KOR","playtime":322,"items_purged":["Strike_G","Strike_G"],"score":393,"play_id":"1b6459ca-2ed3-46a2-a077-c8b7ced0c312","local_time":"20210207165426","is_ascension_mode":true,"campfire_choices":[{"data":"Blade Dance","floor":6,"key":"SMITH"},{"data":"Deadly Poison","floor":13,"key":"SMITH"},{"data":"Neutralize","floor":15,"key":"SMITH"},{"data":"Footwork","floor":23,"key":"SMITH"}],"circlet_count":0,"master_deck":["AscendersBane","Strike_G","Strike_G+1","Defend_G","Defend_G","Defend_G","Defend_G","Defend_G+1","Survivor","Neutralize+1","Blade Dance+1","Calculated Gamble","Escape Plan","Deadly Poison+1","Backflip","Prepared","Backstab","A Thousand Cuts","Reflex+1","Cloak And Dagger","Finisher","Footwork+1"],"relics":["Ring of the Snake","NeowsBlessing","Spirit Poop","Juzu Bracelet","Eternal Feather","Cursed Key"],"acts_visited":["Exordium","TheCity"],"potions_floor_usage":[22,22],"damage_taken":[{"damage":0,"enemies":"2 Louse","floor":1,"turns":1},{"damage":0,"enemies":"Small Slimes","floor":3,"turns":1},{"damage":0,"enemies":"Lagavulin","floor":7,"turns":1},{"damage":4,"enemies":"Cultist","floor":8,"turns":3},{"damage":7,"enemies":"Exordium Thugs","floor":11,"turns":5},{"damage":32,"enemies":"Hexaghost","floor":16,"turns":9},{"damage":14,"enemies":"2 Thieves","floor":18,"turns":4},{"damage":6,"enemies":"Spheric Guardian","floor":21,"turns":3},{"damage":13,"enemies":"Snecko","floor":22,"turns":3},{"damage":40,"enemies":"Book of Stabbing","floor":24,"turns":6}],"seed_played":"-8854187575911593808","potions_obtained":[{"floor":1,"key":"Energy Potion"},{"floor":8,"key":"CunningPotion"},{"floor":16,"key":"Poison Potion"}],"is_trial":false,"path_per_floor":["M","?","M","?","?","R","E","M","T","?","M","$","R","$","R","B",null,"M","$","?","M","M","R","E"],"character_chosen":"THE_SILENT","items_purchased":["Backflip","Prepared","Backstab","Cloak And Dagger"],"campfire_rested":0,"item_purchase_floors":[12,12,12,19],"current_hp_per_floor":[59,59,59,39,39,39,39,35,35,35,28,28,37,37,46,14,53,39,39,39,33,20,32,0,0],"gold":90,"neow_bonus":"THREE_ENEMY_KILL","is_daily":false,"chose_seed":false,"campfire_upgraded":4,"win_rate":0.0,"timestamp":1612684466,"path_taken":["M","?","M","?","?","R","E","M","T","?","M","?","R","$","R","BOSS","M","$","?","M","M","R","E"],"items_purchased_type":["Card","Card","Card","Card"],"build_version":"2020-12-22","purchased_purges":2,"victory":false,"max_hp_per_floor":[66,66,66,66,66,66,66,66,66,66,66,66,66,66,66,66,66,66,66,66,66,66,66,66,66],"card_choices":[{"not_picked":["Dodge and Roll","Poisoned Stab"],"picked":"Blade Dance","floor":1},{"not_picked":["Escape Plan","Masterful Stab"],"picked":"Calculated Gamble","floor":3},{"not_picked":["Sucker Punch","Flying Knee","Night Terror"],"picked":"SKIP","floor":7},{"not_picked":["Deflect","Slice"],"picked":"Escape Plan","floor":8},{"not_picked":["Deflect","Dodge and Roll"],"picked":"Deadly Poison","floor":11},{"not_picked":["Phantasmal Killer","Wraith Form v2"],"picked":"A Thousand Cuts","floor":16},{"not_picked":["Footwork","Crippling Poison"],"picked":"Reflex+1","floor":18},{"not_picked":["Dodge and Roll","Backstab"],"picked":"Finisher","floor":21},{"not_picked":["Backflip","Cloak And Dagger"],"picked":"Footwork","floor":22}],"player_experience":692372,"relics_obtained":[{"floor":7,"key":"Juzu Bracelet"},{"floor":9,"key":"Eternal Feather"}],"event_choices":[{"damage_healed":0,"gold_gain":150,"player_choice":"AGREE","damage_taken":0,"max_hp_gain":0,"max_hp_loss":0,"event_name":"Liars Game","floor":2,"gold_loss":0,"cards_obtained":["Doubt"]},{"damage_healed":0,"gold_gain":0,"player_choice":"Entered Light","damage_taken":20,"max_hp_gain":0,"max_hp_loss":0,"event_name":"Shining Light","floor":4,"gold_loss":0,"cards_upgraded":["Strike_G","Defend_G"]},{"cards_removed":["Doubt"],"damage_healed":0,"gold_gain":0,"player_choice":"Offered Curse","damage_taken":0,"relics_obtained":["Spirit Poop"],"max_hp_gain":0,"max_hp_loss":0,"event_name":"Bonfire Elementals","floor":5,"gold_loss":0},{"cards_removed":["Strike_G"],"damage_healed":0,"gold_gain":0,"player_choice":"Purged","damage_taken":0,"max_hp_gain":0,"max_hp_loss":0,"event_name":"Purifier","floor":10,"gold_loss":0},{"damage_healed":0,"gold_gain":50,"player_choice":"Stole From Cult","damage_taken":0,"max_hp_gain":0,"max_hp_loss":0,"event_name":"Nest","floor":20,"gold_loss":0}],"is_beta":false,"boss_relics":[{"not_picked":["Velvet Choker","Ring of the Serpent"],"picked":"Cursed Key"}],"items_purged_floors":[12,19],"is_endless":false,"potions_floor_spawned":[1,8,16,21],"killed_by":"Book of Stabbing","ascension_level":16}}