{"host":"5inz41fcnifmg6v2","time":1612678989,"event":{"mods":["BaseMod","Minty Spire (QoL Compilation)","Replay The Spire","StSLib"],"gold_per_floor":[113,1,13,29,49,49,49,81,81,81,81,115,115,134,198,209,209,313,313,335,335,386,35,35,35,35,78,78,32,32,61,61,61,61,81,81],"floor_reached":35,"language":"ZHS","playtime":3173,"items_purged":["Defend_B","Normality"],"score":281,"play_id":"4f24b4af-3852-4bb9-8ee0-4e2b6d6660d7","local_time":"20210207142309","is_ascension_mode":false,"campfire_choices":[{"floor":6.0,"key":"REST"},{"floor":17,"key":"REST"},{"data":"Fission","floor":25,"key":"SMITH"},{"data":"Hello World","floor":25,"key":"SMITH"},{"floor":30,"key":"REST"},{"floor":32,"key":"REST"},{"floor":34,"key":"DIG"}],"circlet_count":0,"master_deck":["Strike_B+1","Strike_B+1","Strike_B+1","Strike_B+1","Defend_B+1","Defend_B+1","Defend_B+1","Zap+1","Dualcast","Rainbow","Compile Driver","Static Discharge","Chill","Conserve Battery","Stack+1","Fission+1","Force Field+1","Sweeping Beam","Panic Button","Doom and Gloom","ReplayRNGCard","CurseOfTheBell","Go for the Eyes","Melter","Loop","Hello World+1","Magnetism","Impatience","Thinking Ahead+1","ReplayTheSpireMod:System Scan","Sweeping Beam","FTL","Scrape","ReplayTheSpireMod:System Scan"],"relics":["Cracked Core","Bag of Marbles","Bronze Scales","Bottled Tornado","Nunchaku","Calling Bell","Replay:Bandana","Shuriken","Replay:Arrowhead","Red Mask","ReplayTheSpireMod:ShopPack","Juzu Bracelet","Chameleon Ring","War Paint","ReplayTheSpireMod:CursedCoin","White Beast Statue"],"acts_visited":["Exordium","TheCity"],"potions_floor_usage":[18,27,35],"damage_taken":[{"damage":0.0,"enemies":"Small Slimes","floor":1.0,"turns":3.0},{"damage":9.0,"enemies":"2 Louse","floor":3.0,"turns":2.0},{"damage":6.0,"enemies":"Jaw Worm","floor":4.0,"turns":3.0},{"damage":6.0,"enemies":"2 Fungi Beasts","floor":5.0,"turns":3.0},{"damage":12.0,"enemies":"Lagavulin","floor":8.0,"turns":5.0},{"damage":9.0,"enemies":"3 Sentries","floor":12.0,"turns":5.0},{"damage":5.0,"enemies":"Blue Slaver","floor":14.0,"turns":3.0},{"damage":11.0,"enemies":"3 Sentries","floor":15.0,"turns":4.0},{"damage":6.0,"enemies":"Looter","floor":16.0,"turns":2.0},{"damage":38,"enemies":"Fading Forest","floor":18,"turns":11},{"damage":10,"enemies":"Spheric Guardian","floor":20,"turns":3},{"damage":10,"enemies":"Masked Bandits","floor":22,"turns":4},{"damage":23,"enemies":"Gremlin Leader","floor":27,"turns":6},{"damage":11,"enemies":"Shell Parasite","floor":31,"turns":4},{"damage":72,"enemies":"Collector","floor":35,"turns":5}],"seed_played":"3249432517688220513","potions_obtained":[{"floor":1.0,"key":"AttackPotion"},{"floor":4.0,"key":"Elixir"},{"floor":8.0,"key":"Strength Potion"},{"floor":14.0,"key":"ColorlessPotion"},{"floor":16.0,"key":"Fire Potion"}],"is_trial":false,"path_per_floor":["M","$","M","M","M","R","?","E","T","PTL","PTL","E","?","M","?","M","R","B",null,"M","?","?","$","?","R","$","E","T","$","R","M","R","?","R","B"],"character_chosen":"DEFECT","items_purchased":["Static Discharge","ReplayTheSpireMod:ShopPack","Hello World","Juzu Bracelet","ReplayTheSpireMod:CursedCoin","Sweeping Beam","FTL"],"campfire_rested":4,"item_purchase_floors":[2,23,23,23,29,29,29],"current_hp_per_floor":[75,75,66,60,54,75,75,63,63,63,63,54,54,49,38,32,54,26,75,65,65,55,55,55,55,55,32,32,32,54,43,65,65,65,0,0],"gold":81,"neow_bonus":"ONE_RANDOM_RARE_CARD","is_daily":false,"chose_seed":false,"campfire_upgraded":2,"win_rate":0.0,"timestamp":1612678989,"path_taken":["M","$","M","M","M","R","?","E","T","PTL","PTL","E","?","M","?","M","R","BOSS","M","?","?","$","?","R","?","E","T","?","R","M","R","?","R","BOSS"],"items_purchased_type":["Card","Relic","Card","Relic","Relic","Card","Card"],"build_version":"2020-12-22","purchased_purges":2,"victory":false,"max_hp_per_floor":[75,75,75,75,75,75,75,75,75,75,75,75,75,75,75,75,75,75,75,75,75,75,75,75,75,75,75,75,75,75,75,75,75,75,75,75],"card_choices":[{"not_picked":["Streamline","Gash"],"picked":"Compile Driver","floor":1.0},{"not_picked":["Beam Cell","Cold Snap"],"picked":"Chill","floor":3.0},{"not_picked":["Static Discharge","Defragment"],"picked":"Beam Cell","floor":4.0},{"not_picked":["Go for the Eyes","Steam"],"picked":"Conserve Battery","floor":5.0},{"not_picked":["BasicCrystalCard","Coolheaded"],"picked":"Stack","floor":8.0},{"not_picked":["Ball Lightning","Leap"],"picked":"Fission","floor":12.0},{"not_picked":["Hologram","Cold Snap"],"picked":"Sweeping Beam","floor":14.0},{"not_picked":["Ball Lightning","Redo"],"picked":"Panic Button","floor":15.0},{"not_picked":["Hologram","Conserve Battery"],"picked":"Doom and Gloom","floor":16.0},{"not_picked":["Biased Cognition","ReplayTheSpireMod:Omega Cannon"],"picked":"ReplayRNGCard","floor":18},{"not_picked":["Leap","Sweeping Beam"],"picked":"Go for the Eyes","floor":20},{"not_picked":["Streamline","FIFO Queue"],"picked":"Loop","floor":22},{"not_picked":["Poisoned Strike","Panache"],"picked":"Magnetism","floor":23},{"not_picked":["ReplayTheSpireMod:Uncanny Aura","Chrysalis"],"picked":"Impatience","floor":23},{"not_picked":["Replay:Sssssssssshield","Replay:Parry"],"picked":"Thinking Ahead","floor":23},{"not_picked":["Cold Snap","Chaos"],"picked":"ReplayTheSpireMod:System Scan","floor":27},{"not_picked":["Streamline","Chaos"],"picked":"Scrape","floor":31}],"player_experience":57966,"relics_obtained":[{"floor":8.0,"key":"Bag of Marbles"},{"floor":9.0,"key":"Bronze Scales"},{"floor":12.0,"key":"Bottled Tornado"},{"floor":15.0,"key":"Nunchaku"},{"floor":19,"key":"Replay:Bandana"},{"floor":19,"key":"Shuriken"},{"floor":19,"key":"Replay:Arrowhead"},{"floor":22,"key":"Red Mask"},{"floor":27,"key":"Chameleon Ring"},{"floor":28,"key":"War Paint"},{"floor":34,"key":"White Beast Statue"}],"event_choices":[{"damage_healed":0.0,"max_hp_gain":0.0,"max_hp_loss":0.0,"gold_gain":0.0,"event_name":"Dead Adventurer","player_choice":"Searched \u00271\u0027 times","floor":15.0,"gold_loss":0.0,"damage_taken":0.0},{"damage_healed":0,"gold_gain":0,"player_choice":"Read","damage_taken":0,"max_hp_gain":0,"max_hp_loss":0,"event_name":"The Library","floor":21,"gold_loss":0,"cards_obtained":["Melter"]},{"damage_healed":0,"gold_gain":0,"player_choice":"Fought Bandits","damage_taken":0,"max_hp_gain":0,"max_hp_loss":0,"event_name":"Masked Bandits","floor":22,"gold_loss":0},{"damage_healed":0,"gold_gain":0,"player_choice":"Simplicity","damage_taken":0,"max_hp_gain":0,"max_hp_loss":0,"event_name":"Back to Basics","floor":24,"gold_loss":0,"cards_upgraded":["Strike_B","Strike_B","Strike_B","Strike_B","Defend_B","Defend_B","Defend_B"]},{"damage_healed":0,"gold_gain":0,"player_choice":"Copied","damage_taken":0,"max_hp_gain":0,"max_hp_loss":0,"event_name":"Duplicator","floor":33,"gold_loss":0,"cards_obtained":["ReplayTheSpireMod:System Scan"]}],"is_beta":false,"boss_relics":[{"not_picked":["Replay:Grab Bag","Replay:Ancient Bell"],"picked":"Calling Bell"}],"items_purged_floors":[2,29],"is_endless":false,"potions_floor_spawned":[1,4,8,14,16],"killed_by":"Collector","ascension_level":0}}