{"host":"85rg8sallz0lemh6","time":1612684483,"event":{"mods":["BaseMod","Minty Spire (QoL Compilation)","Quick Restart"],"gold_per_floor":[109,109,37,48,61,92,92,123,123,158,158,190,39,54,54,149,149,162,87,113,131,142,173,173,206,231,231,259,279,279,292,292,292,394,394,411,411,411,424,444,461,492,492,492,520,530,530,564,581,581,581],"floor_reached":52,"language":"ENG","playtime":1306,"items_purged":[],"score":1128,"play_id":"f484598f-8ee5-4217-9224-4424b2e79d90","local_time":"20210207015443","is_ascension_mode":true,"campfire_choices":[{"data":"Accuracy","floor":7.0,"key":"SMITH"},{"data":"Neutralize","floor":15.0,"key":"SMITH"},{"data":"Accuracy","floor":24.0,"key":"SMITH"},{"data":"Burst","floor":27.0,"key":"SMITH"},{"data":"Finisher","floor":30.0,"key":"SMITH"},{"data":"Blade Dance","floor":32.0,"key":"SMITH"},{"data":"Blade Dance","floor":33.0,"key":"SMITH"},{"data":"Blade Dance","floor":43.0,"key":"SMITH"},{"data":"A Thousand Cuts","floor":47.0,"key":"SMITH"},{"data":"Infinite Blades","floor":50.0,"key":"SMITH"}],"circlet_count":0,"master_deck":["Strike_G","Strike_G","Defend_G","Defend_G","Defend_G","Defend_G","Survivor","Neutralize+1","Accuracy+1","Infinite Blades+1","Blade Dance+1","Cloak And Dagger+1","Backstab","Blade Dance+1","Burst+1","Accuracy+1","Finisher+1","Caltrops+1","Glass Knife","Caltrops+1","Blade Dance+1","Burst+1","Backstab","Parasite","A Thousand Cuts+1","Backflip"],"relics":["Ring of the Snake","NeowsBlessing","FossilizedHelix","Bottled Flame","Torii","Gremlin Horn","Tiny Chest","Bag of Marbles","WristBlade","Art of War","Mummified Hand","PreservedInsect","Akabeko","Anchor","Empty Cage","Orichalcum","Paper Crane","Omamori","MealTicket"],"acts_visited":["Exordium","TheCity","TheBeyond"],"potions_floor_usage":[],"damage_taken":[{"damage":0.0,"enemies":"Small Slimes","floor":1.0,"turns":1.0},{"damage":0.0,"enemies":"Jaw Worm","floor":4.0,"turns":1.0},{"damage":0.0,"enemies":"Cultist","floor":5.0,"turns":1.0},{"damage":9.0,"enemies":"3 Sentries","floor":6.0,"turns":6.0},{"damage":8.0,"enemies":"Lagavulin","floor":8.0,"turns":6.0},{"damage":9.0,"enemies":"3 Sentries","floor":10.0,"turns":8.0},{"damage":0.0,"enemies":"Lagavulin","floor":12.0,"turns":5.0},{"damage":0.0,"enemies":"Exordium Wildlife","floor":14.0,"turns":2.0},{"damage":0.0,"enemies":"Slime Boss","floor":16.0,"turns":4.0},{"damage":0.0,"enemies":"2 Thieves","floor":18.0,"turns":3.0},{"damage":5.0,"enemies":"3 Byrds","floor":21.0,"turns":2.0},{"damage":0.0,"enemies":"3 Cultists","floor":22.0,"turns":2.0},{"damage":1.0,"enemies":"Book of Stabbing","floor":23.0,"turns":3.0},{"damage":0.0,"enemies":"Gremlin Leader","floor":25.0,"turns":3.0},{"damage":0.0,"enemies":"Book of Stabbing","floor":28.0,"turns":2.0},{"damage":0.0,"enemies":"Centurion and Healer","floor":29.0,"turns":4.0},{"damage":0.0,"enemies":"Snake Plant","floor":31.0,"turns":2.0},{"damage":19.0,"enemies":"Automaton","floor":34.0,"turns":5.0},{"damage":0.0,"enemies":"Orb Walker","floor":36.0,"turns":1.0},{"damage":0.0,"enemies":"3 Shapes","floor":39.0,"turns":1.0},{"damage":0.0,"enemies":"Maw","floor":40.0,"turns":1.0},{"damage":0.0,"enemies":"Writhing Mass","floor":41.0,"turns":3.0},{"damage":0.0,"enemies":"Reptomancer","floor":42.0,"turns":2.0},{"damage":0.0,"enemies":"Giant Head","floor":45.0,"turns":2.0},{"damage":0.0,"enemies":"Transient","floor":46.0,"turns":5.0},{"damage":0.0,"enemies":"Nemesis","floor":48.0,"turns":1.0},{"damage":0.0,"enemies":"Spire Growth","floor":49.0,"turns":2.0},{"damage":27,"enemies":"Donu and Deca","floor":51,"turns":5}],"seed_played":"5937134662685926904","potions_obtained":[{"floor":1.0,"key":"BlessingOfTheForge"},{"floor":4.0,"key":"Explosive Potion"},{"floor":8.0,"key":"Block Potion"},{"floor":18.0,"key":"Ancient Potion"},{"floor":21.0,"key":"Fruit Juice"},{"floor":22.0,"key":"SteroidPotion"},{"floor":31.0,"key":"FairyPotion"}],"is_trial":false,"path_per_floor":["M","?","$","M","M","E","R","E","T","E","?","E","$","M","R","B",null,"M","?","T","M","M","E","R","E","T","R","E","M","R","M","R","R","B",null,"M","?","?","M","M","M","E","R","T","E","M","R","E","M","R","B",null],"character_chosen":"THE_SILENT","items_purchased":["Infinite Blades","Bag of Marbles"],"campfire_rested":0,"item_purchase_floors":[3,13],"current_hp_per_floor":[70,70,70,70,70,61,61,53,53,44,44,44,44,44,44,44,70,70,70,70,70,70,69,69,69,69,69,69,69,69,69,69,69,50,75,75,75,75,75,75,75,75,75,75,75,75,75,75,75,75,48],"gold":581,"neow_bonus":"THREE_ENEMY_KILL","is_daily":false,"chose_seed":false,"campfire_upgraded":10,"win_rate":0.0,"timestamp":1612684483,"path_taken":["M","?","$","M","M","E","R","E","T","E","?","E","?","?","R","BOSS","M","?","?","M","M","E","R","E","T","R","E","M","R","M","R","R","BOSS","M","?","?","M","?","M","E","R","T","E","M","R","E","M","R","BOSS"],"items_purchased_type":["Card","Relic"],"build_version":"2020-12-22","purchased_purges":0,"victory":true,"max_hp_per_floor":[70,70,70,70,70,70,70,70,70,70,70,70,70,70,70,70,70,70,70,70,75,75,75,75,75,75,75,75,75,75,75,75,75,75,75,75,75,75,75,75,75,75,75,75,75,75,75,75,75,75,75],"card_choices":[{"not_picked":["Calculated Gamble","Slice"],"picked":"Accuracy","floor":1.0},{"not_picked":["Riddle With Holes","Deadly Poison"],"picked":"Blade Dance","floor":4.0},{"not_picked":["Backflip","Predator"],"picked":"Cloak And Dagger","floor":5.0},{"not_picked":["Quick Slash","Leg Sweep"],"picked":"Backstab","floor":6.0},{"not_picked":["Slice","Poisoned Stab","Underhanded Strike"],"picked":"SKIP","floor":8.0},{"not_picked":["Sucker Punch","Concentrate"],"picked":"Blade Dance","floor":10.0},{"not_picked":["Calculated Gamble","Flying Knee","Deflect"],"picked":"SKIP","floor":12.0},{"not_picked":["Masterful Stab","Eviscerate","Poisoned Stab"],"picked":"SKIP","floor":14.0},{"not_picked":["Grand Finale","Tools of the Trade"],"picked":"Burst","floor":16.0},{"not_picked":["Quick Slash","Slice"],"picked":"Accuracy","floor":18.0},{"not_picked":["Dodge and Roll","Catalyst"],"picked":"Finisher","floor":21.0},{"not_picked":["Tactician","Dagger Spray"],"picked":"Caltrops+1","floor":22.0},{"not_picked":["Blur","Night Terror","Bane"],"picked":"SKIP","floor":23.0},{"not_picked":["Bane","Leg Sweep","Quick Slash"],"picked":"SKIP","floor":25.0},{"not_picked":["Heel Hook","Slice"],"picked":"Glass Knife","floor":28.0},{"not_picked":["Well Laid Plans","Prepared","Slice"],"picked":"SKIP","floor":29.0},{"not_picked":["Underhanded Strike+1","Cloak And Dagger"],"picked":"Caltrops+1","floor":31.0},{"not_picked":["Crippling Poison","Dagger Spray+1"],"picked":"Blade Dance","floor":36.0},{"not_picked":["Dodge and Roll","Cloak And Dagger+1"],"picked":"Backstab","floor":39.0},{"not_picked":["Outmaneuver+1","Catalyst","Heel Hook"],"picked":"SKIP","floor":40.0},{"not_picked":["Quick Slash+1","Footwork","Eviscerate"],"picked":"SKIP","floor":41.0},{"not_picked":["Leg Sweep","Concentrate","Dagger Throw"],"picked":"SKIP","floor":42.0},{"not_picked":["Tactician","Well Laid Plans","Backflip+1"],"picked":"SKIP","floor":45.0},{"not_picked":["Acrobatics+1","Dagger Throw+1"],"picked":"A Thousand Cuts","floor":46.0},{"not_picked":["Deadly Poison+1","Acrobatics"],"picked":"Backflip","floor":48.0},{"not_picked":["Backstab+1","Dagger Throw","Finisher"],"picked":"SKIP","floor":49.0}],"player_experience":75227,"relics_obtained":[{"floor":6.0,"key":"FossilizedHelix"},{"floor":8.0,"key":"Bottled Flame"},{"floor":9.0,"key":"Torii"},{"floor":10.0,"key":"Gremlin Horn"},{"floor":12.0,"key":"Tiny Chest"},{"floor":20.0,"key":"Art of War"},{"floor":23.0,"key":"Mummified Hand"},{"floor":25.0,"key":"PreservedInsect"},{"floor":26.0,"key":"Akabeko"},{"floor":28.0,"key":"Anchor"},{"floor":42.0,"key":"Orichalcum"},{"floor":44.0,"key":"Paper Crane"},{"floor":45.0,"key":"Omamori"},{"floor":48.0,"key":"MealTicket"}],"event_choices":[{"damage_healed":0.0,"max_hp_gain":0.0,"max_hp_loss":0.0,"gold_gain":0.0,"event_name":"The Cleric","player_choice":"Leave","floor":2.0,"gold_loss":0.0,"damage_taken":0.0},{"damage_healed":0.0,"max_hp_gain":0.0,"max_hp_loss":0.0,"gold_gain":0.0,"event_name":"Living Wall","player_choice":"Grow","floor":11.0,"gold_loss":0.0,"damage_taken":0.0,"cards_upgraded":["Cloak And Dagger"]},{"cards_removed":["Strike_G"],"damage_healed":0.0,"max_hp_gain":0.0,"max_hp_loss":0.0,"gold_gain":0.0,"event_name":"Beggar","player_choice":"Gave Gold","floor":19.0,"gold_loss":75.0,"damage_taken":0.0},{"cards_removed":["Defend_G"],"damage_healed":0.0,"max_hp_gain":0.0,"max_hp_loss":0.0,"gold_gain":0.0,"event_name":"Falling","player_choice":"Removed Skill","floor":37.0,"gold_loss":0.0,"damage_taken":0.0},{"damage_healed":0.0,"max_hp_gain":0.0,"max_hp_loss":0.0,"gold_gain":0.0,"event_name":"Duplicator","player_choice":"Copied","floor":38.0,"gold_loss":0.0,"damage_taken":0.0,"cards_obtained":["Burst"]}],"is_beta":false,"boss_relics":[{"not_picked":["Calling Bell","Philosopher\u0027s Stone"],"picked":"WristBlade"},{"not_picked":["Velvet Choker","Astrolabe"],"picked":"Empty Cage"}],"items_purged_floors":[],"is_endless":false,"potions_floor_spawned":[1,4,8,18,21,22,31,34,40,42,45,46],"ascension_level":2}}