{"host":"6nqy62k7v1jh46lb","time":1612729898,"event":{"mods":["AchievementEnabler","BaseMod","Bestiary","Colored Powertips","Highlight Path","Minty Spire (QoL Compilation)","Relic Stats"],"gold_per_floor":[164,183,183,203,52,72,100,111,111,140,140,140,154,166,166,269,269,289,309,327,426,440,440,452,452,479,503,515,527,553,5,5,5,5],"floor_reached":33,"language":"ENG","playtime":2941,"items_purged":[],"score":263,"play_id":"eebbcbbf-4cf6-4822-a35d-3726b477b1f2","local_time":"20210207213138","is_ascension_mode":false,"campfire_choices":[{"floor":12.0,"key":"REST"},{"data":"1","floor":15.0,"key":"LIFT"},{"floor":23.0,"key":"REST"},{"floor":28.0,"key":"REST"},{"floor":32.0,"key":"REST"}],"circlet_count":0,"master_deck":["Strike_P","Strike_P","Strike_P","Strike_P","Defend_P","Defend_P+1","Defend_P","Defend_P","Eruption+1","Vigilance","Halt","Indignation","ThirdEye","LikeWater","TalkToTheHand","WheelKick","Weave","FlurryOfBlows","WheelKick","FlurryOfBlows","ConjureBlade","CutThroughFate","Crescendo","Conclude","FlurryOfBlows","EmptyMind","Meditate","FearNoEvil","PanicButton","PathToVictory"],"relics":["Tiny House","Orichalcum","Oddly Smooth Stone","Bottled Flame","Girya","Sozu","MawBank","Strange Spoon","Sundial"],"acts_visited":["Exordium","TheCity"],"potions_floor_usage":[],"damage_taken":[{"damage":0.0,"enemies":"2 Louse","floor":1.0,"turns":2.0},{"damage":0.0,"enemies":"Cultist","floor":2.0,"turns":3.0},{"damage":0.0,"enemies":"Jaw Worm","floor":4.0,"turns":3.0},{"damage":5.0,"enemies":"2 Fungi Beasts","floor":6.0,"turns":4.0},{"damage":19.0,"enemies":"Lagavulin","floor":7.0,"turns":8.0},{"damage":1.0,"enemies":"Looter","floor":8.0,"turns":4.0},{"damage":4.0,"enemies":"3 Sentries","floor":10.0,"turns":9.0},{"damage":0.0,"enemies":"Large Slime","floor":13.0,"turns":3.0},{"damage":3.0,"enemies":"Lots of Slimes","floor":14.0,"turns":5.0},{"damage":64.0,"enemies":"The Guardian","floor":16.0,"turns":7.0},{"damage":21.0,"enemies":"Chosen","floor":18.0,"turns":5.0},{"damage":9.0,"enemies":"Spheric Guardian","floor":19.0,"turns":4.0},{"damage":12.0,"enemies":"Shelled Parasite and Fungi","floor":20.0,"turns":5.0},{"damage":12.0,"enemies":"3 Cultists","floor":22.0,"turns":5.0},{"damage":29.0,"enemies":"Snecko","floor":24.0,"turns":4.0},{"damage":8.0,"enemies":"Centurion and Healer","floor":27.0,"turns":5.0},{"damage":0.0,"enemies":"3 Cultists","floor":30.0,"turns":4.0},{"damage":55,"enemies":"Automaton","floor":33,"turns":6}],"seed_played":"-5645319759614966582","potions_obtained":[{"floor":0.0,"key":"LiquidBronze"},{"floor":2.0,"key":"DistilledChaos"},{"floor":4.0,"key":"DuplicationPotion"},{"floor":10.0,"key":"BottledMiracle"}],"is_trial":false,"path_per_floor":["M","M","?","M","$","M","E","M","T","E","?","R","M","M","R","B",null,"M","M","M","?","M","R","M","?","T","M","R","?","M","$","R","B"],"character_chosen":"WATCHER","items_purchased":["Orichalcum","Strange Spoon","Sundial","PanicButton","PathToVictory"],"campfire_rested":4,"item_purchase_floors":[5,31,31,31,31],"current_hp_per_floor":[77,77,77,77,77,72,53,52,52,48,48,71,71,68,68,4,77,56,47,35,35,23,46,17,17,17,9,32,32,32,32,55,0,0],"gold":5,"neow_bonus":"BOSS_RELIC","is_daily":false,"chose_seed":false,"campfire_upgraded":0,"win_rate":0.0,"timestamp":1612729898,"path_taken":["M","M","?","M","$","M","E","?","T","E","?","R","M","M","R","BOSS","M","M","M","?","M","R","M","?","T","M","R","?","?","?","R","BOSS"],"items_purchased_type":["Relic","Relic","Relic","Card","Card"],"build_version":"2020-12-22","purchased_purges":0,"victory":false,"max_hp_per_floor":[77,77,77,77,77,77,77,77,77,77,77,77,77,77,77,77,77,77,77,77,77,77,77,77,77,77,77,77,77,77,77,77,77,77],"relic_stats":{"Sozu":6,"Strange Spoon":[2],"counters":[18,86],"Sundial":[0],"Orichalcum":[60],"MawBank":60,"obtain_stats":[{"Sozu":17,"Girya":10,"Strange Spoon":31,"Bottled Flame":9,"Tiny House":0,"Sundial":31,"Oddly Smooth Stone":7,"PureWater":0,"Orichalcum":5,"MawBank":26},{"Sozu":10,"Girya":7,"Strange Spoon":17,"Bottled Flame":6,"Tiny House":0,"Sundial":17,"Oddly Smooth Stone":5,"PureWater":0,"Orichalcum":3,"MawBank":15},{"Sozu":48,"Girya":33,"Strange Spoon":80,"Bottled Flame":24,"Tiny House":0,"Sundial":80,"Oddly Smooth Stone":20,"PureWater":0,"Orichalcum":8,"MawBank":71}]},"card_choices":[{"not_picked":["CutThroughFate","Consecrate"],"picked":"Halt","floor":0.0},{"not_picked":["CutThroughFate","Meditate"],"picked":"Indignation","floor":1.0},{"not_picked":["FlyingSleeves","CarveReality"],"picked":"ThirdEye","floor":2.0},{"not_picked":["Protect","SashWhip"],"picked":"LikeWater","floor":4.0},{"not_picked":["Halt","CrushJoints"],"picked":"TalkToTheHand","floor":6.0},{"not_picked":["LikeWater","JustLucky"],"picked":"WheelKick","floor":7.0},{"not_picked":["Crescendo","FlurryOfBlows"],"picked":"Weave","floor":8.0},{"not_picked":["MasterReality","Halt"],"picked":"FlurryOfBlows","floor":10.0},{"not_picked":["DeceiveReality","SignatureMove"],"picked":"WheelKick","floor":13.0},{"not_picked":["Halt","TalkToTheHand"],"picked":"FlurryOfBlows","floor":14.0},{"not_picked":["MasterReality","SpiritShield"],"picked":"ConjureBlade","floor":16.0},{"not_picked":["SashWhip","Halt+1"],"picked":"CutThroughFate","floor":18.0},{"not_picked":["WreathOfFlame+1","Evaluate"],"picked":"Crescendo","floor":19.0},{"not_picked":["TalkToTheHand+1","Vengeance+1"],"picked":"Conclude","floor":20.0},{"not_picked":["SashWhip","BattleHymn+1"],"picked":"FlurryOfBlows","floor":22.0},{"not_picked":["BattleHymn","Halt"],"picked":"EmptyMind","floor":24.0},{"not_picked":["SashWhip+1","Worship"],"picked":"Meditate","floor":27.0},{"not_picked":["LessonLearned","PathToVictory"],"picked":"FearNoEvil","floor":30.0}],"player_experience":176942,"relics_obtained":[{"floor":7.0,"key":"Oddly Smooth Stone"},{"floor":9.0,"key":"Bottled Flame"},{"floor":10.0,"key":"Girya"},{"floor":26.0,"key":"MawBank"}],"event_choices":[{"damage_healed":0.0,"max_hp_gain":0.0,"max_hp_loss":0.0,"gold_gain":0.0,"event_name":"Upgrade Shrine","player_choice":"Upgraded","floor":3.0,"gold_loss":0.0,"damage_taken":0.0,"cards_upgraded":["Eruption"]},{"damage_healed":0.0,"max_hp_gain":0.0,"max_hp_loss":0.0,"gold_gain":0.0,"event_name":"Golden Idol","player_choice":"Ignored","floor":11.0,"gold_loss":0.0,"damage_taken":0.0},{"damage_healed":0.0,"max_hp_gain":0.0,"max_hp_loss":0.0,"gold_gain":99.0,"event_name":"Nest","player_choice":"Stole From Cult","floor":21.0,"gold_loss":0.0,"damage_taken":0.0},{"damage_healed":0.0,"max_hp_gain":0.0,"max_hp_loss":0.0,"gold_gain":0.0,"event_name":"Cursed Tome","player_choice":"Ignored","floor":25.0,"gold_loss":0.0,"damage_taken":0.0},{"damage_healed":0.0,"max_hp_gain":0.0,"max_hp_loss":0.0,"gold_gain":0.0,"event_name":"Lab","player_choice":"Got Potions","floor":29.0,"gold_loss":0.0,"damage_taken":0.0}],"is_beta":false,"boss_relics":[{"not_picked":["Runic Pyramid","SacredBark"],"picked":"Sozu"}],"items_purged_floors":[],"is_endless":false,"potions_floor_spawned":[2,4,10,22,24,30],"killed_by":"Automaton","ascension_level":0}}