{"host":"bbld1ic1uj90ldt9","time":1612732942,"event":{"mods":["2.2 Compatiblity","AchievementEnabler","Act Like it!","BaseMod","Better Third Choice","Conspire","Downfall","Emptier Cage","Gensokyo","Hallownest","Hermit","Highlight Path","Hubris","Marisa????????","Minty Spire (QoL Compilation)","Random Character Button","Replay The Spire","StSLib","The Animator","The Bug Knight","The Cursed","The Disciple","The Hierophant","The Jungle","The Runesmith","The Servant 0.9.4"],"gold_per_floor":[99,112,132,132,13,13,36,36,50,50,62,62,91,104,123,123,123],"floor_reached":16,"language":"FRA","playtime":1246,"items_purged":["Strike_S"],"score":139,"play_id":"b8cf281e-6314-45a5-ab17-7520a2ee1e16","local_time":"20210207222222","is_ascension_mode":true,"campfire_choices":[{"data":"Exchange","floor":1,"key":"SMITH"},{"floor":8,"key":"REST"},{"data":"ShatteredReality","floor":10,"key":"SMITH"}],"circlet_count":0,"master_deck":["Strike_S","Strike_S","Strike_S","Defend_S","Defend_S","Defend_S","KidneyShot","Exchange+1","Rewind","Hightail","FastForward","Potential","ShatteredReality+1","Rewind","Rearm","Hightail","Orbit"],"relics":["hubris:Backtick","Smiling Mask","Gensokyo:PortableGap","hubris:SlimyHat","Blood Vial"],"acts_visited":["Gensokyo:Gensokyo"],"potions_floor_usage":[13,14],"damage_taken":[{"damage":5,"enemies":"Gensokyo:Python","floor":2,"turns":4},{"damage":7,"enemies":"Gensokyo:Gryphon","floor":3,"turns":6},{"damage":3,"enemies":"downfall:FleeingMerchant","floor":5,"turns":4},{"damage":7,"enemies":"Gensokyo:3_Fairies","floor":9,"turns":7},{"damage":12,"enemies":"Gensokyo:CorruptedTreant","floor":11,"turns":4},{"damage":31,"enemies":"Gensokyo:Mamizou","floor":13,"turns":12},{"damage":3,"enemies":"Gensokyo:3_Kodama","floor":14,"turns":3},{"damage":0,"enemies":"Gensokyo:Python_and_Kodama","floor":15,"turns":6},{"damage":19,"enemies":"DF_ARCHETYPE_STREAMLINE","floor":16,"turns":3}],"seed_played":"8251517634818846710","potions_obtained":[{"floor":11,"key":"Block Potion"},{"floor":13,"key":"Toxic Potion"},{"floor":15,"key":"Death Potion"}],"is_trial":false,"path_per_floor":["R","M","M","?","$","?","T","R","M","R","M","?","E","M","M","B"],"character_chosen":"THE_SERVANT","items_purchased":["Potential"],"campfire_rested":1,"item_purchase_floors":[5],"current_hp_per_floor":[59,54,47,47,44,44,44,56,49,49,37,37,6,5,7,0,0],"gold":123,"neow_bonus":"BOSS_RELIC","is_daily":false,"chose_seed":false,"campfire_upgraded":2,"win_rate":0.0,"timestamp":1612732942,"path_taken":["R","M","M","?","$","?","T","R","M","R","M","?","E","M","M","BOSS"],"items_purchased_type":["Card"],"build_version":"2020-12-22","purchased_purges":1,"victory":false,"max_hp_per_floor":[65,65,65,56,56,56,56,56,56,56,56,56,56,56,56,56,56],"card_choices":[{"not_picked":["Spin","Shuttle"],"picked":"Rewind","floor":2},{"not_picked":["Starlight","FanOfKnives"],"picked":"Hightail","floor":3},{"not_picked":["Alleviate","Orbit"],"picked":"FastForward","floor":5},{"not_picked":["Defy","Unruled"],"picked":"ShatteredReality","floor":9},{"not_picked":["TimeWarp","Starlight"],"picked":"Rewind","floor":11},{"not_picked":["StarChef","Unruled"],"picked":"Rearm","floor":13},{"not_picked":["Revamp","DoubleEdge"],"picked":"Hightail","floor":14},{"not_picked":["DancingSilver","Collapse"],"picked":"Orbit","floor":15}],"player_experience":2228402,"relics_obtained":[{"floor":7,"key":"hubris:SlimyHat"},{"floor":13,"key":"Blood Vial"}],"event_choices":[{"damage_healed":0,"gold_gain":0,"player_choice":"Leave","damage_taken":0,"max_hp_gain":0,"max_hp_loss":0,"event_name":"conspire:Investor","floor":6,"gold_loss":0}],"is_beta":false,"boss_relics":[],"items_purged_floors":[5],"is_endless":false,"potions_floor_spawned":[11,13,15],"killed_by":"DF_ARCHETYPE_STREAMLINE","ascension_level":8}}