{"host":"omgphoea13lnyb7y","time":1612678831,"event":{"mods":["Aspiration","BaseMod","Better Note","BetterRewards","Colored Map","DeckTracker","Hubris","Minty Spire (QoL Compilation)","StSLib","The Construct","The Cursed","The Jungle","The Necromancer"],"gold_per_floor":[111,123,123,137,62,87,87,102,102,102,102,119,143,43,43,139,189,209,48,48,66,100,130,130,156,156,156,81,81,97,132,132,132,132],"floor_reached":33,"language":"ENG","playtime":1262,"items_purged":["Strike_G","Strike_G","Strike_G"],"score":331,"play_id":"511a4c6c-14b1-4759-9e80-c45de7d0e6b1","local_time":"20210206222031","is_ascension_mode":true,"campfire_choices":[{"data":"Deadly Poison","floor":7,"key":"SMITH"},{"data":"Deadly Poison","floor":11,"key":"SMITH"},{"floor":15,"key":"REST"},{"data":"Deadly Poison","floor":24,"key":"SMITH"},{"data":"Dodge and Roll","floor":29,"key":"SMITH"},{"floor":32,"key":"REST"}],"circlet_count":0,"master_deck":["Footwork+1","Strike_G+1","Strike_G+1","Defend_G+1","Defend_G","Defend_G","Defend_G","Survivor","Neutralize+1","Deadly Poison+1","Deadly Poison+1","Bullet Time","Bane","Bouncing Flask","Deadly Poison+1","Flying Knee","Corpse Explosion","Noxious Fumes","Poisoned Stab","hubris:SlightOfHand+1","Dodge and Roll+1","Poisoned Stab"],"relics":["Ring of the Snake","hubris:Towel","aspiration:HummingbirdHeart","Whetstone","hubris:Icosahedron","Odd Mushroom","Tiny House","Red Mask","Oddly Smooth Stone","Centennial Puzzle","Paper Crane"],"acts_visited":["Exordium","TheCity"],"potions_floor_usage":[6,16,16,18,22,23,31,33],"damage_taken":[{"damage":0,"enemies":"Cultist","floor":1,"turns":6},{"damage":1,"enemies":"Jaw Worm","floor":2,"turns":4},{"damage":0,"enemies":"Small Slimes","floor":4,"turns":4},{"damage":34,"enemies":"Lagavulin","floor":6,"turns":7},{"damage":0,"enemies":"Blue Slaver","floor":8,"turns":4},{"damage":0,"enemies":"2 Fungi Beasts","floor":12,"turns":3},{"damage":7,"enemies":"The Mushroom Lair","floor":13,"turns":5},{"damage":46,"enemies":"Slime Boss","floor":16,"turns":14},{"damage":1,"enemies":"Chosen","floor":18,"turns":4},{"damage":0,"enemies":"Spheric Guardian","floor":21,"turns":3},{"damage":0,"enemies":"Masked Bandits","floor":22,"turns":3},{"damage":3,"enemies":"Slavers","floor":23,"turns":3},{"damage":36,"enemies":"Book of Stabbing","floor":25,"turns":7},{"damage":0,"enemies":"3 Cultists","floor":30,"turns":3},{"damage":13,"enemies":"Slavers","floor":31,"turns":4},{"damage":45,"enemies":"hubris:MusketHawk","floor":33,"turns":6}],"seed_played":"7622649523256867446","potions_obtained":[{"floor":2,"key":"SkillPotion"},{"floor":8,"key":"Weak Potion"},{"floor":12,"key":"DuplicationPotion"},{"floor":16,"key":"Weak Potion"},{"floor":17,"key":"SmokeBomb"},{"floor":18,"key":"DistilledChaos"},{"floor":25,"key":"BlessingOfTheForge"},{"floor":30,"key":"Fire Potion"}],"is_trial":false,"path_per_floor":["M","M","?","M","$","E","R","M","T","?","R","M","?","$","R","B",null,"M","$","?","M","?","E","R","E","T","?","?","R","M","E","R","B"],"character_chosen":"THE_SILENT","items_purchased":["Noxious Fumes"],"campfire_rested":2,"item_purchase_floors":[19],"current_hp_per_floor":[70,69,69,69,69,35,35,35,35,35,35,35,28,28,49,3,75,74,74,74,74,74,71,71,35,35,35,35,35,35,22,44,0,0],"gold":132,"neow_bonus":"UPGRADE_CARD","is_daily":false,"chose_seed":false,"campfire_upgraded":4,"win_rate":0.0,"timestamp":1612678831,"path_taken":["M","M","?","M","$","E","R","M","T","?","R","M","?","$","R","BOSS","M","$","?","M","?","E","R","E","T","?","?","R","?","E","R","BOSS"],"items_purchased_type":["Card"],"build_version":"2020-12-22","purchased_purges":3,"victory":false,"max_hp_per_floor":[70,70,70,70,70,70,70,70,70,70,70,70,70,70,70,70,75,75,75,75,75,75,75,75,75,75,75,75,75,75,75,75,75,75],"card_choices":[{"not_picked":["Underhanded Strike","Prepared"],"picked":"Deadly Poison","floor":1},{"not_picked":["Expertise","Underhanded Strike"],"picked":"Deadly Poison","floor":2},{"not_picked":["PiercingWail","Cloak And Dagger"],"picked":"Bullet Time","floor":4},{"not_picked":["Outmaneuver","Flying Knee"],"picked":"Bane","floor":6},{"not_picked":["hubris:Counter","PiercingWail"],"picked":"Bouncing Flask","floor":8},{"not_picked":["Dodge and Roll","Terror"],"picked":"Deadly Poison","floor":12},{"not_picked":["Cloak And Dagger","Dagger Throw"],"picked":"Flying Knee","floor":13},{"not_picked":["Burst","Die Die Die"],"picked":"Corpse Explosion","floor":16},{"not_picked":["Expertise","Acrobatics","Deflect"],"picked":"SKIP","floor":18},{"not_picked":["Deadly Poison","Deflect"],"picked":"Poisoned Stab","floor":21},{"not_picked":["Slice","Reflex+1"],"picked":"hubris:SlightOfHand+1","floor":22},{"not_picked":["After Image","Distraction","Night Terror"],"picked":"SKIP","floor":23},{"not_picked":["hubris:SlightOfHand","Footwork"],"picked":"Dodge and Roll","floor":25},{"not_picked":["hubris:Sniper","Deflect","Concentrate+1"],"picked":"SKIP","floor":30},{"not_picked":["Accuracy","Prepared+1"],"picked":"Poisoned Stab","floor":31}],"player_experience":79345,"relics_obtained":[{"floor":6,"key":"aspiration:HummingbirdHeart"},{"floor":9,"key":"Whetstone"},{"floor":13,"key":"Odd Mushroom"},{"floor":22,"key":"Red Mask"},{"floor":23,"key":"Oddly Smooth Stone"},{"floor":25,"key":"Centennial Puzzle"},{"floor":31,"key":"Paper Crane"}],"event_choices":[{"damage_healed":0,"gold_gain":0,"player_choice":"Fought Mushrooms","damage_taken":0,"max_hp_gain":0,"max_hp_loss":0,"event_name":"Mushrooms","floor":13,"gold_loss":0},{"damage_healed":0,"gold_gain":0,"player_choice":"Ignored","damage_taken":0,"max_hp_gain":0,"max_hp_loss":0,"event_name":"Vampires","floor":20,"gold_loss":0},{"damage_healed":0,"gold_gain":0,"player_choice":"Fought Bandits","damage_taken":0,"max_hp_gain":0,"max_hp_loss":0,"event_name":"Masked Bandits","floor":22,"gold_loss":0},{"damage_healed":0,"gold_gain":0,"player_choice":"Ignored","damage_taken":0,"max_hp_gain":0,"max_hp_loss":0,"event_name":"Ghosts","floor":27,"gold_loss":0},{"cards_removed":["Defend_G"],"damage_healed":0,"gold_gain":0,"player_choice":"Gave Gold","damage_taken":0,"max_hp_gain":0,"max_hp_loss":0,"event_name":"Beggar","floor":28,"gold_loss":75}],"is_beta":false,"boss_relics":[{"not_picked":["Sozu","Coffee Dripper"],"picked":"Tiny House"}],"items_purged_floors":[5,14,19],"is_endless":false,"potions_floor_spawned":[2,8,12,16,18,25,30],"killed_by":"hubris:MusketHawk","ascension_level":2}}