{"host":"u0qetpmu4y58k1tf","time":1612704755,"event":{"mods":["AchievementEnabler","BaseMod","Colored Map","Colored Powertips","Hermit","Marisa£¨Ùöéë¡¡Øª×âÞÞ£©","Minty Spire (QoL Compilation)","Reliquary","Replay The Spire","StSLib","SuperFastMode","The Bug Knight","The Cursed","The Hierophant","The Runesmith"],"gold_per_floor":[119,132,132,132,132,167,167,201,228,248,264,279,151,169,169,293,356,380,305,329,70,79,128,143,170,194,194,243,275,317,317,317],"floor_reached":31,"language":"KOR","playtime":1127,"items_purged":["Strike_B"],"score":464,"play_id":"e8b6a443-e27e-4f9d-bdab-4a77c5ec7d08","local_time":"20210207223235","is_ascension_mode":true,"campfire_choices":[{"data":"Zap","floor":7,"key":"SMITH"},{"floor":27,"key":"REST"}],"circlet_count":0,"master_deck":["Strike_B+1","Defend_B+1","Defend_B","Defend_B","Defend_B","Zap+1","Dualcast+1","Gash+1","Gash","Sunder+1","Beam Cell","Go for the Eyes+1","Panic Button+1","Beam Cell","Skim+1","All For One","Panic Button","Streamline","Turbo+1","Steam+1","Impatience","Languid","Creative AI","Gash","Double Energy","Gash","BootSequence"],"relics":["Cracked Core","Golden Idol","Whetstone","Replay:Bottled Flurry","Vajra","Tiny House","CeramicFish","Ring of Hypnosis","Runesmith:AutoHammer","reliquary:Buckler","Replay:Baseball"],"acts_visited":["Exordium","TheCity"],"potions_floor_usage":[6,16,16,23,25,28,28,30,31],"damage_taken":[{"damage":1,"enemies":"Cultist","floor":1,"turns":4},{"damage":5,"enemies":"Small Slimes","floor":2,"turns":4},{"damage":5,"enemies":"Gremlin Nob","floor":6,"turns":3},{"damage":40,"enemies":"3 Sentries","floor":8,"turns":6},{"damage":0,"enemies":"2 Louse","floor":10,"turns":1},{"damage":0,"enemies":"Large Slime","floor":11,"turns":3},{"damage":0,"enemies":"2 Fungi Beasts","floor":12,"turns":3},{"damage":0,"enemies":"3 Louse","floor":14,"turns":2},{"damage":0,"enemies":"Slime Boss","floor":16,"turns":4},{"damage":4,"enemies":"Chosen","floor":18,"turns":2},{"damage":1,"enemies":"Shell Parasite","floor":20,"turns":3},{"damage":34,"enemies":"Book of Stabbing","floor":23,"turns":5},{"damage":1,"enemies":"Snake Plant","floor":24,"turns":4},{"damage":11,"enemies":"Snecko","floor":25,"turns":3},{"damage":41,"enemies":"Gremlin Leader","floor":28,"turns":4},{"damage":0,"enemies":"Sentry and Sphere","floor":29,"turns":2},{"damage":0,"enemies":"Book of Stabbing","floor":30,"turns":2},{"damage":21,"enemies":"Shelled Parasite and Fungi","floor":31,"turns":2}],"seed_played":"3971256163530552058","potions_obtained":[{"floor":1,"key":"Fire Potion"},{"floor":2,"key":"BlessingOfTheForge"},{"floor":6,"key":"PowerPotion"},{"floor":12,"key":"Weak Potion"},{"floor":17,"key":"Reflective Coating"},{"floor":23,"key":"Fire Potion"},{"floor":24,"key":"DuplicationPotion"},{"floor":25,"key":"Swift Potion"},{"floor":29,"key":"LiquidMemories"}],"is_trial":false,"path_per_floor":["M","M","?","?","?","E","R","E","T","M","M","M","$","M","R_BF","B",null,"M","?","M","$","?","E","M","M","T","R","E","M","E","M"],"character_chosen":"DEFECT","items_purchased":["Beam Cell","CeramicFish","Steam+1","Impatience"],"campfire_rested":1,"item_purchase_floors":[13,21,21,21],"current_hp_per_floor":[74,69,54,36,75,70,70,30,30,30,30,30,30,30,52,52,80,76,76,75,75,75,41,40,29,29,53,12,12,12,0,0],"gold":317,"neow_bonus":"RANDOM_EVENT","is_daily":false,"chose_seed":false,"campfire_upgraded":1,"win_rate":0.0,"timestamp":1612704755,"path_taken":["M","M","?","?","?","E","R","E","T","M","?","M","$","M","R_BF","BOSS","M","?","M","$","?","E","M","M","T","R","E","M","E","M"],"items_purchased_type":["Card","Relic","Card","Card"],"build_version":"2020-12-22","purchased_purges":1,"victory":false,"max_hp_per_floor":[75,75,75,75,75,75,75,75,75,75,75,75,75,75,75,75,80,80,80,80,80,80,80,80,80,80,80,80,80,80,80,80],"card_choices":[{"not_picked":["Time Bomb","Reinforced Body"],"picked":"Gash","floor":1},{"not_picked":["Force Field","Doom and Gloom"],"picked":"Gash","floor":2},{"not_picked":["Steam Power","Ball Lightning"],"picked":"Sunder","floor":6},{"not_picked":["Amplify","Sweeping Beam","Redo"],"picked":"SKIP","floor":8},{"not_picked":["Conserve Battery","Self Repair"],"picked":"Beam Cell","floor":10},{"not_picked":["Doom and Gloom","Coolheaded"],"picked":"Go for the Eyes","floor":11},{"not_picked":["Compile Driver","Aggregate"],"picked":"Panic Button","floor":12},{"not_picked":["Conserve Battery","ReplaySolidLightProjector"],"picked":"Skim","floor":14},{"not_picked":["Buffer","Rainbow"],"picked":"All For One","floor":16},{"not_picked":["Coolheaded","Sweeping Beam"],"picked":"Panic Button","floor":17},{"not_picked":["Leap","Sweeping Beam+1"],"picked":"Streamline","floor":18},{"not_picked":["Leap","Ball Lightning"],"picked":"Turbo+1","floor":20},{"not_picked":["Ball Lightning","Rebound"],"picked":"Creative AI","floor":23},{"not_picked":["ReplayTheSpireMod:Repulse+1","ReplaySolidLightProjector","Coolheaded"],"picked":"SKIP","floor":24},{"not_picked":["Steam","Hologram+1"],"picked":"Gash","floor":25},{"not_picked":["Sweeping Beam","ReplayTheSpireMod:Calculation Training"],"picked":"Double Energy","floor":28},{"not_picked":["Turbo","Doom and Gloom"],"picked":"Gash","floor":29},{"not_picked":["Redo","Reinforced Body"],"picked":"BootSequence","floor":30}],"player_experience":84635,"relics_obtained":[{"floor":6,"key":"Whetstone"},{"floor":8,"key":"Replay:Bottled Flurry"},{"floor":9,"key":"Vajra"},{"floor":22,"key":"Ring of Hypnosis"},{"floor":23,"key":"Runesmith:AutoHammer"},{"floor":28,"key":"reliquary:Buckler"},{"floor":30,"key":"Replay:Baseball"}],"event_choices":[{"damage_healed":0,"gold_gain":0,"player_choice":"Entered Light","damage_taken":15,"max_hp_gain":0,"max_hp_loss":0,"event_name":"Shining Light","floor":3,"gold_loss":0,"cards_upgraded":["Gash","Dualcast"]},{"damage_healed":0,"gold_gain":0,"player_choice":"Take Damage","damage_taken":18,"relics_obtained":["Golden Idol"],"max_hp_gain":0,"max_hp_loss":0,"event_name":"Golden Idol","floor":4,"gold_loss":0},{"damage_healed":39,"gold_gain":0,"player_choice":"Full Heal","damage_taken":0,"max_hp_gain":0,"max_hp_loss":0,"event_name":"Wheel of Change","floor":5,"gold_loss":0},{"cards_removed":["Strike_B"],"damage_healed":0,"gold_gain":0,"player_choice":"Gave Gold","damage_taken":0,"max_hp_gain":0,"max_hp_loss":0,"event_name":"Beggar","floor":19,"gold_loss":75}],"is_beta":false,"boss_relics":[{"not_picked":["Philosopher\u0027s Stone","reliquary:Ember"],"picked":"Tiny House"}],"items_purged_floors":[13],"is_endless":false,"potions_floor_spawned":[1,2,6,12,23,24,25,29],"killed_by":"Shelled Parasite and Fungi","ascension_level":3}}