{"host":"d61fcf2p3sjwe6yo","time":1612707428,"event":{"mods":["BaseMod","Colored Map","Koishi","Marisa????????","Minty Spire (QoL Compilation)","Reimu??????","StSLib","SuperFastMode","The Servant 0.9.4"],"gold_per_floor":[116,116,133,144,144,177,23,23,23,56,6,6,6,32,32,129,179,190,190,105,30,7,38,58,84,84,84,111,111,71,170,170,272,272,292,305,321,321,321,321,349,362,362,362,362,374,408,427,427,427],"floor_reached":51,"language":"ENG","playtime":3324,"items_purged":[],"score":1022,"play_id":"8527249a-5490-4906-bf8e-7faff8221683","local_time":"20210207171707","is_ascension_mode":true,"campfire_choices":[{"data":"RainPray2:ReiMu","floor":8.0,"key":"SMITH"},{"data":"CardOfSanctity:ReiMu","floor":15.0,"key":"SMITH"},{"data":"LearningPray:ReiMu","floor":27,"key":"SMITH"},{"data":"Free:ReiMu","floor":32,"key":"SMITH"},{"data":"ZunPunch:ReiMu","floor":40,"key":"SMITH"},{"data":"SubcavityFantasy:ReiMu","floor":45,"key":"SMITH"},{"floor":49,"key":"REST"}],"circlet_count":0,"master_deck":["Strike_Lin:ReiMu","Strike_Lin:ReiMu","Defend_Lin:ReiMu","Defend_Lin:ReiMu","Defend_Lin:ReiMu","Defend_Lin:ReiMu","NB:ReiMu","Stagnation:ReiMu","CleanRite:ReiMu+1","RainPray2:ReiMu+1","Conquer:ReiMu","FantasyMoon:ReiMu","LearningPray:ReiMu+1","CardOfSanctity:ReiMu+1","CeremonyResonance:ReiMu+1","CareerPray:ReiMu","RainPray2:ReiMu","RainPray2:ReiMu+1","Free:ReiMu+1","ZunPunch:ReiMu+1","YinYang:ReiMu+1","SafetyPray:ReiMu+1","WonderfulDomain:ReiMu","SubcavityFantasy:ReiMu+1","Wraith","WonderfulDomain:ReiMu+1"],"relics":["FlyPower:ReiMu","CrazyTorch:ReiMu","Strawberry","Juzu Bracelet","White Beast Statue","Letter Opener","Singing Bowl","Tiny House","GremlinMask","Smiling Mask","Mercury Hourglass","HornCleat","Bag of Preparation","Molten Egg 2","InkBottle","SlaversCollar","MealTicket","Thread and Needle","Dream Catcher"],"acts_visited":["Exordium","TheCity","TheBeyond"],"potions_floor_usage":[25,25,50,50,50],"damage_taken":[{"damage":3.0,"enemies":"2 Louse","floor":1.0,"turns":4.0},{"damage":0.0,"enemies":"Jaw Worm","floor":3.0,"turns":4.0},{"damage":0.0,"enemies":"Small Slimes","floor":4.0,"turns":4.0},{"damage":26.0,"enemies":"Gremlin Nob","floor":6.0,"turns":4.0},{"damage":0.0,"enemies":"Lagavulin","floor":10.0,"turns":4.0},{"damage":8.0,"enemies":"3 Sentries","floor":14.0,"turns":4.0},{"damage":3.0,"enemies":"Hexaghost","floor":16.0,"turns":12.0},{"damage":0,"enemies":"3 Byrds","floor":18,"turns":4},{"damage":18,"enemies":"Slavers","floor":23,"turns":4},{"damage":0,"enemies":"Chosen","floor":24,"turns":2},{"damage":10,"enemies":"Book of Stabbing","floor":25,"turns":4},{"damage":0,"enemies":"Gremlin Leader","floor":28,"turns":5},{"damage":10,"enemies":"Collector","floor":33,"turns":6},{"damage":10,"enemies":"3 Shapes","floor":35,"turns":2},{"damage":6,"enemies":"3 Darklings","floor":36,"turns":3},{"damage":3,"enemies":"Transient","floor":37,"turns":5},{"damage":0,"enemies":"Giant Head","floor":41,"turns":6},{"damage":8,"enemies":"Spire Growth","floor":42,"turns":4},{"damage":0,"enemies":"Writhing Mass","floor":46,"turns":6},{"damage":15,"enemies":"Reptomancer","floor":47,"turns":4},{"damage":0,"enemies":"Maw","floor":48,"turns":7},{"damage":0,"enemies":"Donu and Deca","floor":50,"turns":7}],"seed_played":"2162530170617809579","potions_obtained":[{"floor":3.0,"key":"Dexterity Potion"},{"floor":6.0,"key":"LiquidBronze"},{"floor":10.0,"key":"ColorlessPotion"},{"floor":16.0,"key":"Fire Potion"},{"floor":25,"key":"Dexterity Potion"},{"floor":28,"key":"DuplicationPotion"}],"is_trial":false,"path_per_floor":["M","?","M","M","T","E","$","R","T","E","?","?","$","E","R","B",null,"M","?","?","?","$","E","M","E","T","R","E","?","?","?","R","B",null,"M","M","M","?","?","R","E","M","T","?","R","M","E","M","R","B",null],"character_chosen":"REIMU","items_purchased":["Juzu Bracelet","RainPray2:ReiMu"],"campfire_rested":1,"item_purchase_floors":[7,22],"current_hp_per_floor":[62,62,62,62,62,43,43,43,43,43,43,43,43,35,35,32,77,79,79,79,79,79,61,63,55,55,55,55,55,55,55,55,45,83,73,69,66,66,66,66,66,60,60,60,60,62,48,50,78,78],"gold":427,"neow_bonus":"ONE_RANDOM_RARE_CARD","is_daily":false,"chose_seed":false,"campfire_upgraded":6,"win_rate":0.0,"timestamp":1612707427,"path_taken":["M","?","M","M","?","E","$","R","T","E","?","?","?","E","R","BOSS","M","?","?","?","?","E","M","E","T","R","E","?","?","?","R","BOSS","M","M","M","?","?","R","E","M","T","?","R","M","E","M","R","BOSS"],"items_purchased_type":["Relic","Card"],"build_version":"2020-12-22","purchased_purges":0,"victory":true,"max_hp_per_floor":[65,65,65,65,65,72,72,72,72,72,72,72,72,72,72,72,77,79,79,79,79,79,79,81,83,83,83,83,83,83,83,83,83,83,83,85,85,85,81,81,81,83,83,83,83,85,85,87,89,89],"card_choices":[{"not_picked":["ManaGlint:ReiMu","CareerPray:ReiMu"],"picked":"RainPray2:ReiMu","floor":1.0},{"not_picked":["SpringWay:ReiMu","LovePray:ReiMu"],"picked":"Conquer:ReiMu","floor":3.0},{"not_picked":["PayForSelf:ReiMu","Enchanting:ReiMu"],"picked":"FantasyMoon:ReiMu","floor":4.0},{"not_picked":["Meditation:ReiMu","SafetyPray:ReiMu","DoubleButterfly:ReiMu"],"picked":"SKIP","floor":6.0},{"not_picked":["AirStrike:ReiMu","SpringWay:ReiMu"],"picked":"LearningPray:ReiMu","floor":10.0},{"not_picked":["Conquer:ReiMu","Meditation:ReiMu"],"picked":"CardOfSanctity:ReiMu","floor":14.0},{"not_picked":["YinYang:ReiMu","Shading:ReiMu"],"picked":"CeremonyResonance:ReiMu","floor":16.0},{"not_picked":["InherentArray:ReiMu","LearningPray:ReiMu"],"picked":"CareerPray:ReiMu","floor":17},{"not_picked":["Amulet:ReiMu","TightArray:ReiMu+1","YinYangSange:ReiMu"],"picked":"Singing Bowl","floor":18},{"not_picked":["TightArray:ReiMu+1","UpKicking:ReiMu"],"picked":"RainPray2:ReiMu+1","floor":23},{"not_picked":["AirStrike:ReiMu","Conquer:ReiMu","Amulet:ReiMu"],"picked":"Singing Bowl","floor":24},{"not_picked":["YinYangSange:ReiMu","Conquer:ReiMu","ForcedLanding:ReiMu+1"],"picked":"Singing Bowl","floor":25},{"not_picked":["AlertArray:ReiMu+1","CareerPray:ReiMu"],"picked":"Free:ReiMu","floor":28},{"not_picked":["OctopathSalyBorderN:ReiMu+1","BlastKick2:ReiMu+1"],"picked":"YinYang:ReiMu+1","floor":33},{"not_picked":["SubAcupoint:ReiMu+1","Intuition:ReiMu+1"],"picked":"SafetyPray:ReiMu+1","floor":35},{"not_picked":["ManaGlint:ReiMu+1","MountainWay:ReiMu+1","SafetyPray:ReiMu+1"],"picked":"Singing Bowl","floor":36},{"not_picked":["SpringWay:ReiMu+1","TightArray:ReiMu+1"],"picked":"WonderfulDomain:ReiMu","floor":37},{"not_picked":["SpreadBorder2:ReiMu","UpKicking:ReiMu+1"],"picked":"SubcavityFantasy:ReiMu","floor":41},{"not_picked":["ForcedLanding:ReiMu+1","Amulet:ReiMu","PayForSelf:ReiMu+1"],"picked":"Singing Bowl","floor":42},{"not_picked":["WonderfulDomain:ReiMu","SubcavityInstant:ReiMu+1","SafetyPray:ReiMu"],"picked":"Singing Bowl","floor":46},{"not_picked":["SafetyPray:ReiMu","TightArray:ReiMu+1"],"picked":"WonderfulDomain:ReiMu+1","floor":47},{"not_picked":["OrbThrow:ReiMu+1","FantasyMoon:ReiMu+1","OctopathBindingBorder2:ReiMu"],"picked":"Singing Bowl","floor":48},{"not_picked":["TakeOff:ReiMu+1","SafetyPray:ReiMu","YinYangSange:ReiMu"],"picked":"Singing Bowl","floor":49}],"player_experience":276603,"relics_obtained":[{"floor":5.0,"key":"CrazyTorch:ReiMu"},{"floor":6.0,"key":"Strawberry"},{"floor":9.0,"key":"White Beast Statue"},{"floor":10.0,"key":"Letter Opener"},{"floor":14.0,"key":"Singing Bowl"},{"floor":23,"key":"Mercury Hourglass"},{"floor":25,"key":"HornCleat"},{"floor":26,"key":"Bag of Preparation"},{"floor":28,"key":"Molten Egg 2"},{"floor":41,"key":"MealTicket"},{"floor":43,"key":"Thread and Needle"},{"floor":47,"key":"Dream Catcher"}],"event_choices":[{"damage_healed":0.0,"max_hp_gain":0.0,"max_hp_loss":0.0,"gold_gain":0.0,"event_name":"Living Wall","player_choice":"Grow","floor":2.0,"gold_loss":0.0,"damage_taken":0.0,"cards_upgraded":["CleanRite:ReiMu"]},{"cards_removed":["Strike_Lin:ReiMu"],"damage_healed":0.0,"max_hp_gain":0.0,"max_hp_loss":0.0,"gold_gain":0.0,"event_name":"The Cleric","player_choice":"Card Removal","floor":11.0,"gold_loss":50.0,"damage_taken":0.0},{"damage_healed":0.0,"max_hp_gain":0.0,"max_hp_loss":0.0,"gold_gain":0.0,"event_name":"Liars Game","player_choice":"Ignored","floor":12.0,"gold_loss":0.0,"damage_taken":0.0},{"damage_healed":0,"gold_gain":0,"player_choice":"Trade","damage_taken":0,"relics_obtained":["GremlinMask"],"max_hp_gain":0,"max_hp_loss":0,"event_name":"FaceTrader","floor":19,"gold_loss":0},{"damage_healed":0,"gold_gain":0,"player_choice":"Obtained Relic","damage_taken":0,"relics_obtained":["Smiling Mask"],"max_hp_gain":0,"max_hp_loss":0,"event_name":"Addict","floor":20,"gold_loss":85},{"cards_removed":["Strike_Lin:ReiMu"],"damage_healed":0,"gold_gain":0,"player_choice":"Gave Gold","damage_taken":0,"max_hp_gain":0,"max_hp_loss":0,"event_name":"Beggar","floor":21,"gold_loss":75},{"damage_healed":0,"gold_gain":0,"player_choice":"Opened","damage_taken":0,"relics_obtained":["InkBottle"],"max_hp_gain":0,"max_hp_loss":0,"event_name":"The Mausoleum","floor":29,"gold_loss":0},{"damage_healed":0,"gold_gain":0,"player_choice":"Hand rover O-miki","damage_taken":0,"max_hp_gain":0,"max_hp_loss":0,"event_name":"ZunEvent","floor":30,"relics_lost":["ZunR:ReiMu"],"gold_loss":0,"cards_obtained":["ZunPunch:ReiMu"]},{"damage_healed":0,"gold_gain":99,"player_choice":"Stole From Cult","damage_taken":0,"max_hp_gain":0,"max_hp_loss":0,"event_name":"Nest","floor":31,"gold_loss":0},{"damage_healed":0,"gold_gain":0,"player_choice":"0 cards matched","damage_taken":0,"max_hp_gain":0,"max_hp_loss":0,"event_name":"Match and Keep!","floor":38,"gold_loss":0,"cards_obtained":[]},{"damage_healed":0,"gold_gain":0,"player_choice":"Max HP","damage_taken":0,"max_hp_gain":0,"max_hp_loss":4,"event_name":"Winding Halls","floor":39,"gold_loss":0},{"damage_healed":0,"gold_gain":0,"player_choice":"Ignored","damage_taken":0,"max_hp_gain":0,"max_hp_loss":0,"event_name":"OrinTheCat","floor":44,"gold_loss":0}],"is_beta":false,"boss_relics":[{"not_picked":["Fusion Hammer","Empty Cage"],"picked":"Tiny House"},{"not_picked":["ShineYinYang:ReiMu","Astrolabe"],"picked":"SlaversCollar"}],"items_purged_floors":[],"is_endless":false,"potions_floor_spawned":[3,6,10,14,16,18,23,24,25,28,33,35,36,37,41,42,46,47,48],"ascension_level":1}}