{"host":"wha9hktbkslqvblg","time":1612706708,"event":{"mods":["BaseMod","Colored Map","Minty Spire (QoL Compilation)","Relic Stats","SuperFastMode","everything is the same but u backflip on backflip"],"gold_per_floor":[110,260,260,185,208,242,242,271,294,309,327,350,380,455,455,455,455],"floor_reached":16,"language":"KOR","playtime":206,"items_purged":["Doubt"],"score":332,"play_id":"813df35c-a133-45e7-9081-a6d2d28364cd","local_time":"20210207230508","is_ascension_mode":true,"campfire_choices":[{"data":"Entrench","floor":7,"key":"SMITH"},{"data":"Hemokinesis","floor":15,"key":"SMITH"}],"circlet_count":0,"master_deck":["AscendersBane","Strike_R","Strike_R","Strike_R","Strike_R","Strike_R","Defend_R","Defend_R","Defend_R","Defend_R","Bash","Anger","Entrench+1","Second Wind","Feel No Pain","Hemokinesis+1"],"relics":["Burning Blood","NeowsBlessing","Centennial Puzzle","MealTicket","Anchor","Bag of Marbles","Bag of Preparation","Odd Mushroom","Eternal Feather"],"acts_visited":["Exordium"],"potions_floor_usage":[11,13,13],"damage_taken":[{"damage":0,"enemies":"Jaw Worm","floor":1,"turns":1},{"damage":0,"enemies":"Lagavulin","floor":6,"turns":1},{"damage":0,"enemies":"3 Sentries","floor":8,"turns":1},{"damage":0,"enemies":"2 Louse","floor":10,"turns":4},{"damage":0,"enemies":"Cultist","floor":11,"turns":3},{"damage":16,"enemies":"The Mushroom Lair","floor":12,"turns":5},{"damage":17,"enemies":"Gremlin Nob","floor":13,"turns":4},{"damage":33,"enemies":"The Guardian","floor":16,"turns":6}],"seed_played":"-3830113466306704226","potions_obtained":[{"floor":10,"key":"DuplicationPotion"},{"floor":11,"key":"Fruit Juice"},{"floor":12,"key":"Weak Potion"},{"floor":13,"key":"SpeedPotion"}],"is_trial":false,"path_per_floor":["M","?","?","$","T","E","R","E","T","M","M","?","E","?","R","B"],"character_chosen":"IRONCLAD","items_purchased":[],"campfire_rested":0,"item_purchase_floors":[],"current_hp_per_floor":[74,74,56,56,56,62,62,68,68,74,80,70,59,48,57,24,24],"gold":455,"neow_bonus":"THREE_ENEMY_KILL","is_daily":false,"chose_seed":false,"campfire_upgraded":2,"win_rate":0.0,"timestamp":1612706708,"path_taken":["M","?","?","$","?","E","R","E","T","?","M","?","E","?","R","BOSS"],"items_purchased_type":[],"build_version":"2020-12-22","purchased_purges":1,"victory":false,"max_hp_per_floor":[75,75,75,75,75,75,75,75,75,75,80,80,80,80,80,80,80],"relic_stats":{"Centennial Puzzle":[9],"counters":[8,25],"MealTicket":0,"Eternal Feather":9,"Bag of Preparation":[10],"obtain_stats":[{"Centennial Puzzle":3,"Anchor":6,"NeowsBlessing":0,"MealTicket":5,"Eternal Feather":13,"Bag of Marbles":8,"Bag of Preparation":9,"Odd Mushroom":12,"Burning Blood":0},{"Centennial Puzzle":1,"Anchor":2,"NeowsBlessing":0,"MealTicket":1,"Eternal Feather":7,"Bag of Marbles":3,"Bag of Preparation":3,"Odd Mushroom":6,"Burning Blood":0},{"Centennial Puzzle":1,"Anchor":2,"NeowsBlessing":0,"MealTicket":1,"Eternal Feather":19,"Bag of Marbles":3,"Bag of Preparation":3,"Odd Mushroom":15,"Burning Blood":0}],"Burning Blood":37},"card_choices":[{"not_picked":["True Grit","Dark Embrace"],"picked":"Anger","floor":1},{"not_picked":["Feed","Heavy Blade"],"picked":"Entrench","floor":6},{"not_picked":["Spot Weakness","Warcry"],"picked":"Second Wind","floor":8},{"not_picked":["Infernal Blade","Havoc"],"picked":"Feel No Pain","floor":10},{"not_picked":["Ghostly Armor","Pummel","Intimidate"],"picked":"SKIP","floor":11},{"not_picked":["Flex","Bloodletting"],"picked":"Hemokinesis","floor":13}],"player_experience":995097,"relics_obtained":[{"floor":5,"key":"MealTicket"},{"floor":6,"key":"Anchor"},{"floor":8,"key":"Bag of Marbles"},{"floor":9,"key":"Bag of Preparation"},{"floor":12,"key":"Odd Mushroom"},{"floor":13,"key":"Eternal Feather"}],"event_choices":[{"damage_healed":0,"gold_gain":150,"player_choice":"AGREE","damage_taken":0,"max_hp_gain":0,"max_hp_loss":0,"event_name":"Liars Game","floor":2,"gold_loss":0,"cards_obtained":["Doubt"]},{"damage_healed":0,"gold_gain":0,"player_choice":"Success","damage_taken":18,"relics_obtained":["Centennial Puzzle"],"max_hp_gain":0,"max_hp_loss":0,"event_name":"Scrap Ooze","floor":3,"gold_loss":0},{"damage_healed":0,"gold_gain":0,"player_choice":"Fought Mushrooms","damage_taken":0,"max_hp_gain":0,"max_hp_loss":0,"event_name":"Mushrooms","floor":12,"gold_loss":0},{"damage_healed":0,"gold_gain":75,"player_choice":"Gather Gold","damage_taken":11,"max_hp_gain":0,"max_hp_loss":0,"event_name":"World of Goop","floor":14,"gold_loss":0}],"is_beta":false,"boss_relics":[],"items_purged_floors":[4],"is_endless":false,"potions_floor_spawned":[10,11,12,13],"killed_by":"The Guardian","ascension_level":20}}