{"host":"j5shy70asow5koz5","time":1612698620,"event":{"mods":["2.2 Compatiblity","Arknights","BaseMod","Colored Map","Marisa£¨Ùöéë¡¡Øª×âÞÞ£©","Minty Spire (QoL Compilation)","Prisma Mod","StSLib","SuperFastMode","Td1madao Mod","The Disciple","The Gatherer","The Servant 0.9.4","Waifu the Spire"],"gold_per_floor":[119,119,119,119,132,132,132,132,182,233,245,296,331,374,386,518,530,560,159,184,203,223,262,262,262,262],"floor_reached":25,"language":"KOR","playtime":556,"items_purged":["Strike_B"],"score":264,"play_id":"b03e4143-ca39-4e09-ae75-cdb9691a765d","local_time":"20210207205020","is_ascension_mode":false,"campfire_choices":[{"data":"Gash","floor":6,"key":"SMITH"},{"data":"Strike_B","floor":8,"key":"SMITH"},{"data":"Scrape","floor":11,"key":"SMITH"},{"data":"Gash","floor":15,"key":"SMITH"},{"floor":24,"key":"REST"}],"circlet_count":0,"master_deck":["Strike_B","Strike_B","Strike_B+1","Defend_B","Defend_B","Defend_B+1","Defend_B","Zap+1","Dualcast+1","Gash+1","Scrape+1","Melter","Gash+1","Coolheaded","Conserve Battery+1"],"relics":["Cracked Core","NeowsBlessing","Golden Idol","MawBank","Ornamental Fan","Lantern","Pantograph","SlaversCollar","Ginger","CaptainsWheel"],"acts_visited":["Exordium","TheCity"],"potions_floor_usage":[16,22,22,22,25],"damage_taken":[{"damage":0,"enemies":"Small Slimes","floor":1,"turns":1},{"damage":0,"enemies":"2 Louse","floor":5,"turns":1},{"damage":0,"enemies":"Gremlin Nob","floor":10,"turns":1},{"damage":18,"enemies":"Lagavulin","floor":12,"turns":4},{"damage":1,"enemies":"Jaw Worm","floor":13,"turns":2},{"damage":10,"enemies":"3 Sentries","floor":14,"turns":5},{"damage":31,"enemies":"Hexaghost","floor":16,"turns":7},{"damage":0,"enemies":"Spheric Guardian","floor":18,"turns":3},{"damage":3,"enemies":"3 Byrds","floor":20,"turns":5},{"damage":8,"enemies":"Sentry and Sphere","floor":21,"turns":3},{"damage":0,"enemies":"3 Cultists","floor":22,"turns":5},{"damage":47,"enemies":"Slavers","floor":23,"turns":7},{"damage":32,"enemies":"Book of Stabbing","floor":25,"turns":7}],"seed_played":"-826233007209368243","potions_obtained":[{"floor":12,"key":"SpeedPotion"},{"floor":13,"key":"FearPotion"},{"floor":16,"key":"Explosive Potion"},{"floor":20,"key":"EssenceOfSteel"},{"floor":23,"key":"SpeedPotion"}],"is_trial":false,"path_per_floor":["M","?","?","?","M","R","?","R","T","E","R","E","M","E","R","B",null,"M","$","M","M","M","E","R","E"],"character_chosen":"DEFECT","items_purchased":["Coolheaded","Ginger"],"campfire_rested":1,"item_purchase_floors":[19,19],"current_hp_per_floor":[75,69,55,55,55,55,55,55,55,55,55,37,36,26,26,20,69,69,69,66,58,58,11,31,0,0],"gold":262,"neow_bonus":"THREE_ENEMY_KILL","is_daily":false,"chose_seed":false,"campfire_upgraded":4,"win_rate":0.0,"timestamp":1612698620,"path_taken":["M","?","?","?","M","R","?","R","T","E","R","E","M","E","R","BOSS","M","$","M","M","M","E","R","E"],"items_purchased_type":["Card","Relic"],"build_version":"2020-12-22","purchased_purges":1,"victory":false,"max_hp_per_floor":[75,69,69,69,69,69,69,69,69,69,69,69,69,69,69,69,69,69,69,69,69,69,69,69,69,69],"card_choices":[{"not_picked":["Leap","Storm"],"picked":"Gash","floor":1},{"not_picked":["Go for the Eyes","Skim","Stack"],"picked":"SKIP","floor":5},{"not_picked":["Steam Power","Cold Snap"],"picked":"Scrape","floor":10},{"not_picked":["Compile Driver","Rip and Tear"],"picked":"Melter","floor":12},{"not_picked":["Go for the Eyes","Sweeping Beam","Compile Driver"],"picked":"SKIP","floor":13},{"not_picked":["Heatsinks","Compile Driver"],"picked":"Gash","floor":14},{"not_picked":["Fusion","Ball Lightning+1","Sweeping Beam"],"picked":"SKIP","floor":18},{"not_picked":["Redo+1","Steam+1"],"picked":"Conserve Battery+1","floor":20},{"not_picked":["Barrage","Rainbow","Ball Lightning"],"picked":"SKIP","floor":21},{"not_picked":["Ball Lightning","Blizzard","Reprogram"],"picked":"SKIP","floor":22},{"not_picked":["Lockon","Fusion","Capacitor"],"picked":"SKIP","floor":23}],"player_experience":79773,"relics_obtained":[{"floor":9,"key":"MawBank"},{"floor":10,"key":"Ornamental Fan"},{"floor":12,"key":"Lantern"},{"floor":14,"key":"Pantograph"},{"floor":23,"key":"CaptainsWheel"}],"event_choices":[{"damage_healed":0,"gold_gain":0,"player_choice":"Lose Max HP","damage_taken":0,"relics_obtained":["Golden Idol"],"max_hp_gain":0,"max_hp_loss":6,"event_name":"Golden Idol","floor":2,"gold_loss":0},{"damage_healed":0,"gold_gain":0,"player_choice":"Entered Light","damage_taken":14,"max_hp_gain":0,"max_hp_loss":0,"event_name":"Shining Light","floor":3,"gold_loss":0,"cards_upgraded":["Defend_B","Dualcast"]},{"damage_healed":0,"gold_gain":0,"player_choice":"Grow","damage_taken":0,"max_hp_gain":0,"max_hp_loss":0,"event_name":"Living Wall","floor":4,"gold_loss":0,"cards_upgraded":["Zap"]},{"damage_healed":0,"gold_gain":0,"player_choice":"Searched \u00270\u0027 times","damage_taken":0,"max_hp_gain":0,"max_hp_loss":0,"event_name":"Dead Adventurer","floor":7,"gold_loss":0}],"is_beta":false,"boss_relics":[{"not_picked":["Snecko Eye","Black Star"],"picked":"SlaversCollar"}],"items_purged_floors":[19],"is_endless":false,"potions_floor_spawned":[12,13,16,20,21,23],"killed_by":"Book of Stabbing","ascension_level":0}}