{"host":"d52brwsy6af8zvaq","time":1612659782,"event":{"mods":["AchievementEnabler","BaseMod","Bestiary","Highlight Path","Minty Spire (QoL Compilation)","Quick Restart","Relic Stats","ojb\u0027s Better Paths Mod"],"gold_per_floor":[114,131,147,147,147,147,163,193,193,209,209,209],"floor_reached":11,"language":"ENG","playtime":251,"items_purged":[],"score":150,"play_id":"7bcab1e3-145a-4777-9a21-116bc0ace516","local_time":"20210206180302","is_ascension_mode":true,"campfire_choices":[{"floor":6.0,"key":"REST"}],"circlet_count":0,"master_deck":["AscendersBane","Strike_B+1","Strike_B","Strike_B","Strike_B","Defend_B","Defend_B","Defend_B","Defend_B+1","Zap","Dualcast","Gash","Sweeping Beam","Gash","Go for the Eyes","Stack","Gash"],"relics":["Cracked Core","White Beast Statue","Cables"],"acts_visited":["Exordium"],"potions_floor_usage":[8],"damage_taken":[{"damage":4.0,"enemies":"Small Slimes","floor":1.0,"turns":3.0},{"damage":12.0,"enemies":"Jaw Worm","floor":2.0,"turns":3.0},{"damage":1.0,"enemies":"Cultist","floor":3.0,"turns":3.0},{"damage":13,"enemies":"Large Slime","floor":7,"turns":5},{"damage":24,"enemies":"Gremlin Nob","floor":8,"turns":4},{"damage":1,"enemies":"2 Fungi Beasts","floor":10,"turns":3},{"damage":20,"enemies":"Lagavulin","floor":11,"turns":3}],"seed_played":"6785218032930276104","potions_obtained":[{"floor":2.0,"key":"Ancient Potion"},{"floor":8,"key":"EssenceOfSteel"},{"floor":10,"key":"EssenceOfDarkness"}],"is_trial":false,"path_per_floor":["M","M","M","?","?","R","M","E","T","M","E"],"character_chosen":"DEFECT","items_purchased":[],"campfire_rested":1,"item_purchase_floors":[],"current_hp_per_floor":[67,55,54,54,31,54,41,17,17,16,0,0],"gold":209,"neow_bonus":"TEN_PERCENT_HP_BONUS","is_daily":false,"chose_seed":false,"campfire_upgraded":0,"win_rate":0.0,"timestamp":1612659782,"path_taken":["M","M","M","?","?","R","M","E","T","M","E"],"items_purchased_type":[],"build_version":"2020-12-22","purchased_purges":0,"victory":false,"max_hp_per_floor":[78,78,78,78,78,78,78,78,78,78,78,78],"relic_stats":{"counters":[7,24],"obtain_stats":[{"Cracked Core":0,"White Beast Statue":8,"Cables":9},{"Cracked Core":0,"White Beast Statue":5,"Cables":5},{"Cracked Core":0,"White Beast Statue":18,"Cables":18}],"Cables":[5,5,0,0,0]},"card_choices":[{"not_picked":["Streamline","Steam"],"picked":"Gash","floor":1.0},{"not_picked":["Barrage","Scrape"],"picked":"Sweeping Beam","floor":2.0},{"not_picked":["Stack","Beam Cell"],"picked":"Gash","floor":3.0},{"not_picked":["Beam Cell","Stack"],"picked":"Go for the Eyes","floor":7},{"not_picked":["Turbo","Beam Cell"],"picked":"Stack","floor":8},{"not_picked":["Core Surge","Streamline"],"picked":"Gash","floor":10}],"player_experience":2169014,"relics_obtained":[{"floor":8,"key":"White Beast Statue"},{"floor":9,"key":"Cables"}],"event_choices":[{"damage_healed":0.0,"max_hp_gain":0.0,"max_hp_loss":0.0,"gold_gain":0.0,"event_name":"Liars Game","player_choice":"Ignored","floor":4.0,"gold_loss":0.0,"damage_taken":0.0},{"damage_healed":0.0,"max_hp_gain":0.0,"max_hp_loss":0.0,"gold_gain":0.0,"event_name":"Shining Light","player_choice":"Entered Light","floor":5.0,"gold_loss":0.0,"damage_taken":23.0,"cards_upgraded":["Strike_B","Defend_B"]}],"is_beta":false,"boss_relics":[],"items_purged_floors":[],"is_endless":false,"potions_floor_spawned":[2,8,10],"killed_by":"Lagavulin","ascension_level":20}}