{"host":"bcpyscfajg8dk59p","time":1612673362,"event":{"mods":["Act Like it!","BaseMod","BetterRewards","Colored Map","Colored Powertips","Conspire","Downfall","Friendly Minions","Hubris","Infinite Spire","Ironclad Rager","Minty Spire (QoL Compilation)","Permanent Neow","Quarter Circle Forward PUNCH!","Replay The Spire","StSLib","SuperFastMode","Trackpad"],"gold_per_floor":[115,2,13,13,28,63,63,77,103,3,3,14,14,24,24,24,24],"floor_reached":16,"language":"ENG","playtime":613,"items_purged":["Perfected Strike","Strike_R"],"score":107,"play_id":"3ca2fe1d-9ea0-41a8-9e0f-2933f0259e94","local_time":"20210206204922","is_ascension_mode":true,"campfire_choices":[{"data":"Armaments","floor":7,"key":"SMITH"},{"data":"conspire:Charge","floor":11,"key":"SMITH"},{"data":"Shrug It Off","floor":13,"key":"SMITH"},{"data":"Inflame","floor":15,"key":"SMITH"}],"circlet_count":0,"master_deck":["Strike_R","Strike_R","Strike_R","Strike_R","Defend_R","Defend_R","Defend_R","Defend_R","Bash","Thunderclap","Searing Blow","Armaments+1","conspire:Charge+1","Shrug It Off+1","Impervious","Inflame+1"],"relics":["Burning Blood","trackpad:Mousetrap","PreservedInsect"],"acts_visited":["Exordium"],"potions_floor_usage":[],"damage_taken":[{"damage":0,"enemies":"Small Slimes","floor":1,"turns":4},{"damage":4,"enemies":"conspire:RoseBush","floor":3,"turns":3},{"damage":10,"enemies":"Cultist","floor":5,"turns":4},{"damage":28,"enemies":"Gremlin Nob","floor":6,"turns":5},{"damage":16,"enemies":"Lots of Slimes","floor":8,"turns":4},{"damage":8,"enemies":"Red Slaver","floor":12,"turns":3},{"damage":16,"enemies":"Gremlin Gang","floor":14,"turns":5},{"damage":33,"enemies":"Hexaghost","floor":16,"turns":9}],"seed_played":"3575660794989800326","potions_obtained":[{"floor":12,"key":"SteroidPotion"},{"floor":14,"key":"Strength Potion"}],"is_trial":false,"path_per_floor":["M","$","M","?","M","E","R","M","T","$","R","M","R","M","R","B"],"character_chosen":"IRONCLAD","items_purchased":["Searing Blow"],"campfire_rested":0,"item_purchase_floors":[2],"current_hp_per_floor":[80,80,80,80,76,54,54,44,44,44,44,42,42,32,32,0,0],"gold":24,"neow_bonus":"THREE_CARDS","is_daily":false,"chose_seed":false,"campfire_upgraded":4,"win_rate":0.0,"timestamp":1612673362,"path_taken":["M","$","M","?","?","E","R","?","T","?","R","?","R","M","R","BOSS"],"items_purchased_type":["Card"],"build_version":"2020-12-22","purchased_purges":2,"victory":false,"max_hp_per_floor":[80,80,80,80,80,80,80,80,80,80,80,80,80,80,80,80,80],"card_choices":[{"not_picked":["Seeing Red","Thunderclap"],"picked":"Perfected Strike","floor":0},{"not_picked":["Sentinel","Power Through"],"picked":"Thunderclap","floor":1},{"not_picked":["Perfected Strike","hubris:CleavingFinish","ReplayTheSpireMod:Corrosion Curse"],"picked":"SKIP","floor":3},{"not_picked":["Fire Breathing","hubris:ReadiedAction"],"picked":"Armaments","floor":5},{"not_picked":["Clash","Dark Embrace"],"picked":"conspire:Charge","floor":6},{"not_picked":["Warcry","Pommel Strike"],"picked":"Shrug It Off","floor":8},{"not_picked":["Pommel Strike","Perfected Strike"],"picked":"Impervious","floor":12},{"not_picked":["Pommel Strike","hubris:ReadiedAction"],"picked":"Inflame","floor":14}],"player_experience":454266,"relics_obtained":[{"floor":6,"key":"trackpad:Mousetrap"},{"floor":9,"key":"PreservedInsect"}],"event_choices":[{"damage_healed":0,"gold_gain":0,"player_choice":"Ignored","damage_taken":0,"max_hp_gain":0,"max_hp_loss":0,"event_name":"NoteForYourself","floor":4,"gold_loss":0}],"is_beta":false,"boss_relics":[],"items_purged_floors":[2,10],"is_endless":false,"potions_floor_spawned":[12,14],"killed_by":"Hexaghost","ascension_level":1}}