{"host":"kxz5izodaorfb9am","time":1612724074,"event":{"mods":["BaseMod","GifTheSpireLib","Minty Spire (QoL Compilation)","Shop Mod","StSLib"],"gold_per_floor":[362,376,4,4,24,54,54,70,70,70,81,81,97,124,124,227,227,227,239,255,255,0,0,0,0,0,38,57,57,57],"floor_reached":29,"language":"ENG","playtime":1880,"items_purged":["Normality"],"score":284,"play_id":"18d14cca-2327-438f-a0ac-b9e20d26f067","local_time":"20210207195434","is_ascension_mode":true,"campfire_choices":[{"data":"Body Slam","floor":7,"key":"SMITH"},{"floor":10,"key":"REST"},{"floor":15,"key":"REST"},{"data":"Juggernaut","floor":23,"key":"SMITH"},{"data":"Shrug It Off","floor":25,"key":"SMITH"}],"circlet_count":0,"master_deck":["Strike_R","Strike_R","Strike_R","Strike_R","Defend_R","Defend_R","Defend_R","Defend_R","Bash","Juggernaut+1","Flame Barrier","Feel No Pain","Rampage","Shrug It Off+1","Perfected Strike+1","Blood for Blood","Reckless Charge","Clothesline"],"relics":["Burning Blood","Toolbox","Mummified Hand","Ornamental Fan","Nunchaku","Snecko Eye","Shuriken","Ice Cream"],"acts_visited":["Exordium","TheCity"],"potions_floor_usage":[6,6,18,18],"damage_taken":[{"damage":6,"enemies":"Cultist","floor":1,"turns":3},{"damage":0,"enemies":"Small Slimes","floor":2,"turns":3},{"damage":2,"enemies":"2 Louse","floor":5,"turns":3},{"damage":51,"enemies":"3 Sentries","floor":6,"turns":13},{"damage":24,"enemies":"Exordium Thugs","floor":8,"turns":4},{"damage":11,"enemies":"Blue Slaver","floor":11,"turns":4},{"damage":3,"enemies":"Looter","floor":13,"turns":3},{"damage":24,"enemies":"Gremlin Nob","floor":14,"turns":5},{"damage":15,"enemies":"Slime Boss","floor":16,"turns":9},{"damage":0,"enemies":"Shell Parasite","floor":18,"turns":4},{"damage":6,"enemies":"3 Byrds","floor":19,"turns":2},{"damage":55,"enemies":"Sentry and Sphere","floor":20,"turns":8},{"damage":24,"enemies":"Shelled Parasite and Fungi","floor":27,"turns":4},{"damage":0,"enemies":"Chosen and Byrds","floor":28,"turns":4},{"damage":25,"enemies":"Centurion and Healer","floor":29,"turns":2}],"seed_played":"-1009406836985817106","potions_obtained":[{"floor":1,"key":"ElixirPotion"},{"floor":5,"key":"BloodPotion"},{"floor":11,"key":"SmokeBomb"},{"floor":13,"key":"ElixirPotion"},{"floor":16,"key":"HeartOfIron"},{"floor":19,"key":"LiquidBronze"}],"is_trial":false,"path_per_floor":["M","M","$","?","M","E","R","M","T","R","M","?","M","E","R","B",null,"M","M","M","?","$","R","?","R","T","M","M","M"],"character_chosen":"IRONCLAD","items_purchased":["Juggernaut","Toolbox","Shuriken"],"campfire_rested":2,"item_purchase_floors":[3,3,22],"current_hp_per_floor":[80,80,80,68,72,43,43,25,25,49,44,44,47,29,53,44,80,80,80,31,31,31,31,31,31,31,13,19,0,0],"gold":57,"neow_bonus":"TWO_FIFTY_GOLD","is_daily":false,"chose_seed":false,"campfire_upgraded":3,"win_rate":0.0,"timestamp":1612724074,"path_taken":["M","M","$","?","M","E","R","M","T","R","M","?","M","E","R","BOSS","M","M","?","?","?","R","?","R","T","M","M","?"],"items_purchased_type":["Card","Relic","Relic"],"build_version":"2020-12-22","purchased_purges":1,"victory":false,"max_hp_per_floor":[80,80,80,80,80,80,80,80,80,80,80,80,80,80,80,80,80,80,80,80,80,80,80,80,80,80,80,80,80,80],"card_choices":[{"not_picked":["Pommel Strike","Anger"],"picked":"Body Slam","floor":1},{"not_picked":["Hemokinesis","Cleave","Thunderclap"],"picked":"SKIP","floor":2},{"not_picked":["Dropkick","Body Slam"],"picked":"Flame Barrier","floor":5},{"not_picked":["Infernal Blade","Perfected Strike"],"picked":"Feel No Pain","floor":6},{"not_picked":["Flex","Heavy Blade"],"picked":"Rampage","floor":8},{"not_picked":["Battle Trance","Body Slam"],"picked":"Shrug It Off","floor":11},{"not_picked":["Iron Wave","Sword Boomerang","Flex"],"picked":"SKIP","floor":13},{"not_picked":["Spot Weakness","Carnage","Headbutt"],"picked":"SKIP","floor":14},{"not_picked":["Corruption","Limit Break"],"picked":"Offering","floor":16},{"not_picked":["Iron Wave","Pommel Strike","Twin Strike+1"],"picked":"SKIP","floor":19},{"not_picked":["Disarm","Iron Wave"],"picked":"Perfected Strike+1","floor":20},{"not_picked":["Dual Wield","Pummel+1","Flex"],"picked":"SKIP","floor":27},{"not_picked":["Clash","Anger"],"picked":"Clothesline","floor":28}],"player_experience":306695,"relics_obtained":[{"floor":6,"key":"Ornamental Fan"},{"floor":14,"key":"Nunchaku"},{"floor":26,"key":"Ice Cream"}],"event_choices":[{"damage_healed":0,"gold_gain":0,"player_choice":"Success","damage_taken":12,"relics_obtained":["Mummified Hand"],"max_hp_gain":0,"max_hp_loss":0,"event_name":"Scrap Ooze","floor":4,"gold_loss":0},{"cards_removed":["Strike_R"],"damage_healed":0,"gold_gain":0,"player_choice":"Purged","damage_taken":0,"max_hp_gain":0,"max_hp_loss":0,"event_name":"Purifier","floor":12,"gold_loss":0},{"damage_healed":0,"gold_gain":0,"cards_transformed":["Offering","Body Slam"],"player_choice":"Became Test Subject","damage_taken":0,"max_hp_gain":0,"max_hp_loss":0,"event_name":"Drug Dealer","floor":21,"gold_loss":0,"cards_obtained":["Blood for Blood","Warcry"]},{"damage_healed":0,"gold_gain":0,"cards_transformed":["Warcry"],"player_choice":"Transformed","damage_taken":0,"max_hp_gain":0,"max_hp_loss":0,"event_name":"Transmorgrifier","floor":24,"gold_loss":0,"cards_obtained":["Reckless Charge"]}],"is_beta":false,"boss_relics":[{"not_picked":["Fusion Hammer","SacredBark"],"picked":"Snecko Eye"}],"items_purged_floors":[3],"is_endless":false,"potions_floor_spawned":[1,5,11,13,16,18,19],"killed_by":"Centurion and Healer","ascension_level":4}}