{"host":"l5zfpd2l2htson6l","time":1612676435,"event":{"mods":["AchievementEnabler","BaseMod","Colored Map","Colored Powertips","Minty Spire (QoL Compilation)","Permanent Neow","Quick Restart","Rare Cards Sparkle","Relic Stats","SuperFastMode"],"gold_per_floor":[113,123,140,215,226,226,226],"floor_reached":6,"language":"ENG","playtime":251,"items_purged":[],"score":76,"play_id":"2547afd9-44ea-4153-b2f2-eb46dcdb9622","local_time":"20210206214035","is_ascension_mode":true,"campfire_choices":[],"circlet_count":0,"master_deck":["AscendersBane","Strike_R","Strike_R","Strike_R","Strike_R","Strike_R","Defend_R","Defend_R","Defend_R","Defend_R","Bash","Headbutt","Hemokinesis"],"relics":["Black Star"],"acts_visited":["Exordium"],"potions_floor_usage":[5,6],"damage_taken":[{"damage":10,"enemies":"2 Louse","floor":1,"turns":4},{"damage":6,"enemies":"Jaw Worm","floor":2,"turns":5},{"damage":4,"enemies":"Small Slimes","floor":3,"turns":4},{"damage":9,"enemies":"Exordium Wildlife","floor":5,"turns":3},{"damage":38,"enemies":"Gremlin Nob","floor":6,"turns":3}],"seed_played":"4936843166455034795","potions_obtained":[{"floor":2,"key":"ColorlessPotion"},{"floor":3,"key":"FearPotion"}],"is_trial":false,"path_per_floor":["M","M","M","?","M","E"],"character_chosen":"IRONCLAD","items_purchased":[],"campfire_rested":0,"item_purchase_floors":[],"current_hp_per_floor":[58,52,48,37,28,0,0],"gold":226,"neow_bonus":"BOSS_RELIC","is_daily":false,"chose_seed":false,"campfire_upgraded":0,"win_rate":0.0,"timestamp":1612676435,"path_taken":["M","M","M","?","M","E"],"items_purchased_type":[],"build_version":"2020-12-22","purchased_purges":0,"victory":false,"max_hp_per_floor":[75,75,75,75,75,75,75],"relic_stats":{"counters":[5,19],"Black Star":0,"obtain_stats":[{"Black Star":0,"Burning Blood":0},{"Black Star":0,"Burning Blood":0},{"Black Star":0,"Burning Blood":0}]},"card_choices":[{"not_picked":["Flex","Sword Boomerang","Rage"],"picked":"SKIP","floor":1},{"not_picked":["Flex","Inflame"],"picked":"Headbutt","floor":2},{"not_picked":["Perfected Strike","Armaments"],"picked":"Hemokinesis","floor":3},{"not_picked":["Dark Embrace","Body Slam","Iron Wave"],"picked":"SKIP","floor":5}],"player_experience":933418,"relics_obtained":[],"event_choices":[{"damage_healed":0,"gold_gain":75,"player_choice":"Gather Gold","damage_taken":11,"max_hp_gain":0,"max_hp_loss":0,"event_name":"World of Goop","floor":4,"gold_loss":0}],"is_beta":false,"boss_relics":[],"items_purged_floors":[],"is_endless":false,"potions_floor_spawned":[2,3],"killed_by":"Gremlin Nob","ascension_level":20}}