{"host":"prxrhpgaxnj4om9r","time":1612709121,"event":{"mods":["AchievementEnabler","BaseMod","DeckTracker","Keyboard Shortcuts","Minty Spire (QoL Compilation)"],"gold_per_floor":[112,124,124,124,124,124,144,159,159,204,220,70,108,122,122,252,252,265,281,281,295,319,319,76,91,91,91,91,91,91],"floor_reached":29,"language":"KOR","playtime":1714,"items_purged":[],"score":284,"play_id":"2d81ff9f-2207-4a6e-bd87-85712edd3e05","local_time":"20210207234521","is_ascension_mode":true,"campfire_choices":[{"floor":6,"key":"REST"},{"floor":15,"key":"REST"},{"floor":28,"key":"REST"}],"circlet_count":0,"master_deck":["Strike_B","Strike_B","Defend_B","Defend_B","Defend_B","Zap+1","Dualcast","Hologram","Beam Cell","Static Discharge","Conserve Battery","Self Repair+1","Creative AI","Glacier+1","Biased Cognition+1","Meteor Strike+1","Stack+1","Sweeping Beam+1","Cold Snap+1","Go for the Eyes"],"relics":["Cracked Core","NeowsBlessing","Letter Opener","Golden Idol","Singing Bowl","Lantern","Regal Pillow","Question Card","Astrolabe","Tiny Chest","Gremlin Horn","Shuriken"],"acts_visited":["Exordium","TheCity"],"potions_floor_usage":[13,21,22,29],"damage_taken":[{"damage":0,"enemies":"Cultist","floor":1,"turns":1},{"damage":0,"enemies":"2 Louse","floor":2,"turns":1},{"damage":0,"enemies":"Small Slimes","floor":7,"turns":1},{"damage":1,"enemies":"2 Fungi Beasts","floor":8,"turns":2},{"damage":7,"enemies":"Red Slaver","floor":11,"turns":2},{"damage":21,"enemies":"3 Sentries","floor":13,"turns":5},{"damage":9,"enemies":"Exordium Thugs","floor":14,"turns":5},{"damage":47,"enemies":"Hexaghost","floor":16,"turns":9},{"damage":36,"enemies":"3 Byrds","floor":18,"turns":3},{"damage":10,"enemies":"Spheric Guardian","floor":19,"turns":6},{"damage":49,"enemies":"Chosen and Byrds","floor":21,"turns":7},{"damage":22,"enemies":"Centurion and Healer","floor":22,"turns":9},{"damage":14,"enemies":"Shelled Parasite and Fungi","floor":25,"turns":10},{"damage":51,"enemies":"Slavers","floor":29,"turns":3}],"seed_played":"-3805879866032282148","potions_obtained":[{"floor":2,"key":"SkillPotion"},{"floor":14,"key":"SteroidPotion"},{"floor":18,"key":"SteroidPotion"},{"floor":19,"key":"FairyPotion"},{"floor":25,"key":"EssenceOfSteel"}],"is_trial":false,"path_per_floor":["M","M","?","?","?","R","M","M","T","T","M","$","E","M","R","B",null,"M","M","?","M","M","?","$","M","T","?","R","E"],"character_chosen":"DEFECT","items_purchased":["Regal Pillow","Gremlin Horn"],"campfire_rested":3,"item_purchase_floors":[12,24],"current_hp_per_floor":[75,75,33,33,33,55,55,54,54,54,49,49,28,26,64,24,64,35,32,32,32,17,17,17,10,10,10,48,0,0],"gold":91,"neow_bonus":"THREE_ENEMY_KILL","is_daily":false,"chose_seed":false,"campfire_upgraded":0,"win_rate":0.0,"timestamp":1612709121,"path_taken":["M","?","?","?","?","R","M","M","T","?","M","$","E","M","R","BOSS","M","M","?","?","M","?","$","?","T","?","R","E"],"items_purchased_type":["Relic","Relic"],"build_version":"2020-12-22","purchased_purges":0,"victory":false,"max_hp_per_floor":[75,75,75,75,75,75,75,75,75,75,77,77,77,77,77,77,77,77,77,77,79,79,79,79,79,79,79,79,79,79],"card_choices":[{"not_picked":["Static Discharge","Stack"],"picked":"Hologram","floor":1},{"not_picked":["Steam","Ball Lightning"],"picked":"Beam Cell","floor":2},{"not_picked":["Hologram","Steam"],"picked":"Static Discharge","floor":7},{"not_picked":["Reinforced Body","Coolheaded"],"picked":"Conserve Battery","floor":8},{"not_picked":["Glacier","Static Discharge","Compile Driver"],"picked":"Singing Bowl","floor":11},{"not_picked":["BootSequence","Scrape"],"picked":"Self Repair","floor":13},{"not_picked":["Thunder Strike","Leap","Ball Lightning"],"picked":"Sweeping Beam","floor":14},{"not_picked":["Seek","Machine Learning","Reboot"],"picked":"Creative AI","floor":16},{"not_picked":["Hello World","Hologram","Undo+1"],"picked":"Stack+1","floor":18},{"not_picked":["Rebound","Beam Cell","Cold Snap"],"picked":"Sweeping Beam+1","floor":19},{"not_picked":["Aggregate","Sweeping Beam+1","Redo+1","Steam"],"picked":"Singing Bowl","floor":21},{"not_picked":["Blizzard+1","Steam+1","Barrage"],"picked":"Cold Snap+1","floor":22},{"not_picked":["Steam","Blizzard+1","Sweeping Beam"],"picked":"Go for the Eyes","floor":25}],"player_experience":310553,"relics_obtained":[{"floor":9,"key":"Singing Bowl"},{"floor":10,"key":"Lantern"},{"floor":13,"key":"Question Card"},{"floor":26,"key":"Shuriken"}],"event_choices":[{"damage_healed":0,"gold_gain":0,"player_choice":"Success","damage_taken":42,"relics_obtained":["Letter Opener"],"max_hp_gain":0,"max_hp_loss":0,"event_name":"Scrap Ooze","floor":3,"gold_loss":0},{"damage_healed":0,"gold_gain":0,"player_choice":"Take Wound","damage_taken":0,"relics_obtained":["Golden Idol"],"max_hp_gain":0,"max_hp_loss":0,"event_name":"Golden Idol","floor":4,"gold_loss":0,"cards_obtained":["Injury"]},{"damage_healed":0,"gold_gain":0,"player_choice":"Grow","damage_taken":0,"max_hp_gain":0,"max_hp_loss":0,"event_name":"Living Wall","floor":5,"gold_loss":0,"cards_upgraded":["Zap"]},{"cards_removed":["Injury"],"damage_healed":0,"gold_gain":0,"player_choice":"Purged","damage_taken":0,"max_hp_gain":0,"max_hp_loss":0,"event_name":"Purifier","floor":20,"gold_loss":0},{"cards_removed":["Sweeping Beam"],"damage_healed":0,"gold_gain":0,"player_choice":"Gave Card","damage_taken":0,"relics_obtained":["Tiny Chest"],"max_hp_gain":0,"max_hp_loss":0,"event_name":"WeMeetAgain","floor":23,"gold_loss":0},{"damage_healed":0,"gold_gain":0,"player_choice":"Upgraded","damage_taken":0,"max_hp_gain":0,"max_hp_loss":0,"event_name":"Upgrade Shrine","floor":27,"gold_loss":0,"cards_upgraded":["Self Repair"]}],"is_beta":false,"boss_relics":[{"not_picked":["Tiny House","Velvet Choker"],"picked":"Astrolabe"}],"items_purged_floors":[],"is_endless":false,"potions_floor_spawned":[2,14,18,19,25],"killed_by":"Slavers","ascension_level":5}}