{"host":"rb2p2z6v6vieend5","time":1612736903,"event":{"mods":["BaseMod","Block Reminder","Colored Map","DeckTracker","Highlight Path","Minty Spire (QoL Compilation)","Random Character Button","Relic Stats"],"gold_per_floor":[118,118,133,150,162,162,174,174,201,221,221,240,253,253,253,358,358,374,391,391,411,423,423,440,460,460,460,472,472,472,489,489,594,594,613,632,632,211,226,252,252,271,271,271,118,118,192,0,0,0,0],"floor_reached":50,"language":"ENG","playtime":3528,"items_purged":["PathToVictory"],"score":613,"play_id":"1a78650e-d6be-4c9a-bb40-445d7c3a7115","local_time":"20210207232823","is_ascension_mode":true,"campfire_choices":[{"data":"TalkToTheHand","floor":6,"key":"SMITH"},{"data":"ClearTheMind","floor":8,"key":"SMITH"},{"data":"Tantrum","floor":11,"key":"SMITH"},{"floor":15,"key":"REST"},{"data":"TalkToTheHand","floor":23,"key":"SMITH"},{"floor":27,"key":"REST"},{"floor":30,"key":"REST"},{"floor":32,"key":"REST"},{"data":"Nirvana","floor":41,"key":"SMITH"},{"floor":46,"key":"REST"},{"floor":49,"key":"REST"}],"circlet_count":0,"master_deck":["Eruption","Vigilance+1","SignatureMove","FlurryOfBlows","CutThroughFate","FollowUp","CutThroughFate","Tantrum+1","TalkToTheHand+1","ClearTheMind+1","Brilliance","Nirvana+1","MasterReality","DeusExMachina+1","Perseverance+1","TalkToTheHand+1","Protect+1","BattleHymn+1","CutThroughFate","ThirdEye","Collect+1","Adaptation","SandsOfTime+1","JustLucky","Parasite","FlyingSleeves","Decay"],"relics":["Pandora\u0027s Box","Strawberry","Toy Ornithopter","Runic Pyramid","GoldenEye","Tiny Chest","Cursed Key","WingedGreaves","Shuriken","War Paint","Gremlin Horn","Red Mask"],"acts_visited":["Exordium","TheCity","TheBeyond"],"potions_floor_usage":[16,22,33,40,50,50,50,50],"damage_taken":[{"damage":12,"enemies":"Small Slimes","floor":1,"turns":3},{"damage":0,"enemies":"Cultist","floor":3,"turns":2},{"damage":0,"enemies":"2 Louse","floor":4,"turns":2},{"damage":10,"enemies":"Gremlin Gang","floor":5,"turns":2},{"damage":14,"enemies":"3 Louse","floor":7,"turns":2},{"damage":0,"enemies":"Exordium Thugs","floor":10,"turns":3},{"damage":0,"enemies":"2 Fungi Beasts","floor":12,"turns":2},{"damage":8,"enemies":"3 Louse","floor":13,"turns":3},{"damage":27,"enemies":"Hexaghost","floor":16,"turns":6},{"damage":9,"enemies":"Shell Parasite","floor":18,"turns":2},{"damage":3,"enemies":"Spheric Guardian","floor":19,"turns":3},{"damage":10,"enemies":"Snecko","floor":21,"turns":3},{"damage":16,"enemies":"Shelled Parasite and Fungi","floor":22,"turns":3},{"damage":24,"enemies":"Snake Plant","floor":24,"turns":2},{"damage":0,"enemies":"Centurion and Healer","floor":25,"turns":6},{"damage":12,"enemies":"Cultist and Chosen","floor":28,"turns":3},{"damage":24,"enemies":"Snake Plant","floor":31,"turns":4},{"damage":46,"enemies":"Champ","floor":33,"turns":9},{"damage":21,"enemies":"3 Darklings","floor":35,"turns":3},{"damage":3,"enemies":"3 Shapes","floor":36,"turns":2},{"damage":40,"enemies":"Transient","floor":39,"turns":5},{"damage":3,"enemies":"Nemesis","floor":40,"turns":6},{"damage":33,"enemies":"Writhing Mass","floor":42,"turns":4},{"damage":151,"enemies":"Awakened One","floor":50,"turns":6}],"seed_played":"3825276105428094860","potions_obtained":[{"floor":5,"key":"PowerPotion"},{"floor":7,"key":"LiquidBronze"},{"floor":10,"key":"Weak Potion"},{"floor":16,"key":"SteroidPotion"},{"floor":18,"key":"PowerPotion"},{"floor":22,"key":"EntropicBrew"},{"floor":35,"key":"StancePotion"}],"is_trial":false,"path_per_floor":["M","?","M","M","M","R","M","R","T","M","R","M","M","?","R","B",null,"M","M","?","M","M","R","M","M","T","R","M","?","R","M","R","B",null,"M","M","?","$","M","E","R","M","T","?","$","R","T","?","R","B"],"character_chosen":"WATCHER","items_purchased":["Adaptation","WingedGreaves","War Paint"],"campfire_rested":6,"item_purchase_floors":[38,38,45],"current_hp_per_floor":[60,67,67,67,57,57,43,43,43,43,43,43,35,35,58,36,68,59,56,56,46,35,35,11,11,11,34,22,22,45,21,44,3,60,39,36,89,89,49,51,51,18,18,18,18,44,44,44,70,0,0],"gold":0,"neow_bonus":"BOSS_RELIC","is_daily":false,"chose_seed":false,"campfire_upgraded":5,"win_rate":0.0,"timestamp":1612736903,"path_taken":["M","?","M","?","M","R","M","R","T","M","R","M","M","?","R","BOSS","M","?","?","M","M","R","M","M","T","R","?","?","R","M","R","BOSS","M","M","?","$","?","E","R","M","T","?","$","R","?","?","R","BOSS"],"items_purchased_type":["Card","Relic","Relic"],"build_version":"2020-12-22","purchased_purges":1,"victory":false,"max_hp_per_floor":[72,79,79,79,79,79,79,79,79,79,79,79,79,79,79,79,79,79,79,79,79,79,79,79,79,79,79,79,79,79,79,79,79,79,79,79,89,89,89,89,89,89,89,89,89,89,89,89,89,89,89],"relic_stats":{"Gremlin Horn":[3,3],"counters":[24,86],"Shuriken":[9],"Pandora\u0027s Box":["CutThroughFate","MasterReality","PathToVictory","SignatureMove","InnerPeace","FlurryOfBlows","CutThroughFate","Crescendo"],"Tiny Chest":1,"War Paint":["Vigilance","DeusExMachina"],"GoldenEye":[62],"Cursed Key":1,"obtain_stats":[{"Gremlin Horn":47,"War Paint":45,"GoldenEye":26,"Cursed Key":34,"Shuriken":40,"Strawberry":2,"Pandora\u0027s Box":0,"Tiny Chest":29,"WingedGreaves":38,"Red Mask":48,"PureWater":0,"Toy Ornithopter":9,"Runic Pyramid":17},{"Gremlin Horn":23,"War Paint":23,"GoldenEye":15,"Cursed Key":18,"Shuriken":22,"Strawberry":1,"Pandora\u0027s Box":0,"Tiny Chest":16,"WingedGreaves":20,"Red Mask":23,"PureWater":0,"Toy Ornithopter":5,"Runic Pyramid":9},{"Gremlin Horn":80,"War Paint":80,"GoldenEye":44,"Cursed Key":60,"Shuriken":76,"Strawberry":3,"Pandora\u0027s Box":0,"Tiny Chest":47,"WingedGreaves":65,"Red Mask":80,"PureWater":0,"Toy Ornithopter":11,"Runic Pyramid":25}],"Toy Ornithopter":40},"card_choices":[{"not_picked":["Prostrate","FlurryOfBlows"],"picked":"FollowUp","floor":1},{"not_picked":["Prostrate","Pray"],"picked":"CutThroughFate","floor":3},{"not_picked":["FlyingSleeves","Consecrate"],"picked":"Tantrum","floor":4},{"not_picked":["FlurryOfBlows","BowlingBash"],"picked":"TalkToTheHand","floor":5},{"not_picked":["EmptyMind","FollowUp"],"picked":"ClearTheMind","floor":7},{"not_picked":["LikeWater","Protect"],"picked":"Brilliance","floor":10},{"not_picked":["Evaluate","ForeignInfluence"],"picked":"Nirvana","floor":12},{"not_picked":["FlyingSleeves","Tantrum","SandsOfTime"],"picked":"SKIP","floor":13},{"not_picked":["Scrawl","SpiritShield"],"picked":"DeusExMachina","floor":16},{"not_picked":["Sanctity","MentalFortress"],"picked":"Perseverance","floor":18},{"not_picked":["Crescendo","EmptyMind","FlyingSleeves+1"],"picked":"SKIP","floor":19},{"not_picked":["Crescendo","BowlingBash+1"],"picked":"TalkToTheHand","floor":21},{"not_picked":["FlyingSleeves","ClearTheMind+1","Consecrate"],"picked":"SKIP","floor":22},{"not_picked":["CrushJoints","SashWhip"],"picked":"Protect+1","floor":24},{"not_picked":["CrushJoints+1","MentalFortress"],"picked":"BattleHymn+1","floor":25},{"not_picked":["Vengeance+1","FollowUp","FlyingSleeves"],"picked":"SKIP","floor":28},{"not_picked":["Tantrum","Alpha"],"picked":"CutThroughFate","floor":31},{"not_picked":["SashWhip","Meditate"],"picked":"ThirdEye","floor":35},{"not_picked":["CrushJoints","Indignation+1"],"picked":"Collect+1","floor":36},{"not_picked":["ClearTheMind","FlurryOfBlows+1"],"picked":"SandsOfTime+1","floor":39},{"not_picked":["Sanctity","Consecrate+1"],"picked":"JustLucky","floor":40},{"not_picked":["Tantrum","BowlingBash+1","SashWhip+1"],"picked":"SKIP","floor":42}],"player_experience":702418,"relics_obtained":[{"floor":9,"key":"Toy Ornithopter"},{"floor":26,"key":"GoldenEye"},{"floor":40,"key":"Shuriken"},{"floor":47,"key":"Gremlin Horn"}],"event_choices":[{"cards_removed":["CutThroughFate"],"damage_healed":0,"gold_gain":0,"player_choice":"Gave Card","damage_taken":0,"relics_obtained":["Strawberry"],"max_hp_gain":0,"max_hp_loss":0,"event_name":"WeMeetAgain","floor":2,"gold_loss":0},{"damage_healed":0,"gold_gain":0,"cards_transformed":["InnerPeace"],"player_choice":"Transformed","damage_taken":0,"max_hp_gain":0,"max_hp_loss":0,"event_name":"Transmorgrifier","floor":14,"gold_loss":0,"cards_obtained":["MasterReality"]},{"damage_healed":0,"gold_gain":0,"player_choice":"Upgraded","damage_taken":0,"max_hp_gain":0,"max_hp_loss":0,"event_name":"Upgrade Shrine","floor":20,"gold_loss":0,"cards_upgraded":["Perseverance"]},{"damage_healed":0,"gold_gain":0,"player_choice":"Opened","damage_taken":0,"relics_obtained":["Tiny Chest"],"max_hp_gain":0,"max_hp_loss":0,"event_name":"The Mausoleum","floor":29,"gold_loss":0},{"cards_removed":["MasterReality"],"damage_healed":43,"gold_gain":0,"player_choice":"Offered Rare","damage_taken":0,"max_hp_gain":10,"max_hp_loss":0,"event_name":"Bonfire Elementals","floor":37,"gold_loss":0},{"damage_healed":0,"gold_gain":0,"cards_transformed":["Crescendo"],"player_choice":"Transformed","damage_taken":0,"max_hp_gain":0,"max_hp_loss":0,"event_name":"Transmorgrifier","floor":44,"gold_loss":0,"cards_obtained":["FlyingSleeves"]},{"damage_healed":0,"gold_gain":0,"player_choice":"Paid","damage_taken":0,"relics_obtained":["Red Mask"],"max_hp_gain":0,"max_hp_loss":0,"event_name":"Tomb of Lord Red Mask","floor":48,"gold_loss":192}],"is_beta":false,"boss_relics":[{"not_picked":["Fusion Hammer","Empty Cage"],"picked":"Runic Pyramid"},{"not_picked":["Tiny House","SacredBark"],"picked":"Cursed Key"}],"items_purged_floors":[38],"is_endless":false,"potions_floor_spawned":[5,7,10,16,18,19,22,35,39],"killed_by":"Awakened One","ascension_level":5}}