{"host":"w8xisjf5mgmfjvmt","time":1612682086,"event":{"mods":["BaseMod","BetterRewards","Challenge The Spire","Conspire","Energized Spire","Filter the Spire","Minty Spire (QoL Compilation)","Quarter Circle Forward PUNCH!","Quick Restart","Relic Filter Mod","Relic Stats","Reliquary","Replay The Spire","Shop Mod","Spicy Shops","StSLib","Thieving Mod","¡¾ÒÅÎï¿¨ÅÆ¡¿REMEMod","óô»ðÖ¸ÄÏ"],"gold_per_floor":[111,137,137,154,24,49,49,49,76,104,104,160,194,208,208,208,208],"floor_reached":16,"language":"ZHS","playtime":386,"items_purged":["Strike_B"],"score":232,"play_id":"5e47a9b4-db22-48c3-9555-c343fe5798c6","local_time":"20210207151446","is_ascension_mode":true,"campfire_choices":[{"data":"REME_Flogging","floor":7,"key":"SMITH"}],"circlet_count":0,"master_deck":["AscendersBane","Strike_B","Strike_B","Defend_B","Defend_B","Defend_B","Defend_B","Zap","Dualcast","REME_Flogging+1","Finesse","Scrape","Compile Driver","Ball Lightning","Self Repair","Core Surge","Sweeping Beam"],"relics":["Cracked Core","REME_ComplimentaryCards","Blood Vial","conspire:TopHat","Geode","Tiny Chest","Dream Catcher","Juzu Bracelet"],"acts_visited":["Exordium"],"potions_floor_usage":[13],"damage_taken":[{"damage":0.0,"enemies":"Cultist","floor":1.0,"turns":3.0},{"damage":0,"enemies":"2 Louse","floor":4,"turns":2},{"damage":13,"enemies":"Lagavulin","floor":6,"turns":4},{"damage":11,"enemies":"Gremlin Nob","floor":10,"turns":3},{"damage":9,"enemies":"Gremlin Nob","floor":12,"turns":3},{"damage":13,"enemies":"3 Sentries","floor":13,"turns":4},{"damage":0,"enemies":"Jaw Worm","floor":14,"turns":2},{"damage":22,"enemies":"Fading Forest","floor":16,"turns":7}],"seed_played":"2915608262584007909","potions_obtained":[{"floor":4,"key":"SpeedPotion"},{"floor":12,"key":"LifebloodPotion"},{"floor":13,"key":"Milkshake"}],"is_trial":false,"path_per_floor":["M","T","?","M","$","E","R","$","T","E","?","?","E","M","R","B"],"character_chosen":"DEFECT","items_purchased":["Ball Lightning"],"campfire_rested":0,"item_purchase_floors":[5],"current_hp_per_floor":[64,64,69,69,69,56,56,56,56,47,47,47,43,52,52,40,40],"gold":208,"neow_bonus":"RANDOM_COLORLESS_2","is_daily":false,"chose_seed":false,"campfire_upgraded":1,"win_rate":0.0,"timestamp":1612682086,"path_taken":["M","?","?","M","$","E","R","?","T","E","?","?","E","M","R","BOSS"],"items_purchased_type":["Card"],"build_version":"2020-12-22","purchased_purges":1,"victory":false,"max_hp_per_floor":[64,64,69,69,69,69,69,69,69,69,69,69,69,69,69,69,69],"relic_stats":{"Blood Vial":10,"Dream Catcher":0,"counters":[8,28],"Tiny Chest":0,"Juzu Bracelet":0,"obtain_stats":[{"Blood Vial":2,"Dream Catcher":12,"Tiny Chest":10,"Geode":9,"Juzu Bracelet":13,"Cracked Core":0,"conspire:TopHat":6,"REME_ComplimentaryCards":0},{"Blood Vial":1,"Dream Catcher":5,"Tiny Chest":4,"Geode":3,"Juzu Bracelet":6,"Cracked Core":0,"conspire:TopHat":3,"REME_ComplimentaryCards":0},{"Blood Vial":3,"Dream Catcher":15,"Tiny Chest":12,"Geode":9,"Juzu Bracelet":19,"Cracked Core":0,"conspire:TopHat":9,"REME_ComplimentaryCards":0}]},"card_choices":[{"not_picked":["REME_EyeOfCthun","Poisoned Strike"],"picked":"REME_Flogging","floor":0.0},{"not_picked":["Redo","Sweeping Beam"],"picked":"Scrape","floor":1.0},{"not_picked":["Redo","Beam Cell"],"picked":"Compile Driver","floor":4},{"not_picked":["Streamline","Leap","Beam Cell"],"picked":"SKIP","floor":6},{"not_picked":["Streamline","Leap","Beam Cell"],"picked":"SKIP","floor":6},{"not_picked":["Storm","Double Energy"],"picked":"Self Repair","floor":10},{"not_picked":["Compile Driver","BasicCrystalCard"],"picked":"Core Surge","floor":13},{"not_picked":["Gash","Compile Driver","Redo"],"picked":"SKIP","floor":14}],"player_experience":1303416,"relics_obtained":[{"floor":2.0,"key":"Blood Vial"},{"floor":6,"key":"conspire:TopHat"},{"floor":9,"key":"Geode"},{"floor":10,"key":"Tiny Chest"},{"floor":12,"key":"Dream Catcher"},{"floor":13,"key":"Juzu Bracelet"}],"event_choices":[{"damage_healed":0,"gold_gain":0,"player_choice":"Donut","damage_taken":0,"max_hp_gain":5,"max_hp_loss":0,"event_name":"Big Fish","floor":3,"gold_loss":0},{"damage_healed":0,"gold_gain":0,"player_choice":"Ignored","damage_taken":0,"max_hp_gain":0,"max_hp_loss":0,"event_name":"Liars Game","floor":11,"gold_loss":0},{"damage_healed":0,"gold_gain":30,"player_choice":"Searched \u00272\u0027 times","damage_taken":0,"max_hp_gain":0,"max_hp_loss":0,"event_name":"Dead Adventurer","floor":12,"gold_loss":0}],"is_beta":false,"boss_relics":[],"items_purged_floors":[5],"is_endless":false,"potions_floor_spawned":[4,12,13],"killed_by":"Fading Forest","ascension_level":20}}