{"host":"i6gykeymkyt82gt2","time":1612691249,"event":{"mods":["AchievementEnabler","BaseMod","Colored Map","Colored Powertips","Custom Start","Highlight Path","Minty Spire (QoL Compilation)","Relic Stats","StSLib"],"gold_per_floor":[116,116,14,29,48,73,73,148,148,175,175,175,190,217,217,217,217],"floor_reached":16,"language":"ENG","playtime":944,"items_purged":["Defend_R"],"score":118,"play_id":"85adc71d-9569-437d-bd1c-e2a50f9175d5","local_time":"20210207044729","is_ascension_mode":false,"campfire_choices":[{"data":"Armaments","floor":7,"key":"SMITH"},{"data":"Bash","floor":12,"key":"SMITH"},{"data":"Iron Wave","floor":15,"key":"SMITH"}],"circlet_count":0,"master_deck":["Strike_R","Strike_R","Strike_R","Strike_R","Strike_R","Defend_R","Defend_R","Defend_R","Bash+1","Shrug It Off","Bash+1","Armaments+1","Shrug It Off","Iron Wave+1","Reaper","Cleave","Twin Strike"],"relics":["Burning Blood","NeowsBlessing","Ornamental Fan","Darkstone Periapt","Oddly Smooth Stone","Bird Faced Urn"],"acts_visited":["Exordium"],"potions_floor_usage":[13,14,16],"damage_taken":[{"damage":0,"enemies":"2 Louse","floor":1,"turns":1},{"damage":0,"enemies":"Cultist","floor":4,"turns":1},{"damage":0,"enemies":"Small Slimes","floor":5,"turns":1},{"damage":24,"enemies":"Gremlin Nob","floor":6,"turns":5},{"damage":26,"enemies":"3 Sentries","floor":10,"turns":12},{"damage":11,"enemies":"Exordium Thugs","floor":13,"turns":4},{"damage":15,"enemies":"Lagavulin","floor":14,"turns":9},{"damage":47,"enemies":"Hexaghost","floor":16,"turns":14}],"seed_played":"2803450351504394458","potions_obtained":[{"floor":4,"key":"FearPotion"},{"floor":10,"key":"FearPotion"},{"floor":13,"key":"Energy Potion"}],"is_trial":false,"path_per_floor":["M","?","$","M","M","E","R","?","T","E","?","R","M","E","R","B"],"character_chosen":"IRONCLAD","items_purchased":["Armaments"],"campfire_rested":0,"item_purchase_floors":[3],"current_hp_per_floor":[80,80,80,80,80,62,62,51,51,43,43,43,46,39,39,0,0],"gold":217,"neow_bonus":"THREE_ENEMY_KILL","is_daily":false,"chose_seed":false,"campfire_upgraded":3,"win_rate":0.0,"timestamp":1612691249,"path_taken":["M","?","$","?","M","E","R","?","T","E","?","R","M","E","R","BOSS"],"items_purchased_type":["Card"],"build_version":"2020-12-22","purchased_purges":1,"victory":false,"max_hp_per_floor":[80,80,80,80,80,80,80,80,80,80,80,80,80,80,80,80,80],"relic_stats":{"Darkstone Periapt":0,"counters":[8,47],"Ornamental Fan":[20],"Bird Faced Urn":[0],"obtain_stats":[{"Darkstone Periapt":9,"NeowsBlessing":0,"Ornamental Fan":6,"Bird Faced Urn":14,"Oddly Smooth Stone":10,"Burning Blood":0},{"Darkstone Periapt":4,"NeowsBlessing":0,"Ornamental Fan":4,"Bird Faced Urn":7,"Oddly Smooth Stone":5,"Burning Blood":0},{"Darkstone Periapt":8,"NeowsBlessing":0,"Ornamental Fan":8,"Bird Faced Urn":33,"Oddly Smooth Stone":20,"Burning Blood":0}],"Burning Blood":24},"card_choices":[{"not_picked":["Twin Strike","Sword Boomerang"],"picked":"Shrug It Off","floor":1},{"not_picked":["Combust","Clash"],"picked":"Shrug It Off","floor":4},{"not_picked":["Sword Boomerang","Thunderclap"],"picked":"Iron Wave","floor":5},{"not_picked":["Clash","Perfected Strike"],"picked":"Reaper","floor":6},{"not_picked":["Entrench","Pummel"],"picked":"Cleave","floor":10},{"not_picked":["Dark Embrace","Intimidate"],"picked":"Twin Strike","floor":13},{"not_picked":["Dark Embrace","Searing Blow","Power Through"],"picked":"SKIP","floor":14}],"player_experience":554973,"relics_obtained":[{"floor":6,"key":"Ornamental Fan"},{"floor":9,"key":"Darkstone Periapt"},{"floor":10,"key":"Oddly Smooth Stone"},{"floor":14,"key":"Bird Faced Urn"}],"event_choices":[{"damage_healed":0,"gold_gain":0,"player_choice":"1 cards matched","damage_taken":0,"max_hp_gain":0,"max_hp_loss":0,"event_name":"Match and Keep!","floor":2,"gold_loss":0,"cards_obtained":["Bash"]},{"damage_healed":0,"gold_gain":75,"player_choice":"Gather Gold","damage_taken":11,"max_hp_gain":0,"max_hp_loss":0,"event_name":"World of Goop","floor":8,"gold_loss":0},{"damage_healed":0,"gold_gain":0,"player_choice":"Upgraded","damage_taken":0,"max_hp_gain":0,"max_hp_loss":0,"event_name":"Upgrade Shrine","floor":11,"gold_loss":0,"cards_upgraded":["Bash"]}],"is_beta":false,"boss_relics":[],"items_purged_floors":[3],"is_endless":false,"potions_floor_spawned":[4,10,13],"killed_by":"Hexaghost","ascension_level":0}}