{"host":"0t49mrxx90xkfqmj","time":1612732780,"event":{"mods":["AchievementEnabler","BaseMod","Colored Map","Colored Powertips","Minty Spire (QoL Compilation)","Relic Stats","Synergy Search"],"gold_per_floor":[119,131,131,149,149,175,175,58,81,81,81,81],"floor_reached":11,"language":"ENG","playtime":891,"items_purged":[],"score":71,"play_id":"fae7a677-62d3-4ea7-8dfb-789e6d41b003","local_time":"20210207231940","is_ascension_mode":false,"campfire_choices":[{"floor":7,"key":"REST"}],"circlet_count":0,"master_deck":["Strike_P","Strike_P","Strike_P","Defend_P","Defend_P","Defend_P","Eruption","Vigilance","Perseverance","ThirdEye","Halt","ThirdEye","BattleHymn","Indignation"],"relics":["PureWater","Boot","Toy Ornithopter"],"acts_visited":["Exordium"],"potions_floor_usage":[],"damage_taken":[{"damage":0,"enemies":"Small Slimes","floor":1,"turns":4},{"damage":1,"enemies":"Jaw Worm","floor":2,"turns":5},{"damage":5,"enemies":"2 Louse","floor":4,"turns":3},{"damage":68,"enemies":"3 Sentries","floor":6,"turns":19},{"damage":58,"enemies":"Lagavulin","floor":11,"turns":3}],"seed_played":"-3227181005806279165","potions_obtained":[],"is_trial":false,"path_per_floor":["M","M","?","M","?","E","R","$","T","?","E"],"character_chosen":"WATCHER","items_purchased":["BattleHymn","Indignation"],"campfire_rested":1,"item_purchase_floors":[8,8],"current_hp_per_floor":[79,78,78,73,73,5,28,28,28,28,0,0],"gold":81,"neow_bonus":"TEN_PERCENT_HP_BONUS","is_daily":false,"chose_seed":false,"campfire_upgraded":0,"win_rate":0.0,"timestamp":1612732780,"path_taken":["M","M","?","M","?","E","R","$","T","?","E"],"items_purchased_type":["Card","Card"],"build_version":"2020-12-22","purchased_purges":0,"victory":false,"max_hp_per_floor":[79,79,79,79,79,79,79,79,79,79,79,79],"relic_stats":{"counters":[5,34],"Boot":[4],"obtain_stats":[{"PureWater":0,"Boot":6,"Toy Ornithopter":9},{"PureWater":0,"Boot":4,"Toy Ornithopter":4},{"PureWater":0,"Boot":31,"Toy Ornithopter":31}],"Toy Ornithopter":0},"card_choices":[{"not_picked":["SashWhip","Prostrate"],"picked":"Perseverance","floor":1},{"not_picked":["EmptyBody","Protect"],"picked":"ThirdEye","floor":2},{"not_picked":["ClearTheMind","Crescendo"],"picked":"Halt","floor":4},{"not_picked":["Prostrate","CrushJoints"],"picked":"ThirdEye","floor":6}],"player_experience":219487,"relics_obtained":[{"floor":6,"key":"Boot"},{"floor":9,"key":"Toy Ornithopter"}],"event_choices":[{"cards_removed":["Strike_P"],"damage_healed":0,"gold_gain":0,"player_choice":"Forget","damage_taken":0,"max_hp_gain":0,"max_hp_loss":0,"event_name":"Living Wall","floor":3,"gold_loss":0},{"damage_healed":0,"gold_gain":0,"player_choice":"Ignored","damage_taken":0,"max_hp_gain":0,"max_hp_loss":0,"event_name":"Shining Light","floor":5,"gold_loss":0},{"cards_removed":["Defend_P"],"damage_healed":0,"gold_gain":0,"player_choice":"Card Removal","damage_taken":0,"max_hp_gain":0,"max_hp_loss":0,"event_name":"Wheel of Change","floor":10,"gold_loss":0}],"is_beta":false,"boss_relics":[],"items_purged_floors":[],"is_endless":false,"potions_floor_spawned":[],"killed_by":"Lagavulin","ascension_level":0}}