{"host":"utqe55yv0jihe4d6","time":1612672646,"event":{"mods":["2.2 Compatiblity","AchievementEnabler","BaseMod","Block Reminder","Colored Map","Colored Powertips","Minty Spire (QoL Compilation)","Quick Restart","Rare Cards Sparkle","Relic Stats","SuperFastMode"],"gold_per_floor":[15,15,26,45,45,45,70,70,70,83,110,129,129,161,161,161,161],"floor_reached":16,"language":"ENG","playtime":466,"items_purged":[],"score":240,"play_id":"75138400-5934-4e70-a7cd-f3ae0bca88ad","local_time":"20210206233726","is_ascension_mode":true,"campfire_choices":[{"data":"Bash","floor":6,"key":"SMITH"},{"floor":15,"key":"REST"}],"circlet_count":0,"master_deck":["AscendersBane","Strike_R","Strike_R","Strike_R","Strike_R","Defend_R","Defend_R","Defend_R","Defend_R","Bash+1","Feed","Clothesline","Pommel Strike","Fiend Fire","Dual Wield","Blood for Blood"],"relics":["Burning Blood","Blue Candle","Toy Ornithopter","Regal Pillow"],"acts_visited":["Exordium"],"potions_floor_usage":[14,14],"damage_taken":[{"damage":1,"enemies":"Cultist","floor":1,"turns":3},{"damage":11,"enemies":"Jaw Worm","floor":3,"turns":4},{"damage":0,"enemies":"2 Louse","floor":4,"turns":2},{"damage":44,"enemies":"Lagavulin","floor":7,"turns":9},{"damage":25,"enemies":"Lots of Slimes","floor":10,"turns":5},{"damage":45,"enemies":"Gremlin Nob","floor":11,"turns":5},{"damage":18,"enemies":"Red Slaver","floor":12,"turns":4},{"damage":35,"enemies":"3 Sentries","floor":14,"turns":8},{"damage":54,"enemies":"The Guardian","floor":16,"turns":7}],"seed_played":"-7227943615939855336","potions_obtained":[{"floor":3,"key":"SneckoOil"},{"floor":7,"key":"FairyPotion"},{"floor":11,"key":"SteroidPotion"}],"is_trial":false,"path_per_floor":["M","$","M","M","?","R","E","$","T","M","E","M","?","E","R","B"],"character_chosen":"IRONCLAD","items_purchased":[],"campfire_rested":1,"item_purchase_floors":[],"current_hp_per_floor":[76,76,74,83,76,76,41,41,41,25,33,21,26,10,52,0,0],"gold":161,"neow_bonus":"THREE_RARE_CARDS","is_daily":false,"chose_seed":false,"campfire_upgraded":1,"win_rate":0.0,"timestamp":1612672646,"path_taken":["M","?","M","M","?","R","E","$","T","M","E","M","?","E","R","BOSS"],"items_purchased_type":[],"build_version":"2020-12-22","purchased_purges":0,"victory":false,"max_hp_per_floor":[78,78,81,84,84,84,87,87,87,90,90,90,90,93,93,93,93],"relic_stats":{"Regal Pillow":15,"counters":[9,47],"Blue Candle":[0],"obtain_stats":[{"Regal Pillow":14,"Blue Candle":9,"Burning Blood":0,"Toy Ornithopter":11},{"Regal Pillow":8,"Blue Candle":4,"Burning Blood":0,"Toy Ornithopter":6},{"Regal Pillow":40,"Blue Candle":18,"Burning Blood":0,"Toy Ornithopter":28}],"Burning Blood":48,"Toy Ornithopter":10},"card_choices":[{"not_picked":["Impervious","Brutality"],"picked":"Feed","floor":0},{"not_picked":["Body Slam","Havoc"],"picked":"Clothesline","floor":1},{"not_picked":["Perfected Strike","Clash"],"picked":"Pommel Strike","floor":3},{"not_picked":["Clothesline","Clash","Wild Strike"],"picked":"SKIP","floor":4},{"not_picked":["Intimidate","Warcry"],"picked":"Fiend Fire","floor":7},{"not_picked":["Dark Embrace","Headbutt"],"picked":"Dual Wield","floor":10},{"not_picked":["Clash","Anger","Ghostly Armor"],"picked":"SKIP","floor":11},{"not_picked":["Pummel","Headbutt"],"picked":"Warcry","floor":12},{"not_picked":["Body Slam","Twin Strike"],"picked":"Blood for Blood","floor":14}],"player_experience":3042655,"relics_obtained":[{"floor":9,"key":"Blue Candle"},{"floor":11,"key":"Toy Ornithopter"},{"floor":14,"key":"Regal Pillow"}],"event_choices":[{"cards_removed":["Strike_R"],"damage_healed":0,"gold_gain":0,"player_choice":"Card Removal","damage_taken":7,"max_hp_gain":0,"max_hp_loss":0,"event_name":"Golden Wing","floor":5,"gold_loss":0},{"cards_removed":["Warcry"],"damage_healed":5,"gold_gain":0,"player_choice":"Offered Common","damage_taken":0,"max_hp_gain":0,"max_hp_loss":0,"event_name":"Bonfire Elementals","floor":13,"gold_loss":0},{"cards_removed":["Warcry"],"damage_healed":5,"gold_gain":0,"player_choice":"Offered Special","damage_taken":0,"max_hp_gain":0,"max_hp_loss":0,"event_name":"Bonfire Elementals","floor":13,"gold_loss":0}],"is_beta":false,"boss_relics":[],"items_purged_floors":[],"is_endless":false,"potions_floor_spawned":[3,7,11],"killed_by":"The Guardian","ascension_level":20}}