{"host":"hjajo0rafoe1e6c4","time":1612731163,"event":{"mods":["AchievementEnabler","BaseMod","Bestiary","Colored Map","Colored Powertips","Highlight Path","Minty Spire (QoL Compilation)","Relic Stats","StSLib"],"gold_per_floor":[116,191,191,191,191,191,223,172,172,347,347,347],"floor_reached":11,"language":"ENG","playtime":213,"items_purged":[],"score":90,"play_id":"98853718-a9b5-4929-ab43-b580d7cfaaa0","local_time":"20210207155243","is_ascension_mode":true,"campfire_choices":[{"floor":6,"key":"REST"}],"circlet_count":0,"master_deck":["Strike_G","Strike_G","Strike_G","Strike_G","Strike_G+1","Defend_G","Defend_G","Defend_G","Defend_G","Defend_G+1","Survivor","Neutralize","Blade Dance","Deadly Poison","Cloak And Dagger","Doubt"],"relics":["Busted Crown","Blue Candle","Bird Faced Urn","Tough Bandages","Turnip"],"acts_visited":["Exordium"],"potions_floor_usage":[],"damage_taken":[{"damage":0,"enemies":"2 Louse","floor":1,"turns":3},{"damage":34,"enemies":"Lagavulin","floor":7,"turns":9},{"damage":27,"enemies":"Gremlin Nob","floor":11,"turns":4}],"seed_played":"2049372760115774279","potions_obtained":[],"is_trial":false,"path_per_floor":["M","?","?","?","T","R","E","$","T","?","E"],"character_chosen":"THE_SILENT","items_purchased":["Cloak And Dagger"],"campfire_rested":1,"item_purchase_floors":[8],"current_hp_per_floor":[63,52,45,31,31,52,18,18,18,18,0,0],"gold":347,"neow_bonus":"BOSS_RELIC","is_daily":false,"chose_seed":false,"campfire_upgraded":0,"win_rate":0.0,"timestamp":1612731163,"path_taken":["M","?","?","?","?","R","E","$","T","?","E"],"items_purchased_type":["Card"],"build_version":"2020-12-22","purchased_purges":0,"victory":false,"max_hp_per_floor":[70,70,70,70,70,70,70,70,70,70,70,70],"relic_stats":{"Tough Bandages":[3],"Busted Crown":4,"counters":[3,16],"Blue Candle":[1],"Bird Faced Urn":[0],"Turnip":[0],"obtain_stats":[{"Tough Bandages":7,"Busted Crown":0,"Blue Candle":3,"Bird Faced Urn":5,"Turnip":9,"Ring of the Snake":0},{"Tough Bandages":2,"Busted Crown":0,"Blue Candle":1,"Bird Faced Urn":1,"Turnip":2,"Ring of the Snake":0},{"Tough Bandages":12,"Busted Crown":0,"Blue Candle":3,"Bird Faced Urn":3,"Turnip":12,"Ring of the Snake":0}]},"card_choices":[{"not_picked":[],"picked":"Blade Dance","floor":1},{"not_picked":[],"picked":"Deadly Poison","floor":7}],"player_experience":216418,"relics_obtained":[{"floor":5,"key":"Bird Faced Urn"},{"floor":7,"key":"Tough Bandages"},{"floor":9,"key":"Turnip"}],"event_choices":[{"damage_healed":0,"gold_gain":75,"player_choice":"Gather Gold","damage_taken":11,"max_hp_gain":0,"max_hp_loss":0,"event_name":"World of Goop","floor":2,"gold_loss":0},{"damage_healed":0,"gold_gain":0,"player_choice":"Success","damage_taken":7,"relics_obtained":["Blue Candle"],"max_hp_gain":0,"max_hp_loss":0,"event_name":"Scrap Ooze","floor":3,"gold_loss":0},{"damage_healed":0,"gold_gain":0,"player_choice":"Entered Light","damage_taken":14,"max_hp_gain":0,"max_hp_loss":0,"event_name":"Shining Light","floor":4,"gold_loss":0,"cards_upgraded":["Defend_G","Strike_G"]},{"damage_healed":0,"gold_gain":175,"player_choice":"AGREE","damage_taken":0,"max_hp_gain":0,"max_hp_loss":0,"event_name":"Liars Game","floor":10,"gold_loss":0,"cards_obtained":["Doubt"]}],"is_beta":false,"boss_relics":[],"items_purged_floors":[],"is_endless":false,"potions_floor_spawned":[],"killed_by":"Gremlin Nob","ascension_level":7}}