{"host":"t8hqdz2qn09y00vh","time":1612661477,"event":{"mods":["AchievementEnabler","BaseMod","Colored Map","Colored Powertips","Highlight Path","Infinite Spire","Minty Spire (QoL Compilation)","Quick Restart","StSLib"],"gold_per_floor":[119,69,69,89,89,89,127,127,127,160,160,46,46,64,64,192,192,205,9,24,49,49,49,63,97,97,97,97,97],"floor_reached":28,"language":"ENG","playtime":1331,"items_purged":["Regret","Undo"],"score":309,"play_id":"ae6ba918-722c-4cbe-914b-a992edda70b0","local_time":"20210206203117","is_ascension_mode":true,"campfire_choices":[{"data":"Ball Lightning","floor":6.0,"key":"SMITH"},{"floor":11.0,"key":"REST"},{"data":"Chaos","floor":13.0,"key":"SMITH"},{"floor":15.0,"key":"REST"},{"floor":23.0,"key":"REST"}],"circlet_count":0,"master_deck":["Zap","Dualcast","Ball Lightning+1","BootSequence","Chill","Chaos+1","Static Discharge","Fusion","Multi-Cast","Loop","Heatsinks","Chaos","Tempest","Skim","Double Energy","Defragment","FTL+1","Redo"],"relics":["Cracked Core","NeowsBlessing","Golden Idol","infinitespire:SolderingIron","Toy Ornithopter","infinitespire:FocusingShard","Anchor","Pandora\u0027s Box","Membership Card","infinitespire:Beetle Shell","Lizard Tail"],"acts_visited":["Exordium","TheCity"],"potions_floor_usage":[],"damage_taken":[{"damage":0.0,"enemies":"Small Slimes","floor":1.0,"turns":1.0},{"damage":0.0,"enemies":"Cultist","floor":4.0,"turns":1.0},{"damage":0.0,"enemies":"3 Sentries","floor":7.0,"turns":1.0},{"damage":35.0,"enemies":"Gremlin Nob","floor":10.0,"turns":5.0},{"damage":0.0,"enemies":"2 Louse","floor":14.0,"turns":3.0},{"damage":25.0,"enemies":"The Guardian","floor":16.0,"turns":11.0},{"damage":2.0,"enemies":"Chosen","floor":18.0,"turns":3.0},{"damage":15.0,"enemies":"Spheric Guardian","floor":20.0,"turns":4.0},{"damage":31.0,"enemies":"Snecko","floor":21.0,"turns":4.0},{"damage":24.0,"enemies":"Cultist and Chosen","floor":24.0,"turns":7.0},{"damage":39,"enemies":"Nightmare","floor":25,"turns":6},{"damage":49,"enemies":"Book of Stabbing","floor":28,"turns":4}],"seed_played":"-1499809289466706382","potions_obtained":[{"floor":4.0,"key":"Fire Potion"},{"floor":16.0,"key":"SkillPotion"},{"floor":18.0,"key":"FocusPotion"},{"floor":24.0,"key":"SteroidPotion"}],"is_trial":false,"path_per_floor":["M","?","?","M","?","R","E","?","T","E","R","$","R","M","R","B",null,"M","$","M","M","?","R","M","NM","T","?","E"],"character_chosen":"DEFECT","items_purchased":["Static Discharge","Membership Card"],"campfire_rested":3,"item_purchase_floors":[12,19],"current_hp_per_floor":[75,75,75,75,57,57,57,57,57,22,44,44,44,44,66,46,75,73,73,58,27,52,74,50,11,11,11,0,0],"gold":97,"neow_bonus":"THREE_ENEMY_KILL","is_daily":false,"chose_seed":false,"campfire_upgraded":2,"win_rate":0.0,"timestamp":1612661477,"path_taken":["M","?","?","?","?","R","E","?","T","E","R","$","R","M","R","BOSS","M","$","M","M","?","R","M","NM","T","?","E"],"items_purchased_type":["Card","Relic"],"build_version":"2020-12-22","purchased_purges":2,"victory":false,"max_hp_per_floor":[75,75,75,75,75,75,75,75,75,75,75,75,75,75,75,75,75,75,75,75,75,75,75,75,75,75,75,75,75],"card_choices":[{"not_picked":["Compile Driver","Force Field"],"picked":"Ball Lightning","floor":1.0},{"not_picked":["Steam","Coolheaded"],"picked":"BootSequence","floor":4.0},{"not_picked":["Turbo","Coolheaded"],"picked":"Chill","floor":7.0},{"not_picked":["Rebound","Sweeping Beam"],"picked":"Chaos","floor":10.0},{"not_picked":["Chill","Streamline"],"picked":"Fusion","floor":14.0},{"not_picked":["Machine Learning","Hyperbeam"],"picked":"Multi-Cast","floor":16.0},{"not_picked":["Undo+1","Stack+1"],"picked":"Double Energy","floor":18.0},{"not_picked":["Recycle","Turbo"],"picked":"Defragment","floor":20.0},{"not_picked":["Skim","Heatsinks"],"picked":"FTL+1","floor":21.0},{"not_picked":["Gash","Steam"],"picked":"Redo","floor":24.0},{"not_picked":["Turbo","Chill","Compile Driver"],"picked":"SKIP","floor":25}],"player_experience":258774,"relics_obtained":[{"floor":7.0,"key":"infinitespire:SolderingIron"},{"floor":9.0,"key":"infinitespire:FocusingShard"},{"floor":10.0,"key":"Anchor"},{"floor":25,"key":"infinitespire:Beetle Shell"},{"floor":26,"key":"Lizard Tail"}],"event_choices":[{"cards_removed":["Strike_B"],"damage_healed":0.0,"max_hp_gain":0.0,"max_hp_loss":0.0,"gold_gain":0.0,"event_name":"The Cleric","player_choice":"Card Removal","floor":2.0,"gold_loss":50.0,"damage_taken":0.0},{"cards_removed":["Strike_B"],"damage_healed":0.0,"max_hp_gain":0.0,"max_hp_loss":0.0,"gold_gain":0.0,"event_name":"Purifier","player_choice":"Purged","floor":3.0,"gold_loss":0.0,"damage_taken":0.0},{"damage_healed":0.0,"max_hp_gain":0.0,"max_hp_loss":0.0,"gold_gain":0.0,"event_name":"Golden Idol","player_choice":"Take Damage","floor":5.0,"gold_loss":0.0,"damage_taken":18.0,"relics_obtained":["Golden Idol"]},{"damage_healed":0.0,"max_hp_gain":0.0,"max_hp_loss":0.0,"gold_gain":0.0,"event_name":"Big Fish","player_choice":"Box","floor":8.0,"gold_loss":0.0,"damage_taken":0.0,"relics_obtained":["Toy Ornithopter"],"cards_obtained":["Regret"]},{"damage_healed":25.0,"max_hp_gain":0.0,"max_hp_loss":0.0,"gold_gain":0.0,"event_name":"The Library","player_choice":"Heal","floor":22.0,"gold_loss":0.0,"damage_taken":0.0},{"damage_healed":0,"gold_gain":0,"player_choice":"Ignored","damage_taken":0,"max_hp_gain":0,"max_hp_loss":0,"event_name":"Ghosts","floor":27,"gold_loss":0}],"is_beta":false,"boss_relics":[{"not_picked":["Velvet Choker","SacredBark"],"picked":"Pandora\u0027s Box"}],"items_purged_floors":[12,19],"is_endless":true,"potions_floor_spawned":[4,16,18,24],"killed_by":"Book of Stabbing","ascension_level":3}}