{"host":"vyjryxuuuxkt43k4","time":1612705081,"event":{"mods":["AchievementEnabler","BaseMod","Colored Map","DeckTracker","Keyboard Shortcuts","Minty Spire (QoL Compilation)","Permanent Neow","Quick Restart","StSLib","SuperFastMode","everything is the same but u backflip on backflip"],"gold_per_floor":[118,133,58,68,88,13,13,47,71,71,71,97,110,126,126,202,202,215,231,231,245,27,27,59,73,73,87,115,115,165,175,175,254,254,265,265,58,75,75,100,100,113,113,63,83,0,9,20,20,20,20],"floor_reached":50,"language":"KOR","playtime":2773,"items_purged":["Strike_P","Strike_P"],"score":1116,"play_id":"895ff584-51fe-459b-8021-34e3aa2df460","local_time":"20210207223801","is_ascension_mode":true,"campfire_choices":[{"data":"MentalFortress","floor":7.0,"key":"SMITH"},{"data":"EmptyFist","floor":11.0,"key":"SMITH"},{"floor":15.0,"key":"REST"},{"floor":23.0,"key":"REST"},{"floor":29.0,"key":"REST"},{"data":"Swivel","floor":32.0,"key":"SMITH"},{"floor":41.0,"key":"REST"},{"floor":47.0,"key":"REST"},{"floor":49.0,"key":"REST"}],"circlet_count":0,"master_deck":["AscendersBane","Defend_P","Defend_P+1","Defend_P","Eruption","Vigilance+1","Adaptation","MentalFortress+1","EmptyFist+1","BattleHymn","Study","WheelKick","Omniscience","Worship","Brilliance","Ragnarok","Swivel+1","Devotion+1","Flash of Steel","Mayhem","Purity","Crescendo+1","MentalFortress","FlurryOfBlows+1"],"relics":["Snecko Eye","War Paint","Orichalcum","Dream Catcher","Philosopher\u0027s Stone","Singing Bowl","Oddly Smooth Stone","Bottled Tornado","Busted Crown","Kunai","CeramicFish","Red Mask"],"acts_visited":["Exordium","TheCity","TheBeyond"],"potions_floor_usage":[50],"damage_taken":[{"damage":6.0,"enemies":"2 Louse","floor":1.0,"turns":4.0},{"damage":0.0,"enemies":"Cultist","floor":2.0,"turns":3.0},{"damage":3.0,"enemies":"Small Slimes","floor":4.0,"turns":3.0},{"damage":2.0,"enemies":"Gremlin Gang","floor":5.0,"turns":4.0},{"damage":20.0,"enemies":"3 Sentries","floor":8.0,"turns":6.0},{"damage":0.0,"enemies":"Lagavulin","floor":12.0,"turns":5.0},{"damage":19.0,"enemies":"Exordium Wildlife","floor":13.0,"turns":3.0},{"damage":0.0,"enemies":"Exordium Thugs","floor":14.0,"turns":2.0},{"damage":13.0,"enemies":"The Guardian","floor":16.0,"turns":7.0},{"damage":23.0,"enemies":"2 Thieves","floor":18.0,"turns":3.0},{"damage":22.0,"enemies":"3 Byrds","floor":19.0,"turns":4.0},{"damage":1.0,"enemies":"Snecko","floor":21.0,"turns":6.0},{"damage":15.0,"enemies":"Book of Stabbing","floor":24.0,"turns":4.0},{"damage":0.0,"enemies":"Chosen and Byrds","floor":25.0,"turns":3.0},{"damage":0.0,"enemies":"Centurion and Healer","floor":27.0,"turns":2.0},{"damage":16.0,"enemies":"Gremlin Leader","floor":28.0,"turns":4.0},{"damage":0.0,"enemies":"Snake Plant","floor":31.0,"turns":3.0},{"damage":26.0,"enemies":"Automaton","floor":33.0,"turns":7.0},{"damage":3.0,"enemies":"Orb Walker","floor":35.0,"turns":3.0},{"damage":36.0,"enemies":"3 Darklings","floor":38.0,"turns":4.0},{"damage":8.0,"enemies":"Giant Head","floor":40.0,"turns":5.0},{"damage":0.0,"enemies":"Writhing Mass","floor":42.0,"turns":5.0},{"damage":36.0,"enemies":"Jaw Worm Horde","floor":45.0,"turns":3.0},{"damage":24.0,"enemies":"Maw","floor":48.0,"turns":5.0},{"damage":35,"enemies":"Time Eater","floor":50,"turns":5}],"seed_played":"-8660306113568922760","potions_obtained":[{"floor":2.0,"key":"Swift Potion"},{"floor":8.0,"key":"BlessingOfTheForge"},{"floor":13.0,"key":"ColorlessPotion"},{"floor":21.0,"key":"Regen Potion"},{"floor":24.0,"key":"Swift Potion"},{"floor":25.0,"key":"FearPotion"},{"floor":27.0,"key":"ColorlessPotion"},{"floor":40.0,"key":"SkillPotion"},{"floor":48.0,"key":"Weak Potion"}],"is_trial":false,"path_per_floor":["M","M","$","M","M","?","R","E","T","?","R","E","M","M","R","B",null,"M","M","?","M","$","R","E","M","T","M","E","R","?","M","R","B",null,"M","?","$","M","?","E","R","M","T","?","M","?","R","M","R","B"],"character_chosen":"WATCHER","items_purchased":["Ragnarok","Swift Potion","Purity"],"campfire_rested":6,"item_purchase_floors":[22,22,37],"current_hp_per_floor":[55,55,55,52,50,50,50,30,30,30,30,30,11,11,31,18,56,33,11,11,10,10,30,29,31,31,33,19,41,41,43,43,17,63,62,54,54,20,20,14,38,40,40,40,4,4,29,7,34,0,0],"gold":20,"neow_bonus":"BOSS_RELIC","is_daily":false,"chose_seed":false,"campfire_upgraded":3,"win_rate":0.0,"timestamp":1612705081,"path_taken":["M","M","$","M","M","?","R","E","T","?","R","E","?","M","R","BOSS","M","M","?","M","$","R","E","?","T","?","E","R","?","M","R","BOSS","M","?","$","M","?","E","R","M","T","?","?","?","R","M","R","BOSS"],"items_purchased_type":["Card","Potion","Card"],"build_version":"2020-12-22","purchased_purges":2,"victory":false,"max_hp_per_floor":[68,68,68,68,68,68,68,68,68,68,68,68,68,68,68,68,68,68,68,68,68,68,68,70,72,72,74,76,76,76,78,78,78,78,80,82,82,84,80,82,82,84,84,84,84,84,84,86,88,88,88],"card_choices":[{"not_picked":["FollowUp","WaveOfTheHand"],"picked":"Adaptation","floor":1.0},{"not_picked":["ThirdEye","FlurryOfBlows"],"picked":"MentalFortress","floor":2.0},{"not_picked":["Halt","JustLucky"],"picked":"EmptyFist","floor":4.0},{"not_picked":["WindmillStrike","BowlingBash"],"picked":"BattleHymn","floor":5.0},{"not_picked":["FollowUp","Sanctity","Prostrate"],"picked":"SKIP","floor":8.0},{"not_picked":["Crescendo","Collect"],"picked":"WheelKick","floor":12.0},{"not_picked":["BowlingBash","Halt"],"picked":"Omniscience","floor":13.0},{"not_picked":["Pray","DeceiveReality","Indignation"],"picked":"SKIP","floor":14.0},{"not_picked":["FlyingSleeves","Protect"],"picked":"Worship","floor":15.0},{"not_picked":["ConjureBlade","SpiritShield"],"picked":"Brilliance","floor":16.0},{"not_picked":["Protect","Wireheading","FlyingSleeves"],"picked":"SKIP","floor":18.0},{"not_picked":["ThirdEye","PathToVictory","Consecrate"],"picked":"SKIP","floor":19.0},{"not_picked":["FlurryOfBlows","Pray","JustLucky"],"picked":"SKIP","floor":21.0},{"not_picked":["Sanctity+1","BowlingBash+1","MasterReality"],"picked":"Singing Bowl","floor":24.0},{"not_picked":["ThirdEye","CutThroughFate","PathToVictory"],"picked":"Singing Bowl","floor":25.0},{"not_picked":["ReachHeaven+1","CrushJoints","MentalFortress"],"picked":"Singing Bowl","floor":27.0},{"not_picked":["FollowUp","Halt","Wireheading"],"picked":"Singing Bowl","floor":28.0},{"not_picked":["JustLucky","SashWhip"],"picked":"Swivel","floor":29.0},{"not_picked":["MasterReality","Evaluate","FlyingSleeves"],"picked":"Singing Bowl","floor":31.0},{"not_picked":["MasterReality","ConjureBlade"],"picked":"Devotion","floor":33.0},{"not_picked":["Conclude"],"picked":"Singing Bowl","floor":35.0},{"not_picked":[],"picked":"Flash of Steel","floor":36.0},{"not_picked":["Chrysalis"],"picked":"Singing Bowl","floor":36.0},{"not_picked":[],"picked":"Mayhem","floor":36.0},{"not_picked":["Wireheading"],"picked":"Singing Bowl","floor":38.0},{"not_picked":["CarveReality"],"picked":"Singing Bowl","floor":40.0},{"not_picked":[],"picked":"Crescendo+1","floor":41.0},{"not_picked":["SashWhip"],"picked":"Singing Bowl","floor":42.0},{"not_picked":[],"picked":"MentalFortress","floor":45.0},{"not_picked":[],"picked":"FlurryOfBlows+1","floor":47.0},{"not_picked":["ReachHeaven"],"picked":"Singing Bowl","floor":48.0},{"not_picked":["EmptyFist+1"],"picked":"Singing Bowl","floor":49.0}],"player_experience":814424,"relics_obtained":[{"floor":8.0,"key":"War Paint"},{"floor":9.0,"key":"Orichalcum"},{"floor":12.0,"key":"Dream Catcher"},{"floor":24.0,"key":"Singing Bowl"},{"floor":26.0,"key":"Oddly Smooth Stone"},{"floor":28.0,"key":"Bottled Tornado"},{"floor":40.0,"key":"Kunai"},{"floor":43.0,"key":"CeramicFish"}],"event_choices":[{"cards_removed":["Defend_P"],"damage_healed":0.0,"max_hp_gain":0.0,"max_hp_loss":0.0,"gold_gain":0.0,"event_name":"The Cleric","player_choice":"Card Removal","floor":6.0,"gold_loss":75.0,"damage_taken":0.0},{"damage_healed":0.0,"max_hp_gain":0.0,"max_hp_loss":0.0,"gold_gain":0.0,"cards_transformed":["Strike_P"],"event_name":"Transmorgrifier","player_choice":"Transformed","floor":10.0,"gold_loss":0.0,"damage_taken":0.0,"cards_obtained":["Study"]},{"cards_removed":["Strike_P"],"damage_healed":0.0,"max_hp_gain":0.0,"max_hp_loss":0.0,"gold_gain":0.0,"event_name":"Purifier","player_choice":"Purged","floor":20.0,"gold_loss":0.0,"damage_taken":0.0},{"damage_healed":0.0,"max_hp_gain":0.0,"max_hp_loss":0.0,"gold_gain":50.0,"event_name":"Golden Shrine","player_choice":"Pray","floor":30.0,"gold_loss":0.0,"damage_taken":0.0},{"damage_healed":0.0,"max_hp_gain":0.0,"max_hp_loss":0.0,"gold_gain":0.0,"event_name":"SensoryStone","player_choice":"Memory 3","floor":36.0,"gold_loss":0.0,"damage_taken":10.0},{"damage_healed":0.0,"max_hp_gain":0.0,"max_hp_loss":4.0,"gold_gain":0.0,"event_name":"Winding Halls","player_choice":"Max HP","floor":39.0,"gold_loss":0.0,"damage_taken":0.0},{"damage_healed":0.0,"max_hp_gain":0.0,"max_hp_loss":0.0,"gold_gain":0.0,"event_name":"Designer","player_choice":"Upgrade","floor":44.0,"gold_loss":50.0,"damage_taken":0.0,"cards_upgraded":["Devotion"]},{"damage_healed":0.0,"max_hp_gain":0.0,"max_hp_loss":0.0,"gold_gain":0.0,"event_name":"Tomb of Lord Red Mask","player_choice":"Paid","floor":46.0,"gold_loss":83.0,"damage_taken":0.0,"relics_obtained":["Red Mask"]}],"is_beta":false,"boss_relics":[{"not_picked":["Coffee Dripper","Velvet Choker"],"picked":"Philosopher\u0027s Stone"},{"not_picked":["Runic Dome","Calling Bell"],"picked":"Busted Crown"}],"items_purged_floors":[3,37],"is_endless":false,"potions_floor_spawned":[2,8,13,21,24,25,27,40,48],"killed_by":"Time Eater","ascension_level":18}}