{"host":"k9djwzw02bmhn5cl","time":1612661781,"event":{"mods":["AchievementEnabler","BaseMod","Colored Map","Colored Powertips","Highlight Path","Minty Spire (QoL Compilation)","Rare Cards Sparkle","StSLib"],"gold_per_floor":[118,118,138,138,88,119,119,172,223,246,282,282,282,302,302,428,428,446,472,116,132,145,183,183,204,231,86,99,198,26,26,26,147,147,165,247,0,15,15,15,31,54,103,21,21,21,35,35,35,35,35],"floor_reached":50,"language":"JPN","playtime":2595,"items_purged":[],"score":543,"play_id":"3ccae68f-744a-4278-9837-ecde3d947f7c","local_time":"20210207103621","is_ascension_mode":false,"campfire_choices":[{"data":"Anger","floor":7,"key":"SMITH"},{"data":"Immolate","floor":12,"key":"SMITH"},{"data":"Combust","floor":15,"key":"SMITH"},{"floor":24,"key":"REST"},{"floor":32,"key":"REST"},{"data":"Demon Form","floor":40,"key":"SMITH"},{"floor":46,"key":"REST"},{"data":"Perfected Strike","floor":49,"key":"SMITH"}],"circlet_count":0,"master_deck":["Strike_R+1","Strike_R","Strike_R","Strike_R","Defend_R+1","Defend_R+1","Defend_R+1","Bash","Anger+1","Headbutt+1","Impervious+1","Warcry","Immolate+1","Combust+1","Feed","Seeing Red+1","Good Instincts","Shrug It Off","Metallicize","Seeing Red+1","Spot Weakness+1","Burning Pact","Metallicize","Bloodletting","Intimidate","Cleave+1","Power Through","Pommel Strike","Bandage Up","Pommel Strike","Entrench","Demon Form+1","Body Slam+1","Flex+1","Flex+1","Wild Strike+1","Swift Strike","Enlightenment","Perfected Strike+1"],"relics":["Burning Blood","NeowsBlessing","Golden Idol","Tiny Chest","Pantograph","Art of War","Whetstone","SacredBark","Omamori","Bag of Marbles","War Paint","Anchor","Orrery","MutagenicStrength","Empty Cage","InkBottle","Red Mask","Centennial Puzzle"],"acts_visited":["Exordium","TheCity","TheBeyond"],"potions_floor_usage":[11,11,22,23,23,33,42,42,50],"damage_taken":[{"damage":0,"enemies":"2 Louse","floor":1,"turns":1},{"damage":0,"enemies":"Small Slimes","floor":3,"turns":1},{"damage":0,"enemies":"Lagavulin","floor":6,"turns":1},{"damage":5,"enemies":"Jaw Worm","floor":10,"turns":4},{"damage":42,"enemies":"3 Sentries","floor":11,"turns":9},{"damage":2,"enemies":"Looter","floor":14,"turns":3},{"damage":15,"enemies":"Slime Boss","floor":16,"turns":6},{"damage":29,"enemies":"Spheric Guardian","floor":18,"turns":4},{"damage":23,"enemies":"Shell Parasite","floor":21,"turns":4},{"damage":10,"enemies":"Cultist and Chosen","floor":22,"turns":8},{"damage":22,"enemies":"Book of Stabbing","floor":23,"turns":5},{"damage":11,"enemies":"Shelled Parasite and Fungi","floor":25,"turns":3},{"damage":9,"enemies":"Centurion and Healer","floor":28,"turns":4},{"damage":83,"enemies":"Automaton","floor":33,"turns":11},{"damage":10,"enemies":"3 Darklings","floor":35,"turns":3},{"damage":13,"enemies":"Orb Walker","floor":38,"turns":3},{"damage":33,"enemies":"Sphere and 2 Shapes","floor":41,"turns":6},{"damage":42,"enemies":"Writhing Mass","floor":42,"turns":7},{"damage":0,"enemies":"Jaw Worm Horde","floor":47,"turns":1},{"damage":113,"enemies":"Donu and Deca","floor":50,"turns":8}],"seed_played":"3908610147307156015","potions_obtained":[{"floor":3,"key":"Regen Potion"},{"floor":6,"key":"Dexterity Potion"},{"floor":14,"key":"PowerPotion"},{"floor":16,"key":"BlessingOfTheForge"},{"floor":18,"key":"SpeedPotion"},{"floor":28,"key":"SpeedPotion"},{"floor":35,"key":"LiquidBronze"},{"floor":41,"key":"SteroidPotion"},{"floor":47,"key":"BloodPotion"}],"is_trial":false,"path_per_floor":["M","?","M","?","?","E","R","T","T","M","E","R","?","M","R","B",null,"M","T","$","M","M","E","R","M","T","$","M","?","$","?","R","B",null,"M","T","?","M","$","R","M","M","T","$","?","R","M","$","R","B"],"character_chosen":"IRONCLAD","items_purchased":["Good Instincts","Shrug It Off","Metallicize","Bag of Marbles","Orrery","Bandage Up","Pommel Strike","Entrench","Swift Strike"],"campfire_rested":3,"item_purchase_floors":[20,20,20,20,27,30,30,30,44],"current_hp_per_floor":[80,60,66,66,66,72,72,72,72,73,52,52,36,40,40,56,80,57,57,57,40,36,23,47,42,42,42,39,39,39,39,63,10,83,82,82,82,76,76,76,53,21,21,21,21,45,51,51,51,0,0],"gold":35,"neow_bonus":"THREE_ENEMY_KILL","is_daily":false,"chose_seed":false,"campfire_upgraded":5,"win_rate":0.0,"timestamp":1612661781,"path_taken":["M","?","M","?","?","E","R","?","T","M","E","R","?","M","R","BOSS","M","?","$","M","M","E","R","M","T","?","M","?","$","?","R","BOSS","M","?","?","M","$","R","M","M","T","$","?","R","M","?","R","BOSS"],"items_purchased_type":["Card","Card","Card","Relic","Relic","Card","Card","Card","Card"],"build_version":"2020-12-22","purchased_purges":0,"victory":false,"max_hp_per_floor":[80,80,80,80,80,80,80,80,80,80,80,80,80,80,80,80,80,80,80,80,80,80,83,83,83,83,83,83,83,83,83,83,83,83,83,83,83,83,83,83,83,83,83,83,83,83,83,83,83,83,83],"card_choices":[{"not_picked":["Shrug It Off","Evolve"],"picked":"Anger","floor":1},{"not_picked":["True Grit","Iron Wave"],"picked":"Headbutt","floor":3},{"not_picked":["Carnage","Flame Barrier"],"picked":"Impervious","floor":6},{"not_picked":["Pummel","Shrug It Off"],"picked":"Warcry","floor":10},{"not_picked":["Uppercut","Seeing Red"],"picked":"Immolate","floor":11},{"not_picked":["Warcry","Iron Wave"],"picked":"Combust","floor":14},{"not_picked":["Corruption","Fiend Fire"],"picked":"Feed","floor":16},{"not_picked":["Armaments+1","Warcry"],"picked":"Seeing Red+1","floor":18},{"not_picked":["Sword Boomerang+1","Twin Strike"],"picked":"Seeing Red+1","floor":21},{"not_picked":["Searing Blow","Ghostly Armor"],"picked":"Spot Weakness+1","floor":22},{"not_picked":["Sentinel","Warcry"],"picked":"Burning Pact","floor":23},{"not_picked":["True Grit","Twin Strike"],"picked":"Metallicize","floor":25},{"not_picked":["Body Slam","Dual Wield+1"],"picked":"Bloodletting","floor":27},{"not_picked":["Corruption","Rampage+1"],"picked":"Intimidate","floor":27},{"not_picked":["True Grit","Hemokinesis"],"picked":"Cleave+1","floor":27},{"not_picked":["Sword Boomerang","Whirlwind"],"picked":"Power Through","floor":27},{"not_picked":["Anger","Bloodletting"],"picked":"Pommel Strike","floor":28},{"not_picked":["Offering","Bludgeon"],"picked":"Demon Form","floor":33},{"not_picked":["Entrench","Ghostly Armor"],"picked":"Body Slam+1","floor":35},{"not_picked":["Havoc+1","Rampage+1"],"picked":"Flex+1","floor":38},{"not_picked":["Iron Wave","Cleave"],"picked":"Flex+1","floor":41},{"not_picked":["Hemokinesis+1","Havoc+1"],"picked":"Wild Strike+1","floor":42},{"not_picked":["Impatience","Purity"],"picked":"Enlightenment","floor":45},{"not_picked":["Hemokinesis+1","Feel No Pain+1"],"picked":"Perfected Strike","floor":47}],"player_experience":269067,"relics_obtained":[{"floor":6,"key":"Pantograph"},{"floor":9,"key":"Art of War"},{"floor":11,"key":"Whetstone"},{"floor":19,"key":"Omamori"},{"floor":23,"key":"War Paint"},{"floor":26,"key":"Anchor"},{"floor":36,"key":"InkBottle"},{"floor":43,"key":"Centennial Puzzle"}],"event_choices":[{"damage_healed":0,"gold_gain":0,"player_choice":"Take Damage","damage_taken":20,"relics_obtained":["Golden Idol"],"max_hp_gain":0,"max_hp_loss":0,"event_name":"Golden Idol","floor":2,"gold_loss":0},{"damage_healed":0,"gold_gain":0,"player_choice":"Box","damage_taken":0,"relics_obtained":["Tiny Chest"],"max_hp_gain":0,"max_hp_loss":0,"event_name":"Big Fish","floor":4,"gold_loss":0,"cards_obtained":["Regret"]},{"cards_removed":["Regret"],"damage_healed":0,"gold_gain":0,"player_choice":"Card Removal","damage_taken":0,"max_hp_gain":0,"max_hp_loss":0,"event_name":"The Cleric","floor":5,"gold_loss":50},{"damage_healed":0,"gold_gain":0,"player_choice":"Entered Light","damage_taken":16,"max_hp_gain":0,"max_hp_loss":0,"event_name":"Shining Light","floor":13,"gold_loss":0,"cards_upgraded":["Impervious","Defend_R"]},{"damage_healed":0,"gold_gain":99,"player_choice":"Stole From Cult","damage_taken":0,"max_hp_gain":0,"max_hp_loss":0,"event_name":"Nest","floor":29,"gold_loss":0},{"damage_healed":0,"gold_gain":0,"player_choice":"Inject Mutagens","damage_taken":0,"relics_obtained":["MutagenicStrength"],"max_hp_gain":0,"max_hp_loss":0,"event_name":"Drug Dealer","floor":31,"gold_loss":0},{"damage_healed":0,"gold_gain":0,"player_choice":"Paid","damage_taken":0,"relics_obtained":["Red Mask"],"max_hp_gain":0,"max_hp_loss":0,"event_name":"Tomb of Lord Red Mask","floor":37,"gold_loss":247},{"damage_healed":0,"gold_gain":0,"player_choice":"Memory 1","damage_taken":0,"max_hp_gain":0,"max_hp_loss":0,"event_name":"SensoryStone","floor":45,"gold_loss":0}],"is_beta":false,"boss_relics":[{"not_picked":["Velvet Choker","Coffee Dripper"],"picked":"SacredBark"},{"not_picked":["Busted Crown","Pandora\u0027s Box"],"picked":"Empty Cage"}],"items_purged_floors":[],"is_endless":false,"potions_floor_spawned":[3,6,14,16,18,21,28,35,41,47],"killed_by":"Donu and Deca","ascension_level":0}}