{"host":"684z1xpuwaoqmmh1","time":1612704543,"event":{"mods":["A Magickal Journey","Astrologer","BaseMod","Downfall","Hermit","Jorbs\u0027s Wanderer Trilogy","Marisa????????","Minty Spire (QoL Compilation)","Robot Space Explorer","Shade Mod","StSLib","The Bug Knight","The Dragon Tamer","The Elementalist","The Hayseed","The Hierophant","The Marked","The Mystic","The Runesmith","The Saiyan","The Senshi","The Spell Scribe","The Vixen","TheBandit","TheFirefly"],"gold_per_floor":[109,184,184,194,208,208,223,223,223,250,63,77,77,95,95,190,190,201,201,220,238,256,256,291,291,291,39,71,90,125,175,175,275,275,293,317,335,335,355,389,408,440,467,477,497,510,510,535,535,535,535,535,5,33,33],"floor_reached":56,"language":"ENG","playtime":8092,"items_purged":["thefirefly:Strike"],"score":1476,"play_id":"af1db25d-7447-452a-a3b1-fee0146f74b3","local_time":"20210207152903","is_ascension_mode":false,"campfire_choices":[{"data":"thefirefly:DataMiner","floor":6.0,"key":"SMITH"},{"data":"thefirefly:ShieldGenerator","floor":8.0,"key":"SMITH"},{"data":"thefirefly:RerouteCircuit","floor":15.0,"key":"SMITH"},{"data":"1","floor":23.0,"key":"LIFT"},{"data":"2","floor":25.0,"key":"LIFT"},{"data":"3","floor":32,"key":"LIFT"},{"floor":47,"key":"REST"},{"floor":49,"key":"RECALL"},{"floor":52,"key":"REST"}],"circlet_count":0,"master_deck":["thefirefly:Strike","thefirefly:Strike","thefirefly:Strike","thefirefly:Defend","thefirefly:Defend+1","thefirefly:Defend","thefirefly:Defend+1","thefirefly:StealthMode+1","thefirefly:PhotonBlast","thefirefly:Prominence","thefirefly:DataMiner+1","thefirefly:LifeSupport","thefirefly:ShieldGenerator+1","thefirefly:ShieldGenerator","thefirefly:RerouteCircuit+1","thefirefly:InterceptingShot","thefirefly:RecollectionSubroutine","thefirefly:EphemeronForm","thefirefly:EnergyShield","thefirefly:ErraticMotions","thefirefly:NebulaVeil","thefirefly:Reposition","thefirefly:DecoyShot","thefirefly:ShieldGenerator+1","thefirefly:Dematerialize","thefirefly:ErraticMotions","thefirefly:PhotonBlast","thefirefly:IonizedBarrier+1","thefirefly:Flight+1","thefirefly:FullProjection+1","thefirefly:DataMiner+1","Parasite","thefirefly:ShieldArray+1","thefirefly:EnergyShield+1","thefirefly:LaserMail","thefirefly:ShieldArray+1"],"relics":["thefirefly:StealthSystem","Tiny Chest","TungstenRod","Thread and Needle","Vajra","Fusion Hammer","Girya","Bag of Preparation","Ginger","Lee\u0027s Waffle","Bag of Marbles","Pear","thefirefly:ShadowThruster","thefirefly:LongRangeScanner","PreservedInsect","Oddly Smooth Stone","thefirefly:PlasmaFairy","War Paint","hexamod:BolsterEngine","Kunai"],"acts_visited":["Exordium","TheCity","TheBeyond","TheEnding"],"potions_floor_usage":[42,42,55,55,55],"damage_taken":[{"damage":2.0,"enemies":"Small Slimes","floor":1.0,"turns":7.0},{"damage":0.0,"enemies":"Jaw Worm","floor":4.0,"turns":5.0},{"damage":0.0,"enemies":"Cultist","floor":5.0,"turns":7.0},{"damage":0.0,"enemies":"3 Louse","floor":7.0,"turns":4.0},{"damage":7.0,"enemies":"Lagavulin","floor":10.0,"turns":12.0},{"damage":0.0,"enemies":"Red Slaver","floor":12.0,"turns":6.0},{"damage":0.0,"enemies":"Blue Slaver","floor":14.0,"turns":5.0},{"damage":9.0,"enemies":"Hexaghost","floor":16.0,"turns":20.0},{"damage":1.0,"enemies":"Chosen","floor":18.0,"turns":7.0},{"damage":1.0,"enemies":"Shell Parasite","floor":20.0,"turns":7.0},{"damage":12.0,"enemies":"Sentry and Sphere","floor":21.0,"turns":8.0},{"damage":0.0,"enemies":"Snecko","floor":22.0,"turns":10.0},{"damage":12.0,"enemies":"Gremlin Leader","floor":24.0,"turns":10.0},{"damage":0.0,"enemies":"Book of Stabbing","floor":28.0,"turns":11.0},{"damage":0.0,"enemies":"Snake Plant","floor":29.0,"turns":7.0},{"damage":0.0,"enemies":"Gremlin Leader","floor":30.0,"turns":12.0},{"damage":0,"enemies":"Champ","floor":33,"turns":18},{"damage":1,"enemies":"Orb Walker","floor":35,"turns":9},{"damage":9,"enemies":"3 Shapes","floor":37,"turns":9},{"damage":2,"enemies":"Jaw Worm Horde","floor":39,"turns":12},{"damage":0,"enemies":"Giant Head","floor":40,"turns":28},{"damage":1,"enemies":"3 Darklings","floor":41,"turns":9},{"damage":33,"enemies":"Reptomancer","floor":42,"turns":19},{"damage":32,"enemies":"Maw","floor":44,"turns":14},{"damage":0,"enemies":"Writhing Mass","floor":45,"turns":12},{"damage":11,"enemies":"Spire Growth","floor":46,"turns":10},{"damage":0,"enemies":"Giant Head","floor":48,"turns":17},{"damage":1,"enemies":"Donu and Deca","floor":50,"turns":14},{"damage":13,"enemies":"Shield and Spear","floor":54,"turns":12},{"damage":27,"enemies":"The Heart","floor":55,"turns":15}],"seed_played":"3765526891321955283","potions_obtained":[{"floor":1.0,"key":"ColorlessPotion"},{"floor":10.0,"key":"Fire Potion"},{"floor":14.0,"key":"PowerPotion"},{"floor":20.0,"key":"LiquidBronze"},{"floor":22.0,"key":"Fire Potion"},{"floor":28.0,"key":"SpeedPotion"},{"floor":41,"key":"Swift Potion"},{"floor":45,"key":"DistilledChaos"},{"floor":46,"key":"bronze:BurnAndBuffPotion"}],"is_trial":false,"path_per_floor":["M","?","?","M","M","R","M","R","T","E","$","M","T","M","R","B",null,"M","?","M","M","M","R","E","R","T","$","E","M","E","?","R","B",null,"M","T","M","?","M","E","M","E","T","M","M","M","R","E","R","B",null,"R","$","E","B",null],"character_chosen":"THE_FIREFLY","items_purchased":["thefirefly:RerouteCircuit","thefirefly:InterceptingShot","Lee\u0027s Waffle","thefirefly:NebulaVeil","thefirefly:Reposition","thefirefly:LaserMail","War Paint","hexamod:BolsterEngine","EssenceOfSteel"],"campfire_rested":2,"item_purchase_floors":[11,11,27,27,27,53,53,53,53],"current_hp_per_floor":[53,42,42,42,42,42,48,48,48,47,47,53,53,55,55,46,55,54,54,53,47,52,52,46,46,46,62,62,62,72,72,72,9,72,72,72,69,69,70,57,62,35,35,9,15,10,31,37,37,42,72,72,72,65,44],"gold":33,"neow_bonus":"RANDOM_COMMON_RELIC","is_daily":false,"chose_seed":false,"campfire_upgraded":3,"win_rate":0.0,"timestamp":1612704543,"path_taken":["M","?","?","M","M","R","M","R","T","E","?","M","?","M","R","BOSS","M","?","?","M","M","R","E","R","T","$","E","M","E","?","R","BOSS","M","?","M","?","?","E","M","E","T","M","M","M","R","E","R","BOSS","R","$","E","BOSS"],"items_purchased_type":["Card","Card","Relic","Card","Card","Card","Relic","Relic","Potion"],"build_version":"2020-12-22","purchased_purges":1,"victory":true,"max_hp_per_floor":[55,55,55,55,55,55,55,55,55,55,55,55,55,55,55,55,55,55,55,55,55,55,55,55,55,55,62,62,62,72,72,72,72,72,72,72,72,72,72,72,72,72,72,72,72,72,72,72,72,72,72,72,72,72,72],"card_choices":[{"not_picked":["thefirefly:ShieldArray","thefirefly:EMP"],"picked":"thefirefly:Prominence","floor":1.0},{"not_picked":["thefirefly:InterceptingShot","thefirefly:QuantumTunneling"],"picked":"thefirefly:DataMiner","floor":4.0},{"not_picked":["thefirefly:Ruminate","thefirefly:AccountUncertainty"],"picked":"thefirefly:LifeSupport","floor":5.0},{"not_picked":["thefirefly:PhantomStrike","thefirefly:ErraticMotions"],"picked":"thefirefly:ShieldGenerator","floor":7.0},{"not_picked":["thefirefly:InterceptingShot","thefirefly:AutoTargeting"],"picked":"thefirefly:ShieldGenerator","floor":10.0},{"not_picked":["thefirefly:ShieldArray","thefirefly:FlakCannon","thefirefly:Teleport"],"picked":"SKIP","floor":12.0},{"not_picked":["thefirefly:Reposition","thefirefly:Distort"],"picked":"thefirefly:RecollectionSubroutine","floor":14.0},{"not_picked":["thefirefly:Nova","thefirefly:Kugelblitz"],"picked":"thefirefly:EphemeronForm","floor":16.0},{"not_picked":["thefirefly:SteadyAim","thefirefly:Flight"],"picked":"thefirefly:EnergyShield","floor":18.0},{"not_picked":["thefirefly:Teleport+1","thefirefly:Pacify+1"],"picked":"thefirefly:ErraticMotions","floor":20.0},{"not_picked":["thefirefly:CoveringFire","thefirefly:Teleport","thefirefly:Rend"],"picked":"SKIP","floor":21.0},{"not_picked":["thefirefly:Pacify","thefirefly:ArtillleryBeam","thefirefly:Teleport+1"],"picked":"SKIP","floor":22.0},{"not_picked":["thefirefly:ArtillleryBeam","thefirefly:EvasiveManeuver+1","thefirefly:LifeSupport+1"],"picked":"SKIP","floor":24.0},{"not_picked":["thefirefly:FlareScreen+1","thefirefly:StarCinder"],"picked":"thefirefly:DecoyShot","floor":28.0},{"not_picked":["thefirefly:Exile+1","thefirefly:DecoyShot","thefirefly:StarCinder"],"picked":"SKIP","floor":29.0},{"not_picked":["thefirefly:LifeSupport","thefirefly:StoredPower+1"],"picked":"thefirefly:ShieldGenerator+1","floor":30.0},{"not_picked":["thefirefly:SoulStrike","thefirefly:AlphaStrike"],"picked":"thefirefly:Dematerialize","floor":33},{"not_picked":["thefirefly:Preload+1","thefirefly:ArtillleryBeam+1"],"picked":"thefirefly:ErraticMotions","floor":35},{"not_picked":["thefirefly:StarCinder","thefirefly:DataMiner","thefirefly:ErraticMotions"],"picked":"SKIP","floor":37},{"not_picked":["thefirefly:Preload","thefirefly:EnergyShield+1"],"picked":"thefirefly:IonizedBarrier+1","floor":39},{"not_picked":["thefirefly:ErraticMotions","thefirefly:FlareScreen"],"picked":"thefirefly:Flight+1","floor":40},{"not_picked":["thefirefly:HyperFocus+1","thefirefly:CoveringFire+1"],"picked":"thefirefly:FullProjection+1","floor":41},{"not_picked":["thefirefly:LaserBarrage","thefirefly:InterceptingShot+1","thefirefly:Teleport+1"],"picked":"SKIP","floor":42},{"not_picked":["thefirefly:InterceptingShot","thefirefly:Ruminate"],"picked":"thefirefly:DataMiner+1","floor":44},{"not_picked":["thefirefly:Dematerialize","thefirefly:SteadyAim+1","thefirefly:Boost+1"],"picked":"SKIP","floor":45},{"not_picked":["thefirefly:ErraticMotions","thefirefly:StarCinder"],"picked":"thefirefly:ShieldArray+1","floor":46},{"not_picked":["thefirefly:StarCinder+1","thefirefly:NebulaVeil"],"picked":"thefirefly:EnergyShield+1","floor":48},{"not_picked":["thefirefly:Teleport+1","thefirefly:HyperFocus+1"],"picked":"thefirefly:ShieldArray+1","floor":54}],"player_experience":3210901,"relics_obtained":[{"floor":9.0,"key":"TungstenRod"},{"floor":10.0,"key":"Thread and Needle"},{"floor":13.0,"key":"Vajra"},{"floor":24.0,"key":"Bag of Preparation"},{"floor":26.0,"key":"Ginger"},{"floor":28.0,"key":"Bag of Marbles"},{"floor":30.0,"key":"Pear"},{"floor":36,"key":"thefirefly:LongRangeScanner"},{"floor":40,"key":"PreservedInsect"},{"floor":42,"key":"Oddly Smooth Stone"},{"floor":48,"key":"thefirefly:PlasmaFairy"},{"floor":54,"key":"Kunai"}],"event_choices":[{"damage_healed":0.0,"max_hp_gain":0.0,"max_hp_loss":0.0,"gold_gain":75.0,"event_name":"World of Goop","player_choice":"Gather Gold","floor":2.0,"gold_loss":0.0,"damage_taken":11.0},{"damage_healed":0.0,"max_hp_gain":0.0,"max_hp_loss":0.0,"gold_gain":0.0,"event_name":"Living Wall","player_choice":"Grow","floor":3.0,"gold_loss":0.0,"damage_taken":0.0,"cards_upgraded":["thefirefly:StealthMode"]},{"damage_healed":0.0,"max_hp_gain":0.0,"max_hp_loss":0.0,"gold_gain":0.0,"event_name":"WeMeetAgain","player_choice":"Gave Potion","floor":19.0,"gold_loss":0.0,"damage_taken":0.0,"relics_obtained":["Girya"]},{"damage_healed":0,"gold_gain":0,"player_choice":"Copied","damage_taken":0,"max_hp_gain":0,"max_hp_loss":0,"event_name":"Duplicator","floor":38,"gold_loss":0,"cards_obtained":["thefirefly:PhotonBlast"]}],"is_beta":false,"boss_relics":[{"not_picked":["theSenshi:MoonKaleidoScopeRelic","Pandora\u0027s Box"],"picked":"Fusion Hammer"},{"not_picked":["Empty Cage","Coffee Dripper"],"picked":"thefirefly:ShadowThruster"}],"items_purged_floors":[53],"is_endless":false,"potions_floor_spawned":[1,10,14,16,20,22,28,29,40,41,45,46],"ascension_level":0}}