{"host":"xp5rvh2jwe2ejyfm","time":1612734293,"event":{"mods":["2.2 Compatiblity","Aspiration","BaseMod","Better Altar","Better Match","Better Note","Better Sensory Stone","Better Skull","BetterRewards","Colored Powertips","Conspire","Downfall","GifTheSpireLib","Gremlin Mod","GungeonMod","Hermit","Hubris","Jorbs\u0027s Wanderer Trilogy","Minty Spire (QoL Compilation)","Potionbrewer","Quick Restart","Replay The Spire","Robot Space Explorer","Shade Mod","Somnambulant","StSLib","The Bug Knight","The Clintock","The Construct","The Cursed","The Disciple","The Forsaken","The Hierophant","The Necromancer","The Runesmith","The Servant 0.9.4","The Valiant","The Witch","TheFirefly","thorton"],"gold_per_floor":[113,123,24,42,217,246,246,266,266,302,302,302,336,336,336,336,336],"floor_reached":16,"language":"ENG","playtime":464,"items_purged":[],"score":118,"play_id":"004e8776-7e7d-419e-8fd2-5f3479ff2780","local_time":"20210207164453","is_ascension_mode":false,"campfire_choices":[{"floor":7,"key":"REST"},{"floor":12,"key":"REST"},{"floor":15,"key":"REST"}],"circlet_count":0,"master_deck":["DemoMod:Strike_Huntress","DemoMod:Strike_Huntress","DemoMod:Strike_Huntress","DemoMod:Defend_Huntress","DemoMod:Defend_Huntress","DemoMod:Defend_Huntress","DemoMod:Defend_Huntress","DemoMod:Roll","DemoMod:ManualReload","DemoMod:RustySidearm","DemoMod:CrossBow","DemoMod:FinishedGun+1","DemoMod:SkilledReload","DemoMod:EasyReloadBullets","DemoMod:ShadowBullets","DemoMod:GunstockTap","DemoMod:GunShield","Doubt","DemoMod:SAA","DemoMod:FastSwitch","Sadistic Nature","DemoMod:HighKaliber","Injury"],"relics":["DemoMod:Dog","Replay:Bottled Eggs","DemoMod:Bottle","Pen Nib","DemoMod:SilverBullets","Molten Egg 2"],"acts_visited":["Exordium"],"potions_floor_usage":[6,16],"damage_taken":[{"damage":0,"enemies":"Cultist","floor":1,"turns":1},{"damage":0,"enemies":"2 Louse","floor":2,"turns":2},{"damage":13,"enemies":"Jaw Worm","floor":4,"turns":2},{"damage":26,"enemies":"Lagavulin","floor":6,"turns":6},{"damage":0,"enemies":"Large Slime","floor":8,"turns":1},{"damage":39,"enemies":"Gremlin Nob","floor":10,"turns":5},{"damage":28,"enemies":"Lagavulin","floor":13,"turns":4},{"damage":31,"enemies":"The Guardian","floor":16,"turns":6}],"seed_played":"-8712335685763423117","potions_obtained":[{"floor":2,"key":"Energy Potion"},{"floor":13,"key":"Energy Potion"}],"is_trial":false,"path_per_floor":["M","M","$","M","?","E","R","M","T","E","?","R","E","?","R","B"],"character_chosen":"HUNTRESS","items_purchased":["DemoMod:ShadowBullets","DemoMod:GunstockTap"],"campfire_rested":3,"item_purchase_floors":[3,3],"current_hp_per_floor":[70,70,70,57,57,31,52,52,52,13,13,34,6,6,27,0,0],"gold":336,"neow_bonus":"ONE_RANDOM_RARE_CARD","is_daily":false,"chose_seed":false,"campfire_upgraded":0,"win_rate":0.0,"timestamp":1612734293,"path_taken":["M","?","$","M","?","E","R","M","T","E","?","R","E","?","R","BOSS"],"items_purchased_type":["Card","Card"],"build_version":"2020-12-22","purchased_purges":0,"victory":false,"max_hp_per_floor":[70,70,70,70,70,70,70,70,70,70,70,70,70,70,70,70,70],"card_choices":[{"not_picked":["DemoMod:AC15","DemoMod:SAA"],"picked":"DemoMod:SkilledReload","floor":1},{"not_picked":["DemoMod:DirectionalPad","DemoMod:PotionOfGunFriendShip"],"picked":"DemoMod:EasyReloadBullets","floor":2},{"not_picked":["DemoMod:BoxingGlove","DemoMod:BattleInHaste"],"picked":"DemoMod:GunShield","floor":4},{"not_picked":["DemoMod:BSG","DemoMod:JK47","DemoMod:FastSwitch"],"picked":"SKIP","floor":6},{"not_picked":["DemoMod:FeignSurrender","DemoMod:Purify"],"picked":"DemoMod:SAA","floor":8},{"not_picked":["DemoMod:JK47","DemoMod:Ejector"],"picked":"DemoMod:FastSwitch","floor":10},{"not_picked":["hubris:Insight","Purity"],"picked":"Sadistic Nature","floor":11},{"not_picked":["DemoMod:Unmoved","DemoMod:DoubleSwitch"],"picked":"DemoMod:HighKaliber","floor":13}],"player_experience":464853,"relics_obtained":[{"floor":6,"key":"Replay:Bottled Eggs"},{"floor":9,"key":"DemoMod:Bottle"},{"floor":10,"key":"Pen Nib"},{"floor":13,"key":"DemoMod:SilverBullets"}],"event_choices":[{"damage_healed":0,"gold_gain":175,"player_choice":"AGREE","damage_taken":0,"max_hp_gain":0,"max_hp_loss":0,"event_name":"Liars Game","floor":5,"gold_loss":0,"cards_obtained":["Doubt"]},{"damage_healed":0,"gold_gain":1,"player_choice":"1","damage_taken":0,"max_hp_gain":0,"max_hp_loss":0,"event_name":"betterStone:BetterStone","floor":11,"gold_loss":0}],"is_beta":false,"boss_relics":[],"items_purged_floors":[],"is_endless":false,"potions_floor_spawned":[2,13],"killed_by":"The Guardian","ascension_level":0}}