{"host":"sc0o2qwpf9j16a4i","time":1612709592,"event":{"mods":["AchievementEnabler","BaseMod","BetterRewards","Block Reminder","Colored Map","Colored Powertips","Custom Start","Highlight Path","Minty Spire (QoL Compilation)","Relic Stats"],"gold_per_floor":[117,117,292,567,583,583,612,612,612,627,653,653,706,719,719,719,719],"floor_reached":16,"language":"ENG","playtime":282,"items_purged":[],"score":133,"play_id":"401bfb7c-6ff7-4a2a-877e-b51f270fadc8","local_time":"20210207165312","daily_mods":["Shiny","ControlledChaos","Lethality"],"is_ascension_mode":false,"campfire_choices":[{"data":"Feed","floor":6,"key":"SMITH"},{"data":"True Grit","floor":8,"key":"SMITH"},{"data":"Limit Break","floor":15,"key":"SMITH"}],"circlet_count":0,"master_deck":["Double Tap","Demon Form","Bludgeon","Feed+1","Limit Break+1","Corruption","Barricade","Fiend Fire","Berserk","Impervious","Juggernaut","Brutality","Reaper","Exhume","Offering","Immolate","Regret","Doubt","Regret","Flame Barrier","True Grit+1","Headbutt","Spot Weakness","Injury","Shockwave"],"relics":["Burning Blood","Frozen Eye","Akabeko","Vajra","Question Card","Gremlin Horn","Golden Idol","Bronze Scales"],"acts_visited":["Exordium"],"potions_floor_usage":[16],"damage_taken":[{"damage":0,"enemies":"2 Louse","floor":1,"turns":1},{"damage":8,"enemies":"Cultist","floor":5,"turns":3},{"damage":48,"enemies":"Gremlin Nob","floor":7,"turns":4},{"damage":0,"enemies":"Jaw Worm","floor":10,"turns":2},{"damage":9,"enemies":"Lagavulin","floor":11,"turns":6},{"damage":6,"enemies":"Looter","floor":14,"turns":2},{"damage":46,"enemies":"Hexaghost","floor":16,"turns":2}],"seed_played":"-1665223383074656001","potions_obtained":[{"floor":1,"key":"Dexterity Potion"},{"floor":10,"key":"PowerPotion"},{"floor":11,"key":"SpeedPotion"}],"is_trial":true,"path_per_floor":["M","?","?","?","M","R","E","R","T","M","E","?","T","M","R","B"],"character_chosen":"IRONCLAD","items_purchased":[],"campfire_rested":0,"item_purchase_floors":[],"current_hp_per_floor":[80,80,80,80,81,81,39,39,39,45,42,42,42,42,42,0,0],"gold":719,"neow_bonus":"","is_daily":false,"chose_seed":false,"campfire_upgraded":3,"win_rate":0.0,"timestamp":1612709592,"path_taken":["M","?","?","?","M","R","E","R","T","?","E","?","?","M","R","BOSS"],"items_purchased_type":[],"build_version":"2020-12-22","purchased_purges":0,"victory":false,"max_hp_per_floor":[80,80,80,80,83,83,83,83,83,83,83,83,83,83,83,83,83],"relic_stats":{"Gremlin Horn":[0,0],"counters":[7,20],"Golden Idol":3,"Bronze Scales":[18],"Question Card":3,"obtain_stats":[{"Frozen Eye":0,"Gremlin Horn":11,"Golden Idol":12,"Bronze Scales":13,"Vajra":7,"Question Card":9,"Burning Blood":0,"Akabeko":2},{"Frozen Eye":0,"Gremlin Horn":5,"Golden Idol":5,"Bronze Scales":5,"Vajra":3,"Question Card":3,"Burning Blood":0,"Akabeko":1},{"Frozen Eye":0,"Gremlin Horn":16,"Golden Idol":16,"Bronze Scales":16,"Vajra":8,"Question Card":8,"Burning Blood":0,"Akabeko":1}],"Burning Blood":30},"card_choices":[{"not_picked":["Searing Blow","Thunderclap","Cleave"],"picked":"SKIP","floor":1},{"not_picked":["Flex","Battle Trance"],"picked":"Flame Barrier","floor":5},{"not_picked":["Pommel Strike","Reckless Charge"],"picked":"True Grit","floor":7},{"not_picked":["Rage","Anger","Perfected Strike"],"picked":"Headbutt","floor":10},{"not_picked":["Battle Trance","Dark Embrace","Searing Blow"],"picked":"Spot Weakness","floor":11},{"not_picked":["Double Tap","Rampage","Body Slam"],"picked":"Shockwave","floor":14}],"player_experience":1266299,"relics_obtained":[{"floor":7,"key":"Vajra"},{"floor":9,"key":"Question Card"},{"floor":11,"key":"Gremlin Horn"},{"floor":13,"key":"Bronze Scales"}],"event_choices":[{"damage_healed":0,"gold_gain":0,"player_choice":"Box","damage_taken":0,"relics_obtained":["Akabeko"],"max_hp_gain":0,"max_hp_loss":0,"event_name":"Big Fish","floor":2,"gold_loss":0,"cards_obtained":["Regret"]},{"damage_healed":0,"gold_gain":175,"player_choice":"AGREE","damage_taken":0,"max_hp_gain":0,"max_hp_loss":0,"event_name":"Liars Game","floor":3,"gold_loss":0,"cards_obtained":["Doubt"]},{"damage_healed":0,"gold_gain":275,"player_choice":"Desecrate","damage_taken":0,"max_hp_gain":0,"max_hp_loss":0,"event_name":"Golden Shrine","floor":4,"gold_loss":0,"cards_obtained":["Regret"]},{"damage_healed":0,"gold_gain":0,"player_choice":"Take Wound","damage_taken":0,"relics_obtained":["Golden Idol"],"max_hp_gain":0,"max_hp_loss":0,"event_name":"Golden Idol","floor":12,"gold_loss":0,"cards_obtained":["Injury"]}],"is_beta":false,"boss_relics":[],"items_purged_floors":[],"is_endless":false,"potions_floor_spawned":[1,10,11],"killed_by":"Hexaghost","ascension_level":0}}