{"host":"i2ntsfwoh5q5m216","time":1612728290,"event":{"mods":["BaseMod","Colored Map","Downfall","Minty Spire (QoL Compilation)","StSLib"],"gold_per_floor":[109,209,224,224,127,160,172,172,172,187,187,262,276,307,307,407,407,417,417,427,446,115,115,30,42,127,139,181,210,257,285,297,407,419,450,142,152,0,0,20,51,65,65,65,65,65,65,76,76,76],"floor_reached":51,"language":"ENG","playtime":1573,"items_purged":["Strike_G"],"score":850,"play_id":"d45a7f98-f970-4c58-b857-a9e2b1b8cf34","local_time":"20210207140450","is_ascension_mode":false,"campfire_choices":[{"data":"Neutralize","floor":8.0,"key":"SMITH"},{"data":"Tactician","floor":11.0,"key":"SMITH"},{"data":"After Image","floor":15.0,"key":"SMITH"},{"data":"Adrenaline","floor":23.0,"key":"SMITH"},{"data":"Blade Dance","floor":25.0,"key":"SMITH"},{"floor":32,"key":"REST"},{"data":"Panache","floor":45,"key":"SMITH"},{"floor":47,"key":"REST"},{"floor":49,"key":"REST"}],"circlet_count":0,"master_deck":["Strike_G+1","Strike_G+1","Strike_G+1","Defend_G+1","Defend_G+1","Defend_G+1","Defend_G+1","Defend_G+1","Survivor+1","Neutralize+1","Dagger Throw+1","Tactician+1","Finesse+1","Sucker Punch+1","Acrobatics+1","Endless Agony+1","After Image+1","Adrenaline+1","Blade Dance+1","Terror+1","Tools of the Trade+1","Reflex+1","Heel Hook+1","Tactician+1","Thinking Ahead+1","Panache+1","Dark Shackles+1","Blade Dance+1","Prepared+1","Infinite Blades+1"],"relics":["Ring of the Snake","NeowsBlessing","Mercury Hourglass","InkBottle","Shuriken","WristBlade","Letter Opener","MawBank","Toxic Egg 2","Paper Crane","Orichalcum","SacredBark","Toolbox","Red Mask","Blood Vial","Blue Candle","Mark of the Bloom"],"acts_visited":["Exordium","TheCity","TheBeyond"],"potions_floor_usage":[35,37,48,50,50],"damage_taken":[{"damage":0.0,"enemies":"Jaw Worm","floor":1.0,"turns":1.0},{"damage":0.0,"enemies":"Cultist","floor":3.0,"turns":1.0},{"damage":0.0,"enemies":"3 Sentries","floor":6.0,"turns":2.0},{"damage":0.0,"enemies":"2 Louse","floor":7.0,"turns":2.0},{"damage":0.0,"enemies":"2 Fungi Beasts","floor":10.0,"turns":3.0},{"damage":2.0,"enemies":"Red Slaver","floor":13.0,"turns":3.0},{"damage":12.0,"enemies":"Gremlin Nob","floor":14.0,"turns":3.0},{"damage":9.0,"enemies":"Hexaghost","floor":16.0,"turns":9.0},{"damage":11.0,"enemies":"2 Thieves","floor":18.0,"turns":3.0},{"damage":9.0,"enemies":"Spheric Guardian","floor":20.0,"turns":4.0},{"damage":9.0,"enemies":"Centurion and Healer","floor":21.0,"turns":4.0},{"damage":9.0,"enemies":"Gremlin Leader","floor":28.0,"turns":4.0},{"damage":0.0,"enemies":"Shelled Parasite and Fungi","floor":29.0,"turns":3.0},{"damage":0.0,"enemies":"Slavers","floor":30.0,"turns":3.0},{"damage":3.0,"enemies":"Snecko","floor":31.0,"turns":5.0},{"damage":19,"enemies":"Automaton","floor":33,"turns":7},{"damage":7,"enemies":"3 Shapes","floor":35,"turns":2},{"damage":0,"enemies":"Orb Walker","floor":37,"turns":2},{"damage":0,"enemies":"Jaw Worm Horde","floor":40,"turns":2},{"damage":0,"enemies":"Giant Head","floor":41,"turns":3},{"damage":0,"enemies":"4 Shapes","floor":42,"turns":1},{"damage":0,"enemies":"Maw","floor":48,"turns":4},{"damage":11,"enemies":"Time Eater","floor":50,"turns":7}],"seed_played":"-6898149040212408438","potions_obtained":[{"floor":6.0,"key":"Fire Potion"},{"floor":7.0,"key":"SneckoOil"},{"floor":16.0,"key":"champ:CounterPotion"},{"floor":18.0,"key":"GamblersBrew"},{"floor":21.0,"key":"Weak Potion"},{"floor":41,"key":"bronze:BurnAndBuffPotion"},{"floor":42,"key":"FearPotion"},{"floor":48,"key":"Fire Potion"}],"is_trial":false,"path_per_floor":["M","?","M","?","$","E","M","R","T","M","R","?","M","E","R","B",null,"M","?","M","M","$","R","?","R","T","?","E","M","E","M","R","B",null,"M","$","M","?","?","M","E","M","T","$","R","?","R","M","R","B",null],"character_chosen":"THE_SILENT","items_purchased":["Finesse","Letter Opener","Heel Hook","Fruit Juice","Toolbox"],"campfire_rested":3,"item_purchase_floors":[5,22,36,36,36],"current_hp_per_floor":[70,70,70,70,70,70,70,70,70,70,70,59,57,45,45,36,70,59,59,50,41,41,41,41,41,41,41,32,32,32,29,50,31,70,63,63,73,73,63,63,63,65,65,65,65,65,65,65,65,54],"gold":76,"neow_bonus":"THREE_ENEMY_KILL","is_daily":false,"chose_seed":false,"campfire_upgraded":6,"win_rate":0.0,"timestamp":1612728290,"path_taken":["M","?","?","?","$","E","M","R","T","?","R","?","M","E","R","BOSS","M","?","M","?","$","R","?","R","T","?","E","M","E","M","R","BOSS","M","$","M","?","?","M","E","M","T","$","R","?","R","M","R","BOSS"],"items_purchased_type":["Card","Relic","Card","Potion","Relic"],"build_version":"2020-12-22","purchased_purges":1,"victory":true,"max_hp_per_floor":[70,70,70,70,70,70,70,70,70,70,70,70,70,70,70,70,70,70,70,70,70,70,70,70,70,70,70,70,70,70,70,70,70,70,70,70,80,80,80,80,80,80,80,80,80,80,80,80,80,80],"card_choices":[{"not_picked":["Underhanded Strike","Prepared"],"picked":"Dagger Throw","floor":1.0},{"not_picked":["Masterful Stab","Riddle With Holes"],"picked":"Tactician","floor":3.0},{"not_picked":["Dodge and Roll","Deadly Poison"],"picked":"Sucker Punch","floor":6.0},{"not_picked":["Sucker Punch","Outmaneuver","Crippling Poison"],"picked":"SKIP","floor":7.0},{"not_picked":["Dodge and Roll","Blade Dance"],"picked":"Acrobatics","floor":10.0},{"not_picked":["Infinite Blades","Outmaneuver"],"picked":"Endless Agony","floor":13.0},{"not_picked":["Underhanded Strike","Riddle With Holes"],"picked":"After Image","floor":14.0},{"not_picked":["Wraith Form v2","A Thousand Cuts"],"picked":"Adrenaline","floor":16.0},{"not_picked":["Crippling Poison","Eviscerate","Underhanded Strike"],"picked":"SKIP","floor":18.0},{"not_picked":["Outmaneuver+1","Deflect+1"],"picked":"Blade Dance","floor":20.0},{"not_picked":["Dodge and Roll+1","Quick Slash+1","Blur"],"picked":"SKIP","floor":21.0},{"not_picked":["Quick Slash","Wraith Form v2","Footwork"],"picked":"SKIP","floor":28.0},{"not_picked":["Backstab","Deflect+1","Poisoned Stab"],"picked":"SKIP","floor":29.0},{"not_picked":["Backstab","Skewer","Blur+1"],"picked":"SKIP","floor":30.0},{"not_picked":["Riddle With Holes","Dagger Spray"],"picked":"Terror+1","floor":31.0},{"not_picked":["Unload","Phantasmal Killer+1"],"picked":"Tools of the Trade","floor":33},{"not_picked":["Backflip+1","Finisher+1"],"picked":"Reflex+1","floor":35},{"not_picked":["Expertise+1","Footwork"],"picked":"Tactician+1","floor":37},{"not_picked":["Enlightenment+1","Secret Weapon+1"],"picked":"Thinking Ahead+1","floor":39},{"not_picked":["Violence+1","Deep Breath+1"],"picked":"Panache","floor":39},{"not_picked":["Good Instincts+1","Mind Blast"],"picked":"Dark Shackles+1","floor":39},{"not_picked":["Blur+1","Underhanded Strike"],"picked":"Blade Dance+1","floor":40},{"not_picked":["Dagger Spray","Deflect+1","Poisoned Stab+1"],"picked":"SKIP","floor":41},{"not_picked":["Poisoned Stab+1","Crippling Poison+1"],"picked":"Prepared+1","floor":42},{"not_picked":["Outmaneuver+1","All Out Attack"],"picked":"Infinite Blades+1","floor":48}],"player_experience":48006,"relics_obtained":[{"floor":6.0,"key":"Mercury Hourglass"},{"floor":9.0,"key":"InkBottle"},{"floor":14.0,"key":"Shuriken"},{"floor":26.0,"key":"Toxic Egg 2"},{"floor":28.0,"key":"Paper Crane"},{"floor":30.0,"key":"Orichalcum"},{"floor":41,"key":"Blood Vial"},{"floor":43,"key":"Blue Candle"}],"event_choices":[{"damage_healed":0.0,"max_hp_gain":0.0,"max_hp_loss":0.0,"gold_gain":100.0,"event_name":"Golden Shrine","player_choice":"Pray","floor":2.0,"gold_loss":0.0,"damage_taken":0.0},{"damage_healed":0.0,"max_hp_gain":0.0,"max_hp_loss":0.0,"gold_gain":0.0,"event_name":"NoteForYourself","player_choice":"Ignored","floor":4.0,"gold_loss":0.0,"damage_taken":0.0},{"damage_healed":0.0,"max_hp_gain":0.0,"max_hp_loss":0.0,"gold_gain":75.0,"event_name":"World of Goop","player_choice":"Gather Gold","floor":12.0,"gold_loss":0.0,"damage_taken":11.0},{"cards_removed":["Strike_G"],"damage_healed":0.0,"max_hp_gain":0.0,"max_hp_loss":0.0,"gold_gain":0.0,"event_name":"Bonfire Elementals","player_choice":"Offered Basic","floor":19.0,"gold_loss":0.0,"damage_taken":0.0},{"damage_healed":0.0,"max_hp_gain":0.0,"max_hp_loss":0.0,"gold_gain":0.0,"event_name":"Addict","player_choice":"Obtained Relic","floor":24.0,"gold_loss":85.0,"damage_taken":0.0,"relics_obtained":["MawBank"]},{"damage_healed":0,"gold_gain":0,"player_choice":"Paid","damage_taken":0,"relics_obtained":["Red Mask"],"max_hp_gain":0,"max_hp_loss":0,"event_name":"Tomb of Lord Red Mask","floor":38,"gold_loss":152},{"damage_healed":0,"gold_gain":0,"player_choice":"Memory 3","damage_taken":10,"max_hp_gain":0,"max_hp_loss":0,"event_name":"SensoryStone","floor":39,"gold_loss":0},{"damage_healed":0,"gold_gain":0,"player_choice":"Upgrade","damage_taken":0,"relics_obtained":["Mark of the Bloom"],"max_hp_gain":0,"max_hp_loss":0,"event_name":"MindBloom","floor":46,"gold_loss":0,"cards_upgraded":["Strike_G","Strike_G","Strike_G","Defend_G","Defend_G","Defend_G","Defend_G","Defend_G","Survivor","Dagger Throw","Finesse","Sucker Punch","Acrobatics","Endless Agony","Tools of the Trade","Heel Hook"]}],"is_beta":false,"boss_relics":[{"not_picked":["Philosopher\u0027s Stone","Runic Dome"],"picked":"WristBlade"},{"not_picked":["Cursed Key","bronze:MakeshiftBattery"],"picked":"SacredBark"}],"items_purged_floors":[22],"is_endless":false,"potions_floor_spawned":[6,7,16,18,21,28,41,42,48],"ascension_level":0}}