{"host":"ynimr9ugvc6f046i","time":1612669398,"event":{"mods":["2.2 Compatiblity","BaseMod","Colored Map","DeckTracker","Highlight Path","Keyboard Shortcuts","Minty Spire (QoL Compilation)","Permanent Neow","Quick Restart","StSLib","SuperFastMode"],"gold_per_floor":[118,132,57,132,132,160,160,160,214,248,248,262,79,93,93,166,166,180,200,40,60,76,111,161,195,243,270,185,200,200,35,35,110,110,124,137,137,148,148,10,10,45,45,55,67,84,418,443,443,443,443,443,443,21,56,56],"floor_reached":57,"language":"KOR","playtime":1672,"items_purged":["Strike_P","Defend_P","Strike_P+1","Strike_P+1"],"score":3595,"play_id":"06220bce-11f3-41f2-ac96-d4eae67d48db","local_time":"20210207124318","is_ascension_mode":true,"campfire_choices":[{"floor":7.0,"key":"REST"},{"floor":11.0,"key":"RECALL"},{"floor":15.0,"key":"REST"},{"floor":32,"key":"REST"},{"floor":41,"key":"REST"},{"floor":49,"key":"REST"},{"floor":53,"key":"REST"}],"circlet_count":0,"master_deck":["AscendersBane","Defend_P+1","Defend_P+1","Defend_P+1","Eruption+1","Vigilance+1","LessonLearned+1","FlurryOfBlows+1","Adaptation+1","TalkToTheHand+1","Vault+1","WheelKick+1","Meditate+1","TalkToTheHand+1","InnerPeace+1","Tantrum+1","Adaptation+1","Purity+1"],"relics":["Runic Pyramid","Fusion Hammer","White Beast Statue","Bronze Scales","Runic Dome","Potion Belt","Singing Bowl","GoldenEye","Oddly Smooth Stone","TeardropLocket","Letter Opener","VioletLotus","Ornamental Fan","DollysMirror","Strawberry","Sundial","Old Coin","Thread and Needle","Bottled Flame","Vajra"],"acts_visited":["Exordium","TheCity","TheBeyond","TheEnding"],"potions_floor_usage":[25,33,34,56,56,56],"damage_taken":[{"damage":7.0,"enemies":"Jaw Worm","floor":1.0,"turns":4.0},{"damage":0.0,"enemies":"2 Louse","floor":2.0,"turns":3.0},{"damage":0.0,"enemies":"Gremlin Nob","floor":6.0,"turns":2.0},{"damage":4.0,"enemies":"Lagavulin","floor":10.0,"turns":5.0},{"damage":0.0,"enemies":"Cultist","floor":12.0,"turns":3.0},{"damage":0.0,"enemies":"3 Louse","floor":14.0,"turns":3.0},{"damage":0.0,"enemies":"The Guardian","floor":16.0,"turns":8.0},{"damage":0.0,"enemies":"Spheric Guardian","floor":18.0,"turns":2.0},{"damage":0.0,"enemies":"3 Byrds","floor":19.0,"turns":4.0},{"damage":0.0,"enemies":"Centurion and Healer","floor":21.0,"turns":3.0},{"damage":0.0,"enemies":"Snake Plant","floor":22.0,"turns":3.0},{"damage":4.0,"enemies":"Book of Stabbing","floor":23.0,"turns":4.0},{"damage":14,"enemies":"Slavers","floor":25,"turns":3},{"damage":0,"enemies":"Book of Stabbing","floor":27,"turns":3},{"damage":0,"enemies":"Chosen and Byrds","floor":29,"turns":4},{"damage":0,"enemies":"Champ","floor":33,"turns":4},{"damage":0,"enemies":"3 Shapes","floor":35,"turns":3},{"damage":0,"enemies":"3 Darklings","floor":36,"turns":3},{"damage":0,"enemies":"Spire Growth","floor":38,"turns":3},{"damage":0,"enemies":"Giant Head","floor":40,"turns":4},{"damage":0,"enemies":"Nemesis","floor":42,"turns":2},{"damage":0,"enemies":"Sphere and 2 Shapes","floor":44,"turns":3},{"damage":0,"enemies":"Transient","floor":45,"turns":7},{"damage":0,"enemies":"Writhing Mass","floor":46,"turns":4},{"damage":0,"enemies":"Reptomancer","floor":47,"turns":3},{"damage":0,"enemies":"Mind Bloom Boss Battle","floor":48,"turns":2},{"damage":0,"enemies":"Donu and Deca","floor":50,"turns":4},{"damage":0,"enemies":"Awakened One","floor":51,"turns":4},{"damage":0,"enemies":"Shield and Spear","floor":55,"turns":2},{"damage":0,"enemies":"The Heart","floor":56,"turns":5}],"seed_played":"-2747267461678852106","potions_obtained":[{"floor":1.0,"key":"FearPotion"},{"floor":10.0,"key":"LiquidMemories"},{"floor":12.0,"key":"GamblersBrew"},{"floor":16.0,"key":"LiquidBronze"},{"floor":19.0,"key":"Energy Potion"},{"floor":21.0,"key":"PowerPotion"},{"floor":22.0,"key":"StancePotion"},{"floor":25,"key":"Dexterity Potion"},{"floor":33,"key":"Fruit Juice"},{"floor":35,"key":"AttackPotion"},{"floor":36,"key":"Block Potion"},{"floor":45,"key":"FairyPotion"},{"floor":46,"key":"FairyPotion"}],"is_trial":false,"path_per_floor":["M","M","$","?","?","E","R","?","T","E","R","M","$","M","R","B",null,"M","M","$","M","M","E","?","E","T","E","?","M","$","$","R","B",null,"M","M","$","M","?","E","R","E","T","M","M","M","E","?","R","B","B",null,"R","$","E","B",null],"character_chosen":"WATCHER","items_purchased":["Adaptation","Potion Belt","Tantrum","Bottled Flame"],"campfire_rested":6,"item_purchase_floors":[13,20,31,54],"current_hp_per_floor":[54,54,54,43,48,48,69,69,69,65,65,65,65,65,73,73,73,73,73,73,73,73,69,69,55,55,57,57,59,59,59,77,79,84,86,88,88,90,90,92,92,101,101,103,105,107,109,111,111,111,111,111,111,111,113,113],"gold":56,"neow_bonus":"BOSS_RELIC","is_daily":false,"chose_seed":false,"campfire_upgraded":0,"win_rate":0.0,"timestamp":1612669398,"path_taken":["M","M","$","?","?","E","R","?","T","E","R","M","$","M","R","BOSS","M","?","$","M","M","E","?","E","T","E","?","M","?","$","R","BOSS","M","M","$","M","?","E","R","E","T","M","M","M","E","?","R","BOSS","BOSS","R","$","E","BOSS"],"items_purchased_type":["Card","Relic","Card","Relic"],"build_version":"2020-12-22","purchased_purges":4,"victory":true,"max_hp_per_floor":[68,68,68,68,73,73,73,73,73,73,73,73,73,73,73,73,73,73,73,73,73,73,73,73,73,73,75,75,77,77,77,77,79,84,86,88,88,90,90,92,92,101,101,103,105,107,109,111,111,111,111,111,111,111,113,113],"card_choices":[{"not_picked":["Prostrate","EmptyBody","Sanctity"],"picked":"SKIP","floor":1.0},{"not_picked":["Crescendo","FlurryOfBlows","FollowUp"],"picked":"SKIP","floor":2.0},{"not_picked":["JustLucky","Conclude"],"picked":"FlurryOfBlows","floor":6.0},{"not_picked":["Protect","Wish","CutThroughFate"],"picked":"SKIP","floor":10.0},{"not_picked":["Protect","FlyingSleeves","SashWhip"],"picked":"SKIP","floor":12.0},{"not_picked":["Halt","FollowUp"],"picked":"TalkToTheHand","floor":14.0},{"not_picked":["Blasphemy","Omniscience"],"picked":"Vault","floor":16.0},{"not_picked":["WindmillStrike","Halt"],"picked":"WheelKick","floor":18.0},{"not_picked":["FollowUp","WindmillStrike","Protect"],"picked":"SKIP","floor":19.0},{"not_picked":["CarveReality","Conclude","Wallop"],"picked":"SKIP","floor":21.0},{"not_picked":["FlurryOfBlows","Crescendo"],"picked":"Meditate","floor":22.0},{"not_picked":["PathToVictory","FollowUp"],"picked":"TalkToTheHand","floor":23.0},{"not_picked":["Halt","TalkToTheHand"],"picked":"InnerPeace","floor":25},{"not_picked":["Devotion","SashWhip","Wallop"],"picked":"Singing Bowl","floor":27},{"not_picked":["Consecrate","ClearTheMind","Halt"],"picked":"Singing Bowl","floor":29},{"not_picked":["DeusExMachina","LessonLearned","MasterReality"],"picked":"Singing Bowl","floor":33},{"not_picked":["Conclude","Study","FlyingSleeves"],"picked":"Singing Bowl","floor":35},{"not_picked":["JustLucky+1","SignatureMove","Meditate"],"picked":"Singing Bowl","floor":36},{"not_picked":["JustLucky","FollowUp","ThirdEye"],"picked":"Singing Bowl","floor":38},{"not_picked":["Nirvana+1","Swivel","Crescendo"],"picked":"Singing Bowl","floor":40},{"not_picked":["EmptyBody","FlyingSleeves+1","Prostrate"],"picked":"Singing Bowl","floor":42},{"not_picked":["Weave","InnerPeace","FollowUp+1"],"picked":"Singing Bowl","floor":44},{"not_picked":["Wireheading","CarveReality+1","BattleHymn"],"picked":"Singing Bowl","floor":45},{"not_picked":["DevaForm","BowlingBash","Evaluate"],"picked":"Singing Bowl","floor":46},{"not_picked":["Prostrate","FearNoEvil","WreathOfFlame"],"picked":"Singing Bowl","floor":47},{"not_picked":["WreathOfFlame+1","Crescendo+1","ClearTheMind"],"picked":"Singing Bowl","floor":48},{"not_picked":["FollowUp","Brilliance","Prostrate+1"],"picked":"Singing Bowl","floor":55}],"player_experience":566403,"relics_obtained":[{"floor":6.0,"key":"White Beast Statue"},{"floor":10.0,"key":"Bronze Scales"},{"floor":23.0,"key":"Singing Bowl"},{"floor":25,"key":"GoldenEye"},{"floor":26,"key":"Oddly Smooth Stone"},{"floor":27,"key":"TeardropLocket"},{"floor":40,"key":"Ornamental Fan"},{"floor":42,"key":"Strawberry"},{"floor":43,"key":"Sundial"},{"floor":47,"key":"Old Coin"},{"floor":48,"key":"Thread and Needle"},{"floor":55,"key":"Vajra"}],"event_choices":[{"damage_healed":0.0,"max_hp_gain":0.0,"max_hp_loss":0.0,"gold_gain":75.0,"event_name":"World of Goop","player_choice":"Gather Gold","floor":4.0,"gold_loss":0.0,"damage_taken":11.0},{"damage_healed":0.0,"max_hp_gain":5.0,"max_hp_loss":0.0,"gold_gain":0.0,"event_name":"Big Fish","player_choice":"Donut","floor":5.0,"gold_loss":0.0,"damage_taken":0.0},{"cards_removed":["Strike_P"],"damage_healed":0.0,"max_hp_gain":0.0,"max_hp_loss":0.0,"gold_gain":0.0,"event_name":"Wheel of Change","player_choice":"Card Removal","floor":8.0,"gold_loss":0.0,"damage_taken":0.0},{"damage_healed":0.0,"max_hp_gain":0.0,"max_hp_loss":0.0,"gold_gain":50.0,"event_name":"Nest","player_choice":"Stole From Cult","floor":24.0,"gold_loss":0.0,"damage_taken":0.0},{"damage_healed":0,"gold_gain":0,"player_choice":"Obtained Relic","damage_taken":0,"relics_obtained":["Letter Opener"],"max_hp_gain":0,"max_hp_loss":0,"event_name":"Addict","floor":28,"gold_loss":85},{"damage_healed":0,"gold_gain":0,"player_choice":"Ignored","damage_taken":0,"max_hp_gain":0,"max_hp_loss":0,"event_name":"Tomb of Lord Red Mask","floor":39,"gold_loss":0},{"damage_healed":0,"gold_gain":0,"player_choice":"Fight","damage_taken":0,"max_hp_gain":0,"max_hp_loss":0,"event_name":"MindBloom","floor":48,"gold_loss":0}],"is_beta":false,"boss_relics":[{"not_picked":["Sozu","Snecko Eye"],"picked":"Runic Dome"},{"not_picked":["Astrolabe","Busted Crown"],"picked":"VioletLotus"}],"items_purged_floors":[3,13,31,54],"is_endless":false,"potions_floor_spawned":[1,10,12,14,16,18,19,21,22,23,25,27,29,33,35,36,38,40,42,44,45,46,47,48,55],"ascension_level":20}}