{"host":"y7b1p9nkx4idorr2","time":1612728343,"event":{"mods":["AchievementEnabler","Act Like it!","BaseMod","Colored Map","Downfall","GifTheSpireLib","Googly Eyes","Highlight Path","Mimic Mod","Minty Spire (QoL Compilation)","Shop Mod","Spicy Shops","StSLib","Unceasing Turn Reminder"],"gold_per_floor":[99,115,135,120,136,170,210,242,256,256,256,256],"floor_reached":10,"language":"ENG","playtime":753,"items_purged":[],"score":86,"play_id":"badc8977-b969-47ae-b17f-76c964d02321","local_time":"20210207140543","is_ascension_mode":true,"campfire_choices":[{"floor":1,"key":"RECALL"}],"circlet_count":0,"master_deck":["sneckomod:Strike","sneckomod:Strike","sneckomod:Strike","sneckomod:Defend","sneckomod:Defend","sneckomod:Defend","sneckomod:TailWhip","sneckomod:SnekBite","sneckomod:Unknown","sneckomod:Unknown","downfall:Malfunctioning","sneckomod:RainOfDice","sneckomod:UnknownDraw","sneckomod:UnknownRarePower","sneckomod:DiceCrush","sneckomod:UnknownStrength","sneckomod:UnendingSupply","sneckomod:TrashToTreasure","sneckomod:IronFang"],"relics":["sneckomod:SneckoSoul","Incense Burner","Nunchaku","Dead Branch"],"acts_visited":["Exordium"],"potions_floor_usage":[8],"damage_taken":[{"damage":1,"enemies":"Cultist","floor":2,"turns":3},{"damage":5,"enemies":"Small Slimes","floor":3,"turns":3},{"damage":0,"enemies":"downfall:FleeingMerchant","floor":4,"turns":4},{"damage":1,"enemies":"2 Louse","floor":5,"turns":3},{"damage":38,"enemies":"Gremlin Nob","floor":6,"turns":5},{"damage":4,"enemies":"2 Fungi Beasts","floor":7,"turns":11},{"damage":36,"enemies":"3 Sentries","floor":8,"turns":7},{"damage":21,"enemies":"2 Fungi Beasts","floor":9,"turns":4},{"damage":5,"enemies":"Lagavulin","floor":10,"turns":4}],"seed_played":"-3042049095937870059","potions_obtained":[{"floor":5,"key":"sneckomod:MuddlingPotion"},{"floor":8,"key":"bronze:BurnAndBuffPotion"}],"is_trial":false,"path_per_floor":["R","M","M","$","M","E","MIM","E","M","E"],"character_chosen":"THE_SNECKO","items_purchased":[],"campfire_rested":0,"item_purchase_floors":[],"current_hp_per_floor":[90,89,84,84,83,45,41,25,4,0,0,0],"gold":256,"neow_bonus":"ONE_RARE_RELIC","is_daily":false,"chose_seed":false,"campfire_upgraded":0,"win_rate":0.0,"timestamp":1612728343,"path_taken":["R","M","M","$","?","E","MIM","E","?","E"],"items_purchased_type":[],"build_version":"2020-12-22","purchased_purges":0,"victory":false,"max_hp_per_floor":[90,90,90,90,90,90,90,90,90,90,90,90],"card_choices":[{"not_picked":["sneckomod:DiceCrush","sneckomod:Nope"],"picked":"sneckomod:RainOfDice","floor":2},{"not_picked":["sneckomod:PureSnecko","sneckomod:SoulDraw"],"picked":"sneckomod:UnknownDraw","floor":3},{"not_picked":["sneckomod:UnknownUncommonSkill","sneckomod:PureSnecko"],"picked":"sneckomod:UnknownRarePower","floor":4},{"not_picked":["sneckomod:QuickMove","sneckomod:Unknown0Cost"],"picked":"sneckomod:DiceCrush","floor":5},{"not_picked":["sneckomod:UnknownStrike","sneckomod:SlitherStrike"],"picked":"sneckomod:UnknownStrength","floor":6},{"not_picked":["sneckomod:DiceCrush","sneckomod:QuickBite"],"picked":"sneckomod:UnendingSupply","floor":7},{"not_picked":["sneckomod:UnknownUncommonPower","sneckomod:UnknownX"],"picked":"sneckomod:TrashToTreasure","floor":8},{"not_picked":["sneckomod:SoulRoll","sneckomod:QuickMove"],"picked":"sneckomod:IronFang","floor":9}],"player_experience":2315833,"relics_obtained":[{"floor":6,"key":"Nunchaku"},{"floor":8,"key":"Dead Branch"}],"event_choices":[],"is_beta":false,"boss_relics":[],"items_purged_floors":[],"is_endless":false,"potions_floor_spawned":[5,8],"killed_by":"Lagavulin","ascension_level":2}}