{"host":"yq2wmfr0u0wuvxc0","time":1612656244,"event":{"mods":["Act Like it!","Aspiration","BaseMod","Colored Powertips","Curses Come First","Defuse TimeMaze Blight","Downfall","Friendly Minions","Gensokyo","Gremlin Mod","Hallownest","Hubris","Infinite Spire","Koishi","Lobotomy","Marisa????????","Minty Spire (QoL Compilation)","Pale of the Ancients","Quick Restart","Rare Cards Sparkle","Remilia??????","Shop Mod","Smile Girya","Spicy Shops","StSLib","Wide Potions","Youmu??????"],"gold_per_floor":[117,117,133,148,183,183,218,218,264,264,303,349,349,369,369,369,369],"floor_reached":16,"language":"ZHS","playtime":897,"items_purged":[],"score":112,"play_id":"5af3679a-ca43-4267-843c-7127582d372d","local_time":"20210206160404","is_ascension_mode":false,"campfire_choices":[{"data":"Ultimatum","floor":6,"key":"SMITH"},{"data":"LeisurelyOfLord","floor":8,"key":"SMITH"},{"data":"ScarletShoot","floor":10,"key":"SMITH"},{"data":"BloodAndWine","floor":15,"key":"SMITH"}],"circlet_count":0,"master_deck":["Strike_RM","Strike_RM","Defend_RM","Defend_RM","Defend_RM","RedMoon","FairyFestival","LeisurelyOfLord+1","Die Die Die","Survivor","SpiderBud","VampireSweep","LittleHelper","FavorOfDestiny","CherryBlossoms","BeautyBeast","BloodAndWine+1","VoidDream","MillenniumVampire","UniverseFragment"],"relics":["ScarletHat","CogitoBucket","aspiration:AnachronicSnailShell","Oddly Smooth Stone","Pear","CultistMask"],"acts_visited":["Exordium"],"potions_floor_usage":[7,12],"damage_taken":[{"damage":0,"enemies":"2 Louse","floor":1,"turns":3},{"damage":4,"enemies":"Cultist","floor":3,"turns":5},{"damage":0,"enemies":"Jaw Worm","floor":4,"turns":4},{"damage":4,"enemies":"Exordium Wildlife","floor":5,"turns":4},{"damage":10,"enemies":"3 Sentries","floor":7,"turns":7},{"damage":31,"enemies":"Red Slaver","floor":11,"turns":4},{"damage":9,"enemies":"Gremlin Nob","floor":12,"turns":6},{"damage":20,"enemies":"Large Slime","floor":14,"turns":5},{"damage":60,"enemies":"The Guardian","floor":16,"turns":10}],"seed_played":"1268812709046830133","potions_obtained":[{"floor":1,"key":"DistilledChaos"},{"floor":3,"key":"CultistPotion"}],"is_trial":false,"path_per_floor":["M","?","M","M","M","R","E","R","T","R","M","E","?","M","R","B"],"character_chosen":"REMILIA","items_purchased":[],"campfire_rested":0,"item_purchase_floors":[],"current_hp_per_floor":[75,75,72,75,71,71,63,63,63,63,34,45,45,32,32,0,0],"gold":369,"neow_bonus":"","is_daily":false,"chose_seed":false,"campfire_upgraded":4,"win_rate":0.0,"timestamp":1612656244,"path_taken":["M","?","?","?","M","R","E","R","T","R","M","E","?","M","R","BOSS"],"items_purchased_type":[],"build_version":"2020-12-22","purchased_purges":0,"victory":false,"max_hp_per_floor":[75,75,75,75,75,75,75,75,75,75,75,85,85,85,85,85,85],"card_choices":[{"not_picked":["PunishingBird","LaLuna"],"picked":"FairyFestival","floor":1},{"not_picked":["UnstableMagic","RedRainbow"],"picked":"LeisurelyOfLord","floor":1},{"not_picked":["WallGazer","VoidDream"],"picked":"SpiderBud","floor":3},{"not_picked":["Stigmanizer","ReincarnationDial"],"picked":"VampireSweep","floor":3},{"not_picked":["WallGazer","Mercenary"],"picked":"LittleHelper","floor":4},{"not_picked":["ScarletDevilSign","ScarletNetherworld"],"picked":"FavorOfDestiny","floor":4},{"not_picked":["GreedKing","WallGazer"],"picked":"CherryBlossoms","floor":5},{"not_picked":["EndlessAdversity","NightDance"],"picked":"Ultimatum","floor":5},{"not_picked":["UniverseFragment","BodiesMountain"],"picked":"BeautyBeast","floor":7},{"not_picked":["BloodySeventeenLaser","BlasphemousPunishment","VampireKiss"],"picked":"SKIP","floor":7},{"not_picked":["BloodySeventeenLaser","BlasphemousPunishment","VampireKiss"],"picked":"SKIP","floor":7},{"not_picked":["CharismaGuard","GlobalNightmare"],"picked":"BloodAndWine","floor":11},{"not_picked":["DreamingCurrent","LongBird"],"picked":"VoidDream","floor":11},{"not_picked":["UnstableMagic","RedRainbow"],"picked":"MillenniumVampire","floor":12},{"not_picked":["Murderer","Variant"],"picked":"UniverseFragment","floor":14},{"not_picked":["UnderTheZenith","DiffusionOfMisfortune","CharismaGuard"],"picked":"SKIP","floor":14},{"not_picked":["UnderTheZenith","DiffusionOfMisfortune","CharismaGuard"],"picked":"SKIP","floor":14}],"player_experience":328990,"relics_obtained":[{"floor":7,"key":"aspiration:AnachronicSnailShell"},{"floor":9,"key":"Oddly Smooth Stone"},{"floor":12,"key":"Pear"}],"event_choices":[{"damage_healed":0,"gold_gain":0,"player_choice":"Trade","damage_taken":0,"relics_obtained":["CultistMask"],"max_hp_gain":0,"max_hp_loss":0,"event_name":"FaceTrader","floor":13,"gold_loss":0}],"is_beta":false,"boss_relics":[],"items_purged_floors":[],"is_endless":false,"potions_floor_spawned":[1,3,11],"killed_by":"The Guardian","ascension_level":0}}