{"host":"lnrxyx1mebyhalma","time":1612706897,"event":{"mods":["2.2 Compatiblity","BaseMod","Block Reminder","Colored Powertips","Downfall","Minty Spire (QoL Compilation)","Rare Cards Sparkle","Smile Girya","StSLib"],"gold_per_floor":[0,18,36,56,72,92,162,162,178,193,118,28,28,28,44,148,148,98,108,118,134,134,134],"floor_reached":22,"language":"PTB","playtime":1288,"items_purged":[],"score":182,"play_id":"21930a12-49af-4133-9b09-61c85a4574b7","local_time":"20210207120817","is_ascension_mode":false,"campfire_choices":[{"floor":1,"key":"RECALL"},{"data":"Slimebound:Split","floor":13,"key":"SMITH"},{"data":"Slimebound:Overexert","floor":18,"key":"SMITH"}],"circlet_count":0,"master_deck":["Slimebound:Strike_Slimebound","Slimebound:Strike_Slimebound","Slimebound:Strike_Slimebound","Slimebound:Tackle","Slimebound:Defend_Slimebound","Slimebound:Defend_Slimebound","Slimebound:Defend_Slimebound","Slimebound:Defend_Slimebound","Slimebound:Split+1","Slimebound:CorrosiveSpit","Slimebound:MinionMaster","Slimebound:LeechEnergy","Slimebound:LivingWall","Slimebound:ServeAndProtect","Slimebound:SplitLeeching","Slimebound:RejuvenatingLick","Slimebound:SplitMire","Slimebound:MegaLick","Slimebound:SlimeSpikes","Slimebound:LevelUp","Slimebound:LeadByExample","Slimebound:Overexert+1","Slimebound:FormOfPuddle+1","Slimebound:ForwardTackle","Slimebound:Equalize"],"relics":["Slimebound:AbsorbEndCombat","Slimebound:GreedOozeRelic","downfall:ShatteredFragment","SlaversCollar"],"acts_visited":["Exordium","TheCity"],"potions_floor_usage":[9,16,16,22,22],"damage_taken":[{"damage":8,"enemies":"Cultist","floor":2,"turns":4},{"damage":5,"enemies":"Small Slimes","floor":3,"turns":4},{"damage":0,"enemies":"2 Louse","floor":4,"turns":4},{"damage":8,"enemies":"Exordium Wildlife","floor":5,"turns":4},{"damage":8,"enemies":"2 Fungi Beasts","floor":6,"turns":4},{"damage":8,"enemies":"Exordium Thugs","floor":9,"turns":4},{"damage":2,"enemies":"Red Slaver","floor":10,"turns":5},{"damage":4,"enemies":"downfall:FleeingMerchant","floor":12,"turns":4},{"damage":15,"enemies":"Large Slime","floor":15,"turns":5},{"damage":26,"enemies":"DF_ARCHETYPE_STREAMLINE","floor":16,"turns":8},{"damage":14,"enemies":"Shell Parasite","floor":19,"turns":5},{"damage":20,"enemies":"3 Byrds","floor":20,"turns":3},{"damage":44,"enemies":"Sentry and Sphere","floor":21,"turns":5},{"damage":6,"enemies":"Snake Plant","floor":22,"turns":3}],"seed_played":"-5553191922172403320","potions_obtained":[{"floor":3,"key":"bronze:BurnAndBuffPotion"},{"floor":4,"key":"bronze:BurnAndBuffPotion"},{"floor":5,"key":"Fire Potion"},{"floor":9,"key":"SkillPotion"},{"floor":16,"key":"champ:CounterPotion"},{"floor":19,"key":"champ:CounterPotion"}],"is_trial":false,"path_per_floor":["R","M","M","M","M","M","T","?","M","M","?","$","R","?","M","B",null,"R","M","M","M","M"],"character_chosen":"SLIMEBOUND","items_purchased":["Slimebound:LevelUp"],"campfire_rested":0,"item_purchase_floors":[12],"current_hp_per_floor":[65,61,62,65,58,58,58,58,54,56,56,60,60,42,35,17,65,65,59,41,1,0,0,0],"gold":134,"neow_bonus":"THREE_RARE_CARDS","is_daily":false,"chose_seed":false,"campfire_upgraded":2,"win_rate":0.0,"timestamp":1612706897,"path_taken":["R","M","M","M","M","M","T","?","M","M","?","$","R","?","M","BOSS","R","M","M","M","M"],"items_purchased_type":["Card"],"build_version":"2020-12-22","purchased_purges":0,"victory":false,"max_hp_per_floor":[65,65,65,65,65,65,65,65,65,65,65,65,65,65,65,65,65,65,65,65,65,65,65,65],"card_choices":[{"not_picked":["Slimebound:WasteNot","Slimebound:DouseInSlime"],"picked":"Slimebound:MinionMaster","floor":0},{"not_picked":["Slimebound:GoopTackle","Slimebound:Chomp"],"picked":"Slimebound:LeechEnergy","floor":2},{"not_picked":["Slimebound:ServeAndProtect","Slimebound:GoopTackle"],"picked":"Slimebound:LivingWall","floor":3},{"not_picked":["Slimebound:FinishingTackle","Slimebound:ItLooksTasty"],"picked":"Slimebound:ServeAndProtect","floor":4},{"not_picked":["Slimebound:SplitAcid","Slimebound:ComboTackle"],"picked":"Slimebound:SplitLeeching","floor":5},{"not_picked":["Slimebound:GoopTackle","Slimebound:Equalize"],"picked":"Slimebound:RejuvenatingLick","floor":6},{"not_picked":["Slimebound:SamplingLick","Slimebound:Chomp"],"picked":"Slimebound:SplitMire","floor":9},{"not_picked":["Slimebound:MassRepurpose","Slimebound:LeechingTouch"],"picked":"Slimebound:MegaLick","floor":10},{"not_picked":["Slimebound:ComboTackle","Slimebound:Chomp"],"picked":"Slimebound:SlimeSpikes","floor":12},{"not_picked":["Slimebound:Schlurp","Slimebound:Equalize"],"picked":"Slimebound:LeadByExample","floor":15},{"not_picked":["Slimebound:CheckThePlaybook","Slimebound:MassRepurpose"],"picked":"Slimebound:Overexert","floor":16},{"not_picked":["Slimebound:SpikyOuterGoop","Slimebound:SplitLeeching"],"picked":"Slimebound:FormOfPuddle+1","floor":19},{"not_picked":["Slimebound:SlimeBrawl","Slimebound:AcidTongue"],"picked":"Slimebound:ForwardTackle","floor":20},{"not_picked":["Slimebound:ViciousTackle","Slimebound:PressTheAttack"],"picked":"Slimebound:Equalize","floor":21}],"player_experience":109448,"relics_obtained":[],"event_choices":[],"is_beta":false,"boss_relics":[{"not_picked":["Runic Dome","Slimebound:TarBlob"],"picked":"SlaversCollar"}],"items_purged_floors":[],"is_endless":false,"potions_floor_spawned":[3,4,5,9,16,19,21],"killed_by":"Snake Plant","ascension_level":0}}