{"host":"0iuhrgzkozzv273x","time":1612722929,"event":{"mods":["2.2 Compatiblity","BaseMod","Colored Map","Curses Come First","Downfall","Minty Spire (QoL Compilation)","Spire Arcade","StSLib","The Construct","Unceasing Turn Reminder"],"gold_per_floor":[99,99,199,199,217,252,276,286,286,305,315,342,142,158,177,282,282,282,292,303,14,24,56,56,72,82,92,192,210,210,238,255,357,357,357,367,382,395,409,440,440,455,305,320,220,220,254,266,280,280,280,312,63,63,63,63,63,63],"floor_reached":56,"language":"ENG","playtime":6287,"items_purged":["Slimebound:Strike_Slimebound","Slimebound:Defend_Slimebound"],"score":923,"play_id":"99be8751-3e97-457a-a7c8-812dda3b4eaa","local_time":"20210207133529","is_ascension_mode":true,"campfire_choices":[{"data":"Slimebound:CorrosiveSpit","floor":1.0,"key":"SMITH"},{"floor":9.0,"key":"RECALL"},{"data":"Slimebound:PressTheAttack","floor":13.0,"key":"SMITH"},{"data":"Slimebound:PrepareCrush","floor":18.0,"key":"SMITH"},{"floor":30.0,"key":"REST"},{"data":"Slimebound:DuplicatedForm","floor":35,"key":"SMITH"},{"data":"Slimebound:LevelUp","floor":45,"key":"SMITH"},{"data":"Slimebound:GrowthPunch","floor":54,"key":"SMITH"}],"circlet_count":0,"master_deck":["Slimebound:Tackle","Slimebound:Defend_Slimebound","Slimebound:Defend_Slimebound","Slimebound:Defend_Slimebound","Slimebound:Split","Slimebound:CorrosiveSpit+1","Slimebound:SplitAcid","Slimebound:Recollect","Slimebound:PressTheAttack+1","Slimebound:Equalize","Slimebound:PrepareCrush+1","Slimebound:GrowthPunch+1","Slimebound:MinionMaster","Slimebound:Gluttony","Slimebound:SamplingLick+1","Slimebound:Prepare+1","Slimebound:DuplicatedForm+1","Slimebound:LevelUp+1","Slimebound:SlimeBrawl","Slimebound:SplitSpecialist","Slimebound:OozeBath","Slimebound:LeechEnergy+1","Slimebound:SamplingLick+1","Slimebound:SpikyOuterGoop+1","Slimebound:SplitSpecialist+1","Slimebound:Recycling","Sadistic Nature","Slimebound:LeadByExample+1"],"relics":["Slimebound:AbsorbEndCombatUpgraded","Akabeko","StoneCalendar","MealTicket","Singing Bowl","downfall:HeartBlessingRed","downfall:HeartBlessingGreen","Membership Card","White Beast Statue","PreservedInsect","Mummified Hand","MutagenicStrength","Guardian:PocketSentry","Coffee Dripper","Regal Pillow","downfall:HeartBlessingBlue","Oddly Smooth Stone","Shuriken","CaptainsWheel"],"acts_visited":["Exordium","TheCity","TheBeyond","TheEnding"],"potions_floor_usage":[42,43,43,48,50,55,55,55,55,56,56],"damage_taken":[{"damage":0.0,"enemies":"Small Slimes","floor":5.0,"turns":4.0},{"damage":24.0,"enemies":"Gremlin Nob","floor":6.0,"turns":4.0},{"damage":0.0,"enemies":"2 Louse","floor":8.0,"turns":2.0},{"damage":0.0,"enemies":"Cultist","floor":10.0,"turns":3.0},{"damage":0.0,"enemies":"Exordium Wildlife","floor":11.0,"turns":3.0},{"damage":16.0,"enemies":"Lagavulin","floor":12.0,"turns":7.0},{"damage":3.0,"enemies":"2 Fungi Beasts","floor":14.0,"turns":5.0},{"damage":8.0,"enemies":"3 Louse","floor":15.0,"turns":6.0},{"damage":28.0,"enemies":"IC_STATUS_ARCHETYPE","floor":16.0,"turns":6.0},{"damage":19.0,"enemies":"Shell Parasite","floor":19.0,"turns":5.0},{"damage":9.0,"enemies":"Chosen","floor":20.0,"turns":4.0},{"damage":10.0,"enemies":"downfall:FleeingMerchant","floor":21.0,"turns":4.0},{"damage":32.0,"enemies":"Snecko","floor":22.0,"turns":5.0},{"damage":55.0,"enemies":"Gremlin Leader","floor":23.0,"turns":7.0},{"damage":27.0,"enemies":"3 Cultists","floor":25.0,"turns":5.0},{"damage":28.0,"enemies":"Shelled Parasite and Fungi","floor":26.0,"turns":7.0},{"damage":0.0,"enemies":"Chosen and Byrds","floor":27.0,"turns":5.0},{"damage":21.0,"enemies":"downfall:Augmenter","floor":28.0,"turns":6.0},{"damage":36.0,"enemies":"Cultist and Chosen","floor":29.0,"turns":7.0},{"damage":21.0,"enemies":"Slavers","floor":31.0,"turns":4.0},{"damage":39.0,"enemies":"Snake Plant","floor":32.0,"turns":4.0},{"damage":36.0,"enemies":"SI_MIRROR_ARCHETYPE","floor":33.0,"turns":8.0},{"damage":29,"enemies":"3 Darklings","floor":36,"turns":5},{"damage":9,"enemies":"3 Shapes","floor":37,"turns":4},{"damage":6,"enemies":"Writhing Mass","floor":38,"turns":4},{"damage":15,"enemies":"Maw","floor":39,"turns":6},{"damage":2,"enemies":"Reptomancer","floor":40,"turns":4},{"damage":21,"enemies":"4 Shapes","floor":42,"turns":5},{"damage":18,"enemies":"downfall:FleeingMerchant","floor":43,"turns":4},{"damage":26,"enemies":"Writhing Mass","floor":44,"turns":5},{"damage":18,"enemies":"Writhing Mass","floor":46,"turns":5},{"damage":15,"enemies":"Giant Head","floor":47,"turns":4},{"damage":26,"enemies":"Jaw Worm Horde","floor":48,"turns":4},{"damage":17,"enemies":"3 Darklings","floor":49,"turns":4},{"damage":46,"enemies":"DF_ARCHETYPE_ORBS","floor":50,"turns":5},{"damage":28,"enemies":"downfall:CharBossMerchant","floor":52,"turns":5},{"damage":25,"enemies":"downfall:NeowBoss","floor":55,"turns":10},{"damage":143,"enemies":"downfall:NeowBossFinal","floor":56,"turns":8}],"seed_played":"4022071874942628459","potions_obtained":[{"floor":4.0,"key":"ColorlessPotion"},{"floor":4.0,"key":"SneckoOil"},{"floor":4.0,"key":"Slimebound:SlimedPotion"},{"floor":5.0,"key":"Swift Potion"},{"floor":10.0,"key":"Slimebound:SlimedPotion"},{"floor":16.0,"key":"bronze:BurnAndBuffPotion"},{"floor":19.0,"key":"SpeedPotion"},{"floor":23.0,"key":"Swift Potion"},{"floor":25.0,"key":"Slimebound:SlimedPotion"},{"floor":26.0,"key":"Slimebound:SpawnSlimePotion"},{"floor":27.0,"key":"DuplicationPotion"},{"floor":28.0,"key":"SkillPotion"},{"floor":29.0,"key":"champ:CounterPotion"},{"floor":31.0,"key":"SkillPotion"},{"floor":32.0,"key":"EntropicBrew"},{"floor":33.0,"key":"Slimebound:SlimedPotion"},{"floor":38,"key":"PowerPotion"},{"floor":39,"key":"Swift Potion"},{"floor":42,"key":"Energy Potion"},{"floor":43,"key":"EntropicBrew"},{"floor":44,"key":"LiquidMemories"},{"floor":48,"key":"SteroidPotion"},{"floor":52,"key":"sneckomod:MuddlingPotion"}],"is_trial":false,"path_per_floor":["R","?","?","?","M","E","T","M","R","M","M","E","R","M","M","B",null,"R","M","M","$","M","E","T","M","M","M","?","M","R","E","M","B",null,"R","M","M","M","M","E","T","M","$","M","R","?","E","M","M","B",null,"E","$","R","B","B"],"character_chosen":"SLIMEBOUND","items_purchased":["Membership Card","White Beast Statue","Sadistic Nature","CaptainsWheel","Slimebound:SpawnSlimePotion"],"campfire_rested":1,"item_purchase_floors":[21,21,43,53,53],"current_hp_per_floor":[65,70,70,70,70,48,48,48,48,54,56,50,50,61,63,51,72,72,72,74,66,47,15,15,8,5,25,23,27,52,51,47,45,88,88,88,84,88,88,90,90,89,92,89,99,104,106,100,110,88,110,112,112,112,112,0,0,0],"gold":63,"neow_bonus":"RANDOM_COMMON_RELIC","is_daily":false,"chose_seed":false,"campfire_upgraded":6,"win_rate":0.0,"timestamp":1612722929,"path_taken":["R","?","?","?","M","E","T","M","R","M","M","E","R","?","M","BOSS","R","M","M","$","M","E","T","M","M","M","?","M","R","E","M","BOSS","R","M","M","M","M","E","T","M","$","M","R","?","E","M","M","BOSS","E","$","R","BOSS","BOSS"],"items_purchased_type":["Relic","Relic","Card","Relic","Potion"],"build_version":"2020-12-22","purchased_purges":2,"victory":false,"max_hp_per_floor":[65,70,70,70,70,70,70,70,70,70,70,72,72,72,72,72,72,72,72,74,76,78,78,78,78,80,80,84,86,86,86,88,88,88,88,88,88,88,88,90,90,92,92,94,104,104,106,108,110,110,110,112,112,112,112,112,112,112],"card_choices":[{"not_picked":["Slimebound:SpikyOuterGoop","Slimebound:BestDefense","Slimebound:LeechingTouch"],"picked":"SKIP","floor":5.0},{"not_picked":["Slimebound:HauntingLick","Slimebound:SplitBruiser"],"picked":"Slimebound:SplitAcid","floor":6.0},{"not_picked":["Slimebound:LivingWall","Slimebound:ForwardTackle"],"picked":"Slimebound:Recollect","floor":8.0},{"not_picked":["Slimebound:GoopSpray","Slimebound:FinishingTackle"],"picked":"Slimebound:PressTheAttack","floor":10.0},{"not_picked":["Slimebound:GoopTackle","Slimebound:DisruptingSlam"],"picked":"Slimebound:Equalize","floor":11.0},{"not_picked":["Slimebound:Replication","Slimebound:SplitBruiser","Slimebound:Schlurp"],"picked":"Singing Bowl","floor":12.0},{"not_picked":["Slimebound:LivingWall","Slimebound:HauntingLick"],"picked":"Slimebound:PrepareCrush","floor":14.0},{"not_picked":["Slimebound:SplitAcid","Slimebound:SamplingLick"],"picked":"Slimebound:GrowthPunch","floor":15.0},{"not_picked":["Slimebound:Overexert","Slimebound:SelfFormingGoo"],"picked":"Slimebound:MinionMaster","floor":16.0},{"not_picked":["Slimebound:Prepare","Slimebound:SlimeBrawl+1"],"picked":"Slimebound:Gluttony","floor":19.0},{"not_picked":["Slimebound:DivideAndConquer+1","Slimebound:LivingWall","Slimebound:Dissolve"],"picked":"Singing Bowl","floor":20.0},{"not_picked":["Slimebound:ItLooksTasty+1","Slimebound:TongueLash","Slimebound:LeechingTouch+1"],"picked":"Singing Bowl","floor":21.0},{"not_picked":["Slimebound:GoopTackle","Slimebound:ItLooksTasty","Slimebound:PressTheAttack"],"picked":"Singing Bowl","floor":22.0},{"not_picked":["Slimebound:SlimeSpikes","Slimebound:LeechingTouch"],"picked":"Slimebound:SamplingLick+1","floor":23.0},{"not_picked":["Slimebound:FinishingTackle","Slimebound:SplitBruiser"],"picked":"Slimebound:Prepare+1","floor":25.0},{"not_picked":["Slimebound:SplitMire","Slimebound:LeechEnergy","Slimebound:Schlurp"],"picked":"Singing Bowl","floor":26.0},{"not_picked":["Slimebound:SplitBruiser","Slimebound:Nibble"],"picked":"Slimebound:DuplicatedForm","floor":27.0},{"not_picked":["J.A.X."],"picked":"Singing Bowl","floor":28.0},{"not_picked":["Slimebound:HauntingLick","Slimebound:SamplingLick","Slimebound:SplitMire"],"picked":"Singing Bowl","floor":28.0},{"not_picked":["Slimebound:SplitMire","Slimebound:ItLooksTasty","Slimebound:RollThrough+1"],"picked":"Singing Bowl","floor":29.0},{"not_picked":["Slimebound:ViciousTackle","Slimebound:LeechEnergy+1"],"picked":"Slimebound:SplitSpecialist","floor":31.0},{"not_picked":["Slimebound:MegaLick","Slimebound:TagTeam","Slimebound:Repurpose"],"picked":"Singing Bowl","floor":32.0},{"not_picked":["Slimebound:LeechLife","Slimebound:SlimeSlap"],"picked":"Slimebound:OozeBath","floor":33.0},{"not_picked":["Slimebound:SlimeSpikes+1","Slimebound:DisruptingSlam"],"picked":"Slimebound:LeechEnergy+1","floor":36},{"not_picked":["Slimebound:SlimeSpikes","Slimebound:Repurpose"],"picked":"Slimebound:SamplingLick+1","floor":37},{"not_picked":["Slimebound:Replication","Slimebound:SlimeSpikes"],"picked":"Slimebound:SpikyOuterGoop+1","floor":38},{"not_picked":["Slimebound:RollThrough+1","Slimebound:RainOfGoop+1"],"picked":"Slimebound:SplitSpecialist+1","floor":39},{"not_picked":["Slimebound:SplitBruiser","Slimebound:Nibble+1","Slimebound:SplitSpecialist+1"],"picked":"Singing Bowl","floor":40},{"not_picked":["Slimebound:HauntingLick","Slimebound:LeechEnergy","Slimebound:Prepare+1"],"picked":"Singing Bowl","floor":42},{"not_picked":["Slimebound:LeechEnergy+1","Slimebound:PrepareCrush"],"picked":"Slimebound:Recycling","floor":43},{"not_picked":["Slimebound:GoopTackle+1","Slimebound:SplitAcid","Slimebound:SlimeTap"],"picked":"Singing Bowl","floor":44},{"not_picked":["Slimebound:SplitBruiser+1","Slimebound:GoopTackle+1"],"picked":"Slimebound:LeadByExample+1","floor":46},{"not_picked":["Slimebound:FinishingTackle","Slimebound:LivingWall","Slimebound:SlimeTap"],"picked":"Singing Bowl","floor":47},{"not_picked":["Slimebound:Prepare+1","Slimebound:SplitBruiser+1","Slimebound:TongueLash+1"],"picked":"Singing Bowl","floor":48},{"not_picked":["Slimebound:ItLooksTasty","Slimebound:HungryTackle","Slimebound:ServeAndProtect"],"picked":"Singing Bowl","floor":49},{"not_picked":["Slimebound:RollThrough","Slimebound:GrowthPunch","Slimebound:LivingWall"],"picked":"Singing Bowl","floor":52}],"player_experience":834063,"relics_obtained":[{"floor":6.0,"key":"StoneCalendar"},{"floor":7.0,"key":"MealTicket"},{"floor":12.0,"key":"Singing Bowl"},{"floor":23.0,"key":"PreservedInsect"},{"floor":24.0,"key":"Mummified Hand"},{"floor":28.0,"key":"MutagenicStrength"},{"floor":31.0,"key":"Guardian:PocketSentry"},{"floor":40,"key":"Regal Pillow"},{"floor":47,"key":"Oddly Smooth Stone"},{"floor":52,"key":"Shuriken"}],"event_choices":[{"damage_healed":0.0,"max_hp_gain":5.0,"max_hp_loss":0.0,"gold_gain":0.0,"event_name":"Big Fish","player_choice":"Donut","floor":2.0,"gold_loss":0.0,"damage_taken":0.0},{"damage_healed":0.0,"max_hp_gain":0.0,"max_hp_loss":0.0,"gold_gain":0.0,"event_name":"Lab","player_choice":"Got Potions","floor":4.0,"gold_loss":0.0,"damage_taken":0.0}],"is_beta":false,"boss_relics":[{"not_picked":["Philosopher\u0027s Stone","Runic Pyramid"],"picked":"Slimebound:AbsorbEndCombatUpgraded"},{"not_picked":["bronze:MakeshiftBattery","Runic Dome"],"picked":"Coffee Dripper"}],"items_purged_floors":[43,53],"is_endless":false,"potions_floor_spawned":[5,10,16,19,22,23,25,26,27,28,29,31,32,33,36,37,38,39,40,42,43,44,46,47,48,49,52],"killed_by":"downfall:NeowBossFinal","ascension_level":2}}