{"host":"l4p18zw33fr8bdc3","time":1612671502,"event":{"mods":["AchievementEnabler","BaseMod","Bestiary","Block Reminder","Colored Map","Colored Powertips","Curses Come First","Minty Spire (QoL Compilation)","Quick Restart","Rare Cards Sparkle","StSLib"],"gold_per_floor":[111,122,137,137,148,148,175,175,246,246,258,291,35,54,54,159,159,171,216,235,38,38,38,74,74,74],"floor_reached":25,"language":"ENG","playtime":2374,"items_purged":["Strike_P","Strike_P"],"score":247,"play_id":"92e5416a-b38e-4f88-9403-a3029ef43423","local_time":"20210206231822","is_ascension_mode":true,"campfire_choices":[{"data":"TalkToTheHand","floor":6,"key":"SMITH"},{"data":"Eruption","floor":8,"key":"SMITH"},{"floor":15,"key":"REST"},{"floor":23,"key":"REST"}],"circlet_count":0,"master_deck":["Strike_P","Defend_P","Defend_P","Defend_P","Defend_P","Eruption+1","Vigilance","InnerPeace","TalkToTheHand+1","FearNoEvil","EmptyFist","SashWhip","FollowUp","Adaptation","Consecrate","Evaluate","Wish","Consecrate","BowlingBash","SandsOfTime","FollowUp","CutThroughFate","ReachHeaven+1"],"relics":["PureWater","NeowsBlessing","Du-Vu Doll","Ornamental Fan","Vajra","Bottled Flame","Orichalcum","SlaversCollar"],"acts_visited":["Exordium","TheCity"],"potions_floor_usage":[12,16,18],"damage_taken":[{"damage":0,"enemies":"Small Slimes","floor":1,"turns":1},{"damage":0,"enemies":"2 Louse","floor":2,"turns":2},{"damage":0,"enemies":"Cultist","floor":3,"turns":1},{"damage":2,"enemies":"Exordium Wildlife","floor":5,"turns":4},{"damage":7,"enemies":"Lagavulin","floor":7,"turns":7},{"damage":9,"enemies":"3 Louse","floor":11,"turns":3},{"damage":13,"enemies":"3 Sentries","floor":12,"turns":8},{"damage":0,"enemies":"Exordium Thugs","floor":14,"turns":3},{"damage":4,"enemies":"The Guardian","floor":16,"turns":8},{"damage":11,"enemies":"Spheric Guardian","floor":18,"turns":4},{"damage":8,"enemies":"Shell Parasite","floor":19,"turns":7},{"damage":17,"enemies":"Snake Plant","floor":20,"turns":5},{"damage":8,"enemies":"Centurion and Healer","floor":24,"turns":10},{"damage":67,"enemies":"Slavers","floor":25,"turns":4}],"seed_played":"-6248178541332063305","potions_obtained":[{"floor":1,"key":"SkillPotion"},{"floor":2,"key":"Strength Potion"},{"floor":3,"key":"Block Potion"},{"floor":12,"key":"Strength Potion"},{"floor":19,"key":"Strength Potion"},{"floor":24,"key":"Dexterity Potion"}],"is_trial":false,"path_per_floor":["M","M","M","?","M","R","E","R","T","?","M","E","$","M","R","B",null,"M","M","M","$","?","R","M","E"],"character_chosen":"WATCHER","items_purchased":["Consecrate","Orichalcum","FollowUp","CutThroughFate"],"campfire_rested":2,"item_purchase_floors":[13,13,21,21],"current_hp_per_floor":[72,72,72,77,75,75,68,68,68,61,52,39,39,39,62,58,77,66,58,41,41,41,64,56,0,0],"gold":74,"neow_bonus":"THREE_ENEMY_KILL","is_daily":false,"chose_seed":false,"campfire_upgraded":2,"win_rate":0.0,"timestamp":1612671502,"path_taken":["M","M","M","?","M","R","E","R","T","?","M","E","$","M","R","BOSS","M","M","M","$","?","R","M","E"],"items_purchased_type":["Card","Relic","Card","Card"],"build_version":"2020-12-22","purchased_purges":2,"victory":false,"max_hp_per_floor":[72,72,72,77,77,77,77,77,77,77,77,77,77,77,77,77,77,77,77,77,77,77,77,77,77,77],"card_choices":[{"not_picked":["Protect","Weave"],"picked":"InnerPeace","floor":1},{"not_picked":["WreathOfFlame","Wallop"],"picked":"TalkToTheHand","floor":2},{"not_picked":["EmptyBody","SignatureMove"],"picked":"FearNoEvil","floor":3},{"not_picked":["FlyingSleeves","CutThroughFate"],"picked":"EmptyFist","floor":5},{"not_picked":["Crescendo","EmptyFist"],"picked":"SashWhip","floor":7},{"not_picked":["WindmillStrike","Consecrate"],"picked":"FollowUp","floor":11},{"not_picked":["Alpha","FlurryOfBlows"],"picked":"Adaptation","floor":12},{"not_picked":["ClearTheMind","InnerPeace"],"picked":"Evaluate","floor":14},{"not_picked":["DeusExMachina","Establishment"],"picked":"Wish","floor":16},{"not_picked":["EmptyFist","Prostrate"],"picked":"Consecrate","floor":18},{"not_picked":["Conclude","CarveReality"],"picked":"BowlingBash","floor":19},{"not_picked":["EmptyFist","LikeWater+1"],"picked":"SandsOfTime","floor":20},{"not_picked":["BowlingBash+1","Meditate"],"picked":"ReachHeaven+1","floor":24}],"player_experience":253984,"relics_obtained":[{"floor":7,"key":"Du-Vu Doll"},{"floor":9,"key":"Ornamental Fan"},{"floor":12,"key":"Bottled Flame"}],"event_choices":[{"damage_healed":0,"gold_gain":0,"player_choice":"Donut","damage_taken":0,"max_hp_gain":5,"max_hp_loss":0,"event_name":"Big Fish","floor":4,"gold_loss":0},{"damage_healed":0,"gold_gain":0,"player_choice":"Success","damage_taken":7,"relics_obtained":["Vajra"],"max_hp_gain":0,"max_hp_loss":0,"event_name":"Scrap Ooze","floor":10,"gold_loss":0},{"cards_removed":["Strike_P"],"damage_healed":0,"gold_gain":0,"player_choice":"Offered Basic","damage_taken":0,"max_hp_gain":0,"max_hp_loss":0,"event_name":"Bonfire Elementals","floor":22,"gold_loss":0}],"is_beta":false,"boss_relics":[{"not_picked":["SacredBark","Sozu"],"picked":"SlaversCollar"}],"items_purged_floors":[13,21],"is_endless":false,"potions_floor_spawned":[1,2,3,12,14,19,24],"killed_by":"Slavers","ascension_level":3}}