{"host":"xp27heuvanyklt0b","time":1612699495,"event":{"mods":["BaseMod","Koishi","Minty Spire (QoL Compilation)","Prisma Mod","StSLib"],"gold_per_floor":[109,39,39,39,59,6,41,73,111,139,176,217,229,241,253,265,265],"floor_reached":16,"language":"KOR","playtime":994,"items_purged":[],"score":133,"play_id":"37d9b3a5-4e16-4f09-b6bd-f26e407c16f5","local_time":"20210207210455","is_ascension_mode":false,"campfire_choices":[{"floor":13,"key":"REST"},{"floor":15,"key":"REST"}],"circlet_count":0,"master_deck":["Koishi:BasicStrike","Koishi:BasicStrike+1","Koishi:BasicStrike","Koishi:BasicStrike","Koishi:BasicDefend","Koishi:BasicDefend","Koishi:BasicDefend+1","Koishi:BasicDefend","Koishi:Provoke","Koishi:HauntingSlash","Koishi:DreadfulBlow+1","Koishi:ParalyzingFear","Koishi:BloodcurdlingScream","Koishi:FourthEye","Koishi:SubterraneanRose","Koishi:JumpScare","Koishi:UnconsciousUrges","Koishi:SubconsciousSweep","Koishi:StingingMind","Koishi:TraumaticStroke","Koishi:MassHysteria","Koishi:ParalyzingFear"],"relics":["Koishi:ImaginaryFriend","NeowsBlessing","MawBank","Tiny Chest","Dream Catcher","Odd Mushroom","Frozen Eye"],"acts_visited":["Exordium"],"potions_floor_usage":[11,12],"damage_taken":[{"damage":0,"enemies":"Cultist","floor":1,"turns":1},{"damage":0,"enemies":"Small Slimes","floor":5,"turns":1},{"damage":0,"enemies":"Gremlin Nob","floor":7,"turns":1},{"damage":1,"enemies":"2 Louse","floor":8,"turns":2},{"damage":8,"enemies":"2 Fungi Beasts","floor":10,"turns":4},{"damage":26,"enemies":"3 Sentries","floor":11,"turns":8},{"damage":30,"enemies":"The Mushroom Lair","floor":12,"turns":4},{"damage":41,"enemies":"Hexaghost","floor":16,"turns":9}],"seed_played":"1682253272886408279","potions_obtained":[{"floor":5,"key":"Regen Potion"},{"floor":7,"key":"SteroidPotion"},{"floor":8,"key":"Energy Potion"}],"is_trial":false,"path_per_floor":["M","$","?","$","M","$","E","M","T","M","E","?","R","?","R","B"],"character_chosen":"KOISHI","items_purchased":["Koishi:ParalyzingFear","Koishi:BloodcurdlingScream","Koishi:SubterraneanRose"],"campfire_rested":2,"item_purchase_floors":[2,2,6],"current_hp_per_floor":[60,60,60,60,60,60,60,60,60,54,30,15,33,21,39,0,0],"gold":265,"neow_bonus":"THREE_ENEMY_KILL","is_daily":false,"chose_seed":false,"campfire_upgraded":0,"win_rate":0.0,"timestamp":1612699495,"path_taken":["M","$","?","?","M","$","E","M","T","?","E","?","R","?","R","BOSS"],"items_purchased_type":["Card","Card","Card"],"build_version":"2020-12-22","purchased_purges":0,"victory":false,"max_hp_per_floor":[60,60,60,60,60,60,60,60,60,60,60,60,60,60,60,60,60],"card_choices":[{"not_picked":["Koishi:RacingHeart","Koishi:MindNumbingTerror"],"picked":"Koishi:DreadfulBlow","floor":1},{"not_picked":["Koishi:FleetingPhantom","Koishi:SpiritedAway"],"picked":"Koishi:FourthEye","floor":5},{"not_picked":["Koishi:PhantomStrike","Koishi:CatchAndRose"],"picked":"Koishi:JumpScare","floor":7},{"not_picked":["Koishi:ParalyzingFear","Koishi:DreadfulBlow"],"picked":"Koishi:UnconsciousUrges","floor":8},{"not_picked":["Koishi:UnconsciousUprising","Koishi:HeartfeltFancy"],"picked":"Koishi:SubconsciousSweep","floor":10},{"not_picked":["Koishi:CatchAndRose","Koishi:LastRemote"],"picked":"Koishi:StingingMind","floor":11},{"not_picked":["Koishi:RoseHell","Koishi:LastRemote"],"picked":"Koishi:TraumaticStroke","floor":12},{"not_picked":["Koishi:JumpScare","Koishi:PhantomStrike"],"picked":"Koishi:MassHysteria","floor":13},{"not_picked":["Koishi:Vanish","Koishi:FleetingPhantom"],"picked":"Koishi:ParalyzingFear","floor":15}],"player_experience":155428,"relics_obtained":[{"floor":7,"key":"MawBank"},{"floor":9,"key":"Tiny Chest"},{"floor":11,"key":"Dream Catcher"},{"floor":12,"key":"Odd Mushroom"}],"event_choices":[{"damage_healed":0,"gold_gain":0,"player_choice":"Forge","damage_taken":0,"max_hp_gain":0,"max_hp_loss":0,"event_name":"Accursed Blacksmith","floor":3,"gold_loss":0,"cards_upgraded":["Koishi:DreadfulBlow"]},{"damage_healed":0,"gold_gain":0,"player_choice":"Fought Mushrooms","damage_taken":0,"max_hp_gain":0,"max_hp_loss":0,"event_name":"Mushrooms","floor":12,"gold_loss":0},{"damage_healed":0,"gold_gain":0,"player_choice":"Entered Light","damage_taken":12,"max_hp_gain":0,"max_hp_loss":0,"event_name":"Shining Light","floor":14,"gold_loss":0,"cards_upgraded":["Koishi:BasicDefend","Koishi:BasicStrike"]}],"is_beta":false,"boss_relics":[],"items_purged_floors":[],"is_endless":false,"potions_floor_spawned":[5,7,8],"killed_by":"Hexaghost","ascension_level":0}}