{"host":"opus3dkaz4ne9rk4","time":1612726018,"event":{"mods":["BaseMod","Downfall","Minty Spire (QoL Compilation)","Replay The Spire","StSLib"],"gold_per_floor":[109,109,184,205,226,226,226,240,540,564,564,564,578,597,597,721,721,736,696,714,36,36,36],"floor_reached":22,"language":"ENG","playtime":2459,"items_purged":["Injury"],"score":178,"play_id":"2e200aa6-29f7-4443-a5c6-af2025555a3d","local_time":"20210207132658","is_ascension_mode":false,"campfire_choices":[{"data":"Perfected Strike","floor":6.0,"key":"SMITH"},{"data":"Bash","floor":12.0,"key":"SMITH"},{"floor":15.0,"key":"REST"}],"circlet_count":0,"master_deck":["Strike_R","Strike_R","Strike_R","Strike_R","Strike_R","Defend_R","Defend_R","Defend_R","Defend_R","Bash+1","Pommel Strike","Perfected Strike+1","Inflame","Thunderclap","Rage","Flame Barrier","Impervious","Reaper","Pummel","Pummel+1","Sadistic Nature+1"],"relics":["Burning Blood","Golden Idol","Old Coin","Runic Pyramid","Frozen Egg 2","Toolbox"],"acts_visited":[],"potions_floor_usage":[],"damage_taken":[{"damage":6.0,"enemies":"Cultist","floor":1.0,"turns":3.0},{"damage":0.0,"enemies":"2 Louse","floor":4.0,"turns":2.0},{"damage":5.0,"enemies":"Small Slimes","floor":5.0,"turns":3.0},{"damage":11.0,"enemies":"Exordium Wildlife","floor":8.0,"turns":4.0},{"damage":0.0,"enemies":"3 Louse","floor":10.0,"turns":3.0},{"damage":20.0,"enemies":"Lots of Slimes","floor":13.0,"turns":3.0},{"damage":20.0,"enemies":"Large Slime","floor":14.0,"turns":7.0},{"damage":50.0,"enemies":"The Guardian","floor":16.0,"turns":11.0},{"damage":28.0,"enemies":"Shell Parasite","floor":18.0,"turns":7.0},{"damage":0.0,"enemies":"Chosen","floor":20.0,"turns":6.0},{"damage":0,"enemies":"Snake Plant","floor":22,"turns":1}],"seed_played":"-8457813500288046417","potions_obtained":[{"floor":1.0,"key":"ElixirPotion"},{"floor":10.0,"key":"LiquidBronze"},{"floor":14.0,"key":"Fire Potion"},{"floor":16.0,"key":"ColorlessPotion"},{"floor":19.0,"key":"HeartOfIron"},{"floor":19.0,"key":"AttackPotion"},{"floor":19.0,"key":"SmokeBomb"},{"floor":20.0,"key":"Fruit Juice"}],"is_trial":false,"path_per_floor":["M","?","?","M","M","R","?","M","T","M","?","R","M","M","R","B",null,"M","?","M","$","M"],"character_chosen":"IRONCLAD","items_purchased":["Frozen Egg 2","Sadistic Nature+1","Swift Potion","Toolbox"],"campfire_rested":1,"item_purchase_floors":[21,21,21,21],"current_hp_per_floor":[80,80,69,75,76,76,76,71,71,77,77,77,63,49,73,29,80,58,58,70,70,70,70],"gold":36,"neow_bonus":"","is_daily":false,"chose_seed":false,"campfire_upgraded":2,"win_rate":0.0,"timestamp":1612726018,"path_taken":["M","?","?","M","M","R","?","M","T","M","?","R","M","?","R","BOSS","M","?","M","$","M"],"items_purchased_type":["Relic","Card","Potion","Relic"],"build_version":"2020-12-22","purchased_purges":1,"victory":false,"max_hp_per_floor":[80,80,80,80,80,80,80,80,80,80,80,80,80,80,80,80,80,80,80,85,85,85,85],"card_choices":[{"not_picked":["Warcry","Clash"],"picked":"Pommel Strike","floor":1.0},{"not_picked":["Whirlwind","Clash"],"picked":"Perfected Strike","floor":4.0},{"not_picked":["Headbutt","Dropkick"],"picked":"Inflame","floor":5.0},{"not_picked":["Second Wind","Headbutt"],"picked":"Thunderclap","floor":8.0},{"not_picked":["Dropkick","Sword Boomerang"],"picked":"Rage","floor":10.0},{"not_picked":["Cleave","Metallicize"],"picked":"Flame Barrier","floor":13.0},{"not_picked":["Shrug It Off","Cleave"],"picked":"Impervious","floor":14.0},{"not_picked":["Berserk","Double Tap"],"picked":"Reaper","floor":16.0},{"not_picked":["Hemokinesis","Flex"],"picked":"Pummel","floor":18.0},{"not_picked":["Sever Soul","Anger"],"picked":"Pummel+1","floor":20.0}],"player_experience":158138,"relics_obtained":[{"floor":9.0,"key":"Old Coin"}],"event_choices":[{"damage_healed":0.0,"max_hp_gain":0.0,"max_hp_loss":0.0,"gold_gain":0.0,"event_name":"Golden Idol","player_choice":"Take Wound","floor":2.0,"gold_loss":0.0,"damage_taken":0.0,"relics_obtained":["Golden Idol"],"cards_obtained":["Injury"]},{"damage_healed":0.0,"max_hp_gain":0.0,"max_hp_loss":0.0,"gold_gain":75.0,"event_name":"World of Goop","player_choice":"Gather Gold","floor":3.0,"gold_loss":0.0,"damage_taken":11.0},{"damage_healed":0.0,"max_hp_gain":0.0,"max_hp_loss":0.0,"gold_gain":0.0,"event_name":"Shining Light","player_choice":"Ignored","floor":7.0,"gold_loss":0.0,"damage_taken":0.0},{"damage_healed":0.0,"max_hp_gain":0.0,"max_hp_loss":0.0,"gold_gain":0.0,"event_name":"Golden Wing","player_choice":"Ignored","floor":11.0,"gold_loss":0.0,"damage_taken":0.0},{"damage_healed":0.0,"max_hp_gain":0.0,"max_hp_loss":0.0,"gold_gain":0.0,"event_name":"The Woman in Blue","player_choice":"Bought 3 Potions","floor":19.0,"gold_loss":0.0,"damage_taken":0.0}],"is_beta":false,"boss_relics":[{"not_picked":["Coffee Dripper","Sozu"],"picked":"Runic Pyramid"}],"items_purged_floors":[21],"is_endless":false,"potions_floor_spawned":[1,10,14,16,20],"killed_by":"Snake Plant","ascension_level":0}}