{"host":"4rvakrj1idbgia3f","time":1612687512,"event":{"mods":["BaseMod","Colored Map","Colored Powertips","DeckTracker","Highlight Path","Minty Spire (QoL Compilation)","Random Character Button","StSLib"],"gold_per_floor":[109,120,136,136,154,154,188,188,188,208,221,254,254,271,271,348,348,364,25,25,25,25,25],"floor_reached":22,"language":"JPN","playtime":868,"items_purged":["Strike_B"],"score":392,"play_id":"89328bbc-738b-4576-8ac6-58ec19e394e1","local_time":"20210207174512","is_ascension_mode":true,"campfire_choices":[{"data":"Streamline","floor":6.0,"key":"SMITH"},{"data":"Secret Technique","floor":13,"key":"SMITH"},{"data":"Zap","floor":15,"key":"SMITH"}],"circlet_count":0,"master_deck":["AscendersBane","Strike_B","Strike_B","Defend_B","Defend_B","Defend_B","Defend_B","Zap+1","Dualcast","Secret Technique+1","Conserve Battery","Cold Snap","Streamline+1","Auto Shields","White Noise","Ball Lightning","White Noise","Fission","Conserve Battery+1"],"relics":["Cracked Core","Pen Nib","Sundial","CaptainsWheel","Coffee Dripper","Membership Card","Cables"],"acts_visited":["Exordium","TheCity"],"potions_floor_usage":[7,12,12],"damage_taken":[{"damage":1.0,"enemies":"Cultist","floor":1.0,"turns":3.0},{"damage":0.0,"enemies":"Jaw Worm","floor":2.0,"turns":3.0},{"damage":0.0,"enemies":"2 Louse","floor":3.0,"turns":2.0},{"damage":7.0,"enemies":"2 Fungi Beasts","floor":5.0,"turns":3.0},{"damage":9,"enemies":"Gremlin Nob","floor":7,"turns":3},{"damage":4,"enemies":"Blue Slaver","floor":10,"turns":4},{"damage":9,"enemies":"Red Slaver","floor":11,"turns":2},{"damage":4,"enemies":"Lagavulin","floor":12,"turns":7},{"damage":0,"enemies":"Looter","floor":14,"turns":3},{"damage":10,"enemies":"The Guardian","floor":16,"turns":10},{"damage":34,"enemies":"3 Byrds","floor":18,"turns":6},{"damage":23,"enemies":"Masked Bandits","floor":22,"turns":2}],"seed_played":"3381057762832622682","potions_obtained":[{"floor":2.0,"key":"ColorlessPotion"},{"floor":7,"key":"PotionOfCapacity"},{"floor":10,"key":"ColorlessPotion"},{"floor":11,"key":"ColorlessPotion"},{"floor":16,"key":"EssenceOfSteel"},{"floor":18,"key":"Block Potion"}],"is_trial":false,"path_per_floor":["M","M","M","?","M","R","E","?","T","M","M","E","R","M","R","B",null,"M","$","?","?","?"],"character_chosen":"DEFECT","items_purchased":["Membership Card","Cables"],"campfire_rested":0,"item_purchase_floors":[19,19],"current_hp_per_floor":[63,63,63,63,56,56,47,47,47,43,34,30,30,30,30,20,53,19,19,19,19,0,0],"gold":25,"neow_bonus":"RANDOM_COLORLESS_2","is_daily":false,"chose_seed":false,"campfire_upgraded":3,"win_rate":0.0,"timestamp":1612687512,"path_taken":["M","M","?","?","?","R","E","?","T","M","?","E","R","M","R","BOSS","M","$","?","?","?"],"items_purchased_type":["Relic","Relic"],"build_version":"2020-12-22","purchased_purges":1,"victory":false,"max_hp_per_floor":[64,64,64,64,64,64,64,64,64,64,64,64,64,64,64,64,64,64,64,64,64,64,64],"card_choices":[{"not_picked":["Magnetism","Metamorphosis"],"picked":"Secret Technique","floor":0.0},{"not_picked":["Barrage","Undo"],"picked":"Conserve Battery","floor":1.0},{"not_picked":["Lockon","Chaos"],"picked":"Cold Snap","floor":2.0},{"not_picked":["Scrape","Compile Driver"],"picked":"Streamline","floor":3.0},{"not_picked":["Recycle","Compile Driver","Rip and Tear"],"picked":"SKIP","floor":5.0},{"not_picked":["Consume","Darkness"],"picked":"White Noise","floor":7},{"not_picked":["Stack","Gash"],"picked":"Ball Lightning","floor":10},{"not_picked":["Doom and Gloom","Consume"],"picked":"White Noise","floor":11},{"not_picked":["Steam","Chaos","Redo"],"picked":"SKIP","floor":12},{"not_picked":["Go for the Eyes","Rip and Tear","Turbo"],"picked":"SKIP","floor":14},{"not_picked":["Buffer","Amplify"],"picked":"Fission","floor":16},{"not_picked":["Genetic Algorithm","Chaos"],"picked":"Conserve Battery+1","floor":18}],"player_experience":2226722,"relics_obtained":[{"floor":7,"key":"Pen Nib"},{"floor":9,"key":"Sundial"},{"floor":12,"key":"CaptainsWheel"}],"event_choices":[{"damage_healed":0.0,"max_hp_gain":0.0,"max_hp_loss":0.0,"gold_gain":0.0,"event_name":"Match and Keep!","player_choice":"1 cards matched","floor":4.0,"gold_loss":0.0,"damage_taken":0.0,"cards_obtained":["Auto Shields"]},{"cards_removed":["Strike_B"],"damage_healed":0,"gold_gain":0,"player_choice":"Purged","damage_taken":0,"max_hp_gain":0,"max_hp_loss":0,"event_name":"Purifier","floor":8,"gold_loss":0},{"damage_healed":0,"gold_gain":0,"player_choice":"Ignored","damage_taken":0,"max_hp_gain":0,"max_hp_loss":0,"event_name":"Vampires","floor":20,"gold_loss":0},{"damage_healed":0,"gold_gain":0,"player_choice":"Ignored","damage_taken":0,"max_hp_gain":0,"max_hp_loss":0,"event_name":"Cursed Tome","floor":21,"gold_loss":0},{"damage_healed":0,"gold_gain":0,"player_choice":"Fought Bandits","damage_taken":0,"max_hp_gain":0,"max_hp_loss":0,"event_name":"Masked Bandits","floor":22,"gold_loss":0}],"is_beta":false,"boss_relics":[{"not_picked":["Philosopher\u0027s Stone","Runic Dome"],"picked":"Coffee Dripper"}],"items_purged_floors":[19],"is_endless":false,"potions_floor_spawned":[2,7,10,11,16,18],"killed_by":"Masked Bandits","ascension_level":20}}