{"host":"6xsbn6ynqlzwllfm","time":1612727368,"event":{"mods":["2.2 Compatiblity","BaseMod","Bestiary","Colored Map","Colored Powertips","Curses Come First","Highlight Path","Keyboard Shortcuts","Minty Spire (QoL Compilation)","Relic Stats","Slay the Relics Exporter","StSLib","SuperFastMode"],"gold_per_floor":[111,36,36,54,70,101,101,126,176,192,20,54,66,66,66,141,141,157,157,157,173,192,192,211,244,270,128,140,140,170,190,190,190,190],"floor_reached":33,"language":"ENG","playtime":2257,"items_purged":["Pain","Writhe"],"score":614,"play_id":"ee33874c-e81f-43ec-ad26-99a9768389a1","local_time":"20210207144928","is_ascension_mode":true,"campfire_choices":[{"floor":7,"key":"REST"},{"floor":15,"key":"REST"},{"data":"Static Discharge","floor":23,"key":"SMITH"},{"data":"Defragment","floor":29,"key":"SMITH"},{"floor":32,"key":"REST"}],"circlet_count":0,"master_deck":["AscendersBane","Strike_B+1","Strike_B","Strike_B","Strike_B","Defend_B","Defend_B","Defend_B","Zap","Dualcast","Static Discharge+1","Sweeping Beam","Streamline+1","Cold Snap","Conserve Battery","Defragment+1","Coolheaded","Electrodynamics","Self Repair+1","Coolheaded","Hologram+1","Machine Learning","Force Field+1","Capacitor","Fusion"],"relics":["Cracked Core","Orichalcum","WarpedTongs","Bottled Tornado","Art of War","Bag of Preparation","Boot","Snecko Eye","Akabeko","Eternal Feather","MealTicket","Whetstone"],"acts_visited":["Exordium","TheCity"],"potions_floor_usage":[6,12,18,22,25,30,30],"damage_taken":[{"damage":6,"enemies":"Jaw Worm","floor":1,"turns":2},{"damage":4,"enemies":"Small Slimes","floor":4,"turns":5},{"damage":2,"enemies":"Cultist","floor":5,"turns":3},{"damage":24,"enemies":"3 Sentries","floor":6,"turns":5},{"damage":31,"enemies":"Lagavulin","floor":8,"turns":6},{"damage":2,"enemies":"3 Louse","floor":10,"turns":3},{"damage":10,"enemies":"3 Sentries","floor":12,"turns":5},{"damage":1,"enemies":"2 Fungi Beasts","floor":13,"turns":3},{"damage":8,"enemies":"Hexaghost","floor":16,"turns":9},{"damage":2,"enemies":"Spheric Guardian","floor":18,"turns":3},{"damage":17,"enemies":"2 Thieves","floor":21,"turns":3},{"damage":3,"enemies":"3 Cultists","floor":22,"turns":3},{"damage":8,"enemies":"Chosen and Byrds","floor":24,"turns":4},{"damage":33,"enemies":"Gremlin Leader","floor":25,"turns":6},{"damage":26,"enemies":"Snake Plant","floor":28,"turns":2},{"damage":32,"enemies":"Book of Stabbing","floor":30,"turns":5},{"damage":8,"enemies":"Centurion and Healer","floor":31,"turns":5},{"damage":58,"enemies":"Automaton","floor":33,"turns":6}],"seed_played":"3644335788035404458","potions_obtained":[{"floor":1,"key":"SpeedPotion"},{"floor":4,"key":"PotionOfCapacity"},{"floor":5,"key":"Swift Potion"},{"floor":6,"key":"SpeedPotion"},{"floor":16,"key":"Energy Potion"},{"floor":21,"key":"DistilledChaos"},{"floor":22,"key":"Block Potion"},{"floor":28,"key":"SpeedPotion"}],"is_trial":false,"path_per_floor":["M","?","?","M","M","E","R","E","T","M","$","E","M","?","R","B",null,"M","?","?","M","M","R","M","E","T","$","M","R","E","M","R","B"],"character_chosen":"DEFECT","items_purchased":["Defragment","AttackPotion","Capacitor"],"campfire_rested":3,"item_purchase_floors":[11,11,27],"current_hp_per_floor":[58,58,58,54,52,28,49,18,18,16,16,6,5,5,26,18,58,56,56,56,39,46,46,48,25,25,40,24,36,14,16,52,0,0],"gold":190,"neow_bonus":"RANDOM_COMMON_RELIC","is_daily":false,"chose_seed":false,"campfire_upgraded":2,"win_rate":0.0,"timestamp":1612727368,"path_taken":["M","?","?","M","M","E","R","E","T","?","$","E","M","?","R","BOSS","M","?","?","M","M","R","M","E","T","$","M","R","E","M","R","BOSS"],"items_purchased_type":["Card","Potion","Card"],"build_version":"2020-12-22","purchased_purges":2,"victory":false,"max_hp_per_floor":[71,71,71,71,71,71,71,71,71,71,71,71,71,71,71,71,71,71,71,71,71,71,71,71,71,71,71,71,71,71,71,71,71,71],"relic_stats":{"counters":[18,78],"Snecko Eye":[75,73,65,69],"Eternal Feather":27,"MealTicket":15,"Art of War":[16],"Bag of Preparation":[26],"Whetstone":["Streamline","Strike_B"],"Orichalcum":[204],"Boot":[8],"obtain_stats":[{"Snecko Eye":17,"Eternal Feather":25,"MealTicket":26,"Art of War":8,"Bag of Preparation":9,"Whetstone":30,"Orichalcum":0,"Bottled Tornado":6,"Cracked Core":0,"Boot":12,"Akabeko":19,"WarpedTongs":3},{"Snecko Eye":9,"Eternal Feather":14,"MealTicket":14,"Art of War":5,"Bag of Preparation":5,"Whetstone":16,"Orichalcum":0,"Bottled Tornado":4,"Cracked Core":0,"Boot":7,"Akabeko":10,"WarpedTongs":1},{"Snecko Eye":41,"Eternal Feather":60,"MealTicket":60,"Art of War":21,"Bag of Preparation":21,"Whetstone":67,"Orichalcum":0,"Bottled Tornado":15,"Cracked Core":0,"Boot":29,"Akabeko":44,"WarpedTongs":2}],"WarpedTongs":[75]},"card_choices":[{"not_picked":["Steam","Reprogram"],"picked":"Static Discharge","floor":1},{"not_picked":["Stack","Melter"],"picked":"Sweeping Beam","floor":4},{"not_picked":["Beam Cell","Gash"],"picked":"Streamline","floor":5},{"not_picked":["Stack","Steam Power","Beam Cell"],"picked":"SKIP","floor":6},{"not_picked":["FTL","Fission"],"picked":"Cold Snap","floor":8},{"not_picked":["Leap","FTL"],"picked":"Conserve Battery","floor":10},{"not_picked":["Turbo","Doom and Gloom","Rip and Tear"],"picked":"SKIP","floor":12},{"not_picked":["Go for the Eyes","Turbo"],"picked":"Coolheaded","floor":13},{"not_picked":["Machine Learning","Core Surge"],"picked":"Electrodynamics","floor":16},{"not_picked":["Gash","Conserve Battery"],"picked":"Self Repair+1","floor":18},{"not_picked":["Redo","Compile Driver"],"picked":"Coolheaded","floor":21},{"not_picked":["Aggregate","Cold Snap+1"],"picked":"Hologram+1","floor":22},{"not_picked":["Cold Snap","Leap"],"picked":"Machine Learning","floor":24},{"not_picked":["Storm","Chill"],"picked":"Force Field+1","floor":25},{"not_picked":["Reprogram+1","Stack","Cold Snap"],"picked":"SKIP","floor":30},{"not_picked":["Streamline","Redo"],"picked":"Fusion","floor":31}],"player_experience":1397460,"relics_obtained":[{"floor":6,"key":"Bottled Tornado"},{"floor":8,"key":"Art of War"},{"floor":9,"key":"Bag of Preparation"},{"floor":12,"key":"Boot"},{"floor":25,"key":"Eternal Feather"},{"floor":26,"key":"MealTicket"},{"floor":30,"key":"Whetstone"}],"event_choices":[{"cards_removed":["Defend_B"],"damage_healed":0,"gold_gain":0,"player_choice":"Card Removal","damage_taken":0,"max_hp_gain":0,"max_hp_loss":0,"event_name":"The Cleric","floor":2,"gold_loss":75},{"damage_healed":0,"gold_gain":0,"player_choice":"Rummage","damage_taken":0,"relics_obtained":["WarpedTongs"],"max_hp_gain":0,"max_hp_loss":0,"event_name":"Accursed Blacksmith","floor":3,"gold_loss":0,"cards_obtained":["Pain"]},{"damage_healed":0,"gold_gain":0,"player_choice":"Ignored","damage_taken":0,"max_hp_gain":0,"max_hp_loss":0,"event_name":"Liars Game","floor":14,"gold_loss":0},{"damage_healed":0,"gold_gain":0,"player_choice":"Opened","damage_taken":0,"relics_obtained":["Akabeko"],"max_hp_gain":0,"max_hp_loss":0,"event_name":"The Mausoleum","floor":19,"gold_loss":0,"cards_obtained":["Writhe"]},{"damage_healed":0,"gold_gain":0,"player_choice":"Ignored","damage_taken":0,"max_hp_gain":0,"max_hp_loss":0,"event_name":"N\u0027loth","floor":20,"gold_loss":0}],"is_beta":false,"boss_relics":[{"not_picked":["Runic Dome","Sozu"],"picked":"Snecko Eye"}],"items_purged_floors":[11,27],"is_endless":false,"potions_floor_spawned":[1,4,5,6,16,21,22,28],"killed_by":"Automaton","ascension_level":20}}