{"host":"x3688v8yj57o2b0e","time":1612677465,"event":{"mods":["BaseMod","Minty Spire (QoL Compilation)"],"gold_per_floor":[115,135,152,164,180,214,227,240,264,264,264,302,321,365,365,474,501,546,17,44,88,13,13,48,48,48,73,99,99,21,21,21],"floor_reached":31,"language":"ENG","playtime":2270,"items_purged":["Defend_P"],"score":366,"play_id":"b709ae55-8a75-4b10-a635-a01e9c31abbb","local_time":"20210207005745","is_ascension_mode":true,"campfire_choices":[{"floor":10,"key":"REST"},{"floor":15,"key":"REST"},{"data":"LikeWater","floor":23,"key":"SMITH"},{"floor":25,"key":"REST"}],"circlet_count":0,"master_deck":["Strike_P+1","Defend_P","Defend_P","Eruption","Vigilance+1","EmptyFist","SashWhip","Halt","TalkToTheHand+1","BowlingBash","FollowUp+1","EmptyFist","Vengeance+1","Halt","FlurryOfBlows","LikeWater+1","Wish","ForeignInfluence+1","Weave+1","DeceiveReality+1","FollowUp","FlurryOfBlows","LessonLearned+1","Jack Of All Trades","FlurryOfBlows+1","SashWhip","CutThroughFate","MentalFortress"],"relics":["SlaversCollar","TeardropLocket","CeramicFish","Art of War","PreservedInsect","Astrolabe","Whetstone","Potion Belt","Shuriken","Orichalcum"],"acts_visited":["Exordium","TheCity"],"potions_floor_usage":[7,14,16,16,18,27,28,29],"damage_taken":[{"damage":4,"enemies":"Jaw Worm","floor":1,"turns":4},{"damage":7,"enemies":"Cultist","floor":2,"turns":3},{"damage":0,"enemies":"Small Slimes","floor":3,"turns":2},{"damage":13,"enemies":"Looter","floor":4,"turns":3},{"damage":1,"enemies":"Exordium Wildlife","floor":5,"turns":4},{"damage":31,"enemies":"Gremlin Nob","floor":6,"turns":4},{"damage":0,"enemies":"Blue Slaver","floor":7,"turns":2},{"damage":0,"enemies":"Gremlin Gang","floor":8,"turns":3},{"damage":12,"enemies":"Lagavulin","floor":12,"turns":7},{"damage":2,"enemies":"Exordium Wildlife","floor":13,"turns":3},{"damage":4,"enemies":"3 Sentries","floor":14,"turns":4},{"damage":0,"enemies":"Slime Boss","floor":16,"turns":7},{"damage":0,"enemies":"3 Byrds","floor":18,"turns":5},{"damage":22,"enemies":"2 Thieves","floor":20,"turns":3},{"damage":16,"enemies":"Snecko","floor":21,"turns":7},{"damage":25,"enemies":"Gremlin Leader","floor":24,"turns":6},{"damage":3,"enemies":"Centurion and Healer","floor":27,"turns":4},{"damage":16,"enemies":"Slavers","floor":28,"turns":4},{"damage":10,"enemies":"Colosseum Slavers","floor":29,"turns":3},{"damage":3,"enemies":"Snake Plant","floor":31,"turns":3}],"seed_played":"3326630388666006216","potions_obtained":[{"floor":1,"key":"BlessingOfTheForge"},{"floor":5,"key":"Dexterity Potion"},{"floor":6,"key":"AttackPotion"},{"floor":13,"key":"EssenceOfSteel"},{"floor":16,"key":"Explosive Potion"},{"floor":20,"key":"Strength Potion"},{"floor":21,"key":"StancePotion"},{"floor":24,"key":"Block Potion"},{"floor":27,"key":"SpeedPotion"}],"is_trial":false,"path_per_floor":["M","M","M","M","M","E","M","M","T","R","?","E","M","E","R","B",null,"M","$","M","M","?","R","E","R","T","M","E","?","$","M"],"character_chosen":"WATCHER","items_purchased":["Whetstone","LiquidMemories","FlurryOfBlows","LessonLearned","Jack Of All Trades","MentalFortress","Strength Potion"],"campfire_rested":3,"item_purchase_floors":[19,19,19,19,19,30,30],"current_hp_per_floor":[68,61,61,48,47,16,16,16,16,37,37,25,23,19,40,40,72,72,72,50,34,34,34,9,30,30,27,11,1,1,0,0],"gold":21,"neow_bonus":"BOSS_RELIC","is_daily":false,"chose_seed":false,"campfire_upgraded":1,"win_rate":0.0,"timestamp":1612677465,"path_taken":["M","M","M","M","M","E","M","M","T","R","?","E","?","E","R","BOSS","M","$","M","M","?","R","E","R","T","M","E","?","?","M"],"items_purchased_type":["Relic","Potion","Card","Card","Card","Card","Potion"],"build_version":"2020-12-22","purchased_purges":1,"victory":false,"max_hp_per_floor":[72,72,72,72,72,72,72,72,72,72,72,72,72,72,72,72,72,72,72,72,72,72,72,72,72,72,72,72,72,72,72,72],"card_choices":[{"not_picked":["Nirvana","FollowUp"],"picked":"EmptyFist","floor":1},{"not_picked":["ClearTheMind","Halt"],"picked":"SashWhip","floor":2},{"not_picked":["FollowUp","PathToVictory"],"picked":"Halt","floor":3},{"not_picked":["JustLucky","DeceiveReality"],"picked":"TalkToTheHand","floor":4},{"not_picked":["SashWhip","EmptyBody"],"picked":"BowlingBash","floor":5},{"not_picked":["Weave","Worship"],"picked":"FollowUp","floor":6},{"not_picked":["Ragnarok","Wireheading"],"picked":"EmptyFist","floor":7},{"not_picked":["ForeignInfluence","EmptyFist"],"picked":"Vengeance","floor":8},{"not_picked":["Evaluate","Brilliance"],"picked":"Halt","floor":12},{"not_picked":["MentalFortress","Crescendo"],"picked":"FlurryOfBlows","floor":13},{"not_picked":["Adaptation","BowlingBash"],"picked":"LikeWater","floor":14},{"not_picked":["Alpha","Ragnarok"],"picked":"Wish","floor":16},{"not_picked":["ThirdEye","PathToVictory"],"picked":"FollowUp","floor":18},{"not_picked":["SashWhip+1","PathToVictory+1"],"picked":"FlurryOfBlows+1","floor":20},{"not_picked":["EmptyFist","BowlingBash"],"picked":"SashWhip","floor":21},{"not_picked":["PathToVictory","SandsOfTime","SashWhip"],"picked":"SKIP","floor":24},{"not_picked":["FlyingSleeves+1","BattleHymn"],"picked":"CutThroughFate","floor":27},{"not_picked":["ConjureBlade","Collect","PathToVictory+1"],"picked":"SKIP","floor":28}],"player_experience":205320,"relics_obtained":[{"floor":6,"key":"TeardropLocket"},{"floor":9,"key":"CeramicFish"},{"floor":12,"key":"Art of War"},{"floor":14,"key":"PreservedInsect"},{"floor":24,"key":"Potion Belt"},{"floor":26,"key":"Shuriken"},{"floor":28,"key":"Orichalcum"}],"event_choices":[{"damage_healed":0,"gold_gain":0,"player_choice":"Forge","damage_taken":0,"max_hp_gain":0,"max_hp_loss":0,"event_name":"Accursed Blacksmith","floor":11,"gold_loss":0,"cards_upgraded":["Vigilance"]},{"cards_removed":["Defend_P"],"damage_healed":0,"gold_gain":0,"player_choice":"Gave Gold","damage_taken":0,"max_hp_gain":0,"max_hp_loss":0,"event_name":"Beggar","floor":22,"gold_loss":75},{"damage_healed":0,"gold_gain":0,"player_choice":"Fight","damage_taken":0,"max_hp_gain":0,"max_hp_loss":0,"event_name":"Colosseum","floor":29,"gold_loss":0},{"damage_healed":0,"gold_gain":0,"player_choice":"Fled From Nobs","damage_taken":0,"max_hp_gain":0,"max_hp_loss":0,"event_name":"Colosseum","floor":29,"gold_loss":0}],"is_beta":false,"boss_relics":[{"not_picked":["Coffee Dripper","Calling Bell"],"picked":"Astrolabe"}],"items_purged_floors":[19],"is_endless":false,"potions_floor_spawned":[1,5,6,13,16,20,21,24,27],"killed_by":"Snake Plant","ascension_level":1}}