{"host":"oopoa2qluour3scl","time":1612680763,"event":{"mods":["2.2 Compatiblity","AchievementEnabler","AlwaysNeverKeys","BaseMod","Better Match","Better Note","Better Sensory Stone","Better Third Choice","Better Vampires","BetterRewards","Colored Powertips","Communication Mod","Minty Spire (QoL Compilation)","Practice Mode","Random Character Button","Relic Stats","StSLib","SuperFastMode","Swap Starting Deck Mod"],"gold_per_floor":[114,131,96,111,111,111,127,145,215,232,232,257,269,297,297,399,399,414,414,231,241,253,253,288,288,338,253,273,306,306,324,324,427,427,442,442,459,138,152,152,172,172,172,172,217,217,246,265,265,265,265,265,12,46,46,46],"floor_reached":55,"language":"ENG","playtime":2810,"items_purged":["Burn","Stack"],"score":849,"play_id":"b9855da9-89d4-4a92-9354-569bb0a741ad","local_time":"20210207075243","is_ascension_mode":false,"campfire_choices":[{"data":"Zap","floor":6,"key":"SMITH"},{"floor":15,"key":"REST"},{"floor":23,"key":"REST"},{"data":"Fission","floor":25,"key":"SMITH"},{"floor":32,"key":"REST"},{"data":"Hologram","floor":40,"key":"SMITH"},{"data":"Echo Form","floor":42,"key":"SMITH"},{"floor":46,"key":"REST"},{"data":"Steam Power","floor":49,"key":"SMITH"},{"data":"Static Discharge","floor":52,"key":"SMITH"}],"circlet_count":0,"master_deck":["Ball Lightning","Ball Lightning","Ball Lightning","Ball Lightning","Thunder Strike","Stack","Stack","Stack","Zap+1","Conserve Battery","Meteor Strike","Reinforced Body","Fission+1","Madness+1","Leap","Coolheaded+1","Storm","BootSequence","Capacitor","Double Energy+1","Electrodynamics","CurseOfTheBell","Redo+1","Capacitor+1","Self Repair+1","Static Discharge+1","Defragment","Thunder Strike+1","Hologram+1","Defragment","Echo Form+1","Capacitor","Lockon+1","Steam Power+1","Sunder+1","Hologram+1"],"relics":["Cracked Core","Symbiotic Virus","Peace Pipe","Potion Belt","Art of War","Sozu","Membership Card","PreservedInsect","Smiling Mask","Tiny Chest","Molten Egg 2","Calling Bell","MealTicket","Blue Candle","Prayer Wheel","Mummified Hand","HornCleat","DollysMirror","Sundial","Gremlin Horn","Thread and Needle","Oddly Smooth Stone","Letter Opener","Bottled Flame","Lantern"],"acts_visited":["Exordium","TheCity","TheBeyond","TheEnding"],"potions_floor_usage":[10,12,14,16,16,16,16,33,33],"damage_taken":[{"damage":0,"enemies":"Cultist","floor":1,"turns":2},{"damage":9,"enemies":"2 Louse","floor":2,"turns":2},{"damage":9,"enemies":"Jaw Worm","floor":4,"turns":2},{"damage":10,"enemies":"Looter","floor":7,"turns":2},{"damage":8,"enemies":"Exordium Thugs","floor":8,"turns":3},{"damage":2,"enemies":"Large Slime","floor":10,"turns":3},{"damage":0,"enemies":"Lagavulin","floor":12,"turns":3},{"damage":4,"enemies":"Red Slaver","floor":13,"turns":2},{"damage":0,"enemies":"Gremlin Nob","floor":14,"turns":2},{"damage":12,"enemies":"Hexaghost","floor":16,"turns":6},{"damage":2,"enemies":"Spheric Guardian","floor":18,"turns":2},{"damage":15,"enemies":"3 Byrds","floor":21,"turns":4},{"damage":27,"enemies":"Cultist and Chosen","floor":22,"turns":7},{"damage":18,"enemies":"Book of Stabbing","floor":24,"turns":4},{"damage":1,"enemies":"Snake Plant","floor":28,"turns":3},{"damage":24,"enemies":"Gremlin Leader","floor":29,"turns":4},{"damage":0,"enemies":"Snecko","floor":31,"turns":3},{"damage":47,"enemies":"Champ","floor":33,"turns":11},{"damage":0,"enemies":"Orb Walker","floor":35,"turns":3},{"damage":31,"enemies":"3 Darklings","floor":37,"turns":4},{"damage":0,"enemies":"Sphere and 2 Shapes","floor":39,"turns":3},{"damage":14,"enemies":"Maw","floor":41,"turns":6},{"damage":33,"enemies":"2 Orb Walkers","floor":45,"turns":4},{"damage":5,"enemies":"Giant Head","floor":47,"turns":5},{"damage":6,"enemies":"3 Darklings","floor":48,"turns":3},{"damage":23,"enemies":"Awakened One","floor":50,"turns":8},{"damage":62,"enemies":"Shield and Spear","floor":54,"turns":4},{"damage":35,"enemies":"The Heart","floor":55,"turns":2}],"seed_played":"-1360979169664981193","potions_obtained":[{"floor":2,"key":"Strength Potion"},{"floor":7,"key":"BlessingOfTheForge"},{"floor":8,"key":"PowerPotion"},{"floor":12,"key":"FocusPotion"},{"floor":13,"key":"EntropicBrew"}],"is_trial":false,"path_per_floor":["M","M","?","M","?","R","M","M","T","M","?","E","M","E","R","B",null,"M","?","$","M","M","R","E","R","T","?","M","E","?","M","R","B",null,"M","T","M","$","M","R","M","R","T","T","?","R","E","M","R","B",null,"R","$","E","B"],"character_chosen":"DEFECT","items_purchased":["Membership Card","HornCleat","Defragment","DollysMirror","Hologram","Letter Opener","Bottled Flame"],"campfire_rested":4,"item_purchase_floors":[20,38,38,38,38,53,53],"current_hp_per_floor":[38,29,47,38,38,38,28,20,20,18,18,18,14,14,36,24,75,73,73,73,58,31,53,35,35,35,35,34,10,10,10,32,22,75,75,75,44,59,59,59,55,55,55,55,22,44,49,53,53,40,75,75,75,23,0,0],"gold":46,"neow_bonus":"","is_daily":false,"chose_seed":false,"campfire_upgraded":6,"win_rate":0.0,"timestamp":1612680763,"path_taken":["M","?","?","M","?","R","?","M","T","M","?","E","?","E","R","BOSS","M","?","$","?","M","R","E","R","T","?","M","E","?","M","R","BOSS","M","?","M","$","?","R","M","R","T","?","?","R","E","M","R","BOSS","R","$","E","BOSS"],"items_purchased_type":["Relic","Relic","Card","Relic","Card","Relic","Relic"],"build_version":"2020-12-22","purchased_purges":2,"victory":false,"max_hp_per_floor":[75,75,75,75,75,75,75,75,75,75,75,75,75,75,75,75,75,75,75,75,75,75,75,75,75,75,75,75,75,75,75,75,75,75,75,75,75,75,75,75,75,75,75,75,75,75,75,75,75,75,75,75,75,75,75,75],"relic_stats":{"Gremlin Horn":[7,7],"counters":[123,477],"Blue Candle":[3],"PreservedInsect":239,"Letter Opener":[20],"Smiling Mask":0,"Peace Pipe":0,"Sozu":6,"Mummified Hand":[81],"Sundial":[0],"Tiny Chest":2,"MealTicket":37,"Prayer Wheel":5,"Art of War":[11],"obtain_stats":[{"Calipers":0,"Gremlin Horn":37,"CeramicFish":48,"Vajra":28,"Whetstone":26,"Ginger":54,"Bottled Tornado":43,"Boot":48,"Old Coin":37,"Sozu":0,"Blood Vial":24,"HornCleat":30,"DollysMirror":38,"Sundial":43,"Prayer Wheel":0,"MealTicket":10,"Philosopher\u0027s Stone":17,"Fusion Hammer":34,"Kunai":31,"Girya":37,"Happy Flower":8,"Blue Candle":23,"Oddly Smooth Stone":47,"Eternal Feather":38,"Pen Nib":42,"Letter Opener":53,"Question Card":38,"Akabeko":6,"Cables":0,"Du-Vu Doll":0,"OrangePellets":0,"Bottled Flame":53,"Shuriken":38,"Bronze Scales":0,"Bird Faced Urn":9,"Molten Egg 2":26,"Symbiotic Virus":9,"Pocketwatch":6,"Lantern":54,"Singing Bowl":25,"Juzu Bracelet":26,"Bag of Preparation":9,"Cursed Key":17,"Smiling Mask":26,"Nunchaku":53,"Mummified Hand":0,"Pantograph":0,"Tiny Chest":30,"WingedGreaves":27,"Cracked Core":0,"InkBottle":30,"Potion Belt":12,"Golden Idol":0,"Thread and Needle":45,"PreservedInsect":0,"Frozen Egg 2":23,"Orichalcum":12,"Nuclear Battery":34,"Peace Pipe":11,"Calling Bell":34,"DataDisk":40,"CaptainsWheel":46,"Anchor":9,"betterThird:SlimedRelic":2,"Orrery":31,"Ectoplasm":17,"Turnip":13,"Coffee Dripper":34,"Art of War":9,"Bottled Lightning":54,"Membership Card":38,"Toy Ornithopter":23,"TungstenRod":40},{"Calipers":60,"Gremlin Horn":51,"CeramicFish":30,"Vajra":20,"Whetstone":4,"Ginger":59,"Bottled Tornado":28,"Boot":57,"Old Coin":94,"Sozu":0,"Blood Vial":46,"HornCleat":21,"DollysMirror":115,"Sundial":117,"Prayer Wheel":60,"MealTicket":83,"Philosopher\u0027s Stone":85,"Fusion Hammer":50,"Kunai":75,"Girya":25,"Happy Flower":39,"Blue Candle":71,"Oddly Smooth Stone":119,"Eternal Feather":94,"Pen Nib":54,"Letter Opener":121,"Question Card":25,"Akabeko":63,"Cables":0,"Du-Vu Doll":33,"OrangePellets":60,"Bottled Flame":121,"Shuriken":25,"Bronze Scales":0,"Bird Faced Urn":9,"Molten Egg 2":19,"Symbiotic Virus":100,"Pocketwatch":9,"Lantern":122,"Singing Bowl":19,"Juzu Bracelet":46,"Bag of Preparation":82,"Cursed Key":68,"Smiling Mask":109,"Nunchaku":31,"Mummified Hand":0,"Pantograph":0,"Tiny Chest":91,"WingedGreaves":47,"Cracked Core":0,"InkBottle":75,"Potion Belt":102,"Golden Idol":0,"Thread and Needle":118,"PreservedInsect":60,"Frozen Egg 2":17,"Orichalcum":66,"Nuclear Battery":92,"Peace Pipe":101,"Calling Bell":113,"DataDisk":27,"CaptainsWheel":57,"Anchor":64,"betterThird:SlimedRelic":61,"Orrery":75,"Ectoplasm":42,"Turnip":66,"Coffee Dripper":23,"Art of War":39,"Bottled Lightning":32,"Membership Card":94,"Toy Ornithopter":3,"TungstenRod":53},{"Calipers":227,"Gremlin Horn":180,"CeramicFish":94,"Vajra":64,"Whetstone":18,"Ginger":219,"Bottled Tornado":90,"Boot":208,"Old Coin":364,"Sozu":0,"Blood Vial":156,"HornCleat":66,"DollysMirror":442,"Sundial":451,"Prayer Wheel":227,"MealTicket":320,"Philosopher\u0027s Stone":329,"Fusion Hammer":176,"Kunai":289,"Girya":81,"Happy Flower":127,"Blue Candle":273,"Oddly Smooth Stone":460,"Eternal Feather":364,"Pen Nib":195,"Letter Opener":471,"Question Card":81,"Akabeko":238,"Cables":0,"Du-Vu Doll":102,"OrangePellets":227,"Bottled Flame":471,"Shuriken":81,"Bronze Scales":0,"Bird Faced Urn":31,"Molten Egg 2":61,"Symbiotic Virus":381,"Pocketwatch":31,"Lantern":475,"Singing Bowl":61,"Juzu Bracelet":156,"Bag of Preparation":314,"Cursed Key":261,"Smiling Mask":414,"Nunchaku":96,"Mummified Hand":0,"Pantograph":0,"Tiny Chest":352,"WingedGreaves":158,"Cracked Core":0,"InkBottle":289,"Potion Belt":387,"Golden Idol":0,"Thread and Needle":455,"PreservedInsect":227,"Frozen Egg 2":54,"Orichalcum":249,"Nuclear Battery":357,"Peace Pipe":384,"Calling Bell":435,"DataDisk":86,"CaptainsWheel":208,"Anchor":240,"betterThird:SlimedRelic":230,"Orrery":289,"Ectoplasm":138,"Turnip":249,"Coffee Dripper":73,"Art of War":127,"Bottled Lightning":99,"Membership Card":364,"Toy Ornithopter":14,"TungstenRod":190}]},"card_choices":[{"not_picked":["Fusion","Cold Snap"],"picked":"Redo","floor":1},{"not_picked":["Auto Shields","Blizzard"],"picked":"Conserve Battery","floor":2},{"not_picked":["Barrage","Steam Power","Rebound"],"picked":"SKIP","floor":4},{"not_picked":["Turbo","Steam","Coolheaded"],"picked":"SKIP","floor":7},{"not_picked":["Barrage","Rebound","Conserve Battery"],"picked":"SKIP","floor":8},{"not_picked":["Skim","Undo","Conserve Battery"],"picked":"SKIP","floor":10},{"not_picked":["Consume","White Noise","Barrage"],"picked":"SKIP","floor":12},{"not_picked":["Turbo","Cold Snap"],"picked":"Meteor Strike","floor":13},{"not_picked":["Gash","Chill"],"picked":"Reinforced Body","floor":14},{"not_picked":["Multi-Cast","Reboot"],"picked":"Fission","floor":16},{"not_picked":["Ball Lightning","Turbo","Steam+1"],"picked":"SKIP","floor":18},{"not_picked":["Fusion","Sweeping Beam"],"picked":"Leap","floor":21},{"not_picked":["Cold Snap","Redo"],"picked":"Coolheaded+1","floor":22},{"not_picked":["Streamline","Sweeping Beam"],"picked":"Storm","floor":24},{"not_picked":["Ball Lightning","Turbo+1"],"picked":"BootSequence","floor":28},{"not_picked":["Go for the Eyes+1","Amplify"],"picked":"Capacitor","floor":29},{"not_picked":["Leap+1","Recycle"],"picked":"Double Energy+1","floor":31},{"not_picked":["Seek","Creative AI"],"picked":"Electrodynamics","floor":33},{"not_picked":["Loop+1","Melter+1"],"picked":"Redo+1","floor":35},{"not_picked":["Turbo","Gash+1"],"picked":"Capacitor+1","floor":35},{"not_picked":["Turbo+1","Chill+1"],"picked":"Self Repair+1","floor":37},{"not_picked":["Leap","Heatsinks"],"picked":"Static Discharge","floor":37},{"not_picked":["Force Field","Barrage+1"],"picked":"Defragment","floor":39},{"not_picked":["Loop","Streamline+1"],"picked":"Echo Form","floor":39},{"not_picked":["Chaos","Rebound+1"],"picked":"Capacitor","floor":41},{"not_picked":["Gash+1","Aggregate+1","Turbo+1"],"picked":"SKIP","floor":41},{"not_picked":["Aggregate+1","Genetic Algorithm+1"],"picked":"Lockon+1","floor":45},{"not_picked":["Undo","Coolheaded"],"picked":"Steam Power","floor":47},{"not_picked":["Undo+1","Go for the Eyes+1"],"picked":"Sunder+1","floor":48},{"not_picked":["Steam Power","Blizzard+1"],"picked":"Hologram+1","floor":48},{"not_picked":["Streamline+1","Rebound+1","Steam Power+1"],"picked":"SKIP","floor":54}],"player_experience":471028,"relics_obtained":[{"floor":9,"key":"Symbiotic Virus"},{"floor":12,"key":"Potion Belt"},{"floor":14,"key":"Art of War"},{"floor":24,"key":"PreservedInsect"},{"floor":26,"key":"Smiling Mask"},{"floor":29,"key":"Molten Egg 2"},{"floor":34,"key":"MealTicket"},{"floor":34,"key":"Blue Candle"},{"floor":34,"key":"Prayer Wheel"},{"floor":36,"key":"Mummified Hand"},{"floor":43,"key":"Sundial"},{"floor":44,"key":"Gremlin Horn"},{"floor":45,"key":"Thread and Needle"},{"floor":47,"key":"Oddly Smooth Stone"},{"floor":54,"key":"Lantern"}],"event_choices":[{"damage_healed":18,"gold_gain":0,"player_choice":"Healed","damage_taken":0,"max_hp_gain":0,"max_hp_loss":0,"event_name":"The Cleric","floor":3,"gold_loss":35},{"damage_healed":38,"gold_gain":0,"player_choice":"Embrace Burn","damage_taken":0,"max_hp_gain":0,"max_hp_loss":75,"event_name":"betterThird:BetterShining","floor":5,"gold_loss":0},{"cards_removed":["Redo"],"damage_healed":0,"gold_gain":0,"player_choice":"Gave Card","damage_taken":0,"relics_obtained":["Peace Pipe"],"max_hp_gain":0,"max_hp_loss":0,"event_name":"WeMeetAgain","floor":11,"gold_loss":0},{"cards_removed":["Reinforced Body"],"damage_healed":0,"gold_gain":0,"player_choice":"Take \u0026 Give","damage_taken":0,"max_hp_gain":0,"max_hp_loss":0,"event_name":"betterNote:BetterNote","floor":19,"gold_loss":0,"cards_obtained":["Madness"]},{"damage_healed":0,"gold_gain":0,"player_choice":"Obtained Relic","damage_taken":0,"relics_obtained":["Tiny Chest"],"max_hp_gain":0,"max_hp_loss":0,"event_name":"Addict","floor":27,"gold_loss":85},{"damage_healed":0,"gold_gain":0,"player_choice":"Bought 0 Potions","damage_taken":0,"max_hp_gain":0,"max_hp_loss":0,"event_name":"The Woman in Blue","floor":30,"gold_loss":0},{"damage_healed":0,"gold_gain":0,"player_choice":"Fight","damage_taken":0,"max_hp_gain":0,"max_hp_loss":0,"event_name":"Mysterious Sphere","floor":45,"gold_loss":0}],"is_beta":false,"boss_relics":[{"not_picked":["Cursed Key","Fusion Hammer"],"picked":"Sozu"},{"not_picked":["Empty Cage","Runic Dome"],"picked":"Calling Bell"}],"items_purged_floors":[20,38],"is_endless":false,"potions_floor_spawned":[2,7,8,12,13,21,29,31,33,41,47],"killed_by":"The Heart","ascension_level":0}}