{"host":"52m1o8iwwagurbjs","time":1612734138,"event":{"mods":["AchievementEnabler","BaseMod","Bestiary","Challenge The Spire","Colored Powertips","GifTheSpireLib","Minty Spire (QoL Compilation)","Quick Restart","Relic Stats","StSLib"],"gold_per_floor":[119,44,61,136,136,169,192,204,241,285,60,85,85,119,119,215,215,228,188,202,232,147,179,179,213,213,213,213,228,228,128,128,128,128],"floor_reached":33,"language":"ENG","playtime":1510,"items_purged":["Shame","Strike_G","Defend_G"],"score":375,"play_id":"65f6700b-d746-4b55-b0ad-1900db1518eb","local_time":"20210207164218","is_ascension_mode":true,"campfire_choices":[{"data":"Neutralize","floor":8,"key":"SMITH"},{"floor":13,"key":"REST"},{"floor":15,"key":"REST"},{"floor":24,"key":"REST"},{"floor":28,"key":"REST"},{"floor":30,"key":"REST"},{"data":"Crippling Poison","floor":32,"key":"SMITH"}],"circlet_count":0,"master_deck":["Strike_G+1","Defend_G","Defend_G+1","Defend_G","Survivor","Neutralize+1","Cloak And Dagger","Poisoned Stab","Dagger Throw","Deadly Poison","Footwork","Poisoned Stab","Crippling Poison","Malaise","Choke+1","Blade Dance+1","Flechettes+1","Deflect","Crippling Poison+1","Leg Sweep","Glass Knife"],"relics":["Ring of the Snake","StoneCalendar","MawBank","Oddly Smooth Stone","Blood Vial","Ice Cream","The Courier","Astrolabe","Red Mask","Lantern","Regal Pillow","Dream Catcher","Pear"],"acts_visited":["Exordium","TheCity"],"potions_floor_usage":[10,14,16,20,20,21,33,33],"damage_taken":[{"damage":1,"enemies":"2 Louse","floor":1,"turns":4},{"damage":3,"enemies":"Jaw Worm","floor":3,"turns":6},{"damage":9,"enemies":"3 Sentries","floor":6,"turns":7},{"damage":0,"enemies":"Cultist","floor":7,"turns":4},{"damage":11,"enemies":"Gremlin Nob","floor":10,"turns":4},{"damage":14,"enemies":"3 Sentries","floor":12,"turns":7},{"damage":26,"enemies":"Gremlin Nob","floor":14,"turns":4},{"damage":0,"enemies":"The Guardian","floor":16,"turns":9},{"damage":11,"enemies":"Shell Parasite","floor":18,"turns":7},{"damage":0,"enemies":"2 Thieves","floor":20,"turns":2},{"damage":39,"enemies":"Masked Bandits","floor":21,"turns":5},{"damage":5,"enemies":"Gremlin Leader","floor":23,"turns":7},{"damage":46,"enemies":"Slavers","floor":25,"turns":7},{"damage":14,"enemies":"Cultist and Chosen","floor":29,"turns":6},{"damage":80,"enemies":"Automaton","floor":33,"turns":10}],"seed_played":"4411769709576188697","potions_obtained":[{"floor":6,"key":"ColorlessPotion"},{"floor":7,"key":"SteroidPotion"},{"floor":14,"key":"Strength Potion"},{"floor":16,"key":"SteroidPotion"},{"floor":18,"key":"DuplicationPotion"},{"floor":19,"key":"LiquidMemories"},{"floor":19,"key":"DistilledChaos"},{"floor":25,"key":"PowerPotion"},{"floor":29,"key":"SpeedPotion"}],"is_trial":false,"path_per_floor":["M","$","M","?","?","E","M","R","T","E","$","E","R","E","R","B",null,"M","?","M","?","?","E","R","E","T","?","R","M","R","$","R","B"],"character_chosen":"THE_SILENT","items_purchased":["Deadly Poison","Footwork","Poisoned Stab"],"campfire_rested":5,"item_purchase_floors":[11,11,11],"current_hp_per_floor":[69,69,66,55,41,32,32,32,32,21,21,9,30,6,27,29,70,59,59,61,24,24,21,57,13,23,23,62,50,80,80,80,0,0],"gold":128,"neow_bonus":"ONE_RARE_RELIC","is_daily":false,"chose_seed":false,"campfire_upgraded":2,"win_rate":0.0,"timestamp":1612734138,"path_taken":["M","$","M","?","?","E","M","R","T","E","?","E","R","E","R","BOSS","M","?","?","?","?","E","R","E","T","?","R","M","R","$","R","BOSS"],"items_purchased_type":["Card","Card","Card"],"build_version":"2020-12-22","purchased_purges":3,"victory":false,"max_hp_per_floor":[70,70,70,70,70,70,70,70,70,70,70,70,70,70,70,70,70,70,70,70,70,70,70,70,70,80,80,80,80,80,80,80,80,80],"relic_stats":{"Blood Vial":16,"Regal Pillow":36,"Dream Catcher":2,"counters":[15,89],"Astrolabe":["Choke","Blade Dance","Flechettes"],"StoneCalendar":[343],"MawBank":60,"obtain_stats":[{"Ice Cream":12,"Lantern":22,"Regal Pillow":23,"Pear":26,"Astrolabe":17,"Oddly Smooth Stone":9,"StoneCalendar":0,"The Courier":14,"MawBank":6,"Blood Vial":10,"Dream Catcher":25,"Red Mask":21,"Ring of the Snake":0},{"Ice Cream":6,"Lantern":11,"Regal Pillow":12,"Pear":13,"Astrolabe":8,"Oddly Smooth Stone":4,"StoneCalendar":0,"The Courier":7,"MawBank":3,"Blood Vial":5,"Dream Catcher":13,"Red Mask":11,"Ring of the Snake":0},{"Ice Cream":32,"Lantern":59,"Regal Pillow":66,"Pear":73,"Astrolabe":45,"Oddly Smooth Stone":21,"StoneCalendar":0,"The Courier":36,"MawBank":17,"Blood Vial":25,"Dream Catcher":73,"Red Mask":59,"Ring of the Snake":0}],"Ring of the Snake":[30]},"card_choices":[{"not_picked":["Tactician","Blur"],"picked":"Cloak And Dagger","floor":1},{"not_picked":["Acrobatics","Prepared","Flechettes"],"picked":"SKIP","floor":3},{"not_picked":["Underhanded Strike","Sucker Punch"],"picked":"Poisoned Stab","floor":6},{"not_picked":["Prepared","Masterful Stab"],"picked":"Dagger Throw","floor":7},{"not_picked":["Bullet Time","Dagger Throw","Accuracy"],"picked":"SKIP","floor":10},{"not_picked":["Concentrate","Dagger Spray","Deadly Poison"],"picked":"SKIP","floor":12},{"not_picked":["Blade Dance","Dagger Throw"],"picked":"Crippling Poison","floor":14},{"not_picked":["Night Terror","Doppelganger"],"picked":"Malaise","floor":16},{"not_picked":["Dash","Flying Knee"],"picked":"Deflect","floor":18},{"not_picked":["Dodge and Roll","Outmaneuver","Skewer+1"],"picked":"SKIP","floor":20},{"not_picked":["Tactician","Dagger Spray","Dash"],"picked":"SKIP","floor":23},{"not_picked":["Dagger Throw+1","Poisoned Stab"],"picked":"Crippling Poison","floor":25},{"not_picked":["Outmaneuver","Prepared"],"picked":"Leg Sweep","floor":29},{"not_picked":["Sucker Punch+1","Deflect"],"picked":"Glass Knife","floor":30}],"player_experience":1325654,"relics_obtained":[{"floor":6,"key":"MawBank"},{"floor":9,"key":"Oddly Smooth Stone"},{"floor":10,"key":"Blood Vial"},{"floor":12,"key":"Ice Cream"},{"floor":14,"key":"The Courier"},{"floor":21,"key":"Red Mask"},{"floor":23,"key":"Regal Pillow"},{"floor":25,"key":"Dream Catcher"},{"floor":26,"key":"Pear"}],"event_choices":[{"damage_healed":0,"gold_gain":75,"player_choice":"Gather Gold","damage_taken":11,"max_hp_gain":0,"max_hp_loss":0,"event_name":"World of Goop","floor":4,"gold_loss":0},{"damage_healed":0,"gold_gain":0,"player_choice":"Entered Light","damage_taken":14,"max_hp_gain":0,"max_hp_loss":0,"event_name":"Shining Light","floor":5,"gold_loss":0,"cards_upgraded":["Defend_G","Strike_G"]},{"damage_healed":0,"gold_gain":0,"player_choice":"Bought 3 Potions","damage_taken":0,"max_hp_gain":0,"max_hp_loss":0,"event_name":"The Woman in Blue","floor":19,"gold_loss":0},{"damage_healed":0,"gold_gain":0,"player_choice":"Fought Bandits","damage_taken":0,"max_hp_gain":0,"max_hp_loss":0,"event_name":"Masked Bandits","floor":21,"gold_loss":0},{"damage_healed":0,"gold_gain":0,"player_choice":"Obtained Relic","damage_taken":0,"relics_obtained":["Lantern"],"max_hp_gain":0,"max_hp_loss":0,"event_name":"Addict","floor":22,"gold_loss":85},{"cards_removed":["Strike_G"],"damage_healed":0,"gold_gain":0,"player_choice":"Offered Basic","damage_taken":0,"max_hp_gain":0,"max_hp_loss":0,"event_name":"Bonfire Elementals","floor":27,"gold_loss":0}],"is_beta":false,"boss_relics":[{"not_picked":["Runic Dome","SlaversCollar"],"picked":"Astrolabe"}],"items_purged_floors":[2,11,31],"is_endless":false,"potions_floor_spawned":[6,7,14,16,18,25,29],"killed_by":"Automaton","ascension_level":1}}