{"host":"utqe55yv0jihe4d6","time":1612732176,"event":{"mods":["2.2 Compatiblity","AchievementEnabler","BaseMod","Block Reminder","Colored Map","Colored Powertips","Minty Spire (QoL Compilation)","Quick Restart","Rare Cards Sparkle","Relic Stats","SuperFastMode"],"gold_per_floor":[109,121,137,137,149,149,180,198,198,198,4,15,49,66,66,66,66],"floor_reached":16,"language":"ENG","playtime":483,"items_purged":[],"score":228,"play_id":"1568a337-20da-485a-a518-5b369c3ece97","local_time":"20210207160936","is_ascension_mode":true,"campfire_choices":[{"data":"Poisoned Stab","floor":6,"key":"SMITH"},{"floor":10,"key":"REST"},{"data":"Deadly Poison","floor":15,"key":"SMITH"}],"circlet_count":0,"master_deck":["AscendersBane","Strike_G","Strike_G","Strike_G","Strike_G","Strike_G","Defend_G","Defend_G","Defend_G","Defend_G+1","Defend_G+1","Survivor","Neutralize","Decay","Wraith Form v2","Poisoned Stab+1","Flying Knee","Dagger Throw","Calculated Gamble","Die Die Die","Deadly Poison+1"],"relics":["Ring of the Snake","War Paint","Lantern","Anchor","PrismaticShard","Toxic Egg 2"],"acts_visited":["Exordium"],"potions_floor_usage":[7,7,13,16],"damage_taken":[{"damage":6,"enemies":"Small Slimes","floor":1,"turns":6},{"damage":0,"enemies":"Cultist","floor":2,"turns":4},{"damage":2,"enemies":"2 Louse","floor":3,"turns":2},{"damage":12,"enemies":"Exordium Wildlife","floor":5,"turns":4},{"damage":9,"enemies":"Gremlin Nob","floor":7,"turns":4},{"damage":3,"enemies":"2 Fungi Beasts","floor":8,"turns":3},{"damage":0,"enemies":"3 Louse","floor":12,"turns":1},{"damage":21,"enemies":"Lagavulin","floor":13,"turns":7},{"damage":1,"enemies":"Large Slime","floor":14,"turns":5},{"damage":25,"enemies":"Hexaghost","floor":16,"turns":9}],"seed_played":"5001186531555070448","potions_obtained":[{"floor":2,"key":"GhostInAJar"},{"floor":3,"key":"Swift Potion"},{"floor":12,"key":"Block Potion"},{"floor":13,"key":"SneckoOil"}],"is_trial":false,"path_per_floor":["M","M","M","?","M","R","E","M","T","R","$","M","E","M","R","B"],"character_chosen":"THE_SILENT","items_purchased":["PrismaticShard","Deadly Poison"],"campfire_rested":1,"item_purchase_floors":[11,11],"current_hp_per_floor":[53,53,51,51,39,39,30,27,27,46,46,46,25,24,24,0,0],"gold":66,"neow_bonus":"THREE_RARE_CARDS","is_daily":false,"chose_seed":false,"campfire_upgraded":2,"win_rate":0.0,"timestamp":1612732176,"path_taken":["M","M","M","?","M","R","E","M","T","R","$","?","E","M","R","BOSS"],"items_purchased_type":["Relic","Card"],"build_version":"2020-12-22","purchased_purges":0,"victory":false,"max_hp_per_floor":[66,66,66,66,66,66,66,66,66,66,66,66,66,66,66,66,66],"relic_stats":{"counters":[10,45],"War Paint":["Defend_G","Defend_G"],"obtain_stats":[{"Lantern":7,"Anchor":9,"War Paint":4,"Toxic Egg 2":13,"PrismaticShard":11,"Ring of the Snake":0},{"Lantern":5,"Anchor":6,"War Paint":3,"Toxic Egg 2":8,"PrismaticShard":6,"Ring of the Snake":0},{"Lantern":20,"Anchor":23,"War Paint":12,"Toxic Egg 2":31,"PrismaticShard":23,"Ring of the Snake":0}],"Ring of the Snake":[20]},"card_choices":[{"not_picked":["Grand Finale","Glass Knife"],"picked":"Wraith Form v2","floor":0},{"not_picked":["Caltrops","Endless Agony"],"picked":"Poisoned Stab","floor":1},{"not_picked":["Setup","Choke"],"picked":"Flying Knee","floor":2},{"not_picked":["Dodge and Roll","Deflect"],"picked":"Blade Dance","floor":3},{"not_picked":["Acrobatics","Escape Plan"],"picked":"Dagger Throw","floor":5},{"not_picked":["Poisoned Stab","Deflect"],"picked":"Calculated Gamble","floor":7},{"not_picked":["Blade Dance","Endless Agony"],"picked":"Die Die Die","floor":8},{"not_picked":["Armaments","Slice","Underhanded Strike"],"picked":"SKIP","floor":12},{"not_picked":["Storm","Flex+1","Glass Knife"],"picked":"SKIP","floor":13},{"not_picked":["Hemokinesis","FollowUp","Heavy Blade"],"picked":"SKIP","floor":14}],"player_experience":3050754,"relics_obtained":[{"floor":7,"key":"Lantern"},{"floor":9,"key":"Anchor"},{"floor":13,"key":"Toxic Egg 2"}],"event_choices":[{"cards_removed":["Blade Dance"],"damage_healed":0,"gold_gain":0,"player_choice":"Gave Card","damage_taken":0,"relics_obtained":["War Paint"],"max_hp_gain":0,"max_hp_loss":0,"event_name":"WeMeetAgain","floor":4,"gold_loss":0}],"is_beta":false,"boss_relics":[],"items_purged_floors":[],"is_endless":false,"potions_floor_spawned":[2,3,12,13],"killed_by":"Hexaghost","ascension_level":20}}