{"host":"0jile2yd1dg679g0","time":1612719121,"event":{"mods":["AchievementEnabler","Act Like it!","BaseMod","Better Third Choice","Bossed Relics","Colored Map","Colored Powertips","Gensokyo","Hermit","Luminous","Marisa????????","Minty Spire (QoL Compilation)","Random Character Button","Reliquary","Spicy Shops","StSLib","The Marked","The Servant 0.9.4","Transform Curses","Waifu the Spire"],"gold_per_floor":[117,136,30,30,30,30,62,62,131,131,131,131,56,72,72,176,176,196,209,209,209],"floor_reached":20,"language":"ENG","playtime":2880,"items_purged":["theMarked:Strike"],"score":195,"play_id":"0ecb0f19-32e9-4d46-bcfa-5131931015fe","local_time":"20210207123201","is_ascension_mode":false,"campfire_choices":[{"data":"theMarked:Maelstrom","floor":6,"key":"SMITH"},{"data":"theMarked:Reabsorb","floor":8,"key":"SMITH"},{"data":"theMarked:SoldierOfQuellstein","floor":12,"key":"SMITH"},{"data":"theMarked:WastefulAttack","floor":15,"key":"SMITH"}],"circlet_count":0,"master_deck":["theMarked:Strike+1","theMarked:Strike","theMarked:Strike","theMarked:Defend","theMarked:Defend","theMarked:Defend","theMarked:Defend","theMarked:SoldierOfQuellstein+1","theMarked:Parry+1","theMarked:WastefulAttack+1","theMarked:Maelstrom+1","theMarked:Reabsorb+1","theMarked:ShockingTouch","theMarked:Challenge","theMarked:ChainLightning+1","theMarked:ChainLightning+1"],"relics":["theMarked:ArtifactOfAir","NeowsBlessing","Lizard Tail","Juzu Bracelet","Pear","reliquary:RedCape"],"acts_visited":["Exordium","TheCity"],"potions_floor_usage":[16],"damage_taken":[{"damage":0,"enemies":"Cultist","floor":1,"turns":1},{"damage":0,"enemies":"Jaw Worm","floor":2,"turns":1},{"damage":0,"enemies":"Gremlin Nob","floor":7,"turns":1},{"damage":0,"enemies":"2 Louse","floor":14,"turns":2},{"damage":86,"enemies":"Hexaghost","floor":16,"turns":12},{"damage":18,"enemies":"3 Byrds","floor":18,"turns":5},{"damage":15,"enemies":"Spheric Guardian","floor":19,"turns":4},{"damage":52,"enemies":"Chosen and Byrds","floor":20,"turns":5}],"seed_played":"-1852838694731823845","potions_obtained":[{"floor":14,"key":"Fire Potion"},{"floor":18,"key":"Dexterity Potion"}],"is_trial":false,"path_per_floor":["M","M","$","?","$","R","E","R","T","?","?","R","$","M","R","B",null,"M","M","M"],"character_chosen":"THE_DEFAULT","items_purchased":["Lizard Tail","theMarked:Maelstrom"],"campfire_rested":0,"item_purchase_floors":[3,3],"current_hp_per_floor":[70,70,70,70,70,70,70,70,80,80,64,64,64,64,64,19,80,62,47,0,0],"gold":209,"neow_bonus":"THREE_ENEMY_KILL","is_daily":false,"chose_seed":false,"campfire_upgraded":4,"win_rate":0.0,"timestamp":1612719121,"path_taken":["M","M","$","?","?","R","E","R","T","?","?","R","$","M","R","BOSS","M","M","M"],"items_purchased_type":["Relic","Card"],"build_version":"2020-12-22","purchased_purges":1,"victory":false,"max_hp_per_floor":[70,70,70,70,70,70,70,70,80,80,80,80,80,80,80,80,80,80,80,80,80],"card_choices":[{"not_picked":["theMarked:TwofoldDefense","theMarked:HeightenedSenses"],"picked":"theMarked:Parry","floor":1},{"not_picked":["theMarked:WardOff","theMarked:TheMission"],"picked":"theMarked:WastefulAttack","floor":2},{"not_picked":["theMarked:SwordAndMagic","theMarked:WastefulAttack"],"picked":"theMarked:Reabsorb","floor":7},{"not_picked":["theMarked:ChannelForce","theMarked:Electrify"],"picked":"theMarked:ShockingTouch","floor":14},{"not_picked":["theMarked:FavorableWinds","theMarked:Defy"],"picked":"theMarked:Challenge","floor":16},{"not_picked":["theMarked:SelfDefenseTraining","theMarked:Pokerface"],"picked":"theMarked:ChainLightning+1","floor":18},{"not_picked":["theMarked:EnhanceMovement","theMarked:ResourceFulStrike"],"picked":"theMarked:ChainLightning+1","floor":19}],"player_experience":328771,"relics_obtained":[{"floor":7,"key":"Juzu Bracelet"},{"floor":9,"key":"Pear"}],"event_choices":[{"damage_healed":0,"gold_gain":0,"player_choice":"Ignored","damage_taken":0,"max_hp_gain":0,"max_hp_loss":0,"event_name":"WeMeetAgain","floor":4,"gold_loss":0},{"cards_removed":["theMarked:Strike"],"damage_healed":0,"gold_gain":0,"player_choice":"Card Removal","damage_taken":0,"max_hp_gain":0,"max_hp_loss":0,"event_name":"Wheel of Change","floor":10,"gold_loss":0},{"damage_healed":80,"gold_gain":0,"player_choice":"Upgrade","damage_taken":16,"max_hp_gain":0,"max_hp_loss":80,"event_name":"betterThird:BetterShining","floor":11,"gold_loss":0,"cards_upgraded":["theMarked:Strike","theMarked:Parry"]}],"is_beta":false,"boss_relics":[{"not_picked":["Tiny House","SlaversCollar"],"picked":"reliquary:RedCape"}],"items_purged_floors":[13],"is_endless":false,"potions_floor_spawned":[14,18],"killed_by":"Chosen and Byrds","ascension_level":0}}