{"host":"5h6e4l6hpn0p5lap","time":1612716815,"event":{"mods":["AchievementEnabler","BaseMod","Better Altar","Better Match","Better Sensory Stone","Better Skull","Better Third Choice","Colored Map","Filter the Spire","Minty Spire (QoL Compilation)","StSLib"],"gold_per_floor":[116,131,145,160,179,179,195,228,228,228,258,258,61,61,61,156,156,156,156],"floor_reached":18,"language":"ENG","playtime":684,"items_purged":["Defend_P"],"score":322,"play_id":"bbe3bd1b-7db0-4e27-8736-fab2d67a157c","local_time":"20210207115335","is_ascension_mode":true,"campfire_choices":[{"data":"Eruption","floor":6,"key":"SMITH"},{"floor":10,"key":"REST"},{"data":"Fasting2","floor":12,"key":"SMITH"},{"data":"Discovery","floor":15,"key":"SMITH"}],"circlet_count":0,"master_deck":["Strike_P","Strike_P","Strike_P","Strike_P","Defend_P","Defend_P","Eruption+1","Vigilance","Sanctity","BowlingBash","FlyingSleeves","Consecrate","BattleHymn","EmptyFist","Fasting2+1","ForeignInfluence","Halt","Prostrate","Discovery+1","Establishment"],"relics":["PureWater","White Beast Statue","TeardropLocket","Bag of Preparation","Runic Pyramid"],"acts_visited":["Exordium","TheCity"],"potions_floor_usage":[8,16],"damage_taken":[{"damage":0,"enemies":"2 Louse","floor":1,"turns":2},{"damage":1,"enemies":"Jaw Worm","floor":2,"turns":5},{"damage":5,"enemies":"Small Slimes","floor":3,"turns":3},{"damage":6,"enemies":"Blue Slaver","floor":4,"turns":3},{"damage":0,"enemies":"3 Louse","floor":5,"turns":3},{"damage":6,"enemies":"Red Slaver","floor":7,"turns":2},{"damage":11,"enemies":"3 Sentries","floor":8,"turns":5},{"damage":20,"enemies":"Gremlin Nob","floor":11,"turns":3},{"damage":0,"enemies":"Slime Boss","floor":16,"turns":3},{"damage":2,"enemies":"Spheric Guardian","floor":18,"turns":3}],"seed_played":"1745745012257532877","potions_obtained":[{"floor":1,"key":"Fire Potion"},{"floor":3,"key":"PowerPotion"},{"floor":11,"key":"FearPotion"},{"floor":16,"key":"Dexterity Potion"}],"is_trial":false,"path_per_floor":["M","M","M","M","M","R","M","E","T","R","E","R","$","?","R","B",null,"M"],"character_chosen":"WATCHER","items_purchased":["Prostrate","Discovery"],"campfire_rested":1,"item_purchase_floors":[13,13],"current_hp_per_floor":[65,64,59,53,53,53,47,36,36,57,37,37,37,37,37,37,63,61,61],"gold":156,"neow_bonus":"TRANSFORM_CARD","is_daily":false,"chose_seed":false,"campfire_upgraded":3,"win_rate":0.0,"timestamp":1612716815,"path_taken":["M","M","M","M","M","R","M","E","T","R","E","R","$","?","R","BOSS","M"],"items_purchased_type":["Card","Card"],"build_version":"2020-12-22","purchased_purges":1,"victory":false,"max_hp_per_floor":[72,72,72,72,72,72,72,72,72,72,72,72,72,72,72,72,72,72,72],"card_choices":[{"not_picked":["ReachHeaven","ForeignInfluence"],"picked":"BowlingBash","floor":1},{"not_picked":["BowlingBash","EmptyBody"],"picked":"FlyingSleeves","floor":2},{"not_picked":["InnerPeace","SashWhip"],"picked":"Consecrate","floor":3},{"not_picked":["BowlingBash","FollowUp"],"picked":"BattleHymn","floor":4},{"not_picked":["Halt","FollowUp"],"picked":"EmptyFist","floor":5},{"not_picked":["SandsOfTime","SignatureMove"],"picked":"Fasting2","floor":7},{"not_picked":["ClearTheMind","SpiritShield"],"picked":"ForeignInfluence","floor":8},{"not_picked":["CarveReality","PathToVictory"],"picked":"Halt","floor":11},{"not_picked":["DeusExMachina","Judgement"],"picked":"Establishment","floor":16}],"player_experience":1071450,"relics_obtained":[{"floor":8,"key":"White Beast Statue"},{"floor":9,"key":"TeardropLocket"},{"floor":11,"key":"Bag of Preparation"}],"event_choices":[{"damage_healed":0,"gold_gain":0,"player_choice":"Ignored","damage_taken":61,"max_hp_gain":0,"max_hp_loss":0,"event_name":"betterThird:BetterSerpent","floor":14,"gold_loss":0}],"is_beta":false,"boss_relics":[{"not_picked":["Ectoplasm","Busted Crown"],"picked":"Runic Pyramid"}],"items_purged_floors":[13],"is_endless":false,"potions_floor_spawned":[1,3,11,16],"killed_by":"Spheric Guardian","ascension_level":9}}