{"host":"iz5gar30eciy4yf4","time":1612717226,"event":{"mods":["Act Like it!","BaseMod","Chen","Dio Mod","Gensokyo","Hallownest","Hermit","Hubris","Koishi","Marisa????????","Minty Spire (QoL Compilation)","Prisma Mod","Reimu??????","Relic Stats","Remilia??????","StSLib","The Animator"],"gold_per_floor":[115,133,133,133,166,189,216,266,266,309,309,90,105,154,154,298,298,340,290,290,540,615,703,753,753,753,77,103,179,249,297,297,497,497,552,552,629,219,219,271,271,285,285,416,451,451,55,96,96,128,128,128,77,138,164],"floor_reached":56,"language":"ENG","playtime":4671,"items_purged":[],"score":1452,"play_id":"508d65ba-0e79-4b01-9e37-caceec009da9","local_time":"20210207120025","is_ascension_mode":false,"campfire_choices":[{"data":"MilkyWay","floor":11,"key":"SMITH"},{"data":"WitchOfGreed","floor":15,"key":"SMITH"},{"floor":25,"key":"RECALL"},{"floor":32,"key":"REST"},{"floor":41,"key":"REST"},{"floor":49,"key":"REST"},{"floor":52,"key":"REST"}],"circlet_count":0,"master_deck":["Strike_MRS","Strike_MRS","Strike_MRS","Strike_MRS","Defend_MRS","Defend_MRS","Defend_MRS","Defend_MRS","MasterSpark+1","UpSweep","GrandCross","Robbery+1","GrandCross","MagicAbsorber","6A","MilkyWay+1","WitchOfGreed+1","NonDirectionalLaser","LuminesStrike","UltimateShortwave","AsteroidBelt","MilkyWay+1","MilkyWay","Shame","AsteroidBelt","MilkyWay","GrandCross","GravityBeat","Acceleration","SporeBomb","Sanctity","PiercingWail","animator:Ainz","hermit:LowProfile","dioMod:DaggerSpree+1","Mayhem","OortCloud","Body Slam+1","Warcry+1","PulseMagic+1","Gensokyo:TurboGranny","Study+1","Parasite","Parasite","PrismaMod:MiyuCheapChannelRandom+1"],"relics":["MiniHakkero","Happy Flower","hubris:Icosahedron","ScarletDevilRocket","Oddly Smooth Stone","hubris:EmptyBottle","Gensokyo:MarisaPhilosophersStone","Fusion Hammer","Matryoshka","Nunchaku","Bottled Tornado","PrismaticShard","Anchor","Orichalcum","hubris:ToyBattleship","hubris:Metronome","hubris:Backtick","hubris:CrystalStatue","HandDrill","Mango","Lizard Tail","StoneCalendar","CrazyTorch:ReiMu","Sling","Pantograph","ShroomBag"],"acts_visited":["Exordium","Gensokyo:Gensokyo","Gensokyo:Gensokyoer","TheEnding"],"potions_floor_usage":[8,13,13,16,16,16,22,23,23,23,23,23,24,24,30,30,33,33,33,33,33,35,35,37,37,40,40,40,40,40,40,40,42,45,45,45,48,50,54,54,54,55],"damage_taken":[{"damage":4,"enemies":"Gensokyo:Gryphon","floor":1,"turns":4},{"damage":0,"enemies":"Gensokyo:2_Kodama","floor":2,"turns":2},{"damage":0,"enemies":"Gensokyo:3_Fairies","floor":5,"turns":3},{"damage":2,"enemies":"Gensokyo:3_Kodama","floor":6,"turns":4},{"damage":0,"enemies":"Gensokyo:2_Rabbits","floor":7,"turns":3},{"damage":4,"enemies":"Gensokyo:Cirno","floor":8,"turns":6},{"damage":0,"enemies":"Gensokyo:LivingMonolith","floor":10,"turns":3},{"damage":15,"enemies":"Gensokyo:LivingMonolith","floor":13,"turns":4},{"damage":0,"enemies":"Gensokyo:Gryphon_and_Rabbit","floor":14,"turns":3},{"damage":0,"enemies":"Gensokyo:Yukari","floor":16,"turns":5},{"damage":0,"enemies":"Gensokyo:AngelMirror","floor":18,"turns":2},{"damage":1,"enemies":"Gensokyo:CosmicMonolith","floor":22,"turns":3},{"damage":7,"enemies":"Gensokyo:Reisen","floor":23,"turns":6},{"damage":0,"enemies":"Gensokyo:Slime_Group","floor":24,"turns":3},{"damage":0,"enemies":"Gensokyo:Swordslinger","floor":29,"turns":3},{"damage":0,"enemies":"Gensokyo:Koishi","floor":30,"turns":3},{"damage":5,"enemies":"Gensokyo:Chomper_and_Gloop","floor":31,"turns":3},{"damage":27,"enemies":"Gensokyo:Eiki","floor":33,"turns":5},{"damage":0,"enemies":"Gensokyo:3_Boulders","floor":35,"turns":2},{"damage":0,"enemies":"Gensokyo:AncientGuardian","floor":37,"turns":2},{"damage":7,"enemies":"Gensokyo:Kasen","floor":40,"turns":5},{"damage":0,"enemies":"Gensokyo:SeedOfUnknown","floor":42,"turns":5},{"damage":9,"enemies":"Gensokyo:Doremy","floor":44,"turns":6},{"damage":11,"enemies":"Gensokyo:Rafflesia","floor":45,"turns":6},{"damage":18,"enemies":"Gensokyo:Marisa","floor":48,"turns":3},{"damage":10,"enemies":"Gensokyo:Shinki","floor":50,"turns":7},{"damage":2,"enemies":"Shield and Spear","floor":54,"turns":4},{"damage":176,"enemies":"The Heart","floor":55,"turns":12}],"seed_played":"7596447869222475384","potions_obtained":[{"floor":6,"key":"AttackPotion"},{"floor":8,"key":"AttackPotion"},{"floor":8,"key":"Dexterity Potion"},{"floor":10,"key":"Fire Potion"},{"floor":13,"key":"EntropicBrew"},{"floor":13,"key":"FearPotion"},{"floor":16,"key":"CultistPotion"},{"floor":22,"key":"SkillPotion"},{"floor":23,"key":"EntropicBrew"},{"floor":23,"key":"LiquidMemories"},{"floor":24,"key":"PowerPotion"},{"floor":33,"key":"SteroidPotion"},{"floor":37,"key":"Energy Potion"},{"floor":37,"key":"ColorlessPotion"},{"floor":40,"key":"GrandPatriotsElixir:ReiMu"},{"floor":44,"key":"SkillPotion"},{"floor":45,"key":"ColorlessPotion"},{"floor":48,"key":"BottledSpark"}],"is_trial":false,"path_per_floor":["M","M","?","?","M","M","M","E","T","M","R","$","?","M","R","B",null,"M","?","?","?","M","E","M","R","T","$","T","M","E","M","R","B",null,"M","?","M","$","?","E","R","M","T","E","M","?","COS","E","R","B",null,"R","$","E","B",null],"character_chosen":"MARISA","items_purchased":["hubris:EmptyBottle","UltimateShortwave","Bottled Tornado","PrismaticShard","Anchor","GravityBeat","Acceleration","SporeBomb","Mayhem","OortCloud","HandDrill","Block Potion"],"campfire_rested":4,"item_purchase_floors":[12,12,27,27,27,27,27,27,38,38,38,53],"current_hp_per_floor":[71,71,71,71,71,69,69,65,65,65,65,65,50,50,50,50,75,75,82,82,78,77,70,70,70,70,70,70,70,70,65,78,51,78,78,78,78,78,78,85,92,92,92,83,72,54,54,36,63,78,92,92,92,90,7],"gold":164,"neow_bonus":"RANDOM_COMMON_RELIC","is_daily":false,"chose_seed":false,"campfire_upgraded":2,"win_rate":0.0,"timestamp":1612717225,"path_taken":["M","M","?","?","M","M","M","E","T","?","R","?","?","?","R","BOSS","M","?","?","?","M","E","M","R","T","?","?","M","E","M","R","BOSS","M","?","M","$","?","E","R","M","T","E","M","?","COS","E","R","BOSS","R","$","E","BOSS"],"items_purchased_type":["Relic","Card","Relic","Relic","Relic","Card","Card","Card","Card","Card","Relic","Potion"],"build_version":"2020-12-22","purchased_purges":0,"victory":true,"max_hp_per_floor":[75,75,75,75,75,75,75,75,75,75,75,75,75,75,75,75,75,75,82,82,78,78,78,78,78,78,78,78,78,78,78,78,78,78,78,78,78,78,78,92,92,92,92,92,92,92,92,92,92,92,92,92,92,92,92],"relic_stats":{"Nunchaku":[19],"Lizard Tail":0,"Happy Flower":[39],"counters":[28,117],"Pantograph":27,"StoneCalendar":[67],"HandDrill":[8],"Orichalcum":[6],"obtain_stats":[{"hubris:Metronome":30,"ScarletDevilRocket":8,"hubris:CrystalStatue":34,"Mango":40,"StoneCalendar":44,"hubris:EmptyBottle":12,"Bottled Tornado":27,"PrismaticShard":27,"Sling":47,"Frozen Eye":30,"Nunchaku":26,"Lizard Tail":43,"hubris:Icosahedron":3,"Gensokyo:MarisaPhilosophersStone":13,"Matryoshka":23,"hubris:Backtick":34,"Pantograph":48,"Fusion Hammer":17,"HandDrill":38,"Happy Flower":0,"Blue Candle":42,"Oddly Smooth Stone":9,"Orichalcum":28,"ShroomBag":54,"Anchor":27,"CrazyTorch:ReiMu":46,"hubris:ToyBattleship":28,"MiniHakkero":0},{"hubris:Metronome":16,"ScarletDevilRocket":6,"hubris:CrystalStatue":18,"Mango":21,"StoneCalendar":23,"hubris:EmptyBottle":7,"Bottled Tornado":14,"PrismaticShard":14,"Sling":24,"Frozen Eye":15,"Nunchaku":14,"Lizard Tail":22,"hubris:Icosahedron":2,"Gensokyo:MarisaPhilosophersStone":8,"Matryoshka":13,"hubris:Backtick":18,"Pantograph":25,"Fusion Hammer":10,"HandDrill":20,"Happy Flower":0,"Blue Candle":22,"Oddly Smooth Stone":6,"Orichalcum":14,"ShroomBag":27,"Anchor":14,"CrazyTorch:ReiMu":24,"hubris:ToyBattleship":14,"MiniHakkero":0},{"hubris:Metronome":57,"ScarletDevilRocket":22,"hubris:CrystalStatue":65,"Mango":74,"StoneCalendar":85,"hubris:EmptyBottle":25,"Bottled Tornado":51,"PrismaticShard":51,"Sling":91,"Frozen Eye":54,"Nunchaku":51,"Lizard Tail":79,"hubris:Icosahedron":6,"Gensokyo:MarisaPhilosophersStone":29,"Matryoshka":48,"hubris:Backtick":65,"Pantograph":94,"Fusion Hammer":37,"HandDrill":69,"Happy Flower":0,"Blue Candle":78,"Oddly Smooth Stone":22,"Orichalcum":51,"ShroomBag":105,"Anchor":51,"CrazyTorch:ReiMu":91,"hubris:ToyBattleship":51,"MiniHakkero":0}]},"card_choices":[{"not_picked":["GravityBeat","GasGiant"],"picked":"GrandCross","floor":1},{"not_picked":["IllusionStar","BlazeAway"],"picked":"Robbery","floor":2},{"not_picked":["BlazeAway","StarlightTyphoon"],"picked":"GrandCross","floor":4},{"not_picked":["ShootingEcho","GalacticHalo"],"picked":"MagicAbsorber","floor":4},{"not_picked":["UnstableBomb","IllusionStar"],"picked":"6A","floor":5},{"not_picked":["DC","ManaConvection"],"picked":"MilkyWay","floor":6},{"not_picked":["PowerUp","OpenUniverse"],"picked":"WitchOfGreed","floor":7},{"not_picked":["Robbery","IllusionStar"],"picked":"NonDirectionalLaser","floor":8},{"not_picked":["BinaryStars","OrrerysSun"],"picked":"LuminesStrike","floor":10},{"not_picked":["WitchOfGreed","UnstableBomb"],"picked":"MilkyWay","floor":13},{"not_picked":["Orbital","WitchOfGreed","DarkMatter"],"picked":"SKIP","floor":14},{"not_picked":["MaximisePower","ManaRampage"],"picked":"MillisecondPulsars","floor":16},{"not_picked":["GrandCross","PulseMagic"],"picked":"MilkyWay","floor":18},{"not_picked":["ChargeUpSpray+1","UnstableBomb+1"],"picked":"AsteroidBelt","floor":22},{"not_picked":["UnstableBomb","6A"],"picked":"MilkyWay","floor":23},{"not_picked":["LuminesStrike+1","UnstableBomb"],"picked":"GrandCross","floor":24},{"not_picked":["dioMod:ComposedMuda","animator:LeleiLaLalena+1","AirStrike:ReiMu"],"picked":"SKIP","floor":29},{"not_picked":["animator:Zero","PrismaMod:ChloeGreatTracePools"],"picked":"Sanctity","floor":30},{"not_picked":["DC","Dodge and Roll"],"picked":"PiercingWail","floor":31},{"not_picked":["MasterReality","PrismaMod:IllyaInstallAlterEgo"],"picked":"animator:Ainz","floor":33},{"not_picked":["dioMod:Muda+1","Study"],"picked":"hermit:LowProfile","floor":35},{"not_picked":["animator:IrohaTamaki+1","animator:Viivi+1"],"picked":"dioMod:DaggerSpree+1","floor":37},{"not_picked":["Wild Strike","FTL"],"picked":"Body Slam+1","floor":40},{"not_picked":["animator:Konayuki+1","Koishi:UnansweredLove+1"],"picked":"Warcry+1","floor":42},{"not_picked":["Concentrate+1","PrismaMod:IllyaCommonEvoke"],"picked":"PulseMagic+1","floor":44},{"not_picked":["PrismaMod:ChloeExhaustOne+1","PrismaMod:IllyaAOECommonAttack","animator:AcuraAkari+1"],"picked":"SKIP","floor":45},{"not_picked":["hermit:EternalForm","Koishi:DNAsFlaw"],"picked":"Study+1","floor":48},{"not_picked":["Chen:CurlUp","PrismaMod:MiyuCommonAOEAttack"],"picked":"PrismaMod:MiyuCheapChannelRandom+1","floor":54}],"player_experience":664281,"relics_obtained":[{"floor":8,"key":"ScarletDevilRocket"},{"floor":9,"key":"Oddly Smooth Stone"},{"floor":13,"key":"Gensokyo:MarisaPhilosophersStone"},{"floor":23,"key":"Matryoshka"},{"floor":26,"key":"Nunchaku"},{"floor":28,"key":"Orichalcum"},{"floor":28,"key":"hubris:ToyBattleship"},{"floor":30,"key":"hubris:Metronome"},{"floor":40,"key":"Mango"},{"floor":43,"key":"Lizard Tail"},{"floor":44,"key":"StoneCalendar"},{"floor":48,"key":"Pantograph"},{"floor":54,"key":"ShroomBag"}],"event_choices":[],"is_beta":false,"boss_relics":[{"not_picked":["hubris:GrandSneckoEye","hubris:BlackHole"],"picked":"Fusion Hammer"},{"not_picked":["SlaversCollar","Calling Bell"],"picked":"hubris:Backtick"}],"items_purged_floors":[],"is_endless":false,"potions_floor_spawned":[6,8,10,13,16,22,23,24,31,37,45,48],"ascension_level":0}}