{"host":"ihfq3u2xhoe3wi9r","time":1612688958,"event":{"mods":["BaseMod","BetterRewards","Colored Powertips","Hubris","Marisa????????","Minty Spire (QoL Compilation)","READ ME - Guardian Mod","StSLib","The Animator","The Mystic","The Necromancer"],"gold_per_floor":[116,116,140,156,170,170,202,202,202,217,217,235,3,18,18,118,118,58,157,62,62,62,62],"floor_reached":22,"language":"ENG","playtime":6342,"items_purged":[],"score":258,"play_id":"f2444f14-b796-4729-b0c3-a6cfea38c8e7","local_time":"20210207040918","is_ascension_mode":true,"campfire_choices":[{"floor":6.0,"key":"REST"},{"floor":8.0,"key":"REST"},{"floor":11.0,"key":"REST"},{"floor":15.0,"key":"REST"}],"circlet_count":0,"master_deck":["animator:Strike_OwariNoSeraph","animator:Defend_OwariNoSeraph+1","animator:Strike","animator:Strike","animator:Defend","animator:Defend","animator:Defend","animator:Shinoa","animator:Mikaela","hubris:Envy","animator:Eris","animator:DolaStephanie","animator:Demiurge","animator:Yoichi","animator:Togame","animator:Yoichi","animator:Shiro","animator:Shuna","animator:Kaijin","animator:MamizouFutatsuiwa","animator:CrowleyEusford","animator:Kyubey","animator:Kazuma","animator:NononJakuzure","Decay"],"relics":["animator:LivingPicture","animator:TheMissingPiece","animator:PurgingStone","hubris:TenFootPole","hubris:Metronome","hubris:HerbalPaste","Philosopher\u0027s Stone"],"acts_visited":["Exordium","TheCity"],"potions_floor_usage":[],"damage_taken":[{"damage":9.0,"enemies":"2 Louse","floor":1.0,"turns":3.0},{"damage":21.0,"enemies":"Cultist","floor":3.0,"turns":7.0},{"damage":5.0,"enemies":"Small Slimes","floor":4.0,"turns":6.0},{"damage":0.0,"enemies":"Exordium Wildlife","floor":5.0,"turns":5.0},{"damage":54.0,"enemies":"3 Sentries","floor":7.0,"turns":12.0},{"damage":11.0,"enemies":"2 Fungi Beasts","floor":10.0,"turns":5.0},{"damage":26.0,"enemies":"Lots of Slimes","floor":12.0,"turns":9.0},{"damage":0.0,"enemies":"Large Slime","floor":14.0,"turns":9.0},{"damage":38.0,"enemies":"Slime Boss","floor":16.0,"turns":9.0},{"damage":30.0,"enemies":"2 Thieves","floor":18.0,"turns":4.0},{"damage":47,"enemies":"Spheric Guardian","floor":22,"turns":5}],"seed_played":"-6166772412197108551","potions_obtained":[{"floor":3.0,"key":"DuplicationPotion"},{"floor":4.0,"key":"Strength Potion"},{"floor":14.0,"key":"LiquidBronze"},{"floor":16.0,"key":"FearPotion"}],"is_trial":false,"path_per_floor":["M","?","M","M","M","R","E","R","T","M","R","M","$","M","R","B",null,"M","?","$","?","M"],"character_chosen":"THE_ANIMATOR","items_purchased":["hubris:HerbalPaste","animator:MamizouFutatsuiwa","animator:NononJakuzure"],"campfire_rested":4,"item_purchase_floors":[13,13,20],"current_hp_per_floor":[53,53,35,33,36,55,4,23,23,15,34,11,11,21,41,12,53,32,32,32,32,0,0],"gold":62,"neow_bonus":"THREE_RARE_CARDS","is_daily":false,"chose_seed":false,"campfire_upgraded":0,"win_rate":0.0,"timestamp":1612688958,"path_taken":["M","?","M","M","?","R","E","R","T","M","R","M","$","M","R","BOSS","M","?","$","?","M"],"items_purchased_type":["Relic","Card","Card"],"build_version":"2020-12-22","purchased_purges":0,"victory":false,"max_hp_per_floor":[66,66,66,66,66,66,66,66,66,66,66,66,66,67,67,67,67,67,67,67,67,67,67],"card_choices":[{"not_picked":["animator:Gilgamesh","animator:Wiz"],"picked":"animator:Eris","floor":0.0},{"not_picked":["animator:Shion","animator:Verdia"],"picked":"animator:DolaStephanie","floor":1.0},{"not_picked":["animator:Tatsumaki","animator:EmiyaShirou"],"picked":"animator:Yoichi","floor":3.0},{"not_picked":["animator:Benimaru","animator:Evileye"],"picked":"animator:Togame","floor":4.0},{"not_picked":["animator:Shinoa","animator:Mikaela"],"picked":"animator:Yoichi","floor":5.0},{"not_picked":["animator:Sebas","animator:Viivi"],"picked":"animator:Shiro","floor":7.0},{"not_picked":["animator:PandorasActor","animator:Gillette"],"picked":"animator:Shuna","floor":10.0},{"not_picked":["animator:Yoichi","animator:YachiyoNanami"],"picked":"animator:Kaijin","floor":12.0},{"not_picked":["animator:Mikaela","animator:Shinoa"],"picked":"animator:CrowleyEusford","floor":14.0},{"not_picked":["animator:Albedo","animator:Gilgamesh"],"picked":"animator:Kyubey","floor":16.0},{"not_picked":["animator:Darkness","animator:YuiTsuruno"],"picked":"animator:Kazuma","floor":18.0}],"player_experience":844527,"relics_obtained":[{"floor":7.0,"key":"hubris:TenFootPole"},{"floor":9.0,"key":"hubris:Metronome"}],"event_choices":[{"damage_healed":0.0,"max_hp_gain":0.0,"max_hp_loss":0.0,"gold_gain":0.0,"cards_transformed":["animator:Strike"],"event_name":"Transmorgrifier","player_choice":"Transformed","floor":2.0,"gold_loss":0.0,"damage_taken":0.0,"cards_obtained":["animator:Demiurge"]},{"damage_healed":0.0,"max_hp_gain":0.0,"max_hp_loss":0.0,"gold_gain":99.0,"event_name":"Nest","player_choice":"Stole From Cult","floor":19.0,"gold_loss":0.0,"damage_taken":0.0},{"damage_healed":0.0,"max_hp_gain":0.0,"max_hp_loss":0.0,"gold_gain":0.0,"event_name":"Forgotten Altar","player_choice":"Smashed Altar","floor":21.0,"gold_loss":0.0,"damage_taken":0.0,"cards_obtained":["Decay"]}],"is_beta":false,"boss_relics":[{"not_picked":["hubris:VirtuousBlindfold","animator:CursedBlade"],"picked":"Philosopher\u0027s Stone"}],"items_purged_floors":[],"is_endless":false,"potions_floor_spawned":[3,4,14,16],"killed_by":"Spheric Guardian","ascension_level":8}}