{"host":"ijf4uk0u2tt2bygg","time":1612726550,"event":{"mods":["2.2 Compatiblity","AchievementEnabler","BaseMod","BetterRewards","Block Reminder","Colored Map","Colored Powertips","Curses Come First","DeckTracker","Hermit","Highlight Path","Minty Spire (QoL Compilation)","Permanent Neow","Quick Restart","Relic Stats","StSLib","SuperFastMode","The Bug Knight","The Cursed","The Hierophant","The Necromancer","The Servant 0.9.4","Unknown Chances"],"gold_per_floor":[110,126,401,411,425,458,458,492,519,532,545,545,21,36,36,132,132,143,163,163,13,13,13,43,43,70,84,94,112,132,147,147,247,247,257,305,320,48,48,48,381,381,408,458,458,486,486,486,486,486],"floor_reached":51,"language":"ENG","playtime":8542,"items_purged":["Defend_B","Regret","Chaos"],"score":812,"play_id":"8f653d89-9a5d-4da9-a62f-e8554c2b7523","local_time":"20210207213550","is_ascension_mode":false,"campfire_choices":[{"data":"Defragment","floor":7.0,"key":"SMITH"},{"floor":12.0,"key":"REST"},{"floor":15.0,"key":"REST"},{"data":"Defragment","floor":23,"key":"SMITH"},{"data":"Echo Form","floor":25,"key":"SMITH"},{"data":"Loop","floor":32,"key":"SMITH"},{"data":"Echo Form","floor":40,"key":"SMITH"},{"data":"Seek","floor":42,"key":"SMITH"},{"data":"Chill","floor":47,"key":"SMITH"},{"data":"Cold Snap","floor":49,"key":"SMITH"}],"circlet_count":0,"master_deck":["Strike_B+1","Strike_B+1","Strike_B+1","Strike_B+1","Defend_B+1","Defend_B+1","Defend_B+1","Zap","Dualcast","Coolheaded","Turbo","Rebound","Auto Shields","Chill+1","Defragment+1","Cold Snap+1","Barrage","Blizzard","Self Repair","Undo","Loop+1","Echo Form+1","Defragment+1","Conserve Battery","Ball Lightning","Ball Lightning+1","Melter","Undo+1","Barrage","Echo Form+1","Hologram+1","Capacitor+1","FTL+1","Seek+1","Writhe","Hologram+1"],"relics":["Cracked Core","Torii","OrangePellets","Whetstone","Oddly Smooth Stone","Juzu Bracelet","Boot","Toy Ornithopter","Regal Pillow","SlaversCollar","Dream Catcher","Pen Nib","Cursed Key","Unceasing Top","Medical Kit","Old Coin","HollowMod:PaleOreRelic","FossilizedHelix","Lantern"],"acts_visited":["Exordium","TheCity","TheBeyond"],"potions_floor_usage":[24,24,33,33,35,36,46],"damage_taken":[{"damage":0.0,"enemies":"Cultist","floor":1.0,"turns":3.0},{"damage":1.0,"enemies":"Jaw Worm","floor":2.0,"turns":5.0},{"damage":0.0,"enemies":"2 Louse","floor":4.0,"turns":2.0},{"damage":2.0,"enemies":"Exordium Thugs","floor":5.0,"turns":3.0},{"damage":17.0,"enemies":"Gremlin Nob","floor":6.0,"turns":5.0},{"damage":24.0,"enemies":"3 Sentries","floor":8.0,"turns":10.0},{"damage":1.0,"enemies":"2 Fungi Beasts","floor":10.0,"turns":3.0},{"damage":2.0,"enemies":"Large Slime","floor":11.0,"turns":6.0},{"damage":10.0,"enemies":"Exordium Thugs","floor":14.0,"turns":4.0},{"damage":0.0,"enemies":"Slime Boss","floor":16.0,"turns":9.0},{"damage":4.0,"enemies":"Spheric Guardian","floor":18.0,"turns":6.0},{"damage":2.0,"enemies":"Shell Parasite","floor":19.0,"turns":8.0},{"damage":6,"enemies":"Gremlin Leader","floor":24,"turns":8},{"damage":13,"enemies":"Snecko","floor":27,"turns":6},{"damage":1,"enemies":"Sentry and Sphere","floor":28,"turns":7},{"damage":8,"enemies":"Cultist and Chosen","floor":29,"turns":6},{"damage":16,"enemies":"Snake Plant","floor":30,"turns":4},{"damage":0,"enemies":"Centurion and Healer","floor":31,"turns":8},{"damage":25,"enemies":"Automaton","floor":33,"turns":10},{"damage":10,"enemies":"3 Shapes","floor":35,"turns":4},{"damage":39,"enemies":"2 Orb Walkers","floor":36,"turns":7},{"damage":11,"enemies":"Orb Walker","floor":37,"turns":4},{"damage":0,"enemies":"Nemesis","floor":41,"turns":8},{"damage":24,"enemies":"Mind Bloom Boss Battle","floor":44,"turns":5},{"damage":13,"enemies":"Giant Head","floor":46,"turns":8},{"damage":2,"enemies":"Donu and Deca","floor":50,"turns":9}],"seed_played":"-6287073433605822928","potions_obtained":[{"floor":1.0,"key":"Energy Potion"},{"floor":5.0,"key":"FocusPotion"},{"floor":8.0,"key":"Strength Potion"},{"floor":14.0,"key":"EntropicBrew"},{"floor":16.0,"key":"EssenceOfDarkness"},{"floor":29,"key":"FearPotion"},{"floor":33,"key":"SpeedPotion"},{"floor":35,"key":"EssenceOfSteel"},{"floor":36,"key":"FairyPotion"},{"floor":37,"key":"SpeedPotion"},{"floor":44,"key":"FairyPotion"}],"is_trial":false,"path_per_floor":["M","M","?","M","M","E","R","E","T","M","M","R","$","M","R","B",null,"M","M","?","$","?","R","E","R","T","M","M","M","M","M","R","B",null,"M","?","M","$","?","R","E","R","T","?","?","E","R","?","R","B",null],"character_chosen":"DEFECT","items_purchased":["Torii","OrangePellets","Coolheaded","Whetstone","Toy Ornithopter","Regal Pillow","Self Repair","FocusPotion","Defragment","Conserve Battery","FocusPotion","Medical Kit"],"campfire_rested":2,"item_purchase_floors":[0,0,0,0,13,13,13,13,21,21,21,38],"current_hp_per_floor":[59,58,58,58,56,39,39,15,15,14,12,34,34,31,68,75,75,75,75,75,75,75,75,75,75,75,62,68,67,51,51,51,43,75,75,36,25,25,66,66,66,66,66,56,56,62,62,62,62,63],"gold":486,"neow_bonus":"","is_daily":false,"chose_seed":false,"campfire_upgraded":8,"win_rate":0.0,"timestamp":1612726550,"path_taken":["M","M","?","?","M","E","R","E","T","M","M","R","?","M","R","BOSS","M","M","?","$","?","R","E","R","T","M","M","M","M","M","R","BOSS","M","?","M","$","?","R","E","R","T","?","?","E","R","?","R","BOSS"],"items_purchased_type":["Relic","Relic","Card","Relic","Relic","Relic","Card","Potion","Card","Card","Potion","Relic"],"build_version":"2020-12-22","purchased_purges":3,"victory":true,"max_hp_per_floor":[75,75,75,75,75,75,75,75,75,75,75,75,75,75,75,75,75,75,75,75,75,75,75,75,75,75,75,75,75,75,75,75,75,75,75,75,75,75,66,66,66,66,66,66,66,66,66,63,63,63],"relic_stats":{"Regal Pillow":15,"Torii":32,"counters":[26,157],"Pen Nib":[13],"Juzu Bracelet":1,"Whetstone":["Strike_B","Strike_B"],"Boot":[95],"Cursed Key":1,"Medical Kit":[4],"OrangePellets":[6],"Dream Catcher":0,"obtain_stats":[{"Regal Pillow":13,"Lantern":46,"Torii":0,"Oddly Smooth Stone":6,"Pen Nib":26,"Juzu Bracelet":8,"Whetstone":0,"Boot":9,"Cursed Key":34,"Medical Kit":38,"Old Coin":41,"Sozu":0,"OrangePellets":0,"SlaversCollar":17,"Dream Catcher":24,"HollowMod:PaleOreRelic":43,"Cracked Core":0,"Toy Ornithopter":13,"Unceasing Top":36,"FossilizedHelix":44},{"Regal Pillow":8,"Lantern":25,"Torii":0,"Oddly Smooth Stone":5,"Pen Nib":13,"Juzu Bracelet":6,"Whetstone":0,"Boot":6,"Cursed Key":19,"Medical Kit":22,"Old Coin":23,"Sozu":0,"OrangePellets":0,"SlaversCollar":10,"Dream Catcher":13,"HollowMod:PaleOreRelic":23,"Cracked Core":0,"Toy Ornithopter":8,"Unceasing Top":21,"FossilizedHelix":24},{"Regal Pillow":37,"Lantern":148,"Torii":0,"Oddly Smooth Stone":18,"Pen Nib":72,"Juzu Bracelet":28,"Whetstone":0,"Boot":28,"Cursed Key":113,"Medical Kit":128,"Old Coin":135,"Sozu":0,"OrangePellets":0,"SlaversCollar":50,"Dream Catcher":72,"HollowMod:PaleOreRelic":135,"Cracked Core":0,"Toy Ornithopter":37,"Unceasing Top":124,"FossilizedHelix":140}],"Toy Ornithopter":22,"Unceasing Top":[8]},"card_choices":[{"not_picked":["Reprogram","Fusion"],"picked":"Turbo","floor":1.0},{"not_picked":["Turbo","Beam Cell"],"picked":"Rebound","floor":2.0},{"not_picked":["Steam Power","Go for the Eyes"],"picked":"Auto Shields","floor":4.0},{"not_picked":["Doom and Gloom","Streamline"],"picked":"Chill","floor":5.0},{"not_picked":["Genetic Algorithm","Seek"],"picked":"Defragment","floor":6.0},{"not_picked":["Chill","Barrage"],"picked":"Cold Snap","floor":8.0},{"not_picked":["Gash","Reinforced Body"],"picked":"Barrage","floor":10.0},{"not_picked":["Beam Cell","Reprogram"],"picked":"Blizzard","floor":11.0},{"not_picked":["Coolheaded","Beam Cell","Stack"],"picked":"SKIP","floor":14.0},{"not_picked":["Stack","Cold Snap"],"picked":"Undo","floor":18.0},{"not_picked":["Barrage","Conserve Battery"],"picked":"Loop","floor":19.0},{"not_picked":["Steam","Compile Driver"],"picked":"Ball Lightning","floor":24},{"not_picked":["Sunder","Go for the Eyes"],"picked":"Chaos","floor":27},{"not_picked":["Cold Snap","Biased Cognition"],"picked":"Ball Lightning+1","floor":28},{"not_picked":["Chill","Storm"],"picked":"Melter","floor":29},{"not_picked":["Streamline","Steam"],"picked":"Undo+1","floor":30},{"not_picked":["Darkness","Ball Lightning"],"picked":"Barrage","floor":31},{"not_picked":["Fission","Multi-Cast"],"picked":"Echo Form","floor":33},{"not_picked":["Compile Driver","Double Energy+1"],"picked":"Hologram+1","floor":35},{"not_picked":["Storm+1","Hello World"],"picked":"Capacitor+1","floor":36},{"not_picked":["Go for the Eyes","Barrage"],"picked":"FTL+1","floor":37},{"not_picked":["Echo Form","Streamline"],"picked":"Seek","floor":41},{"not_picked":["Blizzard+1","Aggregate+1"],"picked":"Hologram+1","floor":46}],"player_experience":34130,"relics_obtained":[{"floor":6.0,"key":"Oddly Smooth Stone"},{"floor":8.0,"key":"Juzu Bracelet"},{"floor":9.0,"key":"Boot"},{"floor":24,"key":"Dream Catcher"},{"floor":26,"key":"Pen Nib"},{"floor":36,"key":"Unceasing Top"},{"floor":41,"key":"Old Coin"},{"floor":43,"key":"HollowMod:PaleOreRelic"},{"floor":44,"key":"FossilizedHelix"},{"floor":46,"key":"Lantern"}],"event_choices":[{"damage_healed":0.0,"max_hp_gain":0.0,"max_hp_loss":0.0,"gold_gain":275.0,"event_name":"Golden Shrine","player_choice":"Desecrate","floor":3.0,"gold_loss":0.0,"damage_taken":0.0,"cards_obtained":["Regret"]},{"damage_healed":0.0,"max_hp_gain":0.0,"max_hp_loss":0.0,"gold_gain":0.0,"event_name":"The Library","player_choice":"Read","floor":20.0,"gold_loss":0.0,"damage_taken":0.0,"cards_obtained":["Echo Form"]},{"damage_healed":0,"gold_gain":0,"player_choice":"Simplicity","damage_taken":0,"max_hp_gain":0,"max_hp_loss":0,"event_name":"Back to Basics","floor":22,"gold_loss":0,"cards_upgraded":["Strike_B","Strike_B","Defend_B","Defend_B","Defend_B"]},{"damage_healed":0,"gold_gain":0,"player_choice":"Fight","damage_taken":0,"max_hp_gain":0,"max_hp_loss":0,"event_name":"Mysterious Sphere","floor":36,"gold_loss":0},{"damage_healed":66,"gold_gain":0,"player_choice":"Heal","damage_taken":0,"max_hp_gain":0,"max_hp_loss":9,"event_name":"The Moai Head","floor":39,"gold_loss":0},{"damage_healed":0,"gold_gain":0,"player_choice":"Fight","damage_taken":0,"max_hp_gain":0,"max_hp_loss":0,"event_name":"MindBloom","floor":44,"gold_loss":0},{"damage_healed":0,"gold_gain":0,"player_choice":"Memory 1","damage_taken":0,"max_hp_gain":0,"max_hp_loss":0,"event_name":"SensoryStone","floor":45,"gold_loss":0},{"damage_healed":0,"gold_gain":0,"player_choice":"Max HP","damage_taken":0,"max_hp_gain":0,"max_hp_loss":3,"event_name":"Winding Halls","floor":48,"gold_loss":0}],"is_beta":false,"boss_relics":[{"not_picked":["Busted Crown","Philosopher\u0027s Stone"],"picked":"SlaversCollar"},{"not_picked":["SacredBark","Tiny House"],"picked":"Cursed Key"}],"items_purged_floors":[0,13,38],"is_endless":false,"potions_floor_spawned":[1,5,8,14,16,19,29,33,35,36,37,44],"ascension_level":0}}