{"host":"54jr43vd79817238","time":1612677031,"event":{"mods":["100% Spire Juice","ATMod(°¢èªMod)","Act Like it!","Arknights","Aspiration","BaseMod","CapriCore","Dota2Spire","Friendly Minions","Gensokyo","Hallownest","Hermit","Jedi Mod","KomeijiMod","Lobotomy","LobotomyExtend","Marisa£¨ìFÓê¡¡Ä§ÀíÉ³£©","Minty Spire (QoL Compilation)","MostiFishMod","Prisma Mod","Quarter Circle Forward PUNCH!","Reliquary","Replay The Spire","Robot Space Explorer","RumiaBox-Â¶Ã×æ«µÄÉñÃØºÐ×Ó","Spicy Shops","StSLib","TestMod","The Blackbeard","WarShipGirlsR/Õ½½¢ÉÙÅ®R mod","Yakumo Yukari mod","Youmu£¨»êÆÇÑýÃÎ£©","Yuyuko","¡¾ÒÅÎï¿¨ÅÆ¡¿REMEMod"],"gold_per_floor":[117,117,136,146,157,157,0,0,24,24,24,34,52,79,79,179,179,199,239,239,252,252,252,284,284,284,284,115,115,147,147,147,245,245,261,120,133,152,162,162,193,211,211,240,240,272,290,306,306,306,306,306,306,14,44,44],"floor_reached":57,"language":"ZHS","playtime":5738,"items_purged":[],"score":1608,"play_id":"f0d9d908-523f-4f3f-924e-eef47d748c1f","local_time":"20210207135030","is_ascension_mode":true,"campfire_choices":[{"data":"Living to Die","floor":6,"key":"SMITH"},{"data":"blackbeard:BoostMorale","floor":8,"key":"SMITH"},{"data":"Lunch","floor":10,"key":"SMITH"},{"floor":15,"key":"RECALL"},{"data":"Supernatural Nether","floor":23,"key":"SMITH"},{"data":"Supernatural Nether","floor":25,"key":"SMITH"},{"data":"Lunch","floor":27,"key":"SMITH"},{"data":"All Wander","floor":29,"key":"SMITH"},{"data":"Unstable Ward","floor":32,"key":"SMITH"},{"data":"Gone","floor":40,"key":"SMITH"},{"data":"The Nether","floor":53,"key":"SMITH"}],"circlet_count":0,"master_deck":["Dreamy Sakura","Dreamy Sakura","Dreamy Sakura","Dreamy Sakura","Dreamy Sakura","Deathly Ground","Faramita\u0027s Temptation","blackbeard:BoostMorale+1","AT_ChampionStep","Open The Fan+1","Unstable Ward+1","Living to Die+1","Lunch+1","Supernatural Nether+1","All Wander+1","Supernatural Nether+1","Unborn Light","Lunch+1","testmod-Recap+1","jedi:forcepush+1","Past Graveyard+1","Nihility","Infinite Sin","Death Dancing+1","Gone+1","Stifle","Snow+1","Gone+1","The Nether+1","Wandering Soul+1","Unfulfilling Attachment+1","AT_WindFlip+1"],"relics":["Coronal","Yuyuko\u0027s fan","DaveBox","AT_ATBox","testmod-TestBox","REME_ComplimentaryCards","aspiration:Nostalgia","blackbeard:LoadTheCannons","testmod-RealStoneCalender","EGODaCapo","SynthV:TestCard","Hallownest:DreamNailRelic","Hallownest:BankAccountRelic","Smiling Mask","Ice Cream","testmod-Temperance","AT_ForceNature","Dota2Spire:DivineRapier","Golden Egg","ReplayTheSpireMod:ShopPack","testmod-Charity","Orichalcum","qcfpunch:Killian_Engine_Alpha","Civilization","qcfpunch:Red_Headband","aspiration:StickyExplosives_weak","qcfpunch:Chain_With_Nametags","PrismaticShard","reliquary:TridentHead"],"acts_visited":["Hallownest:Greenpath","Hallownest:CityofTears","Gensokyo:Gensokyoest","TheEnding"],"potions_floor_usage":[14,16,30,33,38,41,55,56],"damage_taken":[{"damage":5,"enemies":"Hallownest:2_MossCreeps","floor":1,"turns":3},{"damage":4,"enemies":"Hallownest:monsterHuskGuard","floor":3,"turns":3},{"damage":7,"enemies":"Hallownest:2_Baldur","floor":4,"turns":3},{"damage":4,"enemies":"Hallownest:1_Baldur_1_Crawlid_1_Warrior","floor":5,"turns":2},{"damage":14,"enemies":"Hallownest:monsterMarmu","floor":11,"turns":3},{"damage":8,"enemies":"Hallownest:Wandering_and_Horned","floor":12,"turns":3},{"damage":3,"enemies":"Hallownest:MossCreep_and_Mosskin","floor":13,"turns":3},{"damage":4,"enemies":"Hallownest:eliteVengeflyKing","floor":14,"turns":4},{"damage":21,"enemies":"Hallownest:BossHornet","floor":16,"turns":5},{"damage":4,"enemies":"Hallownest:2_Mistakes","floor":18,"turns":4},{"damage":6,"enemies":"Hallownest:Guard_and_Sentry","floor":21,"turns":3},{"damage":2,"enemies":"Hallownest:Nosk","floor":24,"turns":4},{"damage":12,"enemies":"Hallownest:eliteWatcherKnight","floor":30,"turns":8},{"damage":9,"enemies":"Hallownest:BossGrimm","floor":33,"turns":4},{"damage":12,"enemies":"Gensokyo:AncientGuardian","floor":35,"turns":5},{"damage":0,"enemies":"Gensokyo:3_Bats","floor":37,"turns":1},{"damage":3,"enemies":"Gensokyo:Rafflesia","floor":38,"turns":7},{"damage":1,"enemies":"Gensokyo:AtlasGolem","floor":39,"turns":3},{"damage":2,"enemies":"Gensokyo:Kasen","floor":41,"turns":4},{"damage":1,"enemies":"Gensokyo:SeedOfUnknown","floor":42,"turns":2},{"damage":2,"enemies":"Gensokyo:Doremy","floor":44,"turns":4},{"damage":6,"enemies":"Gensokyo:Marisa","floor":46,"turns":3},{"damage":1,"enemies":"Gensokyo:Dusk_and_Dawn","floor":47,"turns":3},{"damage":2,"enemies":"Gensokyo:3_Boulders","floor":48,"turns":4},{"damage":5,"enemies":"Gensokyo:Shinki","floor":50,"turns":6},{"damage":31,"enemies":"Shield and Spear","floor":55,"turns":5},{"damage":2,"enemies":"The Heart","floor":56,"turns":5}],"seed_played":"-2236577569483639845","potions_obtained":[{"floor":1,"key":"Firefly"},{"floor":3,"key":"BlessingOfTheForge"},{"floor":14,"key":"testmod-SpacePotion"},{"floor":18,"key":"jedi:holywater"},{"floor":21,"key":"Turbid Wine"},{"floor":30,"key":"Turbid Wine"},{"floor":33,"key":"Turbid Wine"},{"floor":38,"key":"Turbid Wine"},{"floor":41,"key":"Turbid Wine"},{"floor":55,"key":"Turbid Wine"}],"is_trial":false,"path_per_floor":["M","?","M","M","M","R","?","R","T","R","?","M","M","E","R","B",null,"M","$","?","M","?","R","E","R","T","R","$","R","E","?","R","B",null,"M","COS","M","M","M","R","E","M","T","E","?","E","M","M","R","B",null,null,"R","$","E","B",null],"character_chosen":"YUYOKO","items_purchased":["ReplayTheSpireMod:ShopPack","testmod-Charity","qcfpunch:Chain_With_Nametags","PrismaticShard"],"campfire_rested":0,"item_purchase_floors":[28,28,54,54],"current_hp_per_floor":[37,37,37,35,35,35,35,35,35,35,37,37,37,36,36,35,40,36,36,36,39,39,39,38,38,38,38,38,38,37,41,41,40,42,35,35,45,49,57,57,62,69,69,74,76,76,81,92,94,96,96,99,99,100,87,109],"gold":44,"neow_bonus":"NOSTALGIA","is_daily":false,"chose_seed":false,"campfire_upgraded":10,"win_rate":0.0,"timestamp":1612677030,"path_taken":["M","?","M","?","M","R","?","R","T","R","?","M","M","E","R","BOSS","M","$","?","?","?","R","E","R","T","R","?","R","E","?","R","BOSS","M","COS","M","?","M","R","E","?","T","E","?","E","?","M","R","BOSS","R","$","E","BOSS"],"items_purchased_type":["Relic","Relic","Relic","Relic"],"build_version":"2020-12-22","purchased_purges":0,"victory":true,"max_hp_per_floor":[40,40,40,40,40,40,40,40,40,40,40,40,40,40,40,40,40,40,40,40,40,40,40,40,40,40,40,40,40,41,41,41,42,42,43,43,47,52,58,58,64,70,70,76,76,82,88,94,94,99,99,99,99,100,106,111],"card_choices":[{"not_picked":["Gone","City of Death"],"picked":"Open The Fan","floor":1},{"not_picked":["Postpone Bloom","Dark Wind","Ghostdom Sakura","Gauzy Sakura"],"picked":"Unstable Ward","floor":3},{"not_picked":["All Wander","Become Phantom","Monster Cherry Tree","Butterflies Rainbow"],"picked":"Living to Die","floor":4},{"not_picked":["Infinite Sin","Gauzy Sakura","Phantom Gift","Monster Cherry Tree"],"picked":"Lunch","floor":5},{"not_picked":["Steamed Phantom","All Wander","Sweet of Phantom","Unstable Ward"],"picked":"Supernatural Nether","floor":12},{"not_picked":["Reverse The Screen","Infinite Sin","Immigrant Phantom","Become Phantom"],"picked":"All Wander","floor":13},{"not_picked":["Gauzy Sakura","Unknown Petal","Gone","Open The Fan"],"picked":"Gather the Spring","floor":14},{"not_picked":["Revive The Butterflies","Ghastly Dream","Mirror of Mind","Ticket to Heaven"],"picked":"Supernatural Nether","floor":16},{"not_picked":["Elegance","Final of Final","Become Phantom","Trap Lamp"],"picked":"Unborn Light","floor":18},{"not_picked":["Dancing Butterflies","Final of Final+1","Wandering Soul","Unpaved Way"],"picked":"Lunch","floor":21},{"not_picked":["Dying Butterflies","Showy Withering+1","Mini Ghostdom","Reverse The Screen"],"picked":"End of Faramita+1","floor":24},{"not_picked":["MostiFishMod:OneDayCity","REME_PuzzleBox","testmod-Reproduce","testmod-PowerStrike"],"picked":"testmod-Recap","floor":28},{"not_picked":["GradualImprovement","MostiFishMod:BrokenBlackCloak","Deep Breath","AT_PowerWithin"],"picked":"jedi:forcepush","floor":28},{"not_picked":["RidiculousThoughts","jedi:LeechingStrike","testmod-AutoReboundSystem","Replay:BasicMightCard"],"picked":"ReplayTheSpireMod:Uncanny Aura","floor":28},{"not_picked":["Dying Sakura","City of Death","Unknown Petal","Trap Lamp","All Wander"],"picked":"SKIP","floor":30},{"not_picked":["Dying Dream","Ghost Spot","Float on Moon","Ghost Lead"],"picked":"Past Graveyard","floor":33},{"not_picked":["Sweet of Phantom+1","Open The Fan+1","Gather the Spring+1","The Forgotten Winter"],"picked":"Nihility","floor":35},{"not_picked":["Trap Lamp","Redemption of Death+1","Open The Fan","Gather the Spring+1"],"picked":"Infinite Sin","floor":37},{"not_picked":["Unborn Light","Monster Cherry Tree","Trap Lamp+1","All Wander"],"picked":"Death Dancing+1","floor":38},{"not_picked":["Wandering Soul","Fondling of Papilio+1","Serene Spring","Gauzy Sakura"],"picked":"Gone","floor":39},{"not_picked":["Sakura Ward","Lunch+1","Ghastly Dream","Dancing Butterflies"],"picked":"Stifle","floor":41},{"not_picked":["Linger over Flower+1","Childlike","City of Death+1","Dancing Butterflies+1"],"picked":"Snow+1","floor":42},{"not_picked":["Ghostdom Sakura+1","Dying Butterflies+1","Gather the Spring","Bloom"],"picked":"Gone+1","floor":44},{"not_picked":["Stifle","Open The Fan","Unstable Ward","Bury in The Template"],"picked":"The Nether","floor":46},{"not_picked":["City of Death+1","Become Phantom+1","All Wander","Dark Wind+1"],"picked":"Wandering Soul+1","floor":47},{"not_picked":["Dying Sakura","Fondling of Papilio","All Wander","Gather the Spring"],"picked":"Unfulfilling Attachment","floor":48},{"not_picked":["DC","ats:Charging Defense+1","hermit:LuckOfTheDraw","ats:Poison Spread"],"picked":"AT_WindFlip+1","floor":55}],"player_experience":338084,"relics_obtained":[{"floor":1,"key":"SynthV:TestCard"},{"floor":9,"key":"Smiling Mask"},{"floor":14,"key":"Ice Cream"},{"floor":24,"key":"Dota2Spire:DivineRapier"},{"floor":26,"key":"Golden Egg"},{"floor":30,"key":"Orichalcum"},{"floor":44,"key":"qcfpunch:Red_Headband"},{"floor":46,"key":"aspiration:StickyExplosives_weak"},{"floor":55,"key":"reliquary:TridentHead"}],"event_choices":[],"is_beta":false,"boss_relics":[{"not_picked":["Cursed Key","testmod-HarvestTotem"],"picked":"testmod-Temperance"},{"not_picked":["FixedStarFall","Kintsugi"],"picked":"qcfpunch:Killian_Engine_Alpha"}],"items_purged_floors":[],"is_endless":false,"potions_floor_spawned":[1,3,14,18,21,30,37,38,41,46,48],"ascension_level":1}}