{"host":"a5v7x5tmlr5iccdt","time":1612690315,"event":{"mods":["100% Spire Juice","Act Like it!","Aspiration","BaseMod","Colored Map","Colored Powertips","Conspire","Downfall","Energized Spire","Gensokyo","Hallownest","Highlight Path","Minty Spire (QoL Compilation)","Quick Restart","Remilia£®¿Ÿ√◊¿Ú—«£©","Replay The Spire","Robot Space Explorer","StSLib","The Bug Knight","The Poker Player","Youmu£®ªÍ∆«—˝√Œ£©"],"gold_per_floor":[119,44,64,64,164,196,208,219,219,219,59,59,59,76,76,177,177,189,189,189,189,204,238,238,257,257,257,285,305,305,322,322,425,425,441,456,467,502,516,541,541,576,576,591,607,607,607,622,622,622],"floor_reached":51,"language":"ZHS","playtime":2009,"items_purged":["Defend_RM"],"score":924,"play_id":"0d9fdbd2-6d73-4e26-acd1-afee951f7f9c","local_time":"20210207173155","is_ascension_mode":false,"campfire_choices":[{"data":"TransientEternity","floor":13.0,"key":"SMITH"},{"data":"VampireClaw","floor":15.0,"key":"SMITH"},{"data":"1","floor":24.0,"key":"LIFT"},{"data":"2","floor":32.0,"key":"LIFT"},{"data":"3","floor":46,"key":"LIFT"},{"data":"BloodyHallows","floor":49,"key":"SMITH"}],"circlet_count":0,"master_deck":["Strike_RM+1","Strike_RM","Strike_RM","Strike_RM","Defend_RM","Defend_RM","Defend_RM+1","RedMoon","BombardNight","BloodAndWine","VampireKiss+1","UnstableMagic","TransientEternity+1","AfternoonTea","VampireClaw+1","RedRainbow","ScarletCoffin+1","CurseOfVladTepes","Gensokyo:FourOfAKind","Gensokyo:FourOfAKind","Gensokyo:FourOfAKind","StarOfDavid+1","TransientEternity","LeisurelyOfLord+1","ScarletMeister","VampireKiss+1","ScarletNetherworld","BloodyHallows+1","MastersStateliness+1","MastersStateliness+1","VampirishNight+1","GlobalNightmare+1","DiffusionOfMisfortune+1","HunterOfTheNight+1","ScarletImprint","ScarletImprint+1","VampireKiss+1"],"relics":["ScarletHat","NeowsBlessing","Gensokyo:Mercy","Vajra","Replay:Wax Seal","Strawberry","Gensokyo:CelestialsFlawlessClothing","Gensokyo:BookOfSpecters","aspiration:PoetsPen_weak","Counterbalance","aspiration:FetidBarrel","Girya","Replay:Accelerometer","aspiration:DSix","Garlic","Mango","Coffee Dripper","aspiration:StickyExplosives_weak","Torii","aspiration:HummingbirdHeart","PreservedInsect","Gungnir","Blue Candle"],"acts_visited":["Gensokyo:Gensokyo","Gensokyo:Gensokyoer","Gensokyo:Gensokyoest"],"potions_floor_usage":[33,33,38],"damage_taken":[{"damage":0.0,"enemies":"Gensokyo:3_Fairies","floor":1.0,"turns":1.0},{"damage":0.0,"enemies":"Gensokyo:Python","floor":3.0,"turns":1.0},{"damage":0.0,"enemies":"Gensokyo:Mamizou","floor":6.0,"turns":2.0},{"damage":0.0,"enemies":"Gensokyo:Gryphon","floor":7.0,"turns":3.0},{"damage":7.0,"enemies":"Gensokyo:LivingMonolith","floor":8.0,"turns":5.0},{"damage":0.0,"enemies":"Gensokyo:Kitsune","floor":14.0,"turns":2.0},{"damage":32.0,"enemies":"Gensokyo:Kokoro","floor":16.0,"turns":9.0},{"damage":0.0,"enemies":"Gensokyo:Chomper","floor":18.0,"turns":2.0},{"damage":21.0,"enemies":"Gensokyo:3_Dogs","floor":22.0,"turns":5.0},{"damage":0.0,"enemies":"Gensokyo:Reisen","floor":23.0,"turns":2.0},{"damage":9.0,"enemies":"Gensokyo:Slime_Group","floor":25.0,"turns":3.0},{"damage":3.0,"enemies":"Gensokyo:Koishi","floor":28.0,"turns":4.0},{"damage":2.0,"enemies":"Gensokyo:Chomper_and_Gloop","floor":29.0,"turns":3.0},{"damage":25.0,"enemies":"Gensokyo:Mirror_and_Dog","floor":31.0,"turns":2.0},{"damage":21,"enemies":"Gensokyo:Eiki","floor":33,"turns":6},{"damage":0,"enemies":"Gensokyo:3_Bats","floor":35,"turns":3},{"damage":0,"enemies":"Gensokyo:AncientGuardian","floor":36,"turns":3},{"damage":16,"enemies":"Gensokyo:3_Boulders","floor":37,"turns":3},{"damage":27,"enemies":"conspire:MimicChest","floor":38,"turns":5},{"damage":33,"enemies":"Gensokyo:SeedOfUnknown","floor":39,"turns":4},{"damage":1,"enemies":"Gensokyo:Doremy","floor":40,"turns":4},{"damage":8,"enemies":"Gensokyo:Kasen","floor":42,"turns":3},{"damage":0,"enemies":"Gensokyo:4_Bats","floor":44,"turns":2},{"damage":0,"enemies":"Gensokyo:3_Boulders","floor":45,"turns":2},{"damage":1,"enemies":"Gensokyo:Dusk_and_Dawn","floor":48,"turns":2},{"damage":0,"enemies":"Gensokyo:Scarlet_Devils","floor":50,"turns":7}],"seed_played":"-2122045010335600332","potions_obtained":[{"floor":1.0,"key":"Strength Potion"},{"floor":6.0,"key":"Death Potion"},{"floor":16.0,"key":"Languid Potion"},{"floor":18.0,"key":"Dexterity Potion"},{"floor":22.0,"key":"AttackPotion"},{"floor":28.0,"key":"LiquidBronze"},{"floor":31.0,"key":"SpeedPotion"},{"floor":33,"key":"champ:CounterPotion"},{"floor":37,"key":"Fire Potion"},{"floor":38,"key":"bronze:BurnAndBuffPotion"},{"floor":38,"key":"Dexterity Potion"},{"floor":44,"key":"SpeedPotion"},{"floor":48,"key":"Energy Potion"}],"is_trial":false,"path_per_floor":["M","$","M","?","?","E","M","M","T","?","?","?","R","M","R","B",null,"M","?","?","?","M","E","R","M","T","T","E","M","?","M","R","B",null,"M","M","M","?","M","E","?","E","T","M","M","R","?","M","R","B",null],"character_chosen":"REMILIA","items_purchased":[],"campfire_rested":0,"item_purchase_floors":[],"current_hp_per_floor":[75,75,75,75,45,50,52,47,54,34,34,42,42,45,45,24,82,82,82,58,58,37,38,38,32,32,32,30,32,38,19,19,35,72,76,76,70,55,31,42,50,68,68,68,68,68,63,64,64,80],"gold":622,"neow_bonus":"THREE_ENEMY_KILL","is_daily":false,"chose_seed":false,"campfire_upgraded":3,"win_rate":0.0,"timestamp":1612690315,"path_taken":["M","?","M","?","?","E","M","?","T","?","?","?","R","M","R","BOSS","M","?","?","?","M","E","R","M","T","?","E","M","?","M","R","BOSS","M","?","M","?","M","E","?","E","T","M","?","R","?","M","R","BOSS"],"items_purchased_type":[],"build_version":"2020-12-22","purchased_purges":1,"victory":true,"max_hp_per_floor":[75,75,75,75,75,75,75,75,82,82,82,82,82,82,82,82,82,82,82,58,58,58,58,58,58,58,58,58,58,58,58,58,72,72,76,76,80,80,80,80,80,80,80,80,80,80,80,80,80,80],"card_choices":[{"not_picked":["TwelveNightmare","EmergencyRegeneration"],"picked":"BombardNight","floor":1.0},{"not_picked":["TwelveNightmare","FavorOfDestiny"],"picked":"BloodAndWine","floor":3.0},{"not_picked":["UnderTheZenith","BadLadyScramble"],"picked":"VampireKiss","floor":5.0},{"not_picked":["BombardNight","FavorOfDestiny"],"picked":"UnstableMagic","floor":5.0},{"not_picked":["SuperhumanBloodyKnife","BloodHunter"],"picked":"TransientEternity","floor":6.0},{"not_picked":["RedRainbow","BlasphemousPunishment"],"picked":"AfternoonTea","floor":7.0},{"not_picked":["UnstableMagic","ForbiddenFruit"],"picked":"VampireClaw","floor":8.0},{"not_picked":["NightLord","BloodyMagicSquare"],"picked":"RedRainbow","floor":14.0},{"not_picked":["ScarletMeister","HellCatastrophe"],"picked":"ScarletCoffin","floor":16.0},{"not_picked":["Stigmanizer","AfternoonTea+1"],"picked":"VampirishNight","floor":18.0},{"not_picked":["CharismaGuard","EndlessAdversity"],"picked":"StarOfDavid+1","floor":22.0},{"not_picked":["VampireClaw","ScarletImprint"],"picked":"TransientEternity","floor":23.0},{"not_picked":["UnderTheZenith","UnstableMagic+1"],"picked":"LeisurelyOfLord+1","floor":25.0},{"not_picked":["AfternoonTea","ScarletDevil+1"],"picked":"ScarletMeister","floor":28.0},{"not_picked":["ReincarnationDial","EndlessAdversity"],"picked":"VampireKiss+1","floor":29.0},{"not_picked":["BlasphemousPunishment","BombardNight+1"],"picked":"ScarletNetherworld","floor":31.0},{"not_picked":["BloodySeventeenLaser","ScarletCoffin"],"picked":"BloodyHallows","floor":33},{"not_picked":["ScarletDevil","VampireKiss"],"picked":"MastersStateliness+1","floor":35},{"not_picked":["NightDance+1","EndlessAdversity+1"],"picked":"MastersStateliness+1","floor":36},{"not_picked":["StarOfDavid+1","EternalNight"],"picked":"VampirishNight+1","floor":37},{"not_picked":["VampireSweep","UnstableMagic+1"],"picked":"GlobalNightmare+1","floor":39},{"not_picked":["ForbiddenFruit+1","ScarletDevilSign"],"picked":"DiffusionOfMisfortune+1","floor":40},{"not_picked":["VampireKiss","DevilSight+1"],"picked":"HunterOfTheNight+1","floor":42},{"not_picked":["TricksterDevil","ScarletGensokyo"],"picked":"ScarletImprint","floor":44},{"not_picked":["ReincarnationDial+1","BloodyTrap+1"],"picked":"ScarletImprint+1","floor":45},{"not_picked":["UnderTheZenith","UnstableMagic+1"],"picked":"VampireKiss+1","floor":48}],"player_experience":90580,"relics_obtained":[{"floor":5.0,"key":"Vajra"},{"floor":6.0,"key":"Replay:Wax Seal"},{"floor":9.0,"key":"Strawberry"},{"floor":18.0,"key":"Counterbalance"},{"floor":22.0,"key":"aspiration:FetidBarrel"},{"floor":23.0,"key":"Girya"},{"floor":26.0,"key":"Replay:Accelerometer"},{"floor":27.0,"key":"aspiration:DSix"},{"floor":28.0,"key":"Garlic"},{"floor":33,"key":"Mango"},{"floor":38,"key":"aspiration:StickyExplosives_weak"},{"floor":38,"key":"Torii"},{"floor":40,"key":"aspiration:HummingbirdHeart"},{"floor":42,"key":"PreservedInsect"},{"floor":43,"key":"Gungnir"}],"event_choices":[{"damage_healed":0.0,"max_hp_gain":0.0,"max_hp_loss":0.0,"gold_gain":0.0,"event_name":"conspire:Investor","player_choice":"Leave","floor":21.0,"gold_loss":0.0,"damage_taken":0.0}],"is_beta":false,"boss_relics":[{"not_picked":["aspiration:SecretTechniqueScroll","Replay:Drink Me"],"picked":"aspiration:PoetsPen_weak"},{"not_picked":["Cursed Key","conspire:SeveredTorchhead"],"picked":"Coffee Dripper"}],"items_purged_floors":[2],"is_endless":false,"potions_floor_spawned":[1,6,16,18,22,31,38,40,44,48],"ascension_level":0}}