{"host":"qez2w9o4mdgkjem4","time":1612717616,"event":{"mods":["BaseMod","Downfall","Hermit","Minty Spire (QoL Compilation)","StSLib"],"gold_per_floor":[99,116,266,278,293,313,313,45,59,69,69,86,86,111,123,222,222,222,232,232,245,263,290,362,362,362,156,256,269,219,230,244,244,244,244],"floor_reached":33,"language":"ZHS","playtime":2660,"items_purged":["downfall:Icky"],"score":273,"play_id":"12d664eb-250e-4ff3-ba48-3ebb82dabe14","local_time":"20210208010656","is_ascension_mode":false,"campfire_choices":[{"data":"Guardian:CurlUp","floor":1.0,"key":"SMITH"},{"floor":13.0,"key":"REST"},{"data":"expansioncontent:StudyTheSpire","floor":18.0,"key":"SMITH"},{"data":"Guardian:TimeCapacitor","floor":26.0,"key":"SMITH"}],"circlet_count":0,"master_deck":["Guardian:CurlUp+1","Guardian:TwinSlam","Guardian:ConstructionForm","Guardian:TimeCapacitor+1","expansioncontent:StudyTheSpire+1","Guardian:ArmoredProtocol","Guardian:Suspension","Guardian:AncientConstruct","Guardian:FastForward","Guardian:Preprogram","Guardian:Planning","Guardian:Emergency","Guardian:PolyBeam","Guardian:CrystalBeam","Guardian:ShieldCharger","Guardian:TimeBomb","Guardian:Planning","expansioncontent:StudyTheSpire","Guardian:TimeCapacitor","J.A.X.","Guardian:Gem_Yellow","Guardian:TimeCapacitor","Guardian:BodySlam"],"relics":["Guardian:ModeShifter","Art of War","Pantograph","Pandora\u0027s Box","Happy Flower","Darkstone Periapt","MutagenicStrength"],"acts_visited":["Exordium","TheCity"],"potions_floor_usage":[33,33],"damage_taken":[{"damage":11.0,"enemies":"Jaw Worm","floor":2.0,"turns":4.0},{"damage":9.0,"enemies":"Cultist","floor":4.0,"turns":5.0},{"damage":0.0,"enemies":"2 Louse","floor":5.0,"turns":3.0},{"damage":6.0,"enemies":"Exordium Wildlife","floor":6.0,"turns":8.0},{"damage":0.0,"enemies":"downfall:FleeingMerchant","floor":8.0,"turns":4.0},{"damage":0.0,"enemies":"2 Fungi Beasts","floor":9.0,"turns":3.0},{"damage":10.0,"enemies":"Exordium Wildlife","floor":10.0,"turns":3.0},{"damage":8.0,"enemies":"Lots of Slimes","floor":12.0,"turns":6.0},{"damage":21.0,"enemies":"3 Sentries","floor":14.0,"turns":9.0},{"damage":0.0,"enemies":"2 Fungi Beasts","floor":15.0,"turns":5.0},{"damage":24.0,"enemies":"SI_SHIV_ARCHETYPE","floor":16.0,"turns":12.0},{"damage":0.0,"enemies":"Spheric Guardian","floor":19.0,"turns":5.0},{"damage":10.0,"enemies":"Chosen","floor":21.0,"turns":5.0},{"damage":0.0,"enemies":"Snecko","floor":22.0,"turns":5.0},{"damage":20.0,"enemies":"Slavers","floor":23.0,"turns":5.0},{"damage":9.0,"enemies":"downfall:FleeingMerchant","floor":27.0,"turns":4.0},{"damage":18.0,"enemies":"downfall:Augmenter","floor":28.0,"turns":6.0},{"damage":10,"enemies":"Cultist and Chosen","floor":29,"turns":5},{"damage":12,"enemies":"3 Cultists","floor":31,"turns":5},{"damage":13,"enemies":"Chosen and Byrds","floor":32,"turns":4},{"damage":56,"enemies":"DF_ARCHETYPE_CLAW","floor":33,"turns":6}],"seed_played":"-4881058819811578558","potions_obtained":[{"floor":6.0,"key":"Block Potion"},{"floor":9.0,"key":"Strength Potion"},{"floor":12.0,"key":"LiquidMemories"},{"floor":19.0,"key":"PowerPotion"},{"floor":28,"key":"BlessingOfTheForge"},{"floor":31,"key":"Fire Potion"}],"is_trial":false,"path_per_floor":["R","M","?","M","M","M","T","$","M","M","?","M","R","E","M","B",null,"R","M","?","M","M","E","T","?","R","$","?","M","?","M","M","B"],"character_chosen":"GUARDIAN","items_purchased":["expansioncontent:StudyTheSpire","expansioncontent:StudyTheSpire"],"campfire_rested":1,"item_purchase_floors":[8,27],"current_hp_per_floor":[88,77,77,68,68,62,62,62,62,52,52,44,70,49,49,50,88,88,88,88,78,78,58,58,58,58,49,31,21,53,41,28,0,0,0],"gold":244,"neow_bonus":"TEN_PERCENT_HP_BONUS","is_daily":false,"chose_seed":false,"campfire_upgraded":3,"win_rate":0.0,"timestamp":1612717616,"path_taken":["R","M","?","M","M","M","T","$","M","M","?","?","R","E","M","BOSS","R","M","?","M","M","E","T","?","R","$","?","M","?","?","M","BOSS"],"items_purchased_type":["Card","Card"],"build_version":"2020-12-22","purchased_purges":1,"victory":false,"max_hp_per_floor":[88,88,88,88,88,88,88,88,88,88,88,88,88,88,88,88,88,88,88,88,88,88,88,88,88,88,88,88,88,88,88,88,88,88,88],"card_choices":[{"not_picked":["Guardian:Planning","Guardian:Gem_Green"],"picked":"Guardian:Gem_Cyan","floor":2.0},{"not_picked":["Guardian:Suspension","Guardian:RefractedBeam","Guardian:Gem_Red"],"picked":"SKIP","floor":4.0},{"not_picked":["Guardian:PolyBeam","Guardian:WalkerClaw"],"picked":"Guardian:ConstructionForm","floor":5.0},{"not_picked":["Guardian:GuardianWhirl","Guardian:Planning"],"picked":"Guardian:Gem_White","floor":6.0},{"not_picked":["Guardian:ChargeCore","Guardian:Gem_Red"],"picked":"Guardian:TimeCapacitor","floor":8.0},{"not_picked":["Guardian:TemporalShield","Guardian:Gem_White"],"picked":"Guardian:Gem_Crimson","floor":9.0},{"not_picked":["Guardian:Gem_Purple","Guardian:TemporalStrike","Guardian:DonusPower"],"picked":"SKIP","floor":10.0},{"not_picked":["Guardian:PolyBeam","Guardian:Reroute"],"picked":"Guardian:ArmoredProtocol","floor":12.0},{"not_picked":["Guardian:SentryBeam","Guardian:BronzeArmor"],"picked":"Guardian:Suspension","floor":14.0},{"not_picked":["Guardian:EvasiveProtocol","Guardian:BronzeOrb"],"picked":"Guardian:Gem_Yellow","floor":15.0},{"not_picked":["Guardian:ConstructionForm","Guardian:FastForward"],"picked":"Guardian:AncientConstruct","floor":16.0},{"not_picked":["Guardian:Preprogram+1","Guardian:EvasiveProtocol+1"],"picked":"Guardian:ShieldCharger","floor":19.0},{"not_picked":["Guardian:CrystalBeam+1","Guardian:PrismaticBeam+1"],"picked":"Guardian:TimeBomb","floor":21.0},{"not_picked":["Guardian:VentSteam","Guardian:Gem_Lightblue","Guardian:TemporalShield"],"picked":"SKIP","floor":22.0},{"not_picked":["Guardian:Emergency+1","Guardian:TemporalShield"],"picked":"Guardian:Planning","floor":23.0},{"not_picked":["Guardian:PrimingBeam+1","Guardian:Harden","Guardian:RefractedBeam"],"picked":"SKIP","floor":27.0},{"not_picked":["Guardian:StasisStrike","Guardian:CrystalBeam"],"picked":"Guardian:TimeCapacitor","floor":28},{"not_picked":[],"picked":"J.A.X.","floor":28},{"not_picked":["Guardian:BronzeOrb","Guardian:MultiBeam"],"picked":"Guardian:TimeCapacitor","floor":29},{"not_picked":["Guardian:VentSteam+1","Guardian:Gem_Red"],"picked":"Guardian:BodySlam","floor":31},{"not_picked":["Guardian:SentryBeam","Guardian:TimeBomb","Guardian:TemporalShield"],"picked":"SKIP","floor":32}],"player_experience":66443,"relics_obtained":[{"floor":7.0,"key":"Art of War"},{"floor":14.0,"key":"Pantograph"},{"floor":23.0,"key":"Happy Flower"},{"floor":24.0,"key":"Darkstone Periapt"},{"floor":28,"key":"MutagenicStrength"}],"event_choices":[{"damage_healed":0.0,"max_hp_gain":0.0,"max_hp_loss":0.0,"gold_gain":0.0,"event_name":"Vampires","player_choice":"Ignored","floor":20.0,"gold_loss":0.0,"damage_taken":0.0},{"damage_healed":0,"gold_gain":0,"player_choice":"Ignored","damage_taken":0,"max_hp_gain":0,"max_hp_loss":0,"event_name":"Vampires","floor":28,"gold_loss":0}],"is_beta":false,"boss_relics":[{"not_picked":["SacredBark","Astrolabe"],"picked":"Pandora\u0027s Box"}],"items_purged_floors":[8],"is_endless":false,"potions_floor_spawned":[6,9,12,14,19,22,28,31],"killed_by":"DF_ARCHETYPE_CLAW","ascension_level":0}}