{"host":"uhnh33uh34qot0et","time":1612735887,"event":{"mods":["BaseMod","Colored Map","Downfall","Hermit","Marisa????????","Minty Spire (QoL Compilation)","StSLib","The Bug Knight","The Cursed","The Servant 0.9.4"],"gold_per_floor":[119,136,154,172,186,186,199,199,199,211,221,247,56,73,73,171,171,182,26,37,37,53,53,53],"floor_reached":23,"language":"ENG","playtime":646,"items_purged":["Zap"],"score":199,"play_id":"a05e2203-1981-4a8e-8754-ceaed9d80f4f","local_time":"20210207231127","is_ascension_mode":false,"campfire_choices":[{"data":"Sweeping Beam","floor":6,"key":"SMITH"},{"data":"Streamline","floor":8,"key":"SMITH"},{"data":"FTL","floor":15,"key":"SMITH"}],"circlet_count":0,"master_deck":["Strike_B","Strike_B","Strike_B","Strike_B","Defend_B","Defend_B","Defend_B","Defend_B","Dualcast","Sweeping Beam+1","Go for the Eyes","Go for the Eyes","Streamline+1","Rebound","FTL+1","Go for the Eyes","Leap","Streamline","Machine Learning","Rip and Tear","Rebound","Gash"],"relics":["Runic Pyramid","Darkstone Periapt","Matryoshka","Lee\u0027s Waffle","expansioncontent:StudyCardRelic"],"acts_visited":["Exordium","TheCity"],"potions_floor_usage":[7,12,16,16,23,23],"damage_taken":[{"damage":0,"enemies":"2 Louse","floor":1,"turns":2},{"damage":6,"enemies":"Jaw Worm","floor":2,"turns":3},{"damage":1,"enemies":"Cultist","floor":3,"turns":3},{"damage":4,"enemies":"2 Fungi Beasts","floor":4,"turns":3},{"damage":2,"enemies":"Looter","floor":5,"turns":3},{"damage":9,"enemies":"Exordium Thugs","floor":7,"turns":3},{"damage":18,"enemies":"3 Louse","floor":10,"turns":3},{"damage":10,"enemies":"2 Fungi Beasts","floor":11,"turns":3},{"damage":24,"enemies":"Gremlin Nob","floor":12,"turns":4},{"damage":11,"enemies":"Exordium Wildlife","floor":14,"turns":3},{"damage":13,"enemies":"Hexaghost","floor":16,"turns":9},{"damage":25,"enemies":"Shell Parasite","floor":18,"turns":6},{"damage":13,"enemies":"Chosen","floor":20,"turns":4},{"damage":15,"enemies":"Sentry and Sphere","floor":22,"turns":4},{"damage":34,"enemies":"Book of Stabbing","floor":23,"turns":6}],"seed_played":"2115632155564918093","potions_obtained":[{"floor":2,"key":"Strength Potion"},{"floor":7,"key":"sneckomod:MuddlingPotion"},{"floor":11,"key":"Dexterity Potion"},{"floor":12,"key":"AttackPotion"},{"floor":18,"key":"Weak Potion"},{"floor":22,"key":"Strength Potion"}],"is_trial":false,"path_per_floor":["M","M","M","M","M","R","M","R","T","M","M","E","$","M","R","B",null,"M","$","M","$","M","E"],"character_chosen":"DEFECT","items_purchased":["Lee\u0027s Waffle","Leap","Rip and Tear"],"campfire_rested":0,"item_purchase_floors":[13,13,19],"current_hp_per_floor":[75,69,68,64,62,62,53,53,53,35,25,1,82,71,71,58,82,57,57,44,44,29,0,0],"gold":53,"neow_bonus":"BOSS_RELIC","is_daily":false,"chose_seed":false,"campfire_upgraded":3,"win_rate":0.0,"timestamp":1612735887,"path_taken":["M","M","M","M","M","R","M","R","T","M","M","E","$","M","R","BOSS","M","$","M","$","M","E"],"items_purchased_type":["Relic","Card","Card"],"build_version":"2020-12-22","purchased_purges":1,"victory":false,"max_hp_per_floor":[75,75,75,75,75,75,75,75,75,75,75,75,82,82,82,82,82,82,82,82,82,82,82,82],"card_choices":[{"not_picked":["Force Field","Cold Snap"],"picked":"Sweeping Beam","floor":1},{"not_picked":["Defragment","Barrage"],"picked":"Go for the Eyes","floor":2},{"not_picked":["Lockon","Defragment","Hologram"],"picked":"SKIP","floor":3},{"not_picked":["Coolheaded","Ball Lightning","Cold Snap"],"picked":"SKIP","floor":4},{"not_picked":["Stack","Cold Snap"],"picked":"Go for the Eyes","floor":5},{"not_picked":["Conserve Battery","Steam"],"picked":"Streamline","floor":7},{"not_picked":["Consume","Stack"],"picked":"Rebound","floor":10},{"not_picked":["Conserve Battery","Blizzard"],"picked":"FTL","floor":11},{"not_picked":["Fission","Amplify"],"picked":"Go for the Eyes","floor":12},{"not_picked":["Coolheaded","Ball Lightning"],"picked":"Streamline","floor":14},{"not_picked":["Multi-Cast","Thunder Strike"],"picked":"Machine Learning","floor":16},{"not_picked":["Stack+1","Barrage","Coolheaded"],"picked":"SKIP","floor":18},{"not_picked":["Barrage","Cold Snap"],"picked":"Rebound","floor":20},{"not_picked":["Ball Lightning+1","Blizzard"],"picked":"Gash","floor":22}],"player_experience":23237,"relics_obtained":[{"floor":9,"key":"Darkstone Periapt"},{"floor":12,"key":"Matryoshka"}],"event_choices":[],"is_beta":false,"boss_relics":[{"not_picked":["Busted Crown","Inserter"],"picked":"expansioncontent:StudyCardRelic"}],"items_purged_floors":[19],"is_endless":false,"potions_floor_spawned":[2,7,11,12,18,22],"killed_by":"Book of Stabbing","ascension_level":0}}