{"host":"2qv44oxt58ptq59r","time":1612713486,"event":{"mods":["AchievementEnabler","BaseMod","Colored Powertips","Highlight Path","Minty Spire (QoL Compilation)","Permanent Neow","StSLib"],"gold_per_floor":[125,1,21,21,39,39,39,39,39,59,81,114,114,124,124,235,244,227,227,227,250,5,34,69,69,92,41,41,28,54,78,78,78,78],"floor_reached":33,"language":"ENG","playtime":2750,"items_purged":["Strike_R"],"score":358,"play_id":"bcfd223c-23d2-475c-b123-138fea314b53","local_time":"20210207155806","is_ascension_mode":true,"campfire_choices":[{"data":"Bash","floor":6.0,"key":"SMITH"},{"data":"Flame Barrier","floor":8.0,"key":"SMITH"},{"floor":15.0,"key":"REST"},{"floor":25,"key":"RECALL"},{"data":"Barricade","floor":28,"key":"SMITH"},{"floor":32,"key":"REST"}],"circlet_count":0,"master_deck":["Strike_R+1","Strike_R+1","Strike_R+1","Strike_R+1","Defend_R+1","Defend_R+1","Defend_R+1","Defend_R+1","Bash+1","Thunderclap","Flame Barrier+1","Disarm","Inflame","Barricade+1","CurseOfTheBell","Inflame","Heavy Blade+1","Spot Weakness+1","Shrug It Off+1","Feel No Pain","Sword Boomerang"],"relics":["Burning Blood","CeramicFish","Paper Frog","Tiny Chest","Orichalcum","Calling Bell","MealTicket","Toxic Egg 2","StoneCalendar","MutagenicStrength","Anchor","Toy Ornithopter","Blue Candle"],"acts_visited":["Exordium","TheCity"],"potions_floor_usage":[23,24,24,30,31],"damage_taken":[{"damage":8.0,"enemies":"Jaw Worm","floor":1.0,"turns":5.0},{"damage":2.0,"enemies":"2 Louse","floor":3.0,"turns":2.0},{"damage":6.0,"enemies":"Small Slimes","floor":5.0,"turns":3.0},{"damage":8.0,"enemies":"3 Louse","floor":10.0,"turns":3.0},{"damage":8.0,"enemies":"Blue Slaver","floor":11.0,"turns":3.0},{"damage":35.0,"enemies":"3 Sentries","floor":12.0,"turns":9.0},{"damage":14.0,"enemies":"Gremlin Gang","floor":14.0,"turns":4.0},{"damage":38.0,"enemies":"Hexaghost","floor":16.0,"turns":8.0},{"damage":39.0,"enemies":"2 Thieves","floor":18.0,"turns":5.0},{"damage":1,"enemies":"Spheric Guardian","floor":23,"turns":7},{"damage":25,"enemies":"Book of Stabbing","floor":24,"turns":5},{"damage":34,"enemies":"Cultist and Chosen","floor":30,"turns":7},{"damage":17,"enemies":"Centurion and Healer","floor":31,"turns":7},{"damage":77,"enemies":"Automaton","floor":33,"turns":6}],"seed_played":"6487605107078578643","potions_obtained":[{"floor":1.0,"key":"PowerPotion"},{"floor":3.0,"key":"Fire Potion"},{"floor":11.0,"key":"Strength Potion"},{"floor":12.0,"key":"HeartOfIron"},{"floor":18.0,"key":"Energy Potion"},{"floor":23,"key":"LiquidBronze"}],"is_trial":false,"path_per_floor":["M","$","M","?","M","R","?","R","T","M","M","E","?","M","R","B",null,"M","?","?","T","$","M","E","R","T","$","R","$","M","M","R","B"],"character_chosen":"IRONCLAD","items_purchased":["AttackPotion","Toy Ornithopter","SkillPotion","PowerPotion","PowerPotion","Shrug It Off+1"],"campfire_rested":2,"item_purchase_floors":[2,22,22,22,27,29],"current_hp_per_floor":[70,70,74,74,74,74,74,74,74,72,70,41,34,26,50,18,65,32,32,32,32,47,57,48,48,48,63,63,78,55,49,73,0,0],"gold":78,"neow_bonus":"RANDOM_COMMON_RELIC","is_daily":false,"chose_seed":false,"campfire_upgraded":3,"win_rate":0.0,"timestamp":1612713486,"path_taken":["M","$","M","?","M","R","?","R","T","M","M","E","?","M","R","BOSS","M","?","?","?","$","M","E","R","T","$","R","?","?","M","R","BOSS"],"items_purchased_type":["Potion","Relic","Potion","Potion","Potion","Card"],"build_version":"2020-12-22","purchased_purges":1,"victory":false,"max_hp_per_floor":[80,80,80,80,80,80,80,80,80,80,80,80,80,80,80,80,80,80,80,80,80,80,80,80,80,80,80,80,80,80,80,80,80,80],"card_choices":[{"not_picked":["Entrench","Reckless Charge"],"picked":"Thunderclap","floor":1.0},{"not_picked":["Dropkick","Bloodletting"],"picked":"Flame Barrier","floor":3.0},{"not_picked":["Wild Strike","Havoc","Flex"],"picked":"SKIP","floor":5.0},{"not_picked":["Wild Strike","Anger"],"picked":"Disarm","floor":10.0},{"not_picked":["Entrench","Ghostly Armor"],"picked":"Inflame","floor":11.0},{"not_picked":["Power Through","Thunderclap","Armaments"],"picked":"SKIP","floor":12.0},{"not_picked":["Iron Wave","Hemokinesis","Dual Wield"],"picked":"SKIP","floor":14.0},{"not_picked":["Double Tap","Exhume"],"picked":"Barricade","floor":16.0},{"not_picked":["Second Wind+1","Thunderclap"],"picked":"Inflame","floor":18.0},{"not_picked":["Battle Trance+1","Dual Wield+1"],"picked":"Heavy Blade+1","floor":23},{"not_picked":["Whirlwind+1","Shrug It Off+1"],"picked":"Spot Weakness+1","floor":24},{"not_picked":["Headbutt","Armaments+1"],"picked":"Feel No Pain","floor":30},{"not_picked":["Thunderclap","Burning Pact+1"],"picked":"Sword Boomerang","floor":31}],"player_experience":5626991,"relics_obtained":[{"floor":9.0,"key":"Paper Frog"},{"floor":12.0,"key":"Tiny Chest"},{"floor":17.0,"key":"MealTicket"},{"floor":17.0,"key":"Toxic Egg 2"},{"floor":17.0,"key":"StoneCalendar"},{"floor":21.0,"key":"Anchor"},{"floor":24,"key":"Blue Candle"}],"event_choices":[{"damage_healed":0.0,"max_hp_gain":0.0,"max_hp_loss":0.0,"gold_gain":0.0,"event_name":"Liars Game","player_choice":"Ignored","floor":4.0,"gold_loss":0.0,"damage_taken":0.0},{"damage_healed":0.0,"max_hp_gain":0.0,"max_hp_loss":0.0,"gold_gain":0.0,"event_name":"The Cleric","player_choice":"Leave","floor":7.0,"gold_loss":0.0,"damage_taken":0.0},{"damage_healed":0.0,"max_hp_gain":0.0,"max_hp_loss":0.0,"gold_gain":0.0,"event_name":"Scrap Ooze","player_choice":"Success","floor":13.0,"gold_loss":0.0,"damage_taken":7.0,"relics_obtained":["Orichalcum"]},{"damage_healed":0.0,"max_hp_gain":0.0,"max_hp_loss":0.0,"gold_gain":0.0,"event_name":"Back to Basics","player_choice":"Simplicity","floor":19.0,"gold_loss":0.0,"damage_taken":0.0,"cards_upgraded":["Strike_R","Strike_R","Strike_R","Strike_R","Defend_R","Defend_R","Defend_R","Defend_R"]},{"damage_healed":0.0,"max_hp_gain":0.0,"max_hp_loss":0.0,"gold_gain":0.0,"event_name":"Drug Dealer","player_choice":"Inject Mutagens","floor":20.0,"gold_loss":0.0,"damage_taken":0.0,"relics_obtained":["MutagenicStrength"]}],"is_beta":false,"boss_relics":[{"not_picked":["Empty Cage","Runic Pyramid"],"picked":"Calling Bell"}],"items_purged_floors":[2],"is_endless":false,"potions_floor_spawned":[1,3,11,12,18,23],"killed_by":"Automaton","ascension_level":7}}