{"host":"bcpyscfajg8dk59p","time":1612718721,"event":{"mods":["Act Like it!","BaseMod","BetterRewards","Colored Map","Colored Powertips","Conspire","Downfall","Friendly Minions","Hubris","Infinite Spire","Ironclad Rager","Minty Spire (QoL Compilation)","Permanent Neow","Quarter Circle Forward PUNCH!","Replay The Spire","StSLib","SuperFastMode","Trackpad"],"gold_per_floor":[113,44,57,68,68,68,88,88,88,100,175,175,195,15,15,119,119,139,39,49,67,77,77,87,87,141,156,170,186,27,40,40,143,143,153,164,164,0,0,0,13,38,38,38,58,72,72,1,1,1],"floor_reached":51,"language":"ENG","playtime":2648,"items_purged":["Strike_G","Defend_G","Defend_G","Wraith Form v2+1"],"score":759,"play_id":"903dea89-b676-4f28-aff6-055b8429b825","local_time":"20210207092521","is_ascension_mode":true,"campfire_choices":[{"data":"Prepared","floor":6,"key":"SMITH"},{"data":"Neutralize","floor":8,"key":"SMITH"},{"data":"ReplayTheSpireMod:Scrap Shanks","floor":12,"key":"SMITH"},{"data":"Wraith Form v2","floor":23,"key":"SMITH"},{"data":"Fluid Movement","floor":25,"key":"SMITH"},{"data":"Defend_G","floor":32,"key":"PURGE"},{"data":"A Thousand Cuts","floor":40,"key":"SMITH"},{"data":"Cloak And Dagger","floor":44,"key":"SMITH"},{"data":"Cloak And Dagger","floor":49,"key":"SMITH"}],"circlet_count":0,"master_deck":["Strike_G","Strike_G","Defend_G","Defend_G","Survivor","Neutralize+1","ReplayTheSpireMod:Scrap Shanks+1","Accuracy","Prepared+1","Blur","Dagger Throw","Footwork+1","Infinite Blades+1","Cloak And Dagger+1","Backflip","Deflect","Fluid Movement+1","Blade Dance+1","Cloak And Dagger+1","Cloak And Dagger","Footwork+1","A Thousand Cuts+1","Tactician+1","Deflect","infinitespire:Starlight","Prepared+1","Accuracy","Clumsy","Footwork"],"relics":["Ring of the Snake","Centennial Puzzle","hubris:MysteriousPyramids","Empty Cage","Toy Ornithopter","qcfpunch:Crimson_Sash","hubris:PeanutButter","trackpad:RiggedDice","Red Mask","hubris:Icosahedron","hubris:SlimyHat"],"acts_visited":["Exordium","TheCity","TheBeyond"],"potions_floor_usage":[16,24,28,33,50],"damage_taken":[{"damage":1,"enemies":"2 Louse","floor":1,"turns":3},{"damage":2,"enemies":"Cultist","floor":3,"turns":6},{"damage":12,"enemies":"infinitespire:Voidling","floor":4,"turns":5},{"damage":18,"enemies":"Gremlin Gang","floor":7,"turns":5},{"damage":8,"enemies":"Large Slime","floor":10,"turns":5},{"damage":2,"enemies":"Looter","floor":13,"turns":3},{"damage":13,"enemies":"Fading Forest","floor":16,"turns":11},{"damage":16,"enemies":"3 Byrds","floor":18,"turns":6},{"damage":0,"enemies":"Spheric Guardian","floor":20,"turns":4},{"damage":1,"enemies":"Snecko","floor":21,"turns":6},{"damage":15,"enemies":"Snake Plant","floor":22,"turns":6},{"damage":0,"enemies":"Cultist and Chosen","floor":24,"turns":8},{"damage":2,"enemies":"Centurion and Healer","floor":27,"turns":9},{"damage":2,"enemies":"Shelled Parasite and Fungi","floor":28,"turns":7},{"damage":8,"enemies":"Sentry and Sphere","floor":29,"turns":5},{"damage":0,"enemies":"conspire:HollyBat","floor":31,"turns":8},{"damage":5,"enemies":"Collector","floor":33,"turns":18},{"damage":14,"enemies":"Orb Walker","floor":35,"turns":4},{"damage":14,"enemies":"3 Shapes","floor":36,"turns":4},{"damage":0,"enemies":"Maw","floor":41,"turns":7},{"damage":0,"enemies":"Nemesis","floor":42,"turns":4},{"damage":3,"enemies":"Writhing Mass","floor":45,"turns":5},{"damage":7,"enemies":"Transient","floor":46,"turns":5},{"damage":8,"enemies":"hubris:GrandSnecko","floor":50,"turns":8}],"seed_played":"5131603657237864628","potions_obtained":[{"floor":3,"key":"Languid Potion"},{"floor":4,"key":"Languid Potion"},{"floor":5,"key":"FairyPotion"},{"floor":5,"key":"Swift Potion"},{"floor":13,"key":"CunningPotion"},{"floor":22,"key":"DuplicationPotion"},{"floor":24,"key":"Weak Potion"},{"floor":27,"key":"Fire Potion"},{"floor":28,"key":"Elixir"},{"floor":42,"key":"hexamod:SoulburnPotion"},{"floor":46,"key":"AttackPotion"}],"is_trial":false,"path_per_floor":["M","$","M","M","?","R","M","R","T","M","?","R","M","$","R_BF","B",null,"M","$","M","M","M","R","M","R","T","M","M","M","$","M","R_BF","B",null,"M","M","AVR","?","?","R","M","E","T","R","M","M","?","$","R","B",null],"character_chosen":"THE_SILENT","items_purchased":["Accuracy","Infinite Blades+1","Cloak And Dagger","Cloak And Dagger","Footwork"],"campfire_rested":0,"item_purchase_floors":[2,14,14,30,48],"current_hp_per_floor":[69,69,67,64,64,64,46,46,46,38,31,31,29,29,50,43,70,54,54,54,53,38,38,38,38,38,36,39,31,31,31,31,31,66,52,38,38,38,38,38,43,48,48,48,50,48,48,48,48,48],"gold":1,"neow_bonus":"RANDOM_COMMON_RELIC","is_daily":false,"chose_seed":false,"campfire_upgraded":8,"win_rate":0.0,"timestamp":1612718721,"path_taken":["M","$","M","M","?","R","?","R","T","M","?","R","M","$","R_BF","BOSS","M","$","M","M","M","R","M","R","T","?","M","M","$","M","R_BF","BOSS","M","?","AVR","?","?","R","M","E","T","R","M","?","?","$","R","BOSS"],"items_purchased_type":["Card","Card","Card","Card","Card"],"build_version":"2020-12-22","purchased_purges":4,"victory":true,"max_hp_per_floor":[70,70,70,70,70,70,70,70,70,70,70,70,70,70,70,70,70,70,70,70,70,70,70,70,70,70,70,70,70,70,70,70,70,70,70,70,70,70,70,70,70,70,70,70,70,70,67,67,67,67],"card_choices":[{"not_picked":["Toxin Wave","Draining Mist"],"picked":"ReplayTheSpireMod:Scrap Shanks","floor":1},{"not_picked":["PiercingWail","Flying Knee"],"picked":"Prepared","floor":3},{"not_picked":["Terror","Underhanded Strike"],"picked":"Blur","floor":4},{"not_picked":["ReplayTheSpireMod:Shiv Toss","Well Laid Plans","ReplayTheSpireMod:The Works"],"picked":"SKIP","floor":7},{"not_picked":["conspire:PoisonWeapons","Bullet Time"],"picked":"Dagger Throw","floor":10},{"not_picked":["Poisoned Stab","Prepared"],"picked":"Footwork","floor":13},{"not_picked":["Bullet Time","ReplayTheSpireMod:From All Sides"],"picked":"Wraith Form v2","floor":16},{"not_picked":["Sucker Punch","Dagger Spray"],"picked":"Backflip","floor":18},{"not_picked":["Slice","Underhanded Strike+1","ReplayTheSpireMod:Shiv Toss"],"picked":"SKIP","floor":20},{"not_picked":["Slice","ReplayTheSpireMod:Necrosis"],"picked":"Deflect","floor":21},{"not_picked":["Hidden Blade","conspire:PoisonWeapons","Finisher+1"],"picked":"SKIP","floor":22},{"not_picked":["Poisoned Stab","Blade Dance"],"picked":"Fluid Movement","floor":24},{"not_picked":["hubris:SlightOfHand","Grand Finale","Endless Agony"],"picked":"SKIP","floor":27},{"not_picked":["hubris:SlightOfHand","Grand Finale","Endless Agony"],"picked":"SKIP","floor":27},{"not_picked":["Footwork","hubris:SlightOfHand"],"picked":"Blade Dance+1","floor":28},{"not_picked":["Outmaneuver","Slice+1","Poisoned Stab"],"picked":"SKIP","floor":29},{"not_picked":["hubris:TrickCloak","hubris:SlightOfHand"],"picked":"Footwork+1","floor":31},{"not_picked":["Atom Bomb","Unload"],"picked":"A Thousand Cuts","floor":33},{"not_picked":["Poisoned Stab","Fluid Movement+1"],"picked":"Tactician+1","floor":35},{"not_picked":["Quick Slash","hubris:SlightOfHand+1"],"picked":"Deflect","floor":36},{"not_picked":["Quick Slash+1","conspire:PoisonWeapons+1"],"picked":"Prepared+1","floor":41},{"not_picked":["Acrobatics","Underhanded Strike","Slice"],"picked":"SKIP","floor":42},{"not_picked":["Backflip+1","Terror"],"picked":"Accuracy","floor":45},{"not_picked":["Quick Slash","Bane","Endless Agony+1"],"picked":"SKIP","floor":46}],"player_experience":460861,"relics_obtained":[{"floor":9,"key":"hubris:MysteriousPyramids"},{"floor":26,"key":"Toy Ornithopter"},{"floor":42,"key":"hubris:SlimyHat"}],"event_choices":[{"damage_healed":0,"gold_gain":0,"player_choice":"Got Potions","damage_taken":0,"max_hp_gain":0,"max_hp_loss":0,"event_name":"Lab","floor":5,"gold_loss":0},{"damage_healed":0,"gold_gain":75,"player_choice":"Touch","damage_taken":7,"max_hp_gain":0,"max_hp_loss":0,"event_name":"FaceTrader","floor":11,"gold_loss":0},{"damage_healed":0,"gold_gain":0,"player_choice":"Paid","damage_taken":0,"relics_obtained":["Red Mask"],"max_hp_gain":0,"max_hp_loss":0,"event_name":"Tomb of Lord Red Mask","floor":38,"gold_loss":164},{"damage_healed":0,"gold_gain":0,"cards_transformed":["Parasite"],"player_choice":"Transformed","damage_taken":0,"max_hp_gain":0,"max_hp_loss":0,"event_name":"Transmorgrifier","floor":47,"gold_loss":0,"cards_obtained":["Clumsy"]}],"is_beta":false,"boss_relics":[{"not_picked":["Kintsugi","Replay:Wanted Poster"],"picked":"Empty Cage"},{"not_picked":["Velvet Choker","SlaversCollar"],"picked":"qcfpunch:Crimson_Sash"}],"items_purged_floors":[14,19,30,37],"is_endless":false,"potions_floor_spawned":[3,4,10,13,22,24,27,28,29,42,46],"ascension_level":1}}