{"host":"i0m6ffz3lpe3z1ky","time":1612710491,"event":{"mods":["Aspiration","BaseMod","Bestiary","BetterRewards","Colored Map","Conspire","Energized Spire","Highlight Path","Hubris","Ironclad Rager","Minty Spire (QoL Compilation)","Quick Restart","Reliquary","Shop Mod","Spicy Shops","StSLib","Thieving Mod"],"gold_per_floor":[139,11,11,11,76,105,105,159,159,174,186,231,231,283,283,361,361,395,432,452,216,216,216,216],"floor_reached":23,"language":"KOR","playtime":1200,"items_purged":["Parasite","Strike_R"],"score":418,"play_id":"7206dc3e-8093-40b0-9e6c-bd8abaa72876","local_time":"20210208000811","is_ascension_mode":true,"campfire_choices":[{"data":"Body Slam","floor":7.0,"key":"SMITH"},{"data":"Body Slam","floor":13.0,"key":"SMITH"},{"data":"Barricade","floor":15.0,"key":"SMITH"}],"circlet_count":0,"master_deck":["AscendersBane","Strike_R","Strike_R","Strike_R","Strike_R","Defend_R","Defend_R","Defend_R","Defend_R","Bash","True Grit","Body Slam+1","HandOfGreed","Ghostly Armor","Body Slam+1","Barricade+1","Spot Weakness","Limit Break+1","Second Wind","Flame Barrier+1"],"relics":["Burning Blood","hubris:TenFootPole","conspire:TreasureMap","reliquary:TridentHead","Incense Burner","Vajra","CultistMask","Sling","Bag of Marbles","reliquary:Aerogel","Pear","reliquary:WeakTea","MealTicket","reliquary:WritOfMandamus","conspire:GlowingRock","Membership Card","OrangePellets","Ancient Tea Set"],"acts_visited":["Exordium","TheCity"],"potions_floor_usage":[23],"damage_taken":[{"damage":7.0,"enemies":"conspire:RoseBush","floor":1.0,"turns":2.0},{"damage":5.0,"enemies":"3 Sentries","floor":6.0,"turns":12.0},{"damage":15.0,"enemies":"Lagavulin","floor":8.0,"turns":6.0},{"damage":0.0,"enemies":"Jaw Worm","floor":10.0,"turns":3.0},{"damage":0.0,"enemies":"Small Slimes","floor":11.0,"turns":2.0},{"damage":28.0,"enemies":"3 Sentries","floor":12.0,"turns":9.0},{"damage":0.0,"enemies":"2 Fungi Beasts","floor":14.0,"turns":1.0},{"damage":28.0,"enemies":"The Guardian","floor":16.0,"turns":12.0},{"damage":19.0,"enemies":"2 Thieves","floor":18.0,"turns":4.0},{"damage":25.0,"enemies":"Spheric Guardian","floor":19.0,"turns":5.0},{"damage":7.0,"enemies":"3 Cultists","floor":20.0,"turns":4.0},{"damage":48,"enemies":"Book of Stabbing","floor":23,"turns":4}],"seed_played":"3225564730759718838","potions_obtained":[{"floor":6.0,"key":"Energy Potion"},{"floor":12.0,"key":"Block Potion"},{"floor":16.0,"key":"LiquidBronze"},{"floor":19.0,"key":"LiquidMemories"},{"floor":20.0,"key":"AttackPotion"}],"is_trial":false,"path_per_floor":["M","$","?","$","?","E","R","E","T","M","M","E","R","M","R","B",null,"M","M","M","$","?","E"],"character_chosen":"IRONCLAD","items_purchased":["hubris:TenFootPole","conspire:TreasureMap","reliquary:TridentHead","True Grit","Body Slam","HandOfGreed","Dexterity Potion","OrangePellets","Ancient Tea Set","Fire Potion"],"campfire_rested":0,"item_purchase_floors":[0,0,0,0,0,0,2,21,21,21],"current_hp_per_floor":[32,32,32,32,32,33,33,34,34,40,46,24,24,30,30,8,64,51,32,31,46,46,0,0],"gold":216,"neow_bonus":"","is_daily":false,"chose_seed":false,"campfire_upgraded":3,"win_rate":0.0,"timestamp":1612710491,"path_taken":["M","$","?","?","?","E","R","E","T","M","M","E","R","M","R","BOSS","M","M","M","$","?","E"],"items_purchased_type":["Relic","Relic","Relic","Card","Card","Card","Potion","Relic","Relic","Potion"],"build_version":"2020-12-22","purchased_purges":2,"victory":false,"max_hp_per_floor":[75,72,72,72,72,72,72,82,82,82,82,82,82,82,82,82,82,82,82,82,82,82,82,82],"card_choices":[{"not_picked":["Thunderclap","Flame Barrier"],"picked":"Ghostly Armor","floor":1.0},{"not_picked":["Rupture","Twin Strike"],"picked":"Body Slam","floor":6.0},{"not_picked":["Clash","conspire:ExplosiveBarrier"],"picked":"Barricade","floor":8.0},{"not_picked":["Flex","Clash","Anger"],"picked":"SKIP","floor":10.0},{"not_picked":["Dark Embrace","Headbutt","Rampage"],"picked":"SKIP","floor":11.0},{"not_picked":["Dropkick","Infernal Blade","Whirlwind"],"picked":"SKIP","floor":12.0},{"not_picked":["Wild Strike","Anger"],"picked":"Spot Weakness","floor":14.0},{"not_picked":["Reaper","Double Tap"],"picked":"Limit Break","floor":16.0},{"not_picked":["Pommel Strike","Armaments"],"picked":"Second Wind","floor":18.0},{"not_picked":["Rage","Perfected Strike+1"],"picked":"Flame Barrier+1","floor":19.0},{"not_picked":["Sword Boomerang","Perfected Strike","Pommel Strike"],"picked":"SKIP","floor":20.0}],"player_experience":528120,"relics_obtained":[{"floor":6.0,"key":"reliquary:Aerogel"},{"floor":8.0,"key":"Pear"},{"floor":9.0,"key":"reliquary:WeakTea"},{"floor":12.0,"key":"MealTicket"}],"event_choices":[{"damage_healed":0.0,"max_hp_gain":0.0,"max_hp_loss":0.0,"gold_gain":0.0,"event_name":"FaceTrader","player_choice":"Trade","floor":3.0,"gold_loss":0.0,"damage_taken":0.0,"relics_obtained":["CultistMask"]},{"damage_healed":0.0,"max_hp_gain":0.0,"max_hp_loss":0.0,"gold_gain":65.0,"event_name":"Golden Wing","player_choice":"Gained Gold","floor":5.0,"gold_loss":0.0,"damage_taken":0.0}],"is_beta":false,"boss_relics":[{"not_picked":["aspiration:RunicSpoon","aspiration:WatcherSkillbook"],"picked":"reliquary:WritOfMandamus"}],"items_purged_floors":[2,21],"is_endless":false,"potions_floor_spawned":[6,12,16,19,20],"killed_by":"Book of Stabbing","ascension_level":20}}