{"host":"c02dmb09vpgjjjz3","time":1612727575,"event":{"mods":["100% Spire Juice","Act Like it!","Astrologer","BaseMod","Better Note","Better Sensory Stone","CapriCore","Colored Map","Conspire","Elementarium","Gensokyo","GifTheSpireLib","GungeonMod","Hallownest","Jorbs\u0027s Wanderer Trilogy","Magitek Elite","Marisa????????","Minty Spire (QoL Compilation)","Permanent Neow","Replay The Spire","Robot Space Explorer","Somnambulant","StSLib","Stuff the Spire","The Animator","The Elementalist","The Forsaken","The Hierophant","The Immortal","The Jungle","The Marked","The Runesmith","TheFirefly"],"gold_per_floor":[109,129,129,129,143,175,225,225,225],"floor_reached":8,"language":"ENG","playtime":499,"items_purged":[],"score":56,"play_id":"e20035c5-0ee2-452a-8af1-ed008e8e04bf","local_time":"20210207135255","is_ascension_mode":false,"campfire_choices":[],"circlet_count":0,"master_deck":["theMarked:Strike","theMarked:Strike","theMarked:Strike","theMarked:Strike","theMarked:Strike","theMarked:Defend","theMarked:Defend","theMarked:Defend","theMarked:Defend","theMarked:SoldierOfQuellstein+1","theMarked:HeightenedSenses","theMarked:Memento","theMarked:TwofoldDefense"],"relics":["theMarked:ArtifactOfAir","Gensokyo:PortableGap","Gensokyo:CelestialsFlawlessClothing","theMarked:Gun"],"acts_visited":["Gensokyo:Gensokyo"],"potions_floor_usage":[8],"damage_taken":[{"damage":0,"enemies":"Gensokyo:3_Fairies","floor":1,"turns":3},{"damage":6,"enemies":"Gensokyo:Python","floor":2,"turns":3},{"damage":1,"enemies":"Gensokyo:Gryphon","floor":5,"turns":4},{"damage":30,"enemies":"Gensokyo:Cirno","floor":6,"turns":7},{"damage":75,"enemies":"Gensokyo:Mamizou","floor":8,"turns":18}],"seed_played":"-2086598069862135904","potions_obtained":[{"floor":5,"key":"Elixir"},{"floor":6,"key":"Fire Potion"}],"is_trial":false,"path_per_floor":["M","M","?","?","M","E","?","E"],"character_chosen":"THE_DEFAULT","items_purchased":[],"campfire_rested":0,"item_purchase_floors":[],"current_hp_per_floor":[70,64,63,48,47,17,17,0,0],"gold":225,"neow_bonus":"UPGRADE_CARD","is_daily":false,"chose_seed":false,"campfire_upgraded":0,"win_rate":0.0,"timestamp":1612727575,"path_taken":["M","?","?","?","M","E","?","E"],"items_purchased_type":[],"build_version":"2020-12-22","purchased_purges":0,"victory":false,"max_hp_per_floor":[70,70,63,63,63,63,60,60,60],"card_choices":[{"not_picked":["theMarked:BanishingStrike","theMarked:Static"],"picked":"theMarked:HeightenedSenses","floor":1},{"not_picked":["theMarked:Aftermath","theMarked:HeightenedSenses","theMarked:RepellingDischarge"],"picked":"SKIP","floor":2},{"not_picked":["theMarked:Improvise","theMarked:ThrowWeapon"],"picked":"theMarked:Memento","floor":5},{"not_picked":["theMarked:Opportunist","theMarked:Polarize"],"picked":"theMarked:TwofoldDefense","floor":6}],"player_experience":421921,"relics_obtained":[{"floor":6,"key":"theMarked:Gun"}],"event_choices":[],"is_beta":false,"boss_relics":[],"items_purged_floors":[],"is_endless":false,"potions_floor_spawned":[5,6],"killed_by":"Gensokyo:Mamizou","ascension_level":0}}