{"host":"vr9me2kif8p2xyyc","time":1612714548,"event":{"mods":["2.2 Compatiblity","A Magickal Journey","AchievementEnabler","Act Like it!","Arknights","Aspiration","Astrologer","Bard","Bartender","BaseMod","Beaked The Cultist","Better Match","Better Note","Better Skull","Better Third Choice","BetterRewards","Block Reminder","Booster Modes","CapriCore","Challenge The Spire","ChefMod","Clawfect","Colored Map","Colored Powertips","Conjunction","Conspire","Downfall","Elementarium","Energized Spire","Friendly Minions","GifTheSpireLib","Glutton Mod","Halation","Hallownest","Hermit","Hubris","Jorbs\u0027s Wanderer Trilogy","Kratos Character Expansion","Mad Scientist","Marisa????????","Minty Spire (QoL Compilation)","Pale of the Ancients","Permanent Neow","Potionbrewer","QueenMod","Quick Restart","Random Character Button","Rare Cards Sparkle","Relic Stats","Reliquary","Remilia??????","Replay The Spire","Reworked Bosses","Robot Space Explorer","SCP261 Mod","SIMod","Shade Mod","Shop Mod","Slumbering Mod","Spicy Shops","Spikes Relics","Spire Arcade","StSLib","Stuff the Spire","SuperFastMode","Td1madao Mod","The Alterego","The Animator","The Blackbeard","The Bladedancer","The Blue Laboratory","The Bug Knight","The Caster","The Clintock","The Construct","The Cursed","The Death Knight","The Disciple","The Dragon Tamer","The Druid","The Elementalist","The Exalted","The Extravagant","The Fake Hero","The Florist","The Forsaken","The Gatherer","The Hayseed","The Hierophant","The Immortal","The Judge","The Jungle","The Kombatant","The Marked","The Mystic","The Necromancer","The Poker Player","The Problem Sleuth","The Runesmith","The Sage","The Servant 0.9.4","The Spell Scribe","The Valiant","TheBandit","TheFirefly","TheVacant","TheWitcher","Wandering Minibosses","Weighted Paths","Yohane!","thorton"],"gold_per_floor":[114,0,13,13,13,45,45,104,130,130,141,141,27,38,38,138,138,150,165,165,177,190,190,224,224,224,224,224,65,78,92,92,189,189,203,231,255,265,40,65,65,100,126,142,161,161,93,109,109,109],"floor_reached":51,"language":"ENG","playtime":2966,"items_purged":["Runesmith:Strike_RS","Runesmith:Strike_RS","Runesmith:Strike_RS"],"score":1075,"play_id":"85625e50-ce75-43cd-b31a-ff2bf457b7ea","local_time":"20210207101548","is_ascension_mode":false,"campfire_choices":[{"data":"Runesmith:PerfectChisel","floor":7,"key":"SMITH"},{"data":"Runesmith:ChargedHammer","floor":10,"key":"SMITH"},{"data":"Runesmith:HammerTime","floor":15,"key":"SMITH"},{"data":"Enlightenment","floor":23,"key":"SMITH"},{"data":"Runesmith:DoubleUp","floor":28,"key":"SMITH"},{"data":"Runesmith:FieryHammer+1","floor":32,"key":"SMITH"},{"data":"Runesmith:FieryHammer+2","floor":46,"key":"SMITH"},{"data":"Runesmith:GoWithTheFlow","floor":49,"key":"SMITH"}],"circlet_count":0,"master_deck":["Runesmith:Defend_RS","Runesmith:Defend_RS","Runesmith:Defend_RS","Runesmith:Defend_RS","Enlightenment+1","aspiration:UnbridledHammer","Runesmith:ChargedHammer+1","aspiration:UnbridledHammer","Runesmith:HammerTime+1","Runesmith:CraftIndustria","Runesmith:DoubleUp+1","Runesmith:ElementalConversion","Runesmith:ChargedHammer","Runesmith:FieryHammer+3","Runesmith:UnstableHammer","Runesmith:Permafrost","Runesmith:CraftMedicinae","Runesmith:ArcReactor","Runesmith:MakeshiftArmor+1","Runesmith:Refine","Runesmith:ChargedHammer","Runesmith:EnergizedChisel+1","Runesmith:HammerThrow","Runesmith:GoWithTheFlow+1","Runesmith:CraftObretio"],"relics":["Runesmith:BrokenRuby","MerchantsRug","BlackRope","KratosMod:chalice","sagemod:Falmels_Amulet","TungstenRod","halation:Toothbrush","hubris:Towel","Replay:Rubber Ducky","thethorton:BottledFunds","MealTicket","Bromod:ArcaneAwakening","Replay:Ringing Soul","wanderingMiniBosses:CarrionFlame","Black Star","StuffTheSpire:Experiment12","Ancient Tea Set","Meat on the Bone","StuffTheSpire:GrapeVine","halation:PapillonHeart","Omamori","reliquary:Aerogel","Replay:Mystery Machine","hubris:GlazedTorus"],"acts_visited":["Exordium","TheCity","TheBeyond"],"potions_floor_usage":[16,36,50],"damage_taken":[{"damage":0,"enemies":"ats:Genji","floor":1,"turns":4},{"damage":1,"enemies":"theSlumbering:NewCultist","floor":3,"turns":5},{"damage":16,"enemies":"Gremlin Nob","floor":6,"turns":5},{"damage":2,"enemies":"2 Louse","floor":11,"turns":2},{"damage":6,"enemies":"Blue Slaver","floor":14,"turns":3},{"damage":26,"enemies":"The Guardian","floor":16,"turns":7},{"damage":4,"enemies":"2 Thieves","floor":18,"turns":3},{"damage":4,"enemies":"conspire:FuzzyDice","floor":19,"turns":4},{"damage":38,"enemies":"3 Cultists","floor":21,"turns":6},{"damage":0,"enemies":"Snake Plant","floor":22,"turns":2},{"damage":0,"enemies":"conspire:Head Lice","floor":24,"turns":4},{"damage":0,"enemies":"Centurion and Healer","floor":30,"turns":3},{"damage":0,"enemies":"Sentry and Sphere","floor":31,"turns":4},{"damage":59,"enemies":"hubris:MusketHawk","floor":33,"turns":8},{"damage":22,"enemies":"3 Darklings","floor":35,"turns":3},{"damage":26,"enemies":"conspire:MimicChest","floor":36,"turns":6},{"damage":0,"enemies":"3 Shapes","floor":38,"turns":1},{"damage":0,"enemies":"Reptomancer","floor":40,"turns":3},{"damage":0,"enemies":"HollowMod:StalkingDevout","floor":42,"turns":4},{"damage":0,"enemies":"Sphere and 2 Shapes","floor":44,"turns":3},{"damage":19,"enemies":"Spire Growth","floor":45,"turns":5},{"damage":0,"enemies":"Maw","floor":48,"turns":5},{"damage":13,"enemies":"hubris:GrandSnecko","floor":50,"turns":8}],"seed_played":"2744281029623847255","potions_obtained":[{"floor":6,"key":"blueLaboratory:BottledHope"},{"floor":11,"key":"blueLaboratory:BubblePotion"},{"floor":18,"key":"DeathKnight:RimePotion"},{"floor":24,"key":"potionbrewer:AcidPotion"},{"floor":30,"key":"Energy Potion"},{"floor":36,"key":"potionbrewer:NoxiousPotion"},{"floor":42,"key":"potionbrewer:EndurancePotion"},{"floor":48,"key":"potionbrewer:ToxicPotion"}],"is_trial":false,"path_per_floor":["M","?","M","?","?","E","R","?","T","R","M","?","$","M","R","B",null,"M","M","?","M","M","R","E","T","T","?","R","$","M","M","R","B",null,"M","?","T","M","$","E","?","E","T","M","M","R","$","M","R","B",null],"character_chosen":"RUNESMITH_CLASS","items_purchased":["MerchantsRug","BlackRope","Runesmith:Prism","Replay:Rubber Ducky","Replay:Ringing Soul","hubris:GlazedTorus"],"campfire_rested":0,"item_purchase_floors":[0,0,0,13,29,47],"current_hp_per_floor":[70,76,75,75,80,64,64,64,64,64,62,62,65,59,59,33,84,80,76,79,41,41,41,41,41,56,56,56,71,74,77,77,21,111,92,69,69,72,93,96,96,99,99,102,86,86,101,104,104,91],"gold":109,"neow_bonus":"","is_daily":false,"chose_seed":false,"campfire_upgraded":8,"win_rate":0.0,"timestamp":1612714548,"path_taken":["M","?","M","?","?","E","R","?","T","R","M","?","$","M","R","BOSS","M","M","?","M","M","R","E","?","T","?","R","$","?","M","R","BOSS","M","?","?","?","$","E","?","E","T","M","M","R","$","M","R","BOSS"],"items_purchased_type":["Relic","Relic","Card","Relic","Relic","Relic"],"build_version":"2020-12-22","purchased_purges":3,"victory":true,"max_hp_per_floor":[70,76,76,76,81,81,81,81,81,81,81,81,84,84,84,84,84,84,84,87,87,87,87,87,87,102,102,102,102,105,108,108,111,111,114,117,117,120,126,129,123,126,126,129,132,132,132,135,135,135],"relic_stats":{"counters":[171,892],"MealTicket":45,"Black Star":2,"obtain_stats":[{"Conjunction:SoulLantern":46,"Whetstone":40,"Old Coin":38,"theForsaken:HumbleEgg":0,"Replay:Ringing Soul":29,"Archangels Feather":17,"MealTicket":24,"HollowMod:PaleOreRelic":20,"Replay:Wax Seal":3,"MerchantsRug":30,"theMarked:DemonDagger":9,"Runesmith:BrokenRuby":13,"Sneakers":0,"thethorton:BottledFunds":17,"aspiration:FrozenJewel":3,"Akabeko":12,"potionbrewer:Torch":12,"SlaversCollar":17,"sagemod:Creepy_Carousel":6,"Bromod:ArcaneEnergize":17,"theSlumbering:EnchantedHammer":17,"thethorton:CrushedCigarette":34,"Abe\u0027s Treasure":17,"Regal Pillow":20,"Torii":0,"reliquary:Aerogel":42,"halation:TrafficLight":0,"StuffTheSpire:GrapeVine":40,"sagemod:Blowpipe":6,"sagemod:The_Guidebook_Guide":48,"Ancient Tea Set":37,"Pet Ghost":9,"Replay:Rubber Ducky":13,"StuffTheSpire:OccultApparatus":22,"Bromod:ArcaneAwakening":25,"reliquary:TridentHead":11,"Matryoshka":26,"halation:Toothbrush":7,"StuffTheSpire:RedRose":14,"Replay:Bottled Eggs":9,"hubris:GlazedTorus":47,"Golden Idol":3,"theSlumbering:SlimeShield":28,"Omamori":42,"hubris:Towel":7,"Frozen Egg 2":43,"halation:SelfBoilingWater":17,"Bromod:ArcaneMomentum":48,"theMarked:ArtifactOfAir":13,"halation:SwordOfLegend":9,"SpikesRelics:DaevaFist":38,"Garlic":10,"Runesmith:AutoHammer":50,"halation:PinkSoulGem":3,"Toy Ornithopter":9,"reliquary:FeatherDuster":26,"hermit:ClaspedLocket":34,"conspire:RoyalGoblet":34,"Gremlin Horn":32,"sagemod:Falmels_Amulet":4,"CeramicFish":10,"potionbrewer:AlchemistFlask":19,"conspire:SeveredTorchhead":17,"halation:PrussianBluePaint":9,"Strawberry":42,"Honey Jar":17,"halation:KoshaPiece":26,"Happy Flower":23,"wanderingMiniBosses:ThiefScarf":46,"aspiration:Nostalgia":0,"ReplayTheSpireMod:CursedCoin":13,"conspire:SlowCooker":17,"reliquary:TatteredRug":7,"BlackRope":0,"Bromod:ArcaneConsequence":10,"WarpedTongs":5,"Bottled Flame":26,"aspiration:EmptySkull":9,"ReplayTheSpireMod:Shallot":26,"Simple Rune":17,"Onion Ring":14,"Molten Egg 2":14,"Black Star":34,"hermit:Momento":0,"NlothsMask":21,"Meat on the Bone":0,"ReplayFunnel":11,"SnailShell":47,"halation:PapillonHeart":41,"BrokenLever":43,"theForsaken:Lifeblossom":0,"halation:WeightlessCrab":50,"Incense Burner":7,"Juzu Bracelet":9,"Replay:Mystery Machine":43,"StuffTheSpire:Experiment12":36,"Winged Necklace":46,"Replay:Bandana":10,"Dream Catcher":10,"reliquary:HotPoker":24,"theForsaken:Kindling":25,"MiniBlackHole":14,"elementalistmod:YellowCirclet":4,"astrologer:SkyMirror":0,"halation:LettersToHer":4,"KratosMod:chalice":4,"HollowMod:LifeEnderRelic":21,"Guide Book":42,"halation:IllGainedPizza":21,"Replay:WaspNest":8,"Orichalcum":9,"Calling Bell":17,"Strange Spoon":0,"CaptainsWheel":2,"wanderingMiniBosses:CarrionFlame":31,"halation:EternalFortune":39,"Snack Pack":9,"Bag of Marbles":5,"Membership Card":4,"reliquary:PurpleTingedLeaf":9,"TungstenRod":6,"Huge Egg":26,"ReplayTheSpireMod:ShopPack":28},{"Conjunction:SoulLantern":41,"Whetstone":60,"Old Coin":36,"theForsaken:HumbleEgg":88,"Replay:Ringing Soul":128,"Archangels Feather":95,"MealTicket":159,"HollowMod:PaleOreRelic":115,"Replay:Wax Seal":78,"MerchantsRug":14,"theMarked:DemonDagger":134,"Runesmith:BrokenRuby":152,"Sneakers":0,"thethorton:BottledFunds":154,"aspiration:FrozenJewel":108,"Akabeko":146,"potionbrewer:Torch":83,"SlaversCollar":49,"sagemod:Creepy_Carousel":110,"Bromod:ArcaneEnergize":114,"theSlumbering:EnchantedHammer":85,"thethorton:CrushedCigarette":56,"Abe\u0027s Treasure":9,"Regal Pillow":126,"Torii":65,"reliquary:Aerogel":167,"halation:TrafficLight":18,"StuffTheSpire:GrapeVine":166,"sagemod:Blowpipe":21,"sagemod:The_Guidebook_Guide":41,"Ancient Tea Set":164,"Pet Ghost":151,"Replay:Rubber Ducky":152,"StuffTheSpire:OccultApparatus":126,"Bromod:ArcaneAwakening":159,"reliquary:TridentHead":122,"Matryoshka":128,"halation:Toothbrush":102,"StuffTheSpire:RedRose":48,"Replay:Bottled Eggs":121,"hubris:GlazedTorus":169,"Golden Idol":44,"theSlumbering:SlimeShield":14,"Omamori":167,"hubris:Towel":21,"Frozen Egg 2":61,"halation:SelfBoilingWater":95,"Bromod:ArcaneMomentum":41,"theMarked:ArtifactOfAir":122,"halation:SwordOfLegend":80,"SpikesRelics:DaevaFist":59,"Garlic":93,"Runesmith:AutoHammer":42,"halation:PinkSoulGem":2,"Toy Ornithopter":47,"reliquary:FeatherDuster":159,"hermit:ClaspedLocket":16,"conspire:RoyalGoblet":33,"Gremlin Horn":55,"sagemod:Falmels_Amulet":150,"CeramicFish":5,"potionbrewer:AlchemistFlask":27,"conspire:SeveredTorchhead":124,"halation:PrussianBluePaint":144,"Strawberry":39,"Honey Jar":26,"halation:KoshaPiece":30,"Happy Flower":29,"wanderingMiniBosses:ThiefScarf":41,"aspiration:Nostalgia":0,"ReplayTheSpireMod:CursedCoin":48,"conspire:SlowCooker":73,"reliquary:TatteredRug":133,"BlackRope":148,"Bromod:ArcaneConsequence":22,"WarpedTongs":101,"Bottled Flame":98,"aspiration:EmptySkull":5,"ReplayTheSpireMod:Shallot":53,"Simple Rune":95,"Onion Ring":106,"Molten Egg 2":147,"Black Star":162,"hermit:Momento":0,"NlothsMask":27,"Meat on the Bone":76,"ReplayFunnel":104,"SnailShell":41,"halation:PapillonHeart":166,"BrokenLever":39,"theForsaken:Lifeblossom":130,"halation:WeightlessCrab":42,"Incense Burner":91,"Juzu Bracelet":92,"Replay:Mystery Machine":167,"StuffTheSpire:Experiment12":164,"Winged Necklace":41,"Replay:Bandana":70,"Dream Catcher":81,"reliquary:HotPoker":98,"theForsaken:Kindling":30,"MiniBlackHole":8,"elementalistmod:YellowCirclet":20,"astrologer:SkyMirror":0,"halation:LettersToHer":101,"KratosMod:chalice":150,"HollowMod:LifeEnderRelic":115,"Guide Book":61,"halation:IllGainedPizza":115,"Replay:WaspNest":47,"Orichalcum":69,"Calling Bell":95,"Strange Spoon":65,"CaptainsWheel":120,"wanderingMiniBosses:CarrionFlame":161,"halation:EternalFortune":59,"Snack Pack":21,"Bag of Marbles":132,"Membership Card":67,"reliquary:PurpleTingedLeaf":111,"TungstenRod":151,"Huge Egg":12,"ReplayTheSpireMod:ShopPack":30},{"Conjunction:SoulLantern":257,"Whetstone":357,"Old Coin":213,"theForsaken:HumbleEgg":508,"Replay:Ringing Soul":709,"Archangels Feather":552,"MealTicket":839,"HollowMod:PaleOreRelic":645,"Replay:Wax Seal":442,"MerchantsRug":72,"theMarked:DemonDagger":732,"Runesmith:BrokenRuby":810,"Sneakers":0,"thethorton:BottledFunds":820,"aspiration:FrozenJewel":612,"Akabeko":786,"potionbrewer:Torch":476,"SlaversCollar":295,"sagemod:Creepy_Carousel":622,"Bromod:ArcaneEnergize":640,"theSlumbering:EnchantedHammer":493,"thethorton:CrushedCigarette":342,"Abe\u0027s Treasure":38,"Regal Pillow":702,"Torii":383,"reliquary:Aerogel":871,"halation:TrafficLight":109,"StuffTheSpire:GrapeVine":867,"sagemod:Blowpipe":117,"sagemod:The_Guidebook_Guide":257,"Ancient Tea Set":863,"Pet Ghost":808,"Replay:Rubber Ducky":810,"StuffTheSpire:OccultApparatus":702,"Bromod:ArcaneAwakening":839,"reliquary:TridentHead":674,"Matryoshka":709,"halation:Toothbrush":587,"StuffTheSpire:RedRose":289,"Replay:Bottled Eggs":670,"hubris:GlazedTorus":879,"Golden Idol":274,"theSlumbering:SlimeShield":72,"Omamori":871,"hubris:Towel":117,"Frozen Egg 2":363,"halation:SelfBoilingWater":552,"Bromod:ArcaneMomentum":257,"theMarked:ArtifactOfAir":674,"halation:SwordOfLegend":452,"SpikesRelics:DaevaFist":352,"Garlic":535,"Runesmith:AutoHammer":263,"halation:PinkSoulGem":7,"Toy Ornithopter":285,"reliquary:FeatherDuster":839,"hermit:ClaspedLocket":98,"conspire:RoyalGoblet":194,"Gremlin Horn":335,"sagemod:Falmels_Amulet":803,"CeramicFish":16,"potionbrewer:AlchemistFlask":145,"conspire:SeveredTorchhead":692,"halation:PrussianBluePaint":778,"Strawberry":240,"Honey Jar":143,"halation:KoshaPiece":166,"Happy Flower":158,"wanderingMiniBosses:ThiefScarf":257,"aspiration:Nostalgia":0,"ReplayTheSpireMod:CursedCoin":289,"conspire:SlowCooker":422,"reliquary:TatteredRug":730,"BlackRope":794,"Bromod:ArcaneConsequence":124,"WarpedTongs":580,"Bottled Flame":571,"aspiration:EmptySkull":16,"ReplayTheSpireMod:Shallot":325,"Simple Rune":552,"Onion Ring":604,"Molten Egg 2":789,"Black Star":854,"hermit:Momento":0,"NlothsMask":145,"Meat on the Bone":435,"ReplayFunnel":598,"SnailShell":257,"halation:PapillonHeart":867,"BrokenLever":240,"theForsaken:Lifeblossom":720,"halation:WeightlessCrab":263,"Incense Burner":517,"Juzu Bracelet":523,"Replay:Mystery Machine":871,"StuffTheSpire:Experiment12":863,"Winged Necklace":257,"Replay:Bandana":402,"Dream Catcher":458,"reliquary:HotPoker":571,"theForsaken:Kindling":166,"MiniBlackHole":27,"elementalistmod:YellowCirclet":113,"astrologer:SkyMirror":0,"halation:LettersToHer":580,"KratosMod:chalice":803,"HollowMod:LifeEnderRelic":645,"Guide Book":363,"halation:IllGainedPizza":645,"Replay:WaspNest":285,"Orichalcum":396,"Calling Bell":552,"Strange Spoon":383,"CaptainsWheel":668,"wanderingMiniBosses:CarrionFlame":846,"halation:EternalFortune":352,"Snack Pack":117,"Bag of Marbles":726,"Membership Card":388,"reliquary:PurpleTingedLeaf":625,"TungstenRod":808,"Huge Egg":57,"ReplayTheSpireMod:ShopPack":166}],"TungstenRod":118,"Meat on the Bone":0},"card_choices":[{"not_picked":["Runesmith:HeatExchange","Runesmith:CraftMagma"],"picked":"Runesmith:EarthShield","floor":1},{"not_picked":["Runesmith:HeatedChisel","Runesmith:BackupBattery"],"picked":"Runesmith:PerfectChisel","floor":3},{"not_picked":["Runesmith:GenerateForcefield","Runesmith:HeatExchange"],"picked":"aspiration:UnbridledHammer","floor":6},{"not_picked":["Runesmith:RuneHurl","Runesmith:ShiftingStrike"],"picked":"Runesmith:ChargedHammer","floor":8},{"not_picked":["Runesmith:EnergizedChisel","Runesmith:DoubleUp"],"picked":"aspiration:UnbridledHammer","floor":11},{"not_picked":["Runesmith:CraftProtectio","Runesmith:Repurpose"],"picked":"Runesmith:HammerTime","floor":14},{"not_picked":["Runesmith:ArcReactor","Runesmith:LastStand"],"picked":"Runesmith:CraftIndustria","floor":16},{"not_picked":["Runesmith:Permafrost","Runesmith:CraftProtectio"],"picked":"Runesmith:DoubleUp","floor":18},{"not_picked":["Runesmith:HeatedChisel","Runesmith:CraftMagma"],"picked":"Runesmith:ElementalConversion","floor":19},{"not_picked":["Runesmith:EarthShield","Runesmith:Discharge"],"picked":"Runesmith:ChargedHammer","floor":21},{"not_picked":["Runesmith:Supernova","Runesmith:UnstableHammer"],"picked":"Runesmith:FieryHammer+1","floor":22},{"not_picked":["Runesmith:ChiselStab","Runesmith:Terraform","Runesmith:StaticCage"],"picked":"SKIP","floor":24},{"not_picked":["Runesmith:GoWithTheFlow+1","Runesmith:ChiselStab"],"picked":"Runesmith:UnstableHammer","floor":30},{"not_picked":["Runesmith:Grindstone","Runesmith:EarthShield"],"picked":"Runesmith:Permafrost","floor":31},{"not_picked":["Runesmith:CreatorForm","Runesmith:LastStand"],"picked":"Runesmith:CraftMedicinae","floor":33},{"not_picked":["Runesmith:ElementalConversion","Runesmith:HammerTime"],"picked":"Runesmith:ArcReactor","floor":35},{"not_picked":["Runesmith:NanitesCloud","Runesmith:CraftMagma+1"],"picked":"Runesmith:MakeshiftArmor+1","floor":36},{"not_picked":["Runesmith:WhiteBalance+1","Runesmith:Augment"],"picked":"Runesmith:Refine","floor":38},{"not_picked":["Runesmith:Attraction+1","Runesmith:NanitesCloud"],"picked":"Runesmith:ChargedHammer","floor":40},{"not_picked":["Runesmith:MakeshiftArmor","Runesmith:HammerThrow"],"picked":"Runesmith:EnergizedChisel+1","floor":42},{"not_picked":["Runesmith:FrozenChisel","Runesmith:EnergizedChisel"],"picked":"Runesmith:HammerThrow","floor":44},{"not_picked":["Runesmith:Repurpose","Runesmith:GrandSlam"],"picked":"Runesmith:GoWithTheFlow","floor":45},{"not_picked":["Runesmith:ChiselStab","Runesmith:FrozenChisel+1"],"picked":"Runesmith:CraftObretio","floor":48}],"player_experience":1236534,"relics_obtained":[{"floor":6,"key":"TungstenRod"},{"floor":8,"key":"halation:Toothbrush"},{"floor":9,"key":"Pet Ghost"},{"floor":24,"key":"MealTicket"},{"floor":25,"key":"Bromod:ArcaneAwakening"},{"floor":26,"key":"reliquary:FeatherDuster"},{"floor":31,"key":"wanderingMiniBosses:CarrionFlame"},{"floor":36,"key":"StuffTheSpire:Experiment12"},{"floor":37,"key":"Ancient Tea Set"},{"floor":40,"key":"Meat on the Bone"},{"floor":40,"key":"StuffTheSpire:GrapeVine"},{"floor":42,"key":"Omamori"},{"floor":42,"key":"reliquary:Aerogel"},{"floor":43,"key":"Replay:Mystery Machine"}],"event_choices":[{"damage_healed":0,"gold_gain":0,"player_choice":"RENOUNCE","damage_taken":114,"max_hp_gain":0,"max_hp_loss":0,"event_name":"betterThird:BetterSerpent","floor":2,"gold_loss":114,"cards_obtained":["Enlightenment"]},{"damage_healed":0,"gold_gain":0,"player_choice":"Donut","damage_taken":0,"max_hp_gain":5,"max_hp_loss":0,"event_name":"Big Fish","floor":5,"gold_loss":0},{"cards_removed":["Runesmith:Strike_RS"],"damage_healed":0,"gold_gain":0,"player_choice":"Purged","damage_taken":0,"max_hp_gain":0,"max_hp_loss":0,"event_name":"Purifier","floor":20,"gold_loss":0},{"damage_healed":0,"gold_gain":0,"player_choice":"Got Potions","damage_taken":0,"max_hp_gain":0,"max_hp_loss":0,"event_name":"Lab","floor":27,"gold_loss":0}],"is_beta":false,"boss_relics":[{"not_picked":["conspire:SlowCooker","reliquary:Craggleroot"],"picked":"thethorton:BottledFunds"},{"not_picked":["conspire:RoyalGoblet","halation:ForbiddenBikini"],"picked":"Black Star"}],"items_purged_floors":[13,39,39],"is_endless":false,"potions_floor_spawned":[6,11,14,18,21,24,30,36,42,44,48],"ascension_level":0}}