{"host":"d73an99q9oevilk5","time":1612675191,"event":{"mods":["2.2 Compatiblity","AchievementEnabler","Act Like it!","Aspiration","BaseMod","Beaked The Cultist","Better Third Choice","BetterRewards","Colored Map","Colored Powertips","Conspire","Downfall","GifTheSpireLib","Halation","Hubris","Infinite Spire","Marisa????????","Mimic Mod","Minty Spire (QoL Compilation)","Quick Restart","Relic Sorter","Reliquary","Replay The Spire","Shop Mod","Spikes Relics","StSLib","Stuff the Spire","The Cursed","The Necromancer","The Saiyan","Waifu the Spire","[IsaacMod]????","egg","slay the spire mod where everything is the same but ironclad has a cowboy hat"],"gold_per_floor":[119,209,209,134,134,164,164,184,254,272,104,104,104,136,136,235,235,249,249,7,22,36,36,64,64,64,64,83,83,95,95,95,193,193,205,205,205,222,236,236,286,286,286,286,298,298,315,333,333,333],"floor_reached":51,"language":"ENG","playtime":1927,"items_purged":["Regret","Dropkick"],"score":1098,"play_id":"cfa0fa01-f2af-4440-a879-1e1ec99a01f3","local_time":"20210206221951","is_ascension_mode":false,"campfire_choices":[{"data":"Barricade","floor":7.0,"key":"SMITH"},{"data":"Armaments","floor":12.0,"key":"SMITH"},{"data":"Body Slam","floor":15.0,"key":"SMITH"},{"floor":23.0,"key":"REST"},{"data":"conspire:Banana","floor":25.0,"key":"SMITH"},{"data":"Shrug It Off","floor":32,"key":"SMITH"},{"data":"Berserk","floor":40,"key":"SMITH"},{"data":"Defend_R","floor":42,"key":"SMITH"},{"data":"ReplayReversal","floor":44,"key":"SMITH"},{"data":"Defend_R","floor":49,"key":"SMITH"}],"circlet_count":0,"master_deck":["Strike_R","Strike_R","Defend_R+1","Defend_R+1","Defend_R","Defend_R","Bash","Armaments+1","Impervious+1","Body Slam+1","Barricade+1","Intimidate","Exhume+1","conspire:Banana+1","Clothesline+1","Shrug It Off+1","Berserk+1","Seeing Red","ReplayReversal+1","Iron Wave+1","Iron Wave","Strike_R","Strike_R","Defend_R+1","Defend_R","Defend_R","Defend_R","Bash","Armaments+1","Impervious+1","Body Slam+1","Barricade+1","Intimidate","Exhume+1","conspire:Banana+1","Clothesline+1","Shrug It Off+1","Berserk+1","Seeing Red","ReplayReversal+1","Iron Wave+1","Iron Wave"],"relics":["Burning Blood","BelialBook","HushsDoor","hubris:BundleOfHerbs","Meat on the Bone","reliquary:SilkGlove","Bottled Flame","Regal Pillow","RoseTintedShades","Guide Book","Bag of Preparation","StuffTheSpire:Rhapsscallions","Replay:Mystery Machine","conspire:SpecialSausage","halation:PinkSoulGem","Pocketwatch","PillsDrop"],"acts_visited":["Exordium","TheCity","TheBeyond"],"potions_floor_usage":[33,33,38,41,41],"damage_taken":[{"damage":0.0,"enemies":"conspire:RoseBush","floor":1.0,"turns":4.0},{"damage":0.0,"enemies":"Replay:BlueRogue","floor":6.0,"turns":4.0},{"damage":0.0,"enemies":"Cultist","floor":8.0,"turns":3.0},{"damage":0.0,"enemies":"2 Louse","floor":10.0,"turns":4.0},{"damage":21.0,"enemies":"Gremlin Nob","floor":14.0,"turns":5.0},{"damage":54.0,"enemies":"Slime Boss","floor":16.0,"turns":16.0},{"damage":22.0,"enemies":"Spheric Guardian","floor":18.0,"turns":6.0},{"damage":19.0,"enemies":"Chosen","floor":21.0,"turns":8.0},{"damage":20.0,"enemies":"Shelled Parasite and Fungi","floor":22.0,"turns":6.0},{"damage":33.0,"enemies":"conspire:Head Lice","floor":24.0,"turns":7.0},{"damage":5.0,"enemies":"Snake Plant","floor":28.0,"turns":7.0},{"damage":19,"enemies":"Centurion and Healer","floor":30,"turns":8},{"damage":0,"enemies":"Champ","floor":33,"turns":11},{"damage":27,"enemies":"3 Shapes","floor":35,"turns":10},{"damage":15,"enemies":"3 Darklings","floor":38,"turns":5},{"damage":0,"enemies":"Maw","floor":39,"turns":8},{"damage":8,"enemies":"Mind Bloom Boss Battle","floor":41,"turns":8},{"damage":11,"enemies":"Writhing Mass","floor":45,"turns":9},{"damage":0,"enemies":"3 Darklings","floor":47,"turns":6},{"damage":0,"enemies":"Maw","floor":48,"turns":7},{"damage":22,"enemies":"Time Eater","floor":50,"turns":11}],"seed_played":"7238321898817746488","potions_obtained":[{"floor":1.0,"key":"Regen Potion"},{"floor":6.0,"key":"BlessingOfTheForge"},{"floor":16.0,"key":"hexamod:SoulburnPotion"},{"floor":28.0,"key":"Adrenaline Potion"},{"floor":33,"key":"Toxic Potion"},{"floor":39,"key":"Regen Potion"},{"floor":41,"key":"Fruit Juice"},{"floor":47,"key":"FearPotion"}],"is_trial":false,"path_per_floor":["M","?","?","$","?","E","R","M","T","M","$","R","?","E","R","B",null,"M","?","$","M","M","R","E","R","T","?","M","?","M","$","R","B",null,"M","?","?","M","M","R","?","R","T","R","M","?","M","M","R","B",null],"character_chosen":"IRONCLAD","items_purchased":["Intimidate","conspire:Banana","Guide Book","Seeing Red"],"campfire_rested":1,"item_purchase_floors":[11,20,20,34],"current_hp_per_floor":[78,63,63,63,63,69,69,75,75,80,80,80,80,65,65,29,80,64,64,64,52,51,82,71,71,75,75,80,80,71,71,71,81,96,77,77,77,70,80,80,102,102,102,102,101,101,111,123,123,111],"gold":333,"neow_bonus":"","is_daily":false,"chose_seed":false,"campfire_upgraded":9,"win_rate":0.0,"timestamp":1612675191,"path_taken":["M","?","?","$","?","E","R","?","T","M","$","R","?","E","R","BOSS","M","?","$","?","M","R","E","R","T","?","M","?","M","?","R","BOSS","M","?","?","?","M","R","?","R","T","R","M","?","?","M","R","BOSS"],"items_purchased_type":["Card","Card","Relic","Card"],"build_version":"2020-12-22","purchased_purges":2,"victory":true,"max_hp_per_floor":[80,80,80,80,80,80,80,80,80,80,80,80,80,80,80,80,80,80,80,80,81,82,82,83,83,87,87,91,91,95,95,95,99,96,98,98,98,100,104,104,113,113,113,113,117,117,121,127,127,131],"card_choices":[{"not_picked":["Battle Trance","Body Slam","Headbutt"],"picked":"SKIP","floor":1.0},{"not_picked":["Battle Trance","Headbutt"],"picked":"Body Slam","floor":1.0},{"not_picked":["True Grit","Warcry"],"picked":"Barricade","floor":6.0},{"not_picked":["Twin Strike","Wild Strike","Pommel Strike"],"picked":"SKIP","floor":8.0},{"not_picked":["StuffTheSpire:TitanForm","Flex"],"picked":"Dropkick","floor":10.0},{"not_picked":["Power Through","Flex","Pommel Strike"],"picked":"SKIP","floor":14.0},{"not_picked":["Feed","hubris:StunningStrike"],"picked":"Exhume","floor":16.0},{"not_picked":["Armaments","Twin Strike","Thunderclap"],"picked":"SKIP","floor":18.0},{"not_picked":["ReplayTheSpireMod:Limb From Limb+1","Intimidate"],"picked":"Clothesline+1","floor":21.0},{"not_picked":["StuffTheSpire:Pyroclast","Perfected Strike","StuffTheSpire:Incineration"],"picked":"SKIP","floor":22.0},{"not_picked":["StuffTheSpire:Pyroclast","Shockwave","Replay:Undeath\u0027s Touch"],"picked":"SKIP","floor":24.0},{"not_picked":["Sword Boomerang","Clothesline","Searing Blow"],"picked":"SKIP","floor":28.0},{"not_picked":["Pommel Strike+1","Wild Strike"],"picked":"Shrug It Off","floor":30},{"not_picked":["Eclipse","Immolate"],"picked":"Berserk","floor":33},{"not_picked":["Clothesline","Wild Strike+1"],"picked":"ReplayReversal","floor":35},{"not_picked":["ReplayTheSpireMod:Limb From Limb+1","Searing Blow","ReplayTheSpireMod:Strike From Hell"],"picked":"SKIP","floor":38},{"not_picked":["Dark Embrace","Flex+1"],"picked":"Iron Wave+1","floor":39},{"not_picked":["ReplayTheSpireMod:Strike From Hell","Thunderclap"],"picked":"Iron Wave","floor":45},{"not_picked":["Massacre","Clash","Shrug It Off"],"picked":"SKIP","floor":47},{"not_picked":["Warcry","Uppercut+1","Eclipse"],"picked":"SKIP","floor":48}],"player_experience":1852174,"relics_obtained":[{"floor":6.0,"key":"reliquary:SilkGlove"},{"floor":9.0,"key":"Bottled Flame"},{"floor":14.0,"key":"RoseTintedShades"},{"floor":24.0,"key":"Bag of Preparation"},{"floor":26.0,"key":"StuffTheSpire:Rhapsscallions"},{"floor":27.0,"key":"Replay:Mystery Machine"},{"floor":41,"key":"Pocketwatch"},{"floor":43,"key":"PillsDrop"}],"event_choices":[{"damage_healed":0.0,"max_hp_gain":0.0,"max_hp_loss":0.0,"gold_gain":0.0,"event_name":"Big Fish","player_choice":"Box","floor":3.0,"gold_loss":0.0,"damage_taken":0.0,"relics_obtained":["Meat on the Bone"],"cards_obtained":["Regret"]},{"cards_removed":["Strike_R"],"damage_healed":0.0,"max_hp_gain":0.0,"max_hp_loss":0.0,"gold_gain":0.0,"event_name":"Purifier","player_choice":"Purged","floor":5.0,"gold_loss":0.0,"damage_taken":0.0},{"damage_healed":0.0,"max_hp_gain":0.0,"max_hp_loss":0.0,"gold_gain":0.0,"event_name":"Dead Adventurer","player_choice":"Searched \u00272\u0027 times","floor":13.0,"gold_loss":0.0,"damage_taken":0.0,"relics_obtained":["Regal Pillow"]},{"damage_healed":0.0,"max_hp_gain":0.0,"max_hp_loss":0.0,"gold_gain":0.0,"event_name":"Wheel of Change","player_choice":"Relic","floor":27.0,"gold_loss":0.0,"damage_taken":0.0},{"damage_healed":0,"gold_gain":0,"player_choice":"Ignored","damage_taken":0,"max_hp_gain":0,"max_hp_loss":0,"event_name":"Cursed Tome","floor":29,"gold_loss":0},{"damage_healed":0,"gold_gain":0,"player_choice":"Ignored","damage_taken":0,"max_hp_gain":0,"max_hp_loss":0,"event_name":"Mysterious Sphere","floor":36,"gold_loss":0},{"damage_healed":0,"gold_gain":0,"player_choice":"Fight","damage_taken":0,"max_hp_gain":0,"max_hp_loss":0,"event_name":"MindBloom","floor":41,"gold_loss":0}],"is_beta":false,"boss_relics":[{"not_picked":["aspiration:PoetsPen","ReplayTheSpireMod:DimensionalGlitch","aspiration:BeakedSkillbook"]},{"not_picked":["HailfireSword","Calling Bell"],"picked":"conspire:SpecialSausage"},{"not_picked":[]}],"items_purged_floors":[4,11],"is_endless":false,"potions_floor_spawned":[1,6,16,18,28,33,39,41,47],"ascension_level":0}}