{"host":"x5w9zppki4gdwvc7","time":1612696380,"event":{"mods":["AchievementEnabler","BaseMod","Colored Powertips","DeckTracker","Minty Spire (QoL Compilation)"],"gold_per_floor":[115,115,190,203,183,183,199,199,199,199,225,241,274,288,288,388,388,398,409,427,447,447,447,447,447],"floor_reached":24,"language":"ENG","playtime":1042,"items_purged":[],"score":208,"play_id":"31476c17-3a30-4b12-8c4f-285bb1111839","local_time":"20210207121300","is_ascension_mode":false,"campfire_choices":[{"floor":6,"key":"REST"},{"data":"LikeWater","floor":8,"key":"SMITH"},{"data":"Eruption","floor":10,"key":"SMITH"},{"floor":15,"key":"REST"},{"floor":23,"key":"REST"}],"circlet_count":0,"master_deck":["Strike_P+1","Strike_P+1","Strike_P+1","Defend_P+1","Defend_P+1","Defend_P+1","Defend_P+1","Eruption+1","Vigilance","Evaluate","ReachHeaven","LikeWater+1","Indignation","WindmillStrike","LessonLearned","Adaptation","EmptyBody","ClearTheMind"],"relics":["PureWater","Incense Burner","Nunchaku","StrikeDummy","Turnip","Black Star"],"acts_visited":["Exordium","TheCity"],"potions_floor_usage":[13,16,16,16,24],"damage_taken":[{"damage":0,"enemies":"2 Louse","floor":1,"turns":4},{"damage":0,"enemies":"Jaw Worm","floor":4,"turns":2},{"damage":0,"enemies":"Small Slimes","floor":7,"turns":2},{"damage":12,"enemies":"Gremlin Nob","floor":11,"turns":3},{"damage":3,"enemies":"Gremlin Gang","floor":12,"turns":3},{"damage":6,"enemies":"3 Sentries","floor":13,"turns":4},{"damage":11,"enemies":"Large Slime","floor":14,"turns":4},{"damage":4,"enemies":"The Guardian","floor":16,"turns":8},{"damage":40,"enemies":"3 Byrds","floor":18,"turns":4},{"damage":5,"enemies":"Spheric Guardian","floor":19,"turns":6},{"damage":4,"enemies":"Centurion and Healer","floor":20,"turns":5},{"damage":8,"enemies":"Snake Plant","floor":21,"turns":4},{"damage":37,"enemies":"Slavers","floor":24,"turns":2}],"seed_played":"3562225717533328010","potions_obtained":[{"floor":5,"key":"Explosive Potion"},{"floor":7,"key":"AttackPotion"},{"floor":12,"key":"StancePotion"},{"floor":13,"key":"LiquidBronze"},{"floor":14,"key":"Energy Potion"},{"floor":19,"key":"SpeedPotion"},{"floor":20,"key":"AttackPotion"}],"is_trial":false,"path_per_floor":["M","?","?","M","?","R","M","R","T","R","E","M","E","M","R","B",null,"M","M","M","M","?","R","E"],"character_chosen":"WATCHER","items_purchased":[],"campfire_rested":3,"item_purchase_floors":[],"current_hp_per_floor":[51,44,33,33,33,54,54,54,54,54,42,39,33,22,43,39,72,32,27,23,15,15,36,0,0],"gold":447,"neow_bonus":"ONE_RARE_RELIC","is_daily":false,"chose_seed":false,"campfire_upgraded":2,"win_rate":0.0,"timestamp":1612696380,"path_taken":["M","?","?","M","?","R","M","R","T","R","E","?","E","M","R","BOSS","M","M","?","M","?","R","E"],"items_purchased_type":[],"build_version":"2020-12-22","purchased_purges":0,"victory":false,"max_hp_per_floor":[72,72,72,72,72,72,72,72,72,72,72,72,72,72,72,72,72,72,72,72,72,72,72,72,72],"card_choices":[{"not_picked":["FlurryOfBlows","FollowUp"],"picked":"Evaluate","floor":1},{"not_picked":["Wireheading","Prostrate"],"picked":"ReachHeaven","floor":4},{"not_picked":["CutThroughFate","WaveOfTheHand"],"picked":"LikeWater","floor":7},{"not_picked":["ForeignInfluence","SpiritShield","FlyingSleeves"],"picked":"SKIP","floor":11},{"not_picked":["WindmillStrike","EmptyFist"],"picked":"Indignation","floor":12},{"not_picked":["FlurryOfBlows","Pray","Protect"],"picked":"SKIP","floor":13},{"not_picked":["Crescendo","Consecrate"],"picked":"WindmillStrike","floor":14},{"not_picked":["Wish","Vault"],"picked":"LessonLearned","floor":16},{"not_picked":["JustLucky","Wireheading"],"picked":"Adaptation","floor":18},{"not_picked":["Protect","Wireheading"],"picked":"EmptyBody","floor":19},{"not_picked":["PathToVictory","ThirdEye","BowlingBash"],"picked":"SKIP","floor":20},{"not_picked":["FollowUp","SashWhip"],"picked":"ClearTheMind","floor":21}],"player_experience":551064,"relics_obtained":[{"floor":9,"key":"Nunchaku"},{"floor":11,"key":"StrikeDummy"},{"floor":13,"key":"Turnip"}],"event_choices":[{"cards_removed":["Strike_P"],"damage_healed":0,"gold_gain":0,"player_choice":"Card Removal","damage_taken":7,"max_hp_gain":0,"max_hp_loss":0,"event_name":"Golden Wing","floor":2,"gold_loss":0},{"damage_healed":0,"gold_gain":75,"player_choice":"Gather Gold","damage_taken":11,"max_hp_gain":0,"max_hp_loss":0,"event_name":"World of Goop","floor":3,"gold_loss":0},{"damage_healed":0,"gold_gain":0,"player_choice":"Bought 1 Potion","damage_taken":0,"max_hp_gain":0,"max_hp_loss":0,"event_name":"The Woman in Blue","floor":5,"gold_loss":0},{"damage_healed":0,"gold_gain":0,"player_choice":"Simplicity","damage_taken":0,"max_hp_gain":0,"max_hp_loss":0,"event_name":"Back to Basics","floor":22,"gold_loss":0,"cards_upgraded":["Strike_P","Strike_P","Strike_P","Defend_P","Defend_P","Defend_P","Defend_P"]}],"is_beta":false,"boss_relics":[{"not_picked":["Astrolabe","Pandora\u0027s Box"],"picked":"Black Star"}],"items_purged_floors":[],"is_endless":false,"potions_floor_spawned":[7,12,13,14,19,20],"killed_by":"Slavers","ascension_level":0}}