{"host":"utqe55yv0jihe4d6","time":1612674673,"event":{"mods":["2.2 Compatiblity","AchievementEnabler","BaseMod","Block Reminder","Colored Map","Colored Powertips","Minty Spire (QoL Compilation)","Quick Restart","Rare Cards Sparkle","Relic Stats","SuperFastMode"],"gold_per_floor":[115,115,190,21,47,59,97,119,131,143,155,185,228,260,272,284,284],"floor_reached":16,"language":"ENG","playtime":274,"items_purged":[],"score":216,"play_id":"7739cab9-426f-4536-ac2a-94991a36b4f4","local_time":"20210207001113","is_ascension_mode":true,"campfire_choices":[{"data":"Whirlwind","floor":6,"key":"SMITH"},{"floor":11,"key":"REST"},{"data":"Spot Weakness","floor":15,"key":"SMITH"}],"circlet_count":0,"master_deck":["AscendersBane","Strike_R","Strike_R","Strike_R","Strike_R","Defend_R","Defend_R","Defend_R","Defend_R","Bash+1","CurseOfTheBell","Shockwave","Feel No Pain","Whirlwind+1","Fiend Fire","Spot Weakness+1","Pummel+1","Flame Barrier","Headbutt+1"],"relics":["Calling Bell","Boot","The Courier","Calipers","MawBank","Bag of Marbles","Molten Egg 2","Pear"],"acts_visited":["Exordium"],"potions_floor_usage":[7],"damage_taken":[{"damage":7,"enemies":"Cultist","floor":1,"turns":4},{"damage":10,"enemies":"Lagavulin","floor":7,"turns":6},{"damage":0,"enemies":"Small Slimes","floor":8,"turns":1},{"damage":6,"enemies":"Jaw Worm","floor":12,"turns":4},{"damage":8,"enemies":"Gremlin Nob","floor":13,"turns":3},{"damage":3,"enemies":"3 Louse","floor":14,"turns":2},{"damage":61,"enemies":"Slime Boss","floor":16,"turns":8}],"seed_played":"-9186638818452347166","potions_obtained":[{"floor":14,"key":"SteroidPotion"}],"is_trial":false,"path_per_floor":["M","?","?","$","T","R","E","M","T","?","R","M","E","M","R","B"],"character_chosen":"IRONCLAD","items_purchased":["Feel No Pain","Whirlwind","AttackPotion"],"campfire_rested":1,"item_purchase_floors":[4,4,4],"current_hp_per_floor":[61,61,50,50,50,50,40,40,40,33,55,49,51,48,48,0,0],"gold":284,"neow_bonus":"BOSS_RELIC","is_daily":false,"chose_seed":false,"campfire_upgraded":2,"win_rate":0.0,"timestamp":1612674673,"path_taken":["M","?","?","$","?","R","E","M","T","?","R","M","E","?","R","BOSS"],"items_purchased_type":["Card","Card","Potion"],"build_version":"2020-12-22","purchased_purges":0,"victory":false,"max_hp_per_floor":[75,75,75,75,75,75,75,75,75,75,75,75,85,85,85,85,85],"relic_stats":{"counters":[7,28],"Boot":[36],"MawBank":132,"obtain_stats":[{"Calling Bell":0,"Calipers":0,"Pear":13,"Molten Egg 2":9,"The Courier":0,"Bag of Marbles":7,"Boot":0,"MawBank":5,"Burning Blood":0},{"Calling Bell":0,"Calipers":0,"Pear":5,"Molten Egg 2":3,"The Courier":0,"Bag of Marbles":2,"Boot":0,"MawBank":1,"Burning Blood":0},{"Calling Bell":0,"Calipers":0,"Pear":18,"Molten Egg 2":11,"The Courier":0,"Bag of Marbles":10,"Boot":0,"MawBank":4,"Burning Blood":0}]},"card_choices":[{"not_picked":["Anger","Metallicize"],"picked":"Shockwave","floor":1},{"not_picked":["Perfected Strike","Dropkick"],"picked":"Fiend Fire","floor":7},{"not_picked":["Perfected Strike","Carnage"],"picked":"Spot Weakness","floor":8},{"not_picked":["Bloodletting","Evolve"],"picked":"Pummel+1","floor":12},{"not_picked":["Clothesline+1","Infernal Blade"],"picked":"Flame Barrier","floor":13},{"not_picked":["Perfected Strike+1","Shrug It Off"],"picked":"Headbutt+1","floor":14}],"player_experience":3042655,"relics_obtained":[{"floor":0,"key":"Boot"},{"floor":0,"key":"The Courier"},{"floor":0,"key":"Calipers"},{"floor":5,"key":"MawBank"},{"floor":7,"key":"Bag of Marbles"},{"floor":9,"key":"Molten Egg 2"},{"floor":13,"key":"Pear"}],"event_choices":[{"damage_healed":0,"gold_gain":0,"player_choice":"Grow","damage_taken":0,"max_hp_gain":0,"max_hp_loss":0,"event_name":"Living Wall","floor":2,"gold_loss":0,"cards_upgraded":["Bash"]},{"damage_healed":0,"gold_gain":75,"player_choice":"Gather Gold","damage_taken":11,"max_hp_gain":0,"max_hp_loss":0,"event_name":"World of Goop","floor":3,"gold_loss":0},{"cards_removed":["Strike_R"],"damage_healed":0,"gold_gain":0,"player_choice":"Card Removal","damage_taken":7,"max_hp_gain":0,"max_hp_loss":0,"event_name":"Golden Wing","floor":10,"gold_loss":0}],"is_beta":false,"boss_relics":[],"items_purged_floors":[],"is_endless":false,"potions_floor_spawned":[14],"killed_by":"Slime Boss","ascension_level":20}}