{"host":"2j5d0uw0vihq8b8w","time":1612708808,"event":{"mods":["2.2 Compatiblity","AchievementEnabler","BaseMod","BetterRewards","Colored Map","Colored Powertips","Custom Start","DeckTracker","Minty Spire (QoL Compilation)","Permanent Neow","Quick Restart","Rare Cards Sparkle","StSLib","SuperFastMode"],"gold_per_floor":[114,114,189,199,199,199,199,213,239,264,12,27,56,68,80,164,176,205,227,239,269,300,312,351,363,400,337,349,395,424,351,363,449,461,488,517,554,566,587,634,646,573,573,403,420,434,473,483,483,483,483,483,483,136,166,166],"floor_reached":57,"language":"KOR","playtime":4041,"items_purged":["Strike_G","Strike_G","Defend_G"],"score":3846,"play_id":"e4916fc4-7612-4730-af1c-83cfe9b3a8d9","local_time":"20210207234008","is_ascension_mode":true,"campfire_choices":[{"data":"Bouncing Flask","floor":6.0,"key":"SMITH"},{"data":"Well Laid Plans","floor":15.0,"key":"SMITH"},{"data":"Calculated Gamble","floor":23.0,"key":"SMITH"},{"data":"Concentrate","floor":25.0,"key":"SMITH"},{"data":"Catalyst","floor":28.0,"key":"SMITH"},{"data":"After Image","floor":32.0,"key":"SMITH"},{"floor":41.0,"key":"RECALL"},{"data":"Burst","floor":49.0,"key":"SMITH"},{"data":"Caltrops","floor":53.0,"key":"SMITH"}],"circlet_count":0,"master_deck":["AscendersBane","Defend_G","Defend_G","Survivor","Neutralize","Concentrate+1","Bouncing Flask+1","Blur","Well Laid Plans+1","Dagger Spray","PiercingWail","After Image+1","Cloak And Dagger+1","Acrobatics+1","Reflex+1","Acrobatics","Calculated Gamble+1","Catalyst+1","Grand Finale","Die Die Die","Calculated Gamble+1","Calculated Gamble","Caltrops+1","Burst+1","Catalyst"],"relics":["Ring of the Snake","Tingsha","Bag of Preparation","Mercury Hourglass","Orichalcum","Lantern","Membership Card","MawBank","Astrolabe","Tiny Chest","CeramicFish","Tough Bandages","Blood Vial","Philosopher\u0027s Stone","Girya","Oddly Smooth Stone","Regal Pillow","Turnip","HornCleat","Pantograph","Strange Spoon","Ornamental Fan"],"acts_visited":["Exordium","TheCity","TheBeyond","TheEnding"],"potions_floor_usage":[56],"damage_taken":[{"damage":1.0,"enemies":"Jaw Worm","floor":1.0,"turns":4.0},{"damage":7.0,"enemies":"2 Louse","floor":4.0,"turns":3.0},{"damage":0.0,"enemies":"Small Slimes","floor":8.0,"turns":3.0},{"damage":1.0,"enemies":"Looter","floor":12.0,"turns":3.0},{"damage":14.0,"enemies":"3 Sentries","floor":13.0,"turns":6.0},{"damage":0.0,"enemies":"Hexaghost","floor":16.0,"turns":8.0},{"damage":0.0,"enemies":"Spheric Guardian","floor":18.0,"turns":2.0},{"damage":0.0,"enemies":"3 Byrds","floor":19.0,"turns":2.0},{"damage":0.0,"enemies":"Centurion and Healer","floor":21.0,"turns":6.0},{"damage":0.0,"enemies":"3 Cultists","floor":22.0,"turns":3.0},{"damage":25.0,"enemies":"Gremlin Leader","floor":24.0,"turns":5.0},{"damage":1.0,"enemies":"Slavers","floor":29.0,"turns":2.0},{"damage":0.0,"enemies":"Snake Plant","floor":30.0,"turns":1.0},{"damage":0.0,"enemies":"Champ","floor":33.0,"turns":5.0},{"damage":0.0,"enemies":"3 Shapes","floor":35.0,"turns":3.0},{"damage":0.0,"enemies":"Orb Walker","floor":36.0,"turns":2.0},{"damage":0.0,"enemies":"Mind Bloom Boss Battle","floor":37.0,"turns":4.0},{"damage":3.0,"enemies":"Reptomancer","floor":40.0,"turns":5.0},{"damage":0.0,"enemies":"Writhing Mass","floor":45.0,"turns":1.0},{"damage":0.0,"enemies":"Transient","floor":46.0,"turns":6.0},{"damage":0.0,"enemies":"Giant Head","floor":47.0,"turns":4.0},{"damage":0.0,"enemies":"Maw","floor":48.0,"turns":3.0},{"damage":36.0,"enemies":"Awakened One","floor":50.0,"turns":8.0},{"damage":0.0,"enemies":"Time Eater","floor":51.0,"turns":6.0},{"damage":0.0,"enemies":"Shield and Spear","floor":55.0,"turns":4.0},{"damage":53,"enemies":"The Heart","floor":56,"turns":6}],"seed_played":"-4563126923021019017","potions_obtained":[{"floor":1.0,"key":"Weak Potion"},{"floor":8.0,"key":"GamblersBrew"},{"floor":16.0,"key":"Explosive Potion"},{"floor":24.0,"key":"FearPotion"},{"floor":29.0,"key":"Swift Potion"},{"floor":46.0,"key":"FearPotion"}],"is_trial":false,"path_per_floor":["M","?","?","M","?","R","?","M","T","T","$","M","E","$","R","B",null,"M","M","?","M","M","R","E","R","T","?","R","E","M","?","R","B",null,"M","M","?","T","?","E","R","$","T","$","M","M","E","M","R","B","B",null,"R","$","E","B",null],"character_chosen":"THE_SILENT","items_purchased":["Concentrate","Bag of Preparation","Membership Card","Well Laid Plans","Dagger Spray","Calculated Gamble","Caltrops","Turnip","Catalyst","Pantograph","PowerPotion","Strange Spoon"],"campfire_rested":0,"item_purchase_floors":[0,0,11,11,11,42,44,44,54,54,54,54],"current_hp_per_floor":[51,56,45,38,33,33,33,33,33,33,33,32,18,18,18,18,58,58,58,58,58,58,58,33,33,33,33,33,32,32,32,32,34,62,64,66,68,68,68,67,67,67,67,67,69,71,71,71,71,35,37,63,63,63,65,18],"gold":166,"neow_bonus":"","is_daily":false,"chose_seed":false,"campfire_upgraded":8,"win_rate":0.0,"timestamp":1612708808,"path_taken":["M","?","?","M","?","R","?","M","T","?","?","?","E","$","R","BOSS","M","?","?","M","M","R","E","R","T","?","R","E","M","?","R","BOSS","M","M","?","?","?","E","R","$","T","$","?","M","E","M","R","BOSS","BOSS","R","$","E","BOSS"],"items_purchased_type":["Card","Relic","Relic","Card","Card","Card","Card","Relic","Card","Relic","Potion","Relic"],"build_version":"2020-12-22","purchased_purges":3,"victory":true,"max_hp_per_floor":[66,71,71,71,71,71,71,71,71,71,71,71,71,71,71,71,71,71,71,71,71,71,71,71,71,71,71,71,71,71,71,71,71,71,71,71,71,71,71,71,71,71,71,71,71,71,71,71,71,71,71,71,71,71,71,71],"card_choices":[{"not_picked":["Deflect","Distraction"],"picked":"Bouncing Flask","floor":1.0},{"not_picked":["Noxious Fumes","PiercingWail"],"picked":"Blur","floor":4.0},{"not_picked":["Bane","Cloak And Dagger","Predator"],"picked":"SKIP","floor":8.0},{"not_picked":["Deflect","Flechettes","Slice"],"picked":"SKIP","floor":12.0},{"not_picked":["Concentrate","Prepared"],"picked":"PiercingWail","floor":13.0},{"not_picked":["Glass Knife","Tools of the Trade"],"picked":"After Image","floor":16.0},{"not_picked":["Underhanded Strike","Sucker Punch"],"picked":"Acrobatics","floor":18.0},{"not_picked":["Footwork","Dodge and Roll"],"picked":"Calculated Gamble","floor":19.0},{"not_picked":["Deadly Poison","Backstab+1","Sucker Punch"],"picked":"SKIP","floor":21.0},{"not_picked":["Outmaneuver","Predator"],"picked":"Catalyst","floor":22.0},{"not_picked":["Envenom","Bane"],"picked":"Grand Finale","floor":24.0},{"not_picked":["PiercingWail","Quick Slash","All Out Attack"],"picked":"SKIP","floor":29.0},{"not_picked":["Blade Dance","Bane","Deflect"],"picked":"SKIP","floor":30.0},{"not_picked":["Deadly Poison","Crippling Poison+1","Cloak And Dagger+1"],"picked":"SKIP","floor":35.0},{"not_picked":["Dodge and Roll","Dash","Reflex"],"picked":"SKIP","floor":36.0},{"not_picked":["Acrobatics","Poisoned Stab"],"picked":"Calculated Gamble+1","floor":40.0},{"not_picked":["Dash","Cloak And Dagger+1","Underhanded Strike"],"picked":"SKIP","floor":45.0},{"not_picked":["Sucker Punch","Endless Agony+1","Acrobatics"],"picked":"SKIP","floor":46.0},{"not_picked":["All Out Attack","Deflect"],"picked":"Burst","floor":47.0},{"not_picked":["Flying Knee","Dagger Spray+1","PiercingWail+1"],"picked":"SKIP","floor":48.0},{"not_picked":["Burst","Dash+1","Skewer"],"picked":"SKIP","floor":55.0}],"player_experience":662393,"relics_obtained":[{"floor":9.0,"key":"Orichalcum"},{"floor":10.0,"key":"Lantern"},{"floor":13.0,"key":"MawBank"},{"floor":24.0,"key":"Tiny Chest"},{"floor":26.0,"key":"CeramicFish"},{"floor":29.0,"key":"Tough Bandages"},{"floor":37.0,"key":"Girya"},{"floor":38.0,"key":"Oddly Smooth Stone"},{"floor":40.0,"key":"Regal Pillow"},{"floor":47.0,"key":"HornCleat"},{"floor":55.0,"key":"Ornamental Fan"}],"event_choices":[{"damage_healed":0.0,"max_hp_gain":5.0,"max_hp_loss":0.0,"gold_gain":0.0,"event_name":"Big Fish","player_choice":"Donut","floor":2.0,"gold_loss":0.0,"damage_taken":0.0},{"damage_healed":0.0,"max_hp_gain":0.0,"max_hp_loss":0.0,"gold_gain":75.0,"event_name":"World of Goop","player_choice":"Gather Gold","floor":3.0,"gold_loss":0.0,"damage_taken":11.0},{"damage_healed":0.0,"max_hp_gain":0.0,"max_hp_loss":0.0,"gold_gain":0.0,"event_name":"Scrap Ooze","player_choice":"Success","floor":5.0,"gold_loss":0.0,"damage_taken":5.0,"relics_obtained":["Mercury Hourglass"]},{"damage_healed":0.0,"max_hp_gain":0.0,"max_hp_loss":0.0,"gold_gain":0.0,"event_name":"Shining Light","player_choice":"Ignored","floor":7.0,"gold_loss":0.0,"damage_taken":0.0},{"damage_healed":0.0,"max_hp_gain":0.0,"max_hp_loss":0.0,"gold_gain":0.0,"event_name":"The Mausoleum","player_choice":"Ignored","floor":20.0,"gold_loss":0.0,"damage_taken":0.0},{"cards_removed":["Defend_G"],"damage_healed":0.0,"max_hp_gain":0.0,"max_hp_loss":0.0,"gold_gain":0.0,"event_name":"Beggar","player_choice":"Gave Gold","floor":27.0,"gold_loss":75.0,"damage_taken":0.0},{"damage_healed":0.0,"max_hp_gain":0.0,"max_hp_loss":0.0,"gold_gain":0.0,"event_name":"Addict","player_choice":"Obtained Relic","floor":31.0,"gold_loss":85.0,"damage_taken":0.0,"relics_obtained":["Blood Vial"]},{"damage_healed":0.0,"max_hp_gain":0.0,"max_hp_loss":0.0,"gold_gain":0.0,"event_name":"MindBloom","player_choice":"Fight","floor":37.0,"gold_loss":0.0,"damage_taken":0.0},{"damage_healed":0.0,"max_hp_gain":0.0,"max_hp_loss":0.0,"gold_gain":0.0,"cards_transformed":["Strike_G"],"event_name":"Transmorgrifier","player_choice":"Transformed","floor":39.0,"gold_loss":0.0,"damage_taken":0.0,"cards_obtained":["Die Die Die"]}],"is_beta":false,"boss_relics":[{"not_picked":["Ring of the Serpent","SacredBark"],"picked":"Astrolabe"},{"not_picked":["Runic Dome","Empty Cage"],"picked":"Philosopher\u0027s Stone"}],"items_purged_floors":[11,42,54],"is_endless":false,"potions_floor_spawned":[1,8,13,16,24,29,30,46,48],"ascension_level":20}}