{"host":"Haston","time":1612718081,"event":{"mods":["AchievementEnabler","Act Like it!","BaseMod","BetterRewards","Colored Powertips","Friendly Minions","GifTheSpireLib","Minty Spire (QoL Compilation)","Shop Mod","StSLib"],"gold_per_floor":[115,132,179,189,208,237,247,263,288,288,288,304,54,75,75,195,195,220,239,255,255,255],"floor_reached":21,"language":"ENG","playtime":1543,"items_purged":[],"score":243,"play_id":"35190458-5c0a-499d-9a41-9d556bebff4a","local_time":"20210207171441","is_ascension_mode":true,"campfire_choices":[{"floor":15,"key":"REST"}],"circlet_count":0,"master_deck":["Strike_B","Defend_B","Defend_B","Defend_B","Defend_B","Zap","Dualcast","Ball Lightning","Capacitor","Melter","Streamline","Self Repair","Cold Snap","Defragment","Core Surge","Consume+1","Rebound+1","Auto Shields+1","Steam","Defragment"],"relics":["Cracked Core","Question Card","DataDisk","Golden Idol","Blue Candle","Cables","Astrolabe"],"acts_visited":["Exordium","TheCity"],"potions_floor_usage":[6,8,12,16,18,21],"damage_taken":[{"damage":1,"enemies":"Cultist","floor":1,"turns":4},{"damage":4,"enemies":"Jaw Worm","floor":2,"turns":3},{"damage":4,"enemies":"Small Slimes","floor":4,"turns":3},{"damage":9,"enemies":"Red Slaver","floor":5,"turns":2},{"damage":20,"enemies":"Lagavulin","floor":6,"turns":5},{"damage":14,"enemies":"Gremlin Gang","floor":7,"turns":4},{"damage":6,"enemies":"Looter","floor":8,"turns":2},{"damage":8,"enemies":"Blue Slaver","floor":12,"turns":2},{"damage":4,"enemies":"2 Fungi Beasts","floor":14,"turns":2},{"damage":7,"enemies":"The Guardian","floor":16,"turns":8},{"damage":7,"enemies":"Chosen","floor":18,"turns":4},{"damage":21,"enemies":"2 Thieves","floor":19,"turns":3},{"damage":36,"enemies":"Centurion and Healer","floor":20,"turns":5},{"damage":30,"enemies":"Shelled Parasite and Fungi","floor":21,"turns":2}],"seed_played":"5218127175179305360","potions_obtained":[{"floor":2,"key":"GamblersBrew"},{"floor":5,"key":"DistilledChaos"},{"floor":6,"key":"Energy Potion"},{"floor":8,"key":"Energy Potion"},{"floor":16,"key":"Fruit Juice"},{"floor":19,"key":"SteroidPotion"},{"floor":20,"key":"PowerPotion"}],"is_trial":false,"path_per_floor":["M","M","T","M","M","E","M","M","T","?","?","M","$","M","R","B",null,"M","M","M","M"],"character_chosen":"DEFECT","items_purchased":["Cables"],"campfire_rested":1,"item_purchase_floors":[13],"current_hp_per_floor":[74,70,70,66,57,37,23,17,17,17,17,16,16,12,34,34,66,71,50,21,0,0],"gold":255,"neow_bonus":"TEN_PERCENT_HP_BONUS","is_daily":false,"chose_seed":false,"campfire_upgraded":0,"win_rate":0.0,"timestamp":1612718081,"path_taken":["M","?","?","M","M","E","M","M","T","?","?","M","$","?","R","BOSS","M","?","M","M"],"items_purchased_type":["Relic"],"build_version":"2020-12-18","purchased_purges":0,"victory":false,"max_hp_per_floor":[82,82,82,82,82,82,82,82,82,76,76,76,76,76,76,76,76,81,81,81,81,81],"card_choices":[{"not_picked":["Coolheaded","Turbo"],"picked":"Ball Lightning","floor":1},{"not_picked":["Turbo","Gash"],"picked":"Capacitor","floor":2},{"not_picked":["Doom and Gloom","Streamline"],"picked":"Melter","floor":4},{"not_picked":["Hello World","Turbo"],"picked":"Streamline","floor":5},{"not_picked":["Recycle","Coolheaded"],"picked":"Genetic Algorithm","floor":6},{"not_picked":["Recycle","Reprogram","Coolheaded","BootSequence"],"picked":"SKIP","floor":7},{"not_picked":["Coolheaded","Leap","Reinforced Body"],"picked":"Self Repair","floor":8},{"not_picked":["Self Repair","Go for the Eyes","Static Discharge"],"picked":"Cold Snap","floor":12},{"not_picked":["Gash","Conserve Battery","Coolheaded"],"picked":"Defragment","floor":14},{"not_picked":["Creative AI","Reboot","All For One"],"picked":"Core Surge","floor":16},{"not_picked":["Recycle","Turbo","Coolheaded","Hologram"],"picked":"SKIP","floor":18},{"not_picked":["Leap","Genetic Algorithm+1","Streamline"],"picked":"Steam","floor":19},{"not_picked":["Cold Snap+1","Rebound","Leap+1"],"picked":"Defragment","floor":20}],"player_experience":522762,"relics_obtained":[{"floor":6,"key":"Question Card"},{"floor":9,"key":"DataDisk"}],"event_choices":[{"damage_healed":0,"gold_gain":0,"player_choice":"Lose Max HP","damage_taken":0,"relics_obtained":["Golden Idol"],"max_hp_gain":0,"max_hp_loss":6,"event_name":"Golden Idol","floor":10,"gold_loss":0},{"cards_removed":["Genetic Algorithm"],"damage_healed":0,"gold_gain":0,"player_choice":"Gave Card","damage_taken":0,"relics_obtained":["Blue Candle"],"max_hp_gain":0,"max_hp_loss":0,"event_name":"WeMeetAgain","floor":11,"gold_loss":0}],"is_beta":true,"boss_relics":[{"not_picked":["SacredBark","Coffee Dripper"],"picked":"Astrolabe"}],"items_purged_floors":[],"is_endless":false,"potions_floor_spawned":[2,5,6,8,16,19,20],"killed_by":"Shelled Parasite and Fungi","ascension_level":6}}