{"host":"j4g6ia6asvpyu2b0","time":1612701878,"event":{"mods":["BaseMod","Colored Map","Downfall","Minty Spire (QoL Compilation)","Permanent Neow","Quick Restart","Relic Stats","StSLib","Unceasing Turn Reminder"],"gold_per_floor":[99,116,131,147,161,161,161,171,184,200,229,240,240,260,273,273,273,273],"floor_reached":16,"language":"ENG","playtime":927,"items_purged":[],"score":135,"play_id":"f3982dea-fa4b-4898-89fd-58843a91c2c0","local_time":"20210207054438","is_ascension_mode":false,"campfire_choices":[{"data":"hexamod:Sear","floor":1.0,"key":"SMITH"},{"data":"hexamod:EmpoweredFlame","floor":6.0,"key":"SMITH"},{"floor":13,"key":"REST"}],"circlet_count":0,"master_deck":["hexamod:Strike","hexamod:Strike","hexamod:Strike","hexamod:Strike","hexamod:Defend","hexamod:Defend","hexamod:Defend","hexamod:Defend","hexamod:Sear+1","hexamod:Float","hexamod:NecessarySacrifice","hexamod:StepThrough","hexamod:EmpoweredFlame+1","hexamod:ThermalTransfer","downfall:Aged","hexamod:SkipABeat","hexamod:RainOfEmbers","hexamod:RainOfEmbers","hexamod:SkipABeat","hexamod:UnleashSpirits","hexamod:SecondSeal","hexamod:HeatCrush"],"relics":["Cursed Key","Toy Ornithopter"],"acts_visited":["Exordium"],"potions_floor_usage":[10,11,15,16],"damage_taken":[{"damage":6.0,"enemies":"Cultist","floor":2.0,"turns":4.0},{"damage":3.0,"enemies":"Jaw Worm","floor":3.0,"turns":4.0},{"damage":2.0,"enemies":"2 Louse","floor":4.0,"turns":2.0},{"damage":10.0,"enemies":"Exordium Wildlife","floor":5.0,"turns":4.0},{"damage":9.0,"enemies":"3 Louse","floor":8.0,"turns":3.0},{"damage":6.0,"enemies":"Large Slime","floor":9.0,"turns":4.0},{"damage":6,"enemies":"Gremlin Gang","floor":10,"turns":3},{"damage":0,"enemies":"Lagavulin","floor":11,"turns":4},{"damage":18,"enemies":"Lots of Slimes","floor":12,"turns":4},{"damage":0,"enemies":"Large Slime","floor":14,"turns":5},{"damage":17,"enemies":"Exordium Thugs","floor":15,"turns":3},{"damage":36,"enemies":"DF_ARCHETYPE_STREAMLINE","floor":16,"turns":6}],"seed_played":"-3873067384944563988","potions_obtained":[{"floor":4.0,"key":"SteroidPotion"},{"floor":5.0,"key":"Energy Potion"},{"floor":9.0,"key":"hexamod:SoulburnPotion"},{"floor":11,"key":"FearPotion"},{"floor":12,"key":"sneckomod:MuddlingPotion"},{"floor":15,"key":"Weak Potion"}],"is_trial":false,"path_per_floor":["R","M","M","M","M","R","T","M","M","M","E","M","R","M","M","B"],"character_chosen":"THE_SPIRIT","items_purchased":[],"campfire_rested":1,"item_purchase_floors":[],"current_hp_per_floor":[70,64,61,59,49,49,49,40,34,28,28,10,31,31,19,0,0,0],"gold":273,"neow_bonus":"BOSS_RELIC","is_daily":false,"chose_seed":false,"campfire_upgraded":2,"win_rate":0.0,"timestamp":1612701878,"path_taken":["R","M","M","M","M","R","T","M","M","M","E","M","R","?","M","BOSS"],"items_purchased_type":[],"build_version":"2020-12-22","purchased_purges":0,"victory":false,"max_hp_per_floor":[70,70,70,70,70,70,70,70,70,70,70,70,70,70,70,70,70,70],"relic_stats":{"counters":[12,46],"Cursed Key":1,"obtain_stats":[{"Cursed Key":0,"hexamod:SpiritBrand":0,"Toy Ornithopter":11},{"Cursed Key":0,"hexamod:SpiritBrand":0,"Toy Ornithopter":8},{"Cursed Key":0,"hexamod:SpiritBrand":0,"Toy Ornithopter":28}],"Toy Ornithopter":10},"card_choices":[{"not_picked":["hexamod:ThermalTransfer","hexamod:NightmareGuise"],"picked":"hexamod:NecessarySacrifice","floor":2.0},{"not_picked":["hexamod:EtherealExpedition","hexamod:Incineration"],"picked":"hexamod:StepThrough","floor":3.0},{"not_picked":["hexamod:InspiringFlames","hexamod:PhantomFireball"],"picked":"hexamod:EmpoweredFlame","floor":4.0},{"not_picked":["hexamod:FastForward","hexamod:InspiringFlames"],"picked":"hexamod:ThermalTransfer","floor":5.0},{"not_picked":["hexamod:FlamesFromBeyond","hexamod:GhostShield"],"picked":"hexamod:SkipABeat","floor":8.0},{"not_picked":["hexamod:AdvancingGuard","hexamod:GhostLash"],"picked":"hexamod:RainOfEmbers","floor":9.0},{"not_picked":["hexamod:HauntingEcho","hexamod:AdvancingGuard"],"picked":"hexamod:RainOfEmbers","floor":10},{"not_picked":["hexamod:SpectersWail","hexamod:InspiringFlames"],"picked":"hexamod:SkipABeat","floor":11},{"not_picked":["hexamod:NightmareStrike","hexamod:AdvancingGuard"],"picked":"hexamod:UnleashSpirits","floor":12},{"not_picked":["hexamod:GhostShield","hexamod:SpectersWail"],"picked":"hexamod:SecondSeal","floor":14},{"not_picked":["hexamod:FastForward","hexamod:InspiringFlames"],"picked":"hexamod:HeatCrush","floor":15}],"player_experience":1195065,"relics_obtained":[{"floor":11,"key":"Toy Ornithopter"}],"event_choices":[],"is_beta":false,"boss_relics":[],"items_purged_floors":[],"is_endless":false,"potions_floor_spawned":[4,5,9,11,12,15],"killed_by":"DF_ARCHETYPE_STREAMLINE","ascension_level":0}}