{"host":"9l1knhxfturzliqa","time":1612663200,"event":{"mods":["BaseMod","Colored Map","Colored Powertips","DeckTracker","Highlight Path","Keyboard Shortcuts","Minty Spire (QoL Compilation)","Random Character Button"],"gold_per_floor":[111,125,138,154,154,189,23,34,34,34,53,53,63,89,89,194,221,239,268,268,296,314,314,344,344,344,355,384,384,407,58,58,154,154,173,191,209,209,222,247,259,268,268,297,297,324,324,334,334,334],"floor_reached":51,"language":"KOR","playtime":3653,"items_purged":["Strike_P","Strike_P"],"score":1566,"play_id":"a04e6471-77b6-4e98-9cc3-edb9538b074a","local_time":"20210207110000","is_ascension_mode":true,"campfire_choices":[{"data":"Omniscience","floor":10.0,"key":"SMITH"},{"data":"Adaptation","floor":15.0,"key":"SMITH"},{"data":"Ragnarok","floor":23.0,"key":"SMITH"},{"data":"Eruption","floor":25.0,"key":"SMITH"},{"data":"Madness","floor":29.0,"key":"SMITH"},{"data":"MentalFortress","floor":32.0,"key":"SMITH"},{"data":"TalkToTheHand","floor":45.0,"key":"SMITH"},{"data":"WreathOfFlame","floor":47,"key":"SMITH"},{"data":"Master of Strategy","floor":49,"key":"SMITH"}],"circlet_count":0,"master_deck":["AscendersBane","Eruption+1","Vigilance","DeusExMachina","Ragnarok+1","WreathOfFlame+1","EmptyFist+1","Omniscience+1","Madness+1","Adaptation+1","FearNoEvil+1","WheelKick+1","Wallop+1","TalkToTheHand+1","MentalFortress+1","Tantrum+1","Finesse","Master of Strategy+1","Worship"],"relics":["PureWater","Vajra","Letter Opener","CeramicFish","Astrolabe","GoldenEye","Bag of Preparation","Darkstone Periapt","HornCleat","SlaversCollar","Art of War","Juzu Bracelet","Whetstone","Toy Ornithopter"],"acts_visited":["Exordium","TheCity","TheBeyond"],"potions_floor_usage":[50],"damage_taken":[{"damage":0.0,"enemies":"Jaw Worm","floor":1.0,"turns":3.0},{"damage":0.0,"enemies":"2 Louse","floor":2.0,"turns":2.0},{"damage":0.0,"enemies":"Cultist","floor":3.0,"turns":2.0},{"damage":5.0,"enemies":"Blue Slaver","floor":4.0,"turns":2.0},{"damage":0.0,"enemies":"Lagavulin","floor":6.0,"turns":2.0},{"damage":0.0,"enemies":"2 Fungi Beasts","floor":8.0,"turns":1.0},{"damage":0.0,"enemies":"Looter","floor":11.0,"turns":1.0},{"damage":0.0,"enemies":"Gremlin Gang","floor":13.0,"turns":1.0},{"damage":0.0,"enemies":"Gremlin Nob","floor":14.0,"turns":2.0},{"damage":23.0,"enemies":"Hexaghost","floor":16.0,"turns":6.0},{"damage":0.0,"enemies":"3 Byrds","floor":18.0,"turns":3.0},{"damage":0.0,"enemies":"2 Thieves","floor":19.0,"turns":1.0},{"damage":0.0,"enemies":"Centurion and Healer","floor":21.0,"turns":2.0},{"damage":0.0,"enemies":"Snecko","floor":22.0,"turns":3.0},{"damage":1.0,"enemies":"Gremlin Leader","floor":24.0,"turns":4.0},{"damage":0.0,"enemies":"Snake Plant","floor":27.0,"turns":3.0},{"damage":21.0,"enemies":"Book of Stabbing","floor":28.0,"turns":4.0},{"damage":4.0,"enemies":"Shelled Parasite and Fungi","floor":30.0,"turns":3.0},{"damage":0.0,"enemies":"Automaton","floor":33.0,"turns":6.0},{"damage":0.0,"enemies":"3 Darklings","floor":35.0,"turns":1.0},{"damage":0.0,"enemies":"Orb Walker","floor":37.0,"turns":2.0},{"damage":0.0,"enemies":"Writhing Mass","floor":39.0,"turns":1.0},{"damage":0.0,"enemies":"Reptomancer","floor":40.0,"turns":4.0},{"damage":0.0,"enemies":"4 Shapes","floor":41.0,"turns":4.0},{"damage":0.0,"enemies":"Giant Head","floor":44.0,"turns":3.0},{"damage":0,"enemies":"Reptomancer","floor":46,"turns":2},{"damage":0,"enemies":"Sphere and 2 Shapes","floor":48,"turns":2},{"damage":1,"enemies":"Awakened One","floor":50,"turns":4}],"seed_played":"7730080660380649117","potions_obtained":[{"floor":3.0,"key":"StancePotion"},{"floor":4.0,"key":"StancePotion"},{"floor":16.0,"key":"Swift Potion"},{"floor":21.0,"key":"Fruit Juice"},{"floor":30.0,"key":"EntropicBrew"},{"floor":33.0,"key":"Block Potion"},{"floor":39.0,"key":"Dexterity Potion"},{"floor":41.0,"key":"DuplicationPotion"}],"is_trial":false,"path_per_floor":["M","M","M","M","?","E","$","M","T","R","M","?","M","E","R","B",null,"M","M","?","M","M","R","E","R","T","M","E","R","M","$","R","B",null,"M","?","M","?","M","E","M","?","T","E","R","E","R","M","R","B",null],"character_chosen":"WATCHER","items_purchased":["Madness","HornCleat"],"campfire_rested":0,"item_purchase_floors":[7,31],"current_hp_per_floor":[65,65,65,60,60,60,60,60,60,60,60,60,60,60,60,37,58,58,58,58,63,63,63,62,62,62,62,41,41,37,37,37,37,62,62,52,52,52,52,52,52,52,52,52,52,52,52,52,52,56],"gold":334,"neow_bonus":"TRANSFORM_TWO_CARDS","is_daily":false,"chose_seed":false,"campfire_upgraded":9,"win_rate":0.0,"timestamp":1612663200,"path_taken":["M","M","M","M","?","E","$","M","T","R","M","?","M","E","R","BOSS","M","?","?","M","M","R","E","R","T","M","E","R","M","$","R","BOSS","M","?","M","?","M","E","M","?","T","E","R","E","R","M","R","BOSS"],"items_purchased_type":["Card","Relic"],"build_version":"2020-12-22","purchased_purges":2,"victory":true,"max_hp_per_floor":[65,65,65,65,65,65,65,65,65,65,65,65,65,65,65,65,65,65,65,65,70,70,70,70,70,70,70,70,70,70,70,70,70,70,70,70,70,70,70,70,70,70,70,70,70,70,70,70,70,70],"card_choices":[{"not_picked":["Prostrate","PathToVictory","JustLucky"],"picked":"SKIP","floor":1.0},{"not_picked":["ReachHeaven","InnerPeace"],"picked":"WreathOfFlame","floor":2.0},{"not_picked":["BattleHymn","Prostrate","JustLucky"],"picked":"SKIP","floor":3.0},{"not_picked":["Consecrate","BattleHymn"],"picked":"EmptyFist","floor":4.0},{"not_picked":["SashWhip","CrushJoints"],"picked":"Omniscience","floor":6.0},{"not_picked":["ClearTheMind","Prostrate","Consecrate"],"picked":"SKIP","floor":8.0},{"not_picked":["Halt","Crescendo"],"picked":"Adaptation","floor":11.0},{"not_picked":["WindmillStrike","Protect","SashWhip"],"picked":"SKIP","floor":13.0},{"not_picked":["MasterReality","Halt","ClearTheMind"],"picked":"SKIP","floor":14.0},{"not_picked":["ForeignInfluence","FlurryOfBlows","BowlingBash"],"picked":"SKIP","floor":18.0},{"not_picked":["WindmillStrike","Conclude"],"picked":"TalkToTheHand","floor":19.0},{"not_picked":["Vengeance","FlurryOfBlows"],"picked":"MentalFortress","floor":21.0},{"not_picked":["Consecrate","Study","ForeignInfluence"],"picked":"SKIP","floor":22.0},{"not_picked":["ClearTheMind","FlurryOfBlows","BowlingBash"],"picked":"SKIP","floor":24.0},{"not_picked":["Consecrate","CutThroughFate","Wallop"],"picked":"SKIP","floor":27.0},{"not_picked":["Vengeance","Adaptation","MentalFortress"],"picked":"SKIP","floor":28.0},{"not_picked":["ThirdEye","MasterReality"],"picked":"Tantrum","floor":30.0},{"not_picked":["ClearTheMind+1","WreathOfFlame","Consecrate"],"picked":"SKIP","floor":35.0},{"not_picked":["Trip","Mayhem"],"picked":"Finesse","floor":36.0},{"not_picked":["Bandage Up","Blind"],"picked":"Master of Strategy","floor":36.0},{"not_picked":["JustLucky+1","Indignation","InnerPeace+1"],"picked":"SKIP","floor":37.0},{"not_picked":["CrushJoints","DeceiveReality","BowlingBash"],"picked":"SKIP","floor":39.0},{"not_picked":["FollowUp","CutThroughFate+1","Halt"],"picked":"SKIP","floor":40.0},{"not_picked":["Consecrate","EmptyFist","FlurryOfBlows"],"picked":"SKIP","floor":41.0},{"not_picked":["Wallop","Blasphemy","Indignation+1"],"picked":"SKIP","floor":44.0},{"not_picked":["Tantrum","ThirdEye","Fasting2"],"picked":"SKIP","floor":46},{"not_picked":["JustLucky","Protect","FlyingSleeves+1"],"picked":"SKIP","floor":48}],"player_experience":621565,"relics_obtained":[{"floor":6.0,"key":"Vajra"},{"floor":9.0,"key":"Letter Opener"},{"floor":14.0,"key":"CeramicFish"},{"floor":24.0,"key":"GoldenEye"},{"floor":26.0,"key":"Bag of Preparation"},{"floor":28.0,"key":"Darkstone Periapt"},{"floor":40.0,"key":"Art of War"},{"floor":43.0,"key":"Juzu Bracelet"},{"floor":44.0,"key":"Whetstone"},{"floor":46,"key":"Toy Ornithopter"}],"event_choices":[{"damage_healed":0.0,"max_hp_gain":0.0,"max_hp_loss":0.0,"gold_gain":0.0,"event_name":"Liars Game","player_choice":"Ignored","floor":5.0,"gold_loss":0.0,"damage_taken":0.0},{"damage_healed":0.0,"max_hp_gain":0.0,"max_hp_loss":0.0,"gold_gain":0.0,"event_name":"The Woman in Blue","player_choice":"Bought 0 Potions","floor":12.0,"gold_loss":0.0,"damage_taken":0.0},{"damage_healed":0.0,"max_hp_gain":0.0,"max_hp_loss":0.0,"gold_gain":0.0,"event_name":"The Mausoleum","player_choice":"Ignored","floor":20.0,"gold_loss":0.0,"damage_taken":0.0},{"damage_healed":0.0,"max_hp_gain":0.0,"max_hp_loss":0.0,"gold_gain":0.0,"event_name":"SensoryStone","player_choice":"Memory 3","floor":36.0,"gold_loss":0.0,"damage_taken":10.0},{"damage_healed":0.0,"max_hp_gain":0.0,"max_hp_loss":0.0,"gold_gain":0.0,"event_name":"Tomb of Lord Red Mask","player_choice":"Ignored","floor":38.0,"gold_loss":0.0,"damage_taken":0.0},{"damage_healed":0.0,"max_hp_gain":0.0,"max_hp_loss":0.0,"gold_gain":0.0,"cards_transformed":["Defend_P"],"event_name":"Transmorgrifier","player_choice":"Transformed","floor":42.0,"gold_loss":0.0,"damage_taken":0.0,"cards_obtained":["Worship"]}],"is_beta":false,"boss_relics":[{"not_picked":["Coffee Dripper","Calling Bell"],"picked":"Astrolabe"},{"not_picked":["Pandora\u0027s Box","Philosopher\u0027s Stone"],"picked":"SlaversCollar"}],"items_purged_floors":[7,31],"is_endless":false,"potions_floor_spawned":[3,4,6,13,16,21,30,33,39,41,44,46],"ascension_level":12}}