{"host":"ul3z8ex5o8l5j7mh","time":1612720170,"event":{"mods":["AchievementEnabler","BaseMod","Colored Map","Colored Powertips","DeckTracker","Minty Spire (QoL Compilation)","SuperFastMode"],"gold_per_floor":[111,111,121,134,145,170,170,198,198,198,198],"floor_reached":10,"language":"ENG","playtime":415,"items_purged":[],"score":90,"play_id":"a063db4e-0e5e-4ea8-b445-96535dbc1d19","local_time":"20210207184930","is_ascension_mode":true,"campfire_choices":[{"data":"True Grit","floor":7,"key":"SMITH"}],"circlet_count":0,"master_deck":["Strike_R","Strike_R","Strike_R","Strike_R","Strike_R","Defend_R","Defend_R","Defend_R","Bash","Infernal Blade","True Grit+1","Clash","Dropkick","Rampage","Clothesline","Bloodletting"],"relics":["Burning Blood","Lantern","Art of War","Gambling Chip","Sundial"],"acts_visited":["Exordium"],"potions_floor_usage":[],"damage_taken":[{"damage":6,"enemies":"2 Louse","floor":1,"turns":3},{"damage":0,"enemies":"Cultist","floor":3,"turns":2},{"damage":1,"enemies":"Small Slimes","floor":4,"turns":4},{"damage":29,"enemies":"Exordium Thugs","floor":5,"turns":5},{"damage":28,"enemies":"3 Sentries","floor":6,"turns":9},{"damage":8,"enemies":"Gremlin Nob","floor":8,"turns":3},{"damage":0,"enemies":"3 Sentries","floor":10,"turns":1}],"seed_played":"1566049075847640534","potions_obtained":[{"floor":3,"key":"Energy Potion"},{"floor":8,"key":"DuplicationPotion"}],"is_trial":false,"path_per_floor":["M","?","M","M","M","E","R","E","T","E"],"character_chosen":"IRONCLAD","items_purchased":[],"campfire_rested":0,"item_purchase_floors":[],"current_hp_per_floor":[80,80,80,80,57,35,35,33,33,33,33],"gold":198,"neow_bonus":"RANDOM_COMMON_RELIC","is_daily":false,"chose_seed":false,"campfire_upgraded":1,"win_rate":0.0,"timestamp":1612720170,"path_taken":["M","?","?","M","M","E","R","E","T","E"],"items_purchased_type":[],"build_version":"2020-12-22","purchased_purges":0,"victory":false,"max_hp_per_floor":[80,80,80,80,80,80,80,80,80,80,80],"card_choices":[{"not_picked":["True Grit","Havoc"],"picked":"Infernal Blade","floor":1},{"not_picked":["Clothesline","Pommel Strike"],"picked":"Clash","floor":3},{"not_picked":["Heavy Blade","Sentinel"],"picked":"Dropkick","floor":4},{"not_picked":["Thunderclap","Havoc"],"picked":"Rampage","floor":5},{"not_picked":["Wild Strike","Berserk"],"picked":"Clothesline","floor":6},{"not_picked":["Body Slam","Evolve"],"picked":"Bloodletting","floor":8}],"player_experience":325223,"relics_obtained":[{"floor":6,"key":"Art of War"},{"floor":8,"key":"Gambling Chip"},{"floor":9,"key":"Sundial"}],"event_choices":[{"damage_healed":0,"gold_gain":0,"cards_transformed":["Defend_R"],"player_choice":"Transformed","damage_taken":0,"max_hp_gain":0,"max_hp_loss":0,"event_name":"Transmorgrifier","floor":2,"gold_loss":0,"cards_obtained":["True Grit"]}],"is_beta":false,"boss_relics":[],"items_purged_floors":[],"is_endless":false,"potions_floor_spawned":[3,8],"killed_by":"3 Sentries","ascension_level":3}}