{"host":"syozzdlzcqop4jia","time":1612723534,"event":{"mods":["BaseMod","Colored Map","Colored Powertips","Minty Spire (QoL Compilation)","Quick Restart"],"gold_per_floor":[119,119,119,167,183,209,44,63,63,81,100,61,61,78,78,179,179,196,210,210,210],"floor_reached":20,"language":"ENG","playtime":929,"items_purged":[],"score":185,"play_id":"cc2749b7-deda-4348-bfe7-ac7e2e67eaac","local_time":"20210207194534","is_ascension_mode":true,"campfire_choices":[{"floor":15,"key":"REST"}],"circlet_count":0,"master_deck":["Strike_B+1","Strike_B","Strike_B+1","Strike_B","Defend_B","Defend_B","Defend_B","Zap","Dualcast","Rip and Tear","Ball Lightning","Loop+1","The Bomb","Storm","Redo","Cold Snap","Capacitor","Tempest","Amplify","Sweeping Beam+1","Conserve Battery"],"relics":["Cracked Core","MealTicket","Art of War","White Beast Statue","Cursed Key"],"acts_visited":["Exordium","TheCity"],"potions_floor_usage":[16,16,18],"damage_taken":[{"damage":1,"enemies":"Jaw Worm","floor":1,"turns":4},{"damage":0,"enemies":"2 Louse","floor":5,"turns":2},{"damage":27,"enemies":"3 Sentries","floor":6,"turns":5},{"damage":0,"enemies":"Cultist","floor":8,"turns":2},{"damage":13,"enemies":"Exordium Wildlife","floor":10,"turns":3},{"damage":21,"enemies":"Lots of Slimes","floor":11,"turns":3},{"damage":14,"enemies":"Exordium Thugs","floor":14,"turns":3},{"damage":23,"enemies":"Hexaghost","floor":16,"turns":7},{"damage":28,"enemies":"2 Thieves","floor":18,"turns":3},{"damage":26,"enemies":"Chosen","floor":19,"turns":5},{"damage":23,"enemies":"Snake Plant","floor":20,"turns":2}],"seed_played":"-95801417219296623","potions_obtained":[{"floor":1,"key":"Ancient Potion"},{"floor":5,"key":"DistilledChaos"},{"floor":6,"key":"SkillPotion"},{"floor":14,"key":"Block Potion"},{"floor":16,"key":"Fire Potion"},{"floor":18,"key":"Ancient Potion"},{"floor":19,"key":"BlessingOfTheForge"}],"is_trial":false,"path_per_floor":["M","?","?","T","M","E","$","M","T","M","M","$","?","M","R","B",null,"M","M","M"],"character_chosen":"DEFECT","items_purchased":["The Bomb","Capacitor"],"campfire_rested":1,"item_purchase_floors":[7,12],"current_hp_per_floor":[74,74,59,59,59,32,47,47,47,34,13,28,28,14,36,13,75,47,21,0,0],"gold":210,"neow_bonus":"REMOVE_CARD","is_daily":false,"chose_seed":false,"campfire_upgraded":0,"win_rate":0.0,"timestamp":1612723534,"path_taken":["M","?","?","?","M","E","$","M","T","?","M","?","?","M","R","BOSS","M","M","?"],"items_purchased_type":["Card","Card"],"build_version":"2020-12-22","purchased_purges":0,"victory":false,"max_hp_per_floor":[75,75,75,75,75,75,75,75,75,75,75,75,75,75,75,75,75,75,75,75,75],"card_choices":[{"not_picked":["Skim","Leap"],"picked":"Rip and Tear","floor":1},{"not_picked":["Darkness","Loop"],"picked":"Ball Lightning","floor":5},{"not_picked":["Undo","Streamline"],"picked":"Loop","floor":6},{"not_picked":["Heatsinks","Cold Snap"],"picked":"Storm","floor":8},{"not_picked":["Sweeping Beam","Leap"],"picked":"Redo","floor":10},{"not_picked":["Reinforced Body","Double Energy"],"picked":"Cold Snap","floor":11},{"not_picked":["Sweeping Beam","Auto Shields"],"picked":"Tempest","floor":14},{"not_picked":["Multi-Cast","Hyperbeam"],"picked":"Amplify","floor":16},{"not_picked":["Streamline","Turbo+1"],"picked":"Sweeping Beam+1","floor":18},{"not_picked":["Barrage","Chill"],"picked":"Conserve Battery","floor":19}],"player_experience":599959,"relics_obtained":[{"floor":4,"key":"MealTicket"},{"floor":6,"key":"Art of War"},{"floor":9,"key":"White Beast Statue"}],"event_choices":[{"damage_healed":0,"gold_gain":0,"player_choice":"Ignored","damage_taken":0,"max_hp_gain":0,"max_hp_loss":0,"event_name":"Golden Idol","floor":2,"gold_loss":0},{"damage_healed":0,"gold_gain":0,"player_choice":"Entered Light","damage_taken":15,"max_hp_gain":0,"max_hp_loss":0,"event_name":"Shining Light","floor":3,"gold_loss":0,"cards_upgraded":["Strike_B","Strike_B"]},{"damage_healed":0,"gold_gain":0,"player_choice":"Upgraded","damage_taken":0,"max_hp_gain":0,"max_hp_loss":0,"event_name":"Upgrade Shrine","floor":13,"gold_loss":0,"cards_upgraded":["Loop"]}],"is_beta":false,"boss_relics":[{"not_picked":["Coffee Dripper","FrozenCore"],"picked":"Cursed Key"}],"items_purged_floors":[],"is_endless":false,"potions_floor_spawned":[1,5,6,10,11,14,16,18,19],"killed_by":"Snake Plant","ascension_level":1}}