{"host":"erqkcga9ejnpd4e1","time":1612678113,"event":{"mods":["AchievementEnabler","BaseMod","Colored Map","Downfall","Glutton Mod","Minty Spire (QoL Compilation)","Pikachu Mod","Shop Mod","StSLib","The Bug Knight","The Exordian Avenger","The Forsaken","The Saiyan","Thrall Mod"],"gold_per_floor":[118,133,147,161,72,105,105,136,136,61,26,101,101,116,116,190,190,209,134,150,163,183,183,183,183],"floor_reached":24,"language":"ENG","playtime":2811,"items_purged":["Defend_G"],"score":419,"play_id":"f05643c6-f5fc-4f31-9802-9b282c23f4b9","local_time":"20210206220833","is_ascension_mode":true,"campfire_choices":[{"data":"After Image","floor":7,"key":"SMITH"},{"floor":15,"key":"REST"},{"floor":23,"key":"REST"}],"circlet_count":0,"master_deck":["AscendersBane","Strike_G","Strike_G","Strike_G","Strike_G","Strike_G+1","Defend_G","Defend_G","Defend_G+1","Survivor","Neutralize","Deadly Poison","After Image+1","Well Laid Plans","Dodge and Roll","Infinite Blades","Blade Dance","Corpse Explosion","Blade Dance","Adrenaline","Poisoned Stab","Deadly Poison"],"relics":["Ring of the Snake","NeowsBlessing","Snake Skull","MealTicket","Gremlin Horn","Cursed Key"],"acts_visited":["Exordium","TheCity"],"potions_floor_usage":[14,16,22],"damage_taken":[{"damage":0,"enemies":"Small Slimes","floor":1,"turns":1},{"damage":0,"enemies":"2 Louse","floor":2,"turns":2},{"damage":0,"enemies":"Jaw Worm","floor":3,"turns":1},{"damage":7,"enemies":"2 Fungi Beasts","floor":4,"turns":5},{"damage":0,"enemies":"HollowMod:MossKnight","floor":6,"turns":12},{"damage":23,"enemies":"Lagavulin","floor":8,"turns":7},{"damage":14,"enemies":"Exordium Thugs","floor":14,"turns":5},{"damage":32,"enemies":"The Guardian","floor":16,"turns":11},{"damage":11,"enemies":"Spheric Guardian","floor":18,"turns":6},{"damage":5,"enemies":"Shell Parasite","floor":20,"turns":5},{"damage":6,"enemies":"Cultist and Chosen","floor":21,"turns":6},{"damage":16,"enemies":"Chosen and Byrds","floor":22,"turns":4},{"damage":38,"enemies":"Slavers","floor":24,"turns":3}],"seed_played":"-4359512484041148068","potions_obtained":[{"floor":3,"key":"LiquidBronze"},{"floor":4,"key":"GhostInAJar"},{"floor":14,"key":"DuplicationPotion"},{"floor":22,"key":"Energy Potion"}],"is_trial":false,"path_per_floor":["M","M","M","M","$","E","R","E","T","$","?","?","?","M","R","B",null,"M","?","M","M","M","R","E"],"character_chosen":"THE_SILENT","items_purchased":["Infinite Blades"],"campfire_rested":2,"item_purchase_floors":[5],"current_hp_per_floor":[59,59,59,52,52,52,52,29,29,44,60,49,29,15,34,2,50,39,39,34,28,12,31,0,0],"gold":183,"neow_bonus":"THREE_ENEMY_KILL","is_daily":false,"chose_seed":false,"campfire_upgraded":1,"win_rate":0.0,"timestamp":1612678113,"path_taken":["M","M","M","M","$","E","R","E","T","$","?","?","?","?","R","BOSS","M","?","M","M","M","R","E"],"items_purchased_type":["Card"],"build_version":"2020-12-22","purchased_purges":1,"victory":false,"max_hp_per_floor":[66,66,66,66,66,66,66,66,66,66,66,66,66,66,66,66,66,66,66,66,66,66,66,66,66],"card_choices":[{"not_picked":["Underhanded Strike","Caltrops","Deadly Poison"],"picked":"SKIP","floor":1},{"not_picked":["Underhanded Strike","Caltrops"],"picked":"Deadly Poison","floor":1},{"not_picked":["Cloak And Dagger","Acrobatics"],"picked":"After Image","floor":2},{"not_picked":["Slice","Heel Hook"],"picked":"Well Laid Plans","floor":3},{"not_picked":["Skewer","PiercingWail"],"picked":"Dodge and Roll","floor":4},{"not_picked":["Eviscerate","Dash"],"picked":"Blade Dance","floor":6},{"not_picked":["Sucker Punch","Poisoned Stab"],"picked":"Corpse Explosion","floor":8},{"not_picked":["Skewer","Quick Slash"],"picked":"Blade Dance","floor":14},{"not_picked":["Malaise","Bullet Time"],"picked":"Adrenaline","floor":16},{"not_picked":["Dagger Throw","Underhanded Strike","Quick Slash"],"picked":"SKIP","floor":18},{"not_picked":["Dagger Throw","Deadly Poison"],"picked":"Poisoned Stab","floor":20},{"not_picked":["A Thousand Cuts","Dagger Throw"],"picked":"Deadly Poison","floor":21},{"not_picked":["Calculated Gamble","Outmaneuver","Dash"],"picked":"SKIP","floor":22}],"player_experience":982268,"relics_obtained":[{"floor":6,"key":"Snake Skull"},{"floor":8,"key":"MealTicket"},{"floor":9,"key":"Gremlin Horn"}],"event_choices":[{"damage_healed":16,"gold_gain":0,"player_choice":"Healed","damage_taken":0,"max_hp_gain":0,"max_hp_loss":0,"event_name":"The Cleric","floor":11,"gold_loss":35},{"damage_healed":0,"gold_gain":75,"player_choice":"Gather Gold","damage_taken":11,"max_hp_gain":0,"max_hp_loss":0,"event_name":"World of Goop","floor":12,"gold_loss":0},{"damage_healed":0,"gold_gain":0,"player_choice":"Entered Light","damage_taken":20,"max_hp_gain":0,"max_hp_loss":0,"event_name":"Shining Light","floor":13,"gold_loss":0,"cards_upgraded":["Defend_G","Strike_G"]},{"cards_removed":["Defend_G"],"damage_healed":0,"gold_gain":0,"player_choice":"Gave Gold","damage_taken":0,"max_hp_gain":0,"max_hp_loss":0,"event_name":"Beggar","floor":19,"gold_loss":75}],"is_beta":false,"boss_relics":[{"not_picked":["Velvet Choker","theForsaken:PaleLantern"],"picked":"Cursed Key"}],"items_purged_floors":[10],"is_endless":false,"potions_floor_spawned":[3,4,14,22],"killed_by":"Slavers","ascension_level":16}}