{"host":"t7mx8yfj1no5p62f","time":1612717540,"event":{"mods":["BaseMod","Colored Map","Colored Powertips","Curses Come First","Minty Spire (QoL Compilation)","Relic Stats","StSLib"],"gold_per_floor":[365,365,385,37,53,53,67,99,124,124,124],"floor_reached":10,"language":"ENG","playtime":353,"items_purged":["Strike_G"],"score":136,"play_id":"dccfe9ba-a468-4c69-88e6-162aaf265157","local_time":"20210207120540","is_ascension_mode":true,"campfire_choices":[{"data":"Dagger Throw","floor":6.0,"key":"SMITH"}],"circlet_count":0,"master_deck":["AscendersBane","Strike_G","Strike_G","Strike_G","Strike_G","Defend_G","Defend_G","Defend_G","Defend_G","Defend_G","Survivor","Neutralize+1","Acrobatics","Dagger Throw+1","Cloak And Dagger+1","Poisoned Stab"],"relics":["Ring of the Snake","Toxic Egg 2","Blood Vial","Orichalcum"],"acts_visited":["Exordium"],"potions_floor_usage":[10],"damage_taken":[{"damage":9.0,"enemies":"Small Slimes","floor":1.0,"turns":5.0},{"damage":0.0,"enemies":"Cultist","floor":3.0,"turns":4.0},{"damage":4.0,"enemies":"Jaw Worm","floor":5.0,"turns":7.0},{"damage":4.0,"enemies":"Red Slaver","floor":7.0,"turns":4.0},{"damage":18.0,"enemies":"3 Sentries","floor":8.0,"turns":9.0},{"damage":26,"enemies":"Lagavulin","floor":10,"turns":6}],"seed_played":"748130546133895965","potions_obtained":[{"floor":5.0,"key":"BlessingOfTheForge"},{"floor":8.0,"key":"Weak Potion"}],"is_trial":false,"path_per_floor":["M","?","M","$","M","R","M","E","T","E"],"character_chosen":"THE_SILENT","items_purchased":["Toxic Egg 2"],"campfire_rested":0,"item_purchase_floors":[4],"current_hp_per_floor":[50,50,50,50,46,46,42,24,24,0,0],"gold":124,"neow_bonus":"TWO_FIFTY_GOLD","is_daily":false,"chose_seed":false,"campfire_upgraded":1,"win_rate":0.0,"timestamp":1612717540,"path_taken":["M","?","M","$","?","R","M","E","T","E"],"items_purchased_type":["Relic"],"build_version":"2020-12-22","purchased_purges":1,"victory":false,"max_hp_per_floor":[60,60,60,60,60,60,60,60,60,60,60],"relic_stats":{"Blood Vial":2,"counters":[6,35],"Orichalcum":[24],"obtain_stats":[{"Blood Vial":8,"Toxic Egg 2":4,"Orichalcum":9,"Ring of the Snake":0},{"Blood Vial":5,"Toxic Egg 2":2,"Orichalcum":5,"Ring of the Snake":0},{"Blood Vial":29,"Toxic Egg 2":9,"Orichalcum":29,"Ring of the Snake":0}],"Ring of the Snake":[12]},"card_choices":[{"not_picked":["Dodge and Roll","Prepared"],"picked":"Acrobatics","floor":1.0},{"not_picked":["Deflect","Reflex"],"picked":"Dagger Throw","floor":3.0},{"not_picked":["Deflect+1","Escape Plan+1"],"picked":"Cloak And Dagger+1","floor":5.0},{"not_picked":["Infinite Blades","Deflect+1"],"picked":"Poisoned Stab","floor":7.0},{"not_picked":["Acrobatics+1","Caltrops","Distraction+1"],"picked":"SKIP","floor":8.0}],"player_experience":1957224,"relics_obtained":[{"floor":8.0,"key":"Blood Vial"},{"floor":9.0,"key":"Orichalcum"}],"event_choices":[{"damage_healed":0.0,"max_hp_gain":0.0,"max_hp_loss":0.0,"gold_gain":0.0,"event_name":"Upgrade Shrine","player_choice":"Upgraded","floor":2.0,"gold_loss":0.0,"damage_taken":0.0,"cards_upgraded":["Neutralize"]}],"is_beta":false,"boss_relics":[],"items_purged_floors":[4],"is_endless":false,"potions_floor_spawned":[5,8],"killed_by":"Lagavulin","ascension_level":20}}