{"host":"mnpd8gh7cwxsn5kh","time":1612718163,"event":{"mods":["BaseMod","Bestiary","Block Reminder","Colored Map","Colored Powertips","Highlight Path","Minty Spire (QoL Compilation)","Relic Sorter","Relic Stats"],"gold_per_floor":[111,124,24,24,24,57,57,85,85,113,63,138,163,176,176,278,278,290,290,306,47,146,176,188,200,237,269,314,342,354,291,303,410,422,452,464,31,50,50,50,80,80,130,130,149,24,55,70,70,70],"floor_reached":51,"language":"ENG","playtime":6316,"items_purged":["Strike_B","Defend_B","Strike_B"],"score":1136,"play_id":"08be004a-73c7-4299-8848-b6f3597549f8","local_time":"20210207181603","is_ascension_mode":true,"campfire_choices":[{"data":"Zap","floor":7,"key":"SMITH"},{"data":"Streamline","floor":15,"key":"SMITH"},{"data":"Chill","floor":25,"key":"SMITH"},{"data":"Conserve Battery","floor":30,"key":"SMITH"},{"data":"Glacier","floor":32,"key":"SMITH"},{"data":"Coolheaded","floor":40,"key":"SMITH"},{"data":"Go for the Eyes","floor":42,"key":"SMITH"},{"data":"Redo","floor":44,"key":"SMITH"},{"data":"Beam Cell","floor":49,"key":"SMITH"}],"circlet_count":0,"master_deck":["AscendersBane","Strike_B+1","Defend_B","Defend_B","Defend_B+1","Zap+1","Dualcast+1","FTL+1","Steam","Streamline+1","All For One","Go for the Eyes+1","Chill+1","Beam Cell+1","Coolheaded+1","Sweeping Beam","Core Surge","Self Repair+1","Beam Cell+1","Self Repair+1","Conserve Battery+1","Turbo+1","Glacier+1","White Noise+1","Fission+1","Storm+1","Loop+1","Stack+1","Redo+1","Loop+1","Electrodynamics+1"],"relics":["FrozenCore","Frozen Egg 2","Bronze Scales","Potion Belt","Matryoshka","Eternal Feather","Anchor","MawBank","Bag of Preparation","Darkstone Periapt","Boot","Toy Ornithopter","Orichalcum","Inserter","Runic Capacitor","DataDisk","Gremlin Horn","War Paint","Whetstone"],"acts_visited":["Exordium","TheCity","TheBeyond"],"potions_floor_usage":[6,8,23,23,33,33],"damage_taken":[{"damage":1,"enemies":"Cultist","floor":1,"turns":4},{"damage":8,"enemies":"2 Louse","floor":2,"turns":2},{"damage":14,"enemies":"Gremlin Nob","floor":6,"turns":4},{"damage":15,"enemies":"3 Sentries","floor":8,"turns":6},{"damage":12,"enemies":"Gremlin Nob","floor":10,"turns":3},{"damage":14,"enemies":"3 Sentries","floor":13,"turns":6},{"damage":0,"enemies":"Jaw Worm","floor":14,"turns":2},{"damage":6,"enemies":"Slime Boss","floor":16,"turns":9},{"damage":5,"enemies":"Shell Parasite","floor":18,"turns":4},{"damage":2,"enemies":"3 Byrds","floor":20,"turns":3},{"damage":27,"enemies":"Slavers","floor":23,"turns":7},{"damage":23,"enemies":"Sentry and Sphere","floor":27,"turns":6},{"damage":16,"enemies":"Book of Stabbing","floor":28,"turns":5},{"damage":4,"enemies":"Cultist and Chosen","floor":29,"turns":6},{"damage":46,"enemies":"Automaton","floor":33,"turns":12},{"damage":13,"enemies":"3 Darklings","floor":35,"turns":5},{"damage":0,"enemies":"Orb Walker","floor":38,"turns":4},{"damage":10,"enemies":"Giant Head","floor":41,"turns":6},{"damage":0,"enemies":"Sphere and 2 Shapes","floor":45,"turns":4},{"damage":13,"enemies":"Reptomancer","floor":47,"turns":4},{"damage":0,"enemies":"Jaw Worm Horde","floor":48,"turns":3},{"damage":30,"enemies":"Donu and Deca","floor":50,"turns":8}],"seed_played":"-8286620464808136767","potions_obtained":[{"floor":1,"key":"Regen Potion"},{"floor":2,"key":"Block Potion"},{"floor":6,"key":"FairyPotion"},{"floor":13,"key":"SneckoOil"},{"floor":16,"key":"LiquidMemories"},{"floor":20,"key":"Weak Potion"},{"floor":28,"key":"Weak Potion"},{"floor":29,"key":"ColorlessPotion"},{"floor":38,"key":"FearPotion"},{"floor":41,"key":"FearPotion"},{"floor":47,"key":"GamblersBrew"}],"is_trial":false,"path_per_floor":["M","M","$","?","?","E","R","E","T","E","$","?","E","M","R","B",null,"M","?","M","$","?","E","T","R","T","M","E","M","R","?","R","B",null,"M","?","$","M","?","R","E","R","T","R","M","$","E","M","R","B",null],"character_chosen":"DEFECT","items_purchased":["Streamline","Beam Cell","Anchor","Self Repair+1","Conserve Battery","Loop+1","Runic Capacitor","DataDisk"],"campfire_rested":0,"item_purchase_floors":[3,11,21,21,21,37,37,37],"current_hp_per_floor":[67,59,59,64,64,50,50,50,50,38,38,27,13,13,22,16,64,59,59,67,67,67,60,60,75,75,72,56,72,80,80,80,59,75,72,72,72,80,80,80,80,80,80,80,80,80,77,80,80,70],"gold":70,"neow_bonus":"UPGRADE_CARD","is_daily":false,"chose_seed":false,"campfire_upgraded":9,"win_rate":0.0,"timestamp":1612718163,"path_taken":["M","M","$","?","?","E","R","E","T","E","$","?","E","M","R","BOSS","M","?","M","$","?","E","?","R","T","?","E","M","R","?","R","BOSS","M","?","$","?","?","R","E","R","T","R","M","$","E","M","R","BOSS"],"items_purchased_type":["Card","Card","Relic","Card","Card","Card","Relic","Relic"],"build_version":"2020-12-22","purchased_purges":3,"victory":true,"max_hp_per_floor":[75,75,75,80,80,80,80,80,80,80,80,80,80,80,80,80,80,80,80,80,80,80,80,80,80,80,80,80,80,80,80,80,80,80,80,80,80,80,80,80,80,80,80,80,80,80,80,80,80,80],"relic_stats":{"Darkstone Periapt":0,"Inserter":[17],"Gremlin Horn":[6,6],"counters":[22,113],"Eternal Feather":32,"Bag of Preparation":[22],"Whetstone":["Strike_B","FTL"],"Orichalcum":[42],"War Paint":["Defend_B","Turbo"],"MawBank":168,"Boot":[69],"FrozenCore":[31],"Bronze Scales":[290],"obtain_stats":[{"Potion Belt":9,"Darkstone Periapt":24,"Inserter":34,"Gremlin Horn":41,"Eternal Feather":13,"Bag of Preparation":24,"Runic Capacitor":37,"Whetstone":47,"Frozen Egg 2":6,"Orichalcum":28,"War Paint":43,"MawBank":23,"Boot":26,"FrozenCore":17,"Anchor":21,"DataDisk":37,"Matryoshka":10,"Bronze Scales":8,"Cracked Core":0,"Toy Ornithopter":26},{"Potion Belt":4,"Darkstone Periapt":11,"Inserter":15,"Gremlin Horn":18,"Eternal Feather":6,"Bag of Preparation":11,"Runic Capacitor":16,"Whetstone":20,"Frozen Egg 2":3,"Orichalcum":13,"War Paint":18,"MawBank":11,"Boot":11,"FrozenCore":8,"Anchor":10,"DataDisk":16,"Matryoshka":5,"Bronze Scales":4,"Cracked Core":0,"Toy Ornithopter":11},{"Potion Belt":16,"Darkstone Periapt":50,"Inserter":79,"Gremlin Horn":94,"Eternal Feather":25,"Bag of Preparation":50,"Runic Capacitor":84,"Whetstone":102,"Frozen Egg 2":10,"Orichalcum":61,"War Paint":94,"MawBank":50,"Boot":50,"FrozenCore":36,"Anchor":43,"DataDisk":84,"Matryoshka":19,"Bronze Scales":16,"Cracked Core":0,"Toy Ornithopter":50}],"Toy Ornithopter":5},"card_choices":[{"not_picked":["Auto Shields","Defragment"],"picked":"FTL","floor":1},{"not_picked":["Chill","Stack"],"picked":"Steam","floor":2},{"not_picked":["Aggregate","Cold Snap"],"picked":"All For One","floor":6},{"not_picked":["Force Field","Doom and Gloom"],"picked":"Go for the Eyes","floor":8},{"not_picked":["Ball Lightning","Rebound"],"picked":"Chill","floor":10},{"not_picked":["Darkness","Beam Cell"],"picked":"Coolheaded","floor":13},{"not_picked":["Beam Cell","Barrage"],"picked":"Sweeping Beam","floor":14},{"not_picked":["Thunder Strike","Amplify"],"picked":"Core Surge","floor":16},{"not_picked":["Stack+1","Sweeping Beam+1"],"picked":"Self Repair+1","floor":18},{"not_picked":["Hologram","Force Field"],"picked":"Beam Cell+1","floor":20},{"not_picked":["Stack","Beam Cell"],"picked":"Turbo","floor":23},{"not_picked":["Reprogram","Lockon"],"picked":"Glacier","floor":27},{"not_picked":["Turbo+1","Go for the Eyes+1"],"picked":"White Noise+1","floor":28},{"not_picked":["Rebound","Beam Cell","Leap+1"],"picked":"SKIP","floor":29},{"not_picked":["Amplify","Core Surge"],"picked":"Fission","floor":33},{"not_picked":["Tempest","Barrage"],"picked":"Storm+1","floor":35},{"not_picked":["Double Energy+1","Sunder+1"],"picked":"Stack+1","floor":38},{"not_picked":["Beam Cell+1","Glacier+1"],"picked":"Electrodynamics+1","floor":41},{"not_picked":["Steam","Compile Driver","Genetic Algorithm+1"],"picked":"SKIP","floor":45},{"not_picked":["Sweeping Beam","Ball Lightning+1","Turbo+1"],"picked":"SKIP","floor":47},{"not_picked":["Sunder","Redo+1","Sweeping Beam+1"],"picked":"SKIP","floor":48}],"player_experience":380202,"relics_obtained":[{"floor":6,"key":"Frozen Egg 2"},{"floor":8,"key":"Bronze Scales"},{"floor":9,"key":"Potion Belt"},{"floor":10,"key":"Matryoshka"},{"floor":13,"key":"Eternal Feather"},{"floor":23,"key":"MawBank"},{"floor":24,"key":"Bag of Preparation"},{"floor":24,"key":"Darkstone Periapt"},{"floor":26,"key":"Boot"},{"floor":26,"key":"Toy Ornithopter"},{"floor":28,"key":"Orichalcum"},{"floor":41,"key":"Gremlin Horn"},{"floor":43,"key":"War Paint"},{"floor":47,"key":"Whetstone"}],"event_choices":[{"damage_healed":0,"gold_gain":0,"player_choice":"Donut","damage_taken":0,"max_hp_gain":5,"max_hp_loss":0,"event_name":"Big Fish","floor":4,"gold_loss":0},{"damage_healed":0,"gold_gain":0,"player_choice":"Ignored","damage_taken":0,"max_hp_gain":0,"max_hp_loss":0,"event_name":"Liars Game","floor":5,"gold_loss":0},{"damage_healed":0,"gold_gain":75,"player_choice":"Gather Gold","damage_taken":11,"max_hp_gain":0,"max_hp_loss":0,"event_name":"World of Goop","floor":12,"gold_loss":0},{"damage_healed":0,"gold_gain":0,"player_choice":"Ignored","damage_taken":0,"max_hp_gain":0,"max_hp_loss":0,"event_name":"The Mausoleum","floor":19,"gold_loss":0},{"damage_healed":0,"gold_gain":99,"player_choice":"Stole From Cult","damage_taken":0,"max_hp_gain":0,"max_hp_loss":0,"event_name":"Nest","floor":22,"gold_loss":0},{"cards_removed":["Strike_B"],"damage_healed":0,"gold_gain":0,"player_choice":"Gave Gold","damage_taken":0,"max_hp_gain":0,"max_hp_loss":0,"event_name":"Beggar","floor":31,"gold_loss":75},{"damage_healed":0,"gold_gain":0,"player_choice":"Forge","damage_taken":0,"max_hp_gain":0,"max_hp_loss":0,"event_name":"Accursed Blacksmith","floor":36,"gold_loss":0,"cards_upgraded":["Fission"]},{"damage_healed":0,"gold_gain":0,"player_choice":"2 cards matched","damage_taken":0,"max_hp_gain":0,"max_hp_loss":0,"event_name":"Match and Keep!","floor":39,"gold_loss":0,"cards_obtained":["Redo","Loop"]}],"is_beta":false,"boss_relics":[{"not_picked":["Nuclear Battery","Runic Dome"],"picked":"FrozenCore"},{"not_picked":["Astrolabe","Runic Pyramid"],"picked":"Inserter"}],"items_purged_floors":[3,37,46],"is_endless":false,"potions_floor_spawned":[1,2,6,13,16,20,28,29,38,41,47],"ascension_level":11}}