{"host":"x5w9zppki4gdwvc7","time":1612702463,"event":{"mods":["AchievementEnabler","BaseMod","Colored Powertips","DeckTracker","Minty Spire (QoL Compilation)","SuperFastMode"],"gold_per_floor":[113,126,141,153,164,198,198,218,218,218,293,325,336,349,349,448,448,459,459,473,492,175,175,175,175],"floor_reached":24,"language":"ENG","playtime":1390,"items_purged":["Strike_R"],"score":262,"play_id":"da8f54e1-235f-4d01-9f89-8971291e4bb8","local_time":"20210207135423","is_ascension_mode":false,"campfire_choices":[{"data":"Feed","floor":7.0,"key":"SMITH"},{"data":"Shockwave","floor":10.0,"key":"SMITH"},{"data":"Clash","floor":15.0,"key":"SMITH"},{"floor":23.0,"key":"REST"}],"circlet_count":0,"master_deck":["Strike_R","Strike_R","Strike_R","Defend_R","Defend_R","Defend_R","Defend_R","Bash","Feed+1","Seeing Red","Clash+1","Shockwave+1","Bloodletting","Rage","Double Tap","Decay"],"relics":["Burning Blood","Bottled Flame","Paper Frog","Mummified Hand","Sozu","Sundial"],"acts_visited":["Exordium","TheCity"],"potions_floor_usage":[24],"damage_taken":[{"damage":13.0,"enemies":"Jaw Worm","floor":1.0,"turns":3.0},{"damage":10.0,"enemies":"Small Slimes","floor":2.0,"turns":3.0},{"damage":1.0,"enemies":"2 Louse","floor":3.0,"turns":2.0},{"damage":0.0,"enemies":"Exordium Wildlife","floor":4.0,"turns":4.0},{"damage":4.0,"enemies":"Looter","floor":5.0,"turns":3.0},{"damage":32.0,"enemies":"Lagavulin","floor":6.0,"turns":6.0},{"damage":1.0,"enemies":"Red Slaver","floor":8.0,"turns":2.0},{"damage":23.0,"enemies":"Gremlin Nob","floor":12.0,"turns":4.0},{"damage":0.0,"enemies":"2 Fungi Beasts","floor":13.0,"turns":2.0},{"damage":4.0,"enemies":"3 Louse","floor":14.0,"turns":3.0},{"damage":35.0,"enemies":"The Guardian","floor":16.0,"turns":16.0},{"damage":10.0,"enemies":"Chosen","floor":18.0,"turns":5.0},{"damage":17.0,"enemies":"Shell Parasite","floor":20.0,"turns":5.0},{"damage":37.0,"enemies":"Snecko","floor":21.0,"turns":9.0},{"damage":114,"enemies":"Book of Stabbing","floor":24,"turns":9}],"seed_played":"7659131448282691612","potions_obtained":[{"floor":2.0,"key":"AttackPotion"},{"floor":6.0,"key":"AttackPotion"},{"floor":8.0,"key":"Dexterity Potion"},{"floor":13.0,"key":"Block Potion"}],"is_trial":false,"path_per_floor":["M","M","M","M","M","E","R","M","T","R","?","E","M","M","R","B",null,"M","?","M","M","$","R","E"],"character_chosen":"IRONCLAD","items_purchased":["Sundial"],"campfire_rested":1,"item_purchase_floors":[22],"current_hp_per_floor":[76,75,83,92,95,72,72,77,77,77,66,53,63,69,69,44,114,114,114,103,76,76,112,0,0],"gold":175,"neow_bonus":"TRANSFORM_CARD","is_daily":false,"chose_seed":false,"campfire_upgraded":3,"win_rate":0.0,"timestamp":1612702463,"path_taken":["M","M","M","M","M","E","R","M","T","R","?","E","M","M","R","BOSS","M","?","M","M","$","R","E"],"items_purchased_type":["Relic"],"build_version":"2020-12-22","purchased_purges":1,"victory":false,"max_hp_per_floor":[83,86,89,92,95,98,98,98,98,98,98,102,106,110,110,114,114,118,118,118,122,122,122,122,122],"card_choices":[{"not_picked":["Flex","Combust","Sword Boomerang"],"picked":"SKIP","floor":1.0},{"not_picked":["Carnage","Pommel Strike"],"picked":"Seeing Red","floor":2.0},{"not_picked":["True Grit","Rampage"],"picked":"Clash","floor":3.0},{"not_picked":["Body Slam","Rampage"],"picked":"Shockwave","floor":4.0},{"not_picked":["Thunderclap","Flame Barrier"],"picked":"Bloodletting","floor":5.0},{"not_picked":["Flex","Twin Strike"],"picked":"Rage","floor":6.0},{"not_picked":["Blood for Blood","Metallicize","Sentinel"],"picked":"SKIP","floor":8.0},{"not_picked":["Infernal Blade","Reaper","Shrug It Off"],"picked":"SKIP","floor":12.0},{"not_picked":["Twin Strike","Evolve","Clash"],"picked":"SKIP","floor":13.0},{"not_picked":["Clothesline","Carnage","Evolve"],"picked":"SKIP","floor":14.0},{"not_picked":["Feed","Offering"],"picked":"Double Tap","floor":16.0},{"not_picked":["Wild Strike","Armaments","Clothesline+1"],"picked":"SKIP","floor":18.0},{"not_picked":["Seeing Red","Clash","Intimidate"],"picked":"SKIP","floor":20.0},{"not_picked":["Dark Embrace","Clothesline","Pommel Strike"],"picked":"SKIP","floor":21.0}],"player_experience":554639,"relics_obtained":[{"floor":6.0,"key":"Bottled Flame"},{"floor":9.0,"key":"Paper Frog"},{"floor":12.0,"key":"Mummified Hand"}],"event_choices":[{"damage_healed":0.0,"max_hp_gain":0.0,"max_hp_loss":0.0,"gold_gain":75.0,"event_name":"World of Goop","player_choice":"Gather Gold","floor":11.0,"gold_loss":0.0,"damage_taken":11.0},{"damage_healed":0.0,"max_hp_gain":0.0,"max_hp_loss":0.0,"gold_gain":0.0,"event_name":"Forgotten Altar","player_choice":"Smashed Altar","floor":19.0,"gold_loss":0.0,"damage_taken":0.0,"cards_obtained":["Decay"]}],"is_beta":false,"boss_relics":[{"not_picked":["Black Star","Pandora\u0027s Box"],"picked":"Sozu"}],"items_purged_floors":[22],"is_endless":false,"potions_floor_spawned":[2,6,8,13,20],"killed_by":"Book of Stabbing","ascension_level":0}}