{"host":"37ccm3d17clopct7","time":1612693002,"event":{"mods":["BaseMod","Hermit","Lobotomy","Minty Spire (QoL Compilation)","StSLib","The Bug Knight","The Cursed","The Hierophant","The Jungle","The Runesmith"],"gold_per_floor":[117,129,129,129,152,175,175,175,245,245,245,272,272,298,298,430,430,451,451,479,479,479,479],"floor_reached":22,"language":"KOR","playtime":693,"items_purged":[],"score":176,"play_id":"d69f8834-05e1-426d-af5c-171f4623d27d","local_time":"20210207191642","is_ascension_mode":false,"campfire_choices":[{"data":"hierophant:ChurchCoffers","floor":10,"key":"SMITH"},{"floor":13,"key":"REST"},{"data":"hierophant:Endure","floor":15,"key":"SMITH"}],"circlet_count":0,"master_deck":["hierophant:Strike_Hierophant","hierophant:Strike_Hierophant","hierophant:Strike_Hierophant","hierophant:Strike_Hierophant","hierophant:Punish","hierophant:Defend_Hierophant","hierophant:Defend_Hierophant","hierophant:Defend_Hierophant","hierophant:ChurchCoffers+1","hierophant:Smite","hierophant:OrnateBuckler","hierophant:HolyVerse","hierophant:Smite","hierophant:Endure+1","hierophant:RepressedViolence","hierophant:FlamingChariot","hierophant:Doubloon"],"relics":["SacredBark","Letter Opener","Kunai","Matryoshka","Golden Idol","Black Star","Shovel"],"acts_visited":["Exordium","theJungle:Jungle"],"potions_floor_usage":[4,16,16,22],"damage_taken":[{"damage":0,"enemies":"2 Louse","floor":1,"turns":1},{"damage":3,"enemies":"Jaw Worm","floor":2,"turns":4},{"damage":1,"enemies":"Cultist","floor":5,"turns":3},{"damage":14,"enemies":"Exordium Thugs","floor":6,"turns":3},{"damage":3,"enemies":"Exordium Wildlife","floor":12,"turns":2},{"damage":4,"enemies":"Blue Slaver","floor":14,"turns":3},{"damage":58,"enemies":"The Guardian","floor":16,"turns":16},{"damage":12,"enemies":"theJungle:Flameango_and_Byrd","floor":18,"turns":6},{"damage":39,"enemies":"Shell Parasite","floor":20,"turns":9},{"damage":11,"enemies":"theJungle:JungleHuntersEncounter","floor":22,"turns":2}],"seed_played":"-2807506820540922023","potions_obtained":[{"floor":1,"key":"SkillPotion"},{"floor":4,"key":"Fruit Juice"},{"floor":4,"key":"Swift Potion"},{"floor":4,"key":"SkillPotion"},{"floor":12,"key":"Dexterity Potion"},{"floor":16,"key":"Ancient Potion"},{"floor":20,"key":"SkillPotion"}],"is_trial":false,"path_per_floor":["M","M","?","?","M","M","T","T","T","R","?","M","R","M","R","B",null,"M","?","M","?","M"],"character_chosen":"HIEROPHANT","items_purchased":[],"campfire_rested":1,"item_purchase_floors":[],"current_hp_per_floor":[75,72,65,75,74,60,60,60,60,60,60,57,79,75,75,17,79,67,62,23,11,0,0],"gold":479,"neow_bonus":"BOSS_RELIC","is_daily":false,"chose_seed":false,"campfire_upgraded":2,"win_rate":0.0,"timestamp":1612693002,"path_taken":["M","M","?","?","?","M","?","?","T","R","?","M","R","M","R","BOSS","M","?","M","?","M"],"items_purchased_type":[],"build_version":"2020-12-22","purchased_purges":0,"victory":false,"max_hp_per_floor":[75,75,75,85,85,85,85,85,85,85,79,79,79,79,79,79,79,79,84,84,84,84,84],"card_choices":[{"not_picked":["hierophant:HolyVerse","hierophant:Glossolalia"],"picked":"hierophant:Smite","floor":1},{"not_picked":["hierophant:Chorus","hierophant:PristineSoul"],"picked":"hierophant:OrnateBuckler","floor":2},{"not_picked":["hierophant:ThreeLashes","hierophant:EyeForCoin"],"picked":"hierophant:HolyVerse","floor":5},{"not_picked":["hierophant:Invocation","hierophant:FieryStrike"],"picked":"hierophant:Smite","floor":6},{"not_picked":["hierophant:Encroach","hierophant:DisplayOfPower"],"picked":"hierophant:Endure","floor":12},{"not_picked":["hierophant:MorningPrayer","hierophant:RustyCrate"],"picked":"hierophant:RepressedViolence","floor":14},{"not_picked":["hierophant:Remorse+1","hierophant:Bribe"],"picked":"hierophant:FlamingChariot","floor":18},{"not_picked":["hierophant:Bribe+1","hierophant:Mercenaries"],"picked":"hierophant:Doubloon","floor":20}],"player_experience":132731,"relics_obtained":[{"floor":7,"key":"Letter Opener"},{"floor":8,"key":"Kunai"},{"floor":9,"key":"Matryoshka"}],"event_choices":[{"cards_removed":["hierophant:Defend_Hierophant"],"damage_healed":0,"gold_gain":0,"player_choice":"Card Removal","damage_taken":7,"max_hp_gain":0,"max_hp_loss":0,"event_name":"Golden Wing","floor":3,"gold_loss":0},{"damage_healed":0,"gold_gain":0,"player_choice":"Got Potions","damage_taken":0,"max_hp_gain":0,"max_hp_loss":0,"event_name":"Lab","floor":4,"gold_loss":0},{"damage_healed":0,"gold_gain":0,"player_choice":"Lose Max HP","damage_taken":0,"relics_obtained":["Golden Idol"],"max_hp_gain":0,"max_hp_loss":6,"event_name":"Golden Idol","floor":11,"gold_loss":0}],"is_beta":false,"boss_relics":[{"not_picked":["Ectoplasm","Snecko Eye"],"picked":"Black Star"}],"items_purged_floors":[],"is_endless":false,"potions_floor_spawned":[1,12,14,16,20],"killed_by":"theJungle:JungleHuntersEncounter","ascension_level":0}}