{"host":"w05x4i13f2m9joq1","time":1612663674,"event":{"mods":["100% Spire Juice","Act Like it!","Bard","BaseMod","Better Altar","Better Match","Better Note","Better Sensory Stone","Better Skull","Better Third Choice","BetterRewards","CapriCore","Colored Map","Colored Powertips","Decade(???)","Defective Defect","Duelist Mod","Gensokyo","GifTheSpireLib","Googly Eyes","Infinite Spire","Ironclad Rager","Lobotomy","LobotomyExtend","Marisa????????","Melee Mod","Minty Spire (QoL Compilation)","Morshu Shopkeeper - ENHANCED","MostiFishMod","Quick Restart","Rare Cards Sparkle","Reliquary","Replay The Spire","Shop Mod","Spicy Shops","Spire Birthday Party","StSLib","Td1madao Mod","The Construct","The IronCluck","TheBandit","Uncapped","everything is the same but u backflip on backflip","slay the spire mod where everything is the same but ironclad has a cowboy hat"],"gold_per_floor":[140,155,169,244,263,292,306,336,336,336,376,376,378,378],"floor_reached":13,"language":"ENG","playtime":706,"items_purged":[],"score":176,"play_id":"35e944a6-a861-4907-883d-a1c56744f69b","local_time":"20210206210754","is_ascension_mode":true,"campfire_choices":[{"floor":10,"key":"REST"}],"circlet_count":0,"master_deck":["theDuelist:Aztekipede+1","theDuelist:BattleguardHowling+1","theDuelist:MindAir+1","theDuelist:NecroFusion+1","theDuelist:Polymerization+1","theDuelist:PoseidonWave+1","theDuelist:Relinkuriboh+1","theDuelist:WhiteHornDragon+1","theDuelist:WormBarses+1","theDuelist:Zektkaliber","theDuelist:CastleGate","theDuelist:RainbowFlower","theDuelist:RainbowFlower","theDuelist:CatShark","theDuelist:QueenDragunDjinn","theDuelist:AquaSpirit","theDuelist:Lajinn","theDuelist:DarkMagicianGirl","theDuelist:UncommonSpireMetronome"],"relics":["theDuelist:MillenniumPuzzle","theDuelist:CardPoolRelic","theDuelist:CardPoolBasicRelic","theDuelist:BoosterPackPoolRelic","theDuelist:CardPoolAddRelic","theDuelist:CardPoolMinusRelic","theDuelist:CardPoolSaveRelic","theDuelist:CardPoolOptionsRelic","DaveBox","FeatherPendant","SynthV:TestCard","LetterFromLob","Replay:WaspNest","theDuelist:MetronomeRelicB","infinitespire:Midas Blood","Red Skull"],"acts_visited":["Exordium"],"potions_floor_usage":[6,8,8],"damage_taken":[{"damage":10,"enemies":"Small Slimes","floor":1,"turns":4},{"damage":0,"enemies":"infinitespire:Voidling","floor":2,"turns":3},{"damage":1,"enemies":"2 Louse","floor":3,"turns":3},{"damage":1,"enemies":"Blue Slaver","floor":5,"turns":3},{"damage":11,"enemies":"Replay:BlueRogue","floor":6,"turns":2},{"damage":30,"enemies":"3 Louse","floor":7,"turns":3},{"damage":0,"enemies":"Gremlin Nob","floor":8,"turns":2},{"damage":27,"enemies":"3 Sentries","floor":11,"turns":4},{"damage":16,"enemies":"Gremlin Nob","floor":13,"turns":2}],"seed_played":"8280067641762172443","potions_obtained":[{"floor":1,"key":"Fire Potion"},{"floor":5,"key":"Reflective Coating"},{"floor":6,"key":"theDuelist:ExtraOrbsBottle"},{"floor":8,"key":"SpeedPotion"},{"floor":11,"key":"theDuelist:VoidBottle"}],"is_trial":false,"path_per_floor":["M","M","M","?","M","E","M","E","T","R","E","?","E"],"character_chosen":"THE_DUELIST","items_purchased":[],"campfire_rested":1,"item_purchase_floors":[],"current_hp_per_floor":[62,62,61,50,49,38,8,8,8,32,5,5,0,0],"gold":378,"neow_bonus":"ONE_RANDOM_RARE_CARD","is_daily":false,"chose_seed":false,"campfire_upgraded":0,"win_rate":0.0,"timestamp":1612663674,"path_taken":["M","M","M","?","M","E","M","E","T","R","E","?","E"],"items_purchased_type":[],"build_version":"2020-12-22","purchased_purges":0,"victory":false,"max_hp_per_floor":[80,80,80,80,80,80,80,80,80,80,80,80,80,80],"card_choices":[{"not_picked":["theDuelist:RainbowFlower","theDuelist:DokiDoki","theDuelist:GolemSentry","theDuelist:RainbowKuriboh"],"picked":"theDuelist:CastleGate","floor":1},{"not_picked":["theDuelist:Frostosaurus","theDuelist:Freezadon","theDuelist:RainbowKuriboh","theDuelist:RainbowOverdragon"],"picked":"theDuelist:RainbowFlower","floor":2},{"not_picked":["theDuelist:Lajinn","theDuelist:ShiranuiSwordmaster","theDuelist:AquaSpirit","theDuelist:DarkSimorgh"],"picked":"theDuelist:RainbowFlower","floor":3},{"not_picked":["theDuelist:CyberRaider","theDuelist:BusterBlader","theDuelist:ShiftingShadows","theDuelist:DrillBug"],"picked":"theDuelist:CatShark","floor":5},{"not_picked":["theDuelist:FrostflameDragon","theDuelist:BlueEyes","theDuelist:RainbowFlower","theDuelist:YellowBelliedOni"],"picked":"theDuelist:QueenDragunDjinn","floor":6},{"not_picked":["theDuelist:GiantAxeMummy","theDuelist:HerculesBeetle","theDuelist:GishkiMollusk","theDuelist:CyberRaider"],"picked":"theDuelist:AquaSpirit","floor":7},{"not_picked":["theDuelist:BusterBlader","theDuelist:Hayate","theDuelist:BeastTalwar","theDuelist:DrillBug"],"picked":"theDuelist:Lajinn","floor":8},{"not_picked":["theDuelist:FireReaper","theDuelist:RainbowFlower","theDuelist:CyberRaider","theDuelist:IslandTurtle"],"picked":"theDuelist:DarkMagicianGirl","floor":11}],"player_experience":188060,"relics_obtained":[{"floor":1,"key":"SynthV:TestCard"},{"floor":1,"key":"LetterFromLob"},{"floor":6,"key":"Replay:WaspNest"},{"floor":8,"key":"theDuelist:MetronomeRelicB"},{"floor":9,"key":"infinitespire:Midas Blood"},{"floor":11,"key":"Red Skull"}],"event_choices":[{"damage_healed":0,"gold_gain":75,"player_choice":"Gold","damage_taken":11,"max_hp_gain":0,"max_hp_loss":0,"event_name":"betterThird:BetterGoop","floor":4,"gold_loss":0},{"damage_healed":0,"gold_gain":0,"cards_transformed":["theDuelist:VendreadRevolution"],"player_choice":"Change","damage_taken":0,"max_hp_gain":0,"max_hp_loss":0,"event_name":"Living Wall","floor":12,"gold_loss":0,"cards_obtained":["theDuelist:UncommonSpireMetronome"]}],"is_beta":false,"boss_relics":[],"items_purged_floors":[],"is_endless":false,"potions_floor_spawned":[1,5,6,8,11],"killed_by":"Gremlin Nob","ascension_level":7}}