{"host":"ffjrj7fisyni1ebk","time":1612711406,"event":{"mods":["2.2 Compatiblity","BaseMod","Bestiary","Colored Map","Colored Powertips","Curses Come First","Highlight Path","Keyboard Shortcuts","Minty Spire (QoL Compilation)","Relic Stats","Slay the Relics Exporter","StSLib","SuperFastMode"],"gold_per_floor":[163,163,183,196,196,227,238,238,285,285,295,37,68,68,68,163,163,180,192,203,203,21,21,38,38,38],"floor_reached":25,"language":"ENG","playtime":4391,"items_purged":["Strike_P","Parasite"],"score":238,"play_id":"b36daf1e-d4db-4da8-a8bc-db85414fb18b","local_time":"20210207172326","is_ascension_mode":false,"campfire_choices":[{"floor":8,"key":"REST"},{"floor":10,"key":"RECALL"},{"floor":15,"key":"REST"},{"floor":23,"key":"REST"}],"circlet_count":0,"master_deck":["Defend_P","Defend_P","Defend_P","Defend_P","Eruption+1","Vigilance","FollowUp","Prostrate+1","EmptyFist","PathToVictory","JustLucky","PathToVictory","Pray","Devotion","DeceiveReality","ThirdEye","Devotion","CutThroughFate","ThirdEye","Bite","Bite","Bite","Bite","Bite","Dark Shackles"],"relics":["Tiny House","Singing Bowl","Strawberry","Pen Nib","Cursed Key"],"acts_visited":["Exordium","TheCity"],"potions_floor_usage":[11,13,16,20,20],"damage_taken":[{"damage":0,"enemies":"2 Louse","floor":1,"turns":1},{"damage":7,"enemies":"Cultist","floor":3,"turns":3},{"damage":0,"enemies":"Small Slimes","floor":4,"turns":1},{"damage":52,"enemies":"3 Sentries","floor":6,"turns":18},{"damage":3,"enemies":"Exordium Wildlife","floor":7,"turns":4},{"damage":12,"enemies":"Blue Slaver","floor":11,"turns":3},{"damage":41,"enemies":"Lagavulin","floor":13,"turns":5},{"damage":30,"enemies":"The Guardian","floor":16,"turns":10},{"damage":30,"enemies":"Spheric Guardian","floor":18,"turns":6},{"damage":38,"enemies":"Chosen","floor":19,"turns":6},{"damage":16,"enemies":"Snake Plant","floor":20,"turns":4},{"damage":15,"enemies":"Centurion and Healer","floor":24,"turns":6},{"damage":47,"enemies":"3 Cultists","floor":25,"turns":4}],"seed_played":"2963401347570080742","potions_obtained":[{"floor":0,"key":"DistilledChaos"},{"floor":1,"key":"Explosive Potion"},{"floor":6,"key":"Fruit Juice"},{"floor":16,"key":"Weak Potion"},{"floor":19,"key":"AttackPotion"}],"is_trial":false,"path_per_floor":["M","?","M","M","?","E","M","R","T","R","M","$","E","?","R","B",null,"M","M","M","?","$","R","M","M"],"character_chosen":"WATCHER","items_purchased":["Devotion","DeceiveReality","Dark Shackles"],"campfire_rested":3,"item_purchase_floors":[12,12,22],"current_hp_per_floor":[77,77,70,70,75,23,20,44,51,51,44,44,3,26,54,24,94,66,28,12,12,12,31,32,0,0],"gold":38,"neow_bonus":"BOSS_RELIC","is_daily":false,"chose_seed":false,"campfire_upgraded":0,"win_rate":0.0,"timestamp":1612711406,"path_taken":["M","?","?","M","?","E","M","R","T","R","M","$","E","?","R","BOSS","M","M","M","?","$","R","M","M"],"items_purchased_type":["Card","Card","Card"],"build_version":"2020-12-22","purchased_purges":2,"victory":false,"max_hp_per_floor":[77,77,77,77,82,82,82,82,89,89,94,94,94,94,94,94,94,96,96,96,67,64,64,66,66,66],"relic_stats":{"Singing Bowl":4,"counters":[13,71],"Pen Nib":[5],"Cursed Key":0,"obtain_stats":[{"Tiny House":0,"Singing Bowl":6,"Strawberry":9,"Pen Nib":13,"PureWater":0,"Cursed Key":17},{"Tiny House":0,"Singing Bowl":4,"Strawberry":5,"Pen Nib":7,"PureWater":0,"Cursed Key":8},{"Tiny House":0,"Singing Bowl":23,"Strawberry":27,"Pen Nib":35,"PureWater":0,"Cursed Key":45}]},"card_choices":[{"not_picked":["WaveOfTheHand","FlyingSleeves"],"picked":"FollowUp","floor":0},{"not_picked":["Crescendo","PathToVictory"],"picked":"Prostrate","floor":1},{"not_picked":["Consecrate","SpiritShield"],"picked":"EmptyFist","floor":3},{"not_picked":["ClearTheMind","CarveReality"],"picked":"PathToVictory","floor":4},{"not_picked":["CrushJoints","SashWhip"],"picked":"JustLucky","floor":6},{"not_picked":["FollowUp","BowlingBash"],"picked":"PathToVictory","floor":7},{"not_picked":["ClearTheMind","Conclude"],"picked":"Pray","floor":11},{"not_picked":["Fasting2","Evaluate"],"picked":"ThirdEye","floor":13},{"not_picked":["DeusExMachina","Wish"],"picked":"Devotion","floor":16},{"not_picked":["BowlingBash","Worship","Weave"],"picked":"Singing Bowl","floor":18},{"not_picked":["WreathOfFlame","FlurryOfBlows"],"picked":"CutThroughFate","floor":19},{"not_picked":["Vengeance","Protect+1"],"picked":"ThirdEye","floor":20},{"not_picked":["Protect","BattleHymn+1","WindmillStrike"],"picked":"Singing Bowl","floor":24}],"player_experience":311805,"relics_obtained":[{"floor":6,"key":"Singing Bowl"},{"floor":9,"key":"Strawberry"},{"floor":13,"key":"Pen Nib"}],"event_choices":[{"damage_healed":0,"gold_gain":0,"player_choice":"Forge","damage_taken":0,"max_hp_gain":0,"max_hp_loss":0,"event_name":"Accursed Blacksmith","floor":2,"gold_loss":0,"cards_upgraded":["Prostrate"]},{"damage_healed":0,"gold_gain":0,"player_choice":"Donut","damage_taken":0,"max_hp_gain":5,"max_hp_loss":0,"event_name":"Big Fish","floor":5,"gold_loss":0},{"damage_healed":23,"gold_gain":0,"player_choice":"Healed and dodged fight","damage_taken":0,"max_hp_gain":0,"max_hp_loss":0,"event_name":"Mushrooms","floor":14,"gold_loss":0,"cards_obtained":["Parasite"]},{"damage_healed":0,"gold_gain":0,"player_choice":"Became a vampire","damage_taken":0,"max_hp_gain":0,"max_hp_loss":29,"event_name":"Vampires","floor":21,"gold_loss":0,"cards_obtained":["Bite","Bite","Bite","Bite","Bite"]}],"is_beta":false,"boss_relics":[{"not_picked":["Fusion Hammer","Coffee Dripper"],"picked":"Cursed Key"}],"items_purged_floors":[12,22],"is_endless":false,"potions_floor_spawned":[1,6,16,19],"killed_by":"3 Cultists","ascension_level":0}}