{"host":"lnrxyx1mebyhalma","time":1612710922,"event":{"mods":["2.2 Compatiblity","BaseMod","Block Reminder","Colored Powertips","Downfall","Minty Spire (QoL Compilation)","Rare Cards Sparkle","Smile Girya","StSLib"],"gold_per_floor":[99,117,133,145,159,189,213,243,43,57,57,72,9,9,25,126,126,126,140,50,65,18,18,42,42,42,73,73,88,418,418,434,434,434,434],"floor_reached":33,"language":"PTB","playtime":2168,"items_purged":["Slimebound:Defend_Slimebound"],"score":362,"play_id":"fc85fe27-f809-4614-8773-32bd7b4d0adb","local_time":"20210207131522","is_ascension_mode":false,"campfire_choices":[{"floor":1.0,"key":"RECALL"},{"data":"Slimebound:CheckThePlaybook","floor":9.0,"key":"SMITH"},{"data":"Slimebound:RollThrough","floor":11.0,"key":"SMITH"},{"data":"Slimebound:DuplicatedForm","floor":18.0,"key":"SMITH"},{"floor":23.0,"key":"REST"},{"data":"Slimebound:PrepareCrush","floor":28.0,"key":"SMITH"}],"circlet_count":0,"master_deck":["Slimebound:Strike_Slimebound","Slimebound:Strike_Slimebound","Slimebound:Strike_Slimebound","Slimebound:Tackle","Slimebound:Defend_Slimebound","Slimebound:Defend_Slimebound","Slimebound:Defend_Slimebound","Slimebound:Split","Slimebound:CorrosiveSpit","Slimebound:CheckThePlaybook+1","Slimebound:RainOfGoop","Slimebound:LivingWall","Slimebound:RollThrough+1","Slimebound:ViciousTackle","Slimebound:MegaLick","Slimebound:Schlurp","Slimebound:GoopSpray","Slimebound:SlimeSpikes","Slimebound:ItLooksTasty","Slimebound:PrepareCrush+1","Slimebound:DuplicatedForm+1","Slimebound:FinishingTackle","Slimebound:LivingWall+1","Slimebound:Gluttony","Slimebound:SlimeBrawl+1","expansioncontent:InvincibleStrength","Slimebound:FinishingTackle+1","Slimebound:OozeBath","Slimebound:GoopSpray+1","Slimebound:LeechLife+1","Slimebound:Prepare"],"relics":["Slimebound:AbsorbEndCombat","Centennial Puzzle","downfall:HeartBlessingBlue","downfall:HeartBlessingRed","Philosopher\u0027s Stone","Molten Egg 2","downfall:RedIOU","Pear","Old Coin"],"acts_visited":["Exordium","TheCity"],"potions_floor_usage":[33,33],"damage_taken":[{"damage":12.0,"enemies":"Jaw Worm","floor":2.0,"turns":3.0},{"damage":9.0,"enemies":"Cultist","floor":3.0,"turns":3.0},{"damage":9.0,"enemies":"Small Slimes","floor":4.0,"turns":3.0},{"damage":18.0,"enemies":"3 Louse","floor":5.0,"turns":3.0},{"damage":15.0,"enemies":"Gremlin Nob","floor":8.0,"turns":3.0},{"damage":0.0,"enemies":"Exordium Wildlife","floor":10.0,"turns":3.0},{"damage":2.0,"enemies":"Blue Slaver","floor":12.0,"turns":2.0},{"damage":13.0,"enemies":"downfall:FleeingMerchant","floor":13.0,"turns":4.0},{"damage":0.0,"enemies":"2 Fungi Beasts","floor":15.0,"turns":3.0},{"damage":22.0,"enemies":"WA_ARCHETYPE_RETAIN","floor":16.0,"turns":5.0},{"damage":22.0,"enemies":"Chosen","floor":19.0,"turns":4.0},{"damage":41.0,"enemies":"downfall:FleeingMerchant","floor":20.0,"turns":4.0},{"damage":12.0,"enemies":"Shell Parasite","floor":21.0,"turns":4.0},{"damage":30.0,"enemies":"downfall:FleeingMerchant","floor":22.0,"turns":4.0},{"damage":41.0,"enemies":"Slavers","floor":27.0,"turns":5.0},{"damage":30.0,"enemies":"3 Cultists","floor":29.0,"turns":4.0},{"damage":32.0,"enemies":"Book of Stabbing","floor":30.0,"turns":4.0},{"damage":9,"enemies":"Centurion and Healer","floor":32,"turns":5},{"damage":63,"enemies":"DF_ARCHETYPE_CLAW","floor":33,"turns":5}],"seed_played":"6972351289932925531","potions_obtained":[{"floor":3.0,"key":"Fruit Juice"},{"floor":4.0,"key":"Regen Potion"},{"floor":12.0,"key":"Block Potion"},{"floor":15.0,"key":"Swift Potion"},{"floor":16.0,"key":"FairyPotion"},{"floor":19.0,"key":"Slimebound:SlimyTonguePotion"},{"floor":27.0,"key":"SneckoOil"},{"floor":29.0,"key":"Guardian:BlockOnCardUsePotion"},{"floor":31.0,"key":"CultistPotion"},{"floor":32,"key":"FearPotion"}],"is_trial":false,"path_per_floor":["R","M","M","M","M","?","T","E","R","M","R","M","$","?","M","B",null,"R","M","$","M","$","R","T","?","?","E","R","M","E","?","M","B"],"character_chosen":"SLIMEBOUND","items_purchased":["Slimebound:ItLooksTasty","expansioncontent:InvincibleStrength","Molten Egg 2","Slimebound:FinishingTackle+1"],"campfire_rested":1,"item_purchase_floors":[13,22,22,22],"current_hp_per_floor":[65,56,58,55,43,43,43,37,47,53,53,53,46,46,54,38,80,80,75,51,47,40,64,64,64,64,41,41,34,23,23,28,0,0,0],"gold":434,"neow_bonus":"ONE_RANDOM_RARE_CARD","is_daily":false,"chose_seed":false,"campfire_upgraded":4,"win_rate":0.0,"timestamp":1612710922,"path_taken":["R","M","M","M","M","?","T","E","R","M","R","M","$","?","M","BOSS","R","M","$","M","?","R","T","?","?","E","R","M","E","?","M","BOSS"],"items_purchased_type":["Card","Card","Relic","Card"],"build_version":"2020-12-22","purchased_purges":1,"victory":false,"max_hp_per_floor":[65,65,70,70,70,70,70,70,80,80,80,80,80,80,80,80,80,80,80,80,80,80,80,80,80,80,90,90,90,90,90,90,90,90,90],"card_choices":[{"not_picked":["Slimebound:GoopSpray","Slimebound:GoopTackle"],"picked":"Slimebound:RainOfGoop","floor":2.0},{"not_picked":["Slimebound:GoopSpray","Slimebound:ItLooksTasty"],"picked":"Slimebound:LivingWall","floor":3.0},{"not_picked":["Slimebound:LeechEnergy","Slimebound:FinishingTackle"],"picked":"Slimebound:RollThrough","floor":4.0},{"not_picked":["Slimebound:LevelUp","Slimebound:FinishingTackle"],"picked":"Slimebound:ViciousTackle","floor":5.0},{"not_picked":["Slimebound:AcidTongue","Slimebound:CheckThePlaybook"],"picked":"Slimebound:MegaLick","floor":8.0},{"not_picked":["Slimebound:LevelUp","Slimebound:SlimeSpikes"],"picked":"Slimebound:Schlurp","floor":10.0},{"not_picked":["Slimebound:SplitBruiser","Slimebound:FormOfPuddle"],"picked":"Slimebound:GoopSpray","floor":12.0},{"not_picked":["Slimebound:GoopTackle","Slimebound:GrowthPunch"],"picked":"Slimebound:SlimeSpikes","floor":13.0},{"not_picked":["Slimebound:Schlurp","Slimebound:GoopSpray"],"picked":"Slimebound:PrepareCrush","floor":15.0},{"not_picked":["Slimebound:Darklings","Slimebound:MassRepurpose"],"picked":"Slimebound:DuplicatedForm","floor":16.0},{"not_picked":["Slimebound:GoopSpray","Slimebound:SplitMire"],"picked":"Slimebound:FinishingTackle","floor":19.0},{"not_picked":["Slimebound:RollThrough+1","Slimebound:SplitLeeching"],"picked":"Slimebound:LivingWall+1","floor":20.0},{"not_picked":["Slimebound:SplitMire","Slimebound:AcidTongue"],"picked":"Slimebound:Gluttony","floor":21.0},{"not_picked":["Slimebound:RollThrough","Slimebound:ForwardTackle"],"picked":"Slimebound:SlimeBrawl+1","floor":22.0},{"not_picked":["Slimebound:Dissolve+1","Slimebound:SplitBruiser"],"picked":"Slimebound:OozeBath","floor":27.0},{"not_picked":["Slimebound:SplitBruiser","Slimebound:Schlurp"],"picked":"Slimebound:GoopSpray+1","floor":29.0},{"not_picked":["Slimebound:Grow","Slimebound:LivingWall"],"picked":"Slimebound:LeechLife+1","floor":30.0},{"not_picked":["Slimebound:GoopTackle+1","Slimebound:Dissolve+1"],"picked":"Slimebound:Prepare","floor":32}],"player_experience":110736,"relics_obtained":[{"floor":8.0,"key":"Centennial Puzzle"},{"floor":24.0,"key":"Smiling Mask"},{"floor":27.0,"key":"Pear"},{"floor":30.0,"key":"Old Coin"}],"event_choices":[{"damage_healed":0.0,"max_hp_gain":0.0,"max_hp_loss":0.0,"gold_gain":0.0,"event_name":"NoteForYourself","player_choice":"Ignored","floor":14.0,"gold_loss":0.0,"damage_taken":0.0}],"is_beta":false,"boss_relics":[{"not_picked":["Astrolabe","Fusion Hammer"],"picked":"Philosopher\u0027s Stone"}],"items_purged_floors":[20],"is_endless":false,"potions_floor_spawned":[3,4,12,15,16,19,27,29,32],"killed_by":"DF_ARCHETYPE_CLAW","ascension_level":0}}