{"host":"yg1n0qads92lo9wl","time":1612684918,"event":{"mods":["BaseMod","Downfall","Luminous","Minty Spire (QoL Compilation)","StSLib","Warlord Emblem"],"gold_per_floor":[99,117,117,134,31,43,90,106,106,119,146,0,19,31,46,144,144,144,161,43,43,43,68,95,95,114,114,124,154,174,10,29,131,131,131,143,143,143,143,158,158,174,186,221,235,18,18,38,49,49],"floor_reached":51,"language":"ZHS","playtime":12681,"items_purged":["Clumsy"],"score":851,"play_id":"82cd965d-3e3b-4fd4-971f-55c49a92f644","local_time":"20210207160158","is_ascension_mode":true,"campfire_choices":[{"data":"Slimebound:Tackle","floor":1.0,"key":"SMITH"},{"data":"Slimebound:DuplicatedForm","floor":18,"key":"SMITH"},{"data":"Slimebound:GoopTackle","floor":25,"key":"SMITH"},{"data":"Slimebound:Grow","floor":27,"key":"SMITH"},{"data":"Slimebound:GoopTackle","floor":35,"key":"SMITH"},{"floor":47,"key":"REST"}],"circlet_count":0,"master_deck":["Slimebound:Strike_Slimebound+1","Slimebound:Tackle+1","Slimebound:Defend_Slimebound","Slimebound:Defend_Slimebound","Slimebound:Defend_Slimebound","Slimebound:Defend_Slimebound","Slimebound:Split","Slimebound:CorrosiveSpit","Slimebound:HauntingLick+1","Slimebound:MegaLick","Slimebound:Prepare","Discovery","Slimebound:SlimeSpikes","Slimebound:FinishingTackle","Slimebound:GoopTackle+1","Slimebound:GoopTackle+1","Flash of Steel","Slimebound:RollThrough","Slimebound:Schlurp+1","Slimebound:DuplicatedForm+1","Slimebound:GoopSpray+1","Slimebound:Grow+1","Slimebound:GoopTackle+1","Slimebound:RainOfGoop+1","Slimebound:Equalize","Slimebound:ComboTackle+1","Slimebound:GoopTackle+1","Slimebound:SplitSpecialist"],"relics":["Slimebound:AbsorbEndCombatUpgraded","Tiny Chest","Smiling Mask","Potion Belt","Whetstone","Omamori","Thread and Needle","War Paint","Bag of Preparation","Lantern","Cursed Key","Kunai","Orichalcum","Singing Bowl","Bottled Tornado","Lizard Tail","ClockworkSouvenir"],"acts_visited":["Exordium","TheCity","TheBeyond"],"potions_floor_usage":[16,16,16,42,42,42,42,44],"damage_taken":[{"damage":5.0,"enemies":"Jaw Worm","floor":2.0,"turns":3.0},{"damage":0.0,"enemies":"Cultist","floor":4.0,"turns":3.0},{"damage":0.0,"enemies":"downfall:FleeingMerchant","floor":5.0,"turns":4.0},{"damage":3.0,"enemies":"2 Louse","floor":6.0,"turns":2.0},{"damage":5.0,"enemies":"Blue Slaver","floor":8.0,"turns":4.0},{"damage":2.0,"enemies":"Exordium Wildlife","floor":10.0,"turns":3.0},{"damage":35.0,"enemies":"3 Sentries","floor":11.0,"turns":6.0},{"damage":11.0,"enemies":"downfall:FleeingMerchant","floor":12.0,"turns":4.0},{"damage":4.0,"enemies":"Red Slaver","floor":13.0,"turns":2.0},{"damage":12,"enemies":"Exordium Thugs","floor":14,"turns":2},{"damage":3,"enemies":"Large Slime","floor":15,"turns":2},{"damage":11,"enemies":"DF_ARCHETYPE_STREAMLINE","floor":16,"turns":6},{"damage":36,"enemies":"Shell Parasite","floor":19,"turns":3},{"damage":28,"enemies":"downfall:FleeingMerchant","floor":20,"turns":4},{"damage":36,"enemies":"Gremlin Leader","floor":23,"turns":5},{"damage":0,"enemies":"Spheric Guardian","floor":26,"turns":4},{"damage":28,"enemies":"Cultist and Chosen","floor":28,"turns":6},{"damage":35,"enemies":"Slavers","floor":29,"turns":7},{"damage":9,"enemies":"3 Cultists","floor":30,"turns":4},{"damage":0,"enemies":"downfall:FleeingMerchant","floor":31,"turns":4},{"damage":28,"enemies":"Sentry and Sphere","floor":32,"turns":5},{"damage":50,"enemies":"IC_MUSHROOM_ARCHETYPE","floor":33,"turns":5},{"damage":42,"enemies":"3 Shapes","floor":36,"turns":3},{"damage":12,"enemies":"Orb Walker","floor":40,"turns":2},{"damage":33,"enemies":"Maw","floor":42,"turns":5},{"damage":41,"enemies":"3 Darklings","floor":43,"turns":4},{"damage":48,"enemies":"Nemesis","floor":44,"turns":5},{"damage":34,"enemies":"Sphere and 2 Shapes","floor":45,"turns":3},{"damage":15,"enemies":"downfall:FleeingMerchant","floor":46,"turns":3},{"damage":3,"enemies":"Transient","floor":48,"turns":5},{"damage":16,"enemies":"Writhing Mass","floor":49,"turns":4},{"damage":18,"enemies":"SI_POISON_ARCHETYPE","floor":50,"turns":7}],"seed_played":"-3777312805616087168","potions_obtained":[{"floor":2.0,"key":"Weak Potion"},{"floor":6.0,"key":"Block Potion"},{"floor":11.0,"key":"BlessingOfTheForge"},{"floor":14,"key":"DistilledChaos"},{"floor":15,"key":"Fire Potion"},{"floor":23,"key":"Fire Potion"},{"floor":26,"key":"LiquidMemories"},{"floor":43,"key":"Weak Potion"},{"floor":45,"key":"LiquidMemories"},{"floor":48,"key":"Fire Potion"},{"floor":49,"key":"GamblersBrew"}],"is_trial":false,"path_per_floor":["R","M","?","M","$","M","T","M","T","M","E","$","M","M","M","B",null,"R","M","$","T","?","E","T","R","M","R","M","E","M","$","M","B",null,"R","M","T","T","?","M","T","M","M","E","M","$","R","M","M","B",null],"character_chosen":"SLIMEBOUND","items_purchased":["Discovery","Slimebound:GoopTackle","Flash of Steel","Slimebound:ThreeZeroPotion","Lantern","Lizard Tail","ClockworkSouvenir","Regen Potion"],"campfire_rested":1,"item_purchase_floors":[5,12,12,20,31,46,46,46],"current_hp_per_floor":[65,62,62,65,65,65,65,62,62,65,38,33,33,23,22,19,65,65,47,43,43,64,54,54,54,60,60,41,36,42,51,47,36,65,65,50,50,50,50,52,52,55,58,35,31,42,63,72,75,69],"gold":49,"neow_bonus":"RANDOM_COMMON_RELIC","is_daily":false,"chose_seed":false,"campfire_upgraded":5,"win_rate":0.0,"timestamp":1612684918,"path_taken":["R","M","?","?","$","M","T","?","?","?","E","?","M","M","M","BOSS","R","M","?","?","?","E","T","R","M","R","M","E","?","?","M","BOSS","R","M","?","?","?","M","T","M","M","E","M","$","R","?","M","BOSS"],"items_purchased_type":["Card","Card","Card","Potion","Relic","Relic","Relic","Potion"],"build_version":"2020-12-22","purchased_purges":1,"victory":true,"max_hp_per_floor":[65,65,65,65,65,65,65,65,65,65,65,65,65,65,65,65,65,65,65,65,65,65,65,65,65,65,65,65,65,65,65,65,65,65,65,65,65,65,65,65,65,67,69,71,71,73,73,75,75,75],"card_choices":[{"not_picked":["Slimebound:Equalize","Slimebound:Repurpose"],"picked":"Slimebound:HauntingLick","floor":2.0},{"not_picked":["Slimebound:LeechEnergy","Slimebound:GoopSpray"],"picked":"Slimebound:MegaLick","floor":4.0},{"not_picked":["Slimebound:RainOfGoop","Slimebound:SamplingLick"],"picked":"Slimebound:Prepare","floor":5.0},{"not_picked":["Slimebound:HauntingLick","Slimebound:Prepare"],"picked":"Slimebound:SlimeSpikes","floor":6.0},{"not_picked":["Slimebound:ViciousTackle","Slimebound:SamplingLick"],"picked":"Slimebound:FinishingTackle","floor":8.0},{"not_picked":["Slimebound:FormOfPuddle","Slimebound:SplitLeeching"],"picked":"Slimebound:GoopTackle","floor":10.0},{"not_picked":["Slimebound:DisruptingSlam","Slimebound:LivingWall","Slimebound:ForwardTackle"],"picked":"SKIP","floor":11.0},{"not_picked":["Slimebound:DouseInSlime","Slimebound:SplitMire","Slimebound:SplitAcid"],"picked":"SKIP","floor":12.0},{"not_picked":["Slimebound:RainOfGoop","Slimebound:SlimeSpikes"],"picked":"Slimebound:RollThrough","floor":13.0},{"not_picked":["Slimebound:SamplingLick","Slimebound:LeechEnergy"],"picked":"Slimebound:Schlurp","floor":14},{"not_picked":["Slimebound:SamplingLick","Slimebound:LeadByExample","Slimebound:ServeAndProtect"],"picked":"SKIP","floor":15},{"not_picked":["Slimebound:WasteNot","Slimebound:RallyTheTroops"],"picked":"Slimebound:DuplicatedForm","floor":16},{"not_picked":["Slimebound:PressTheAttack+1","Slimebound:Recollect"],"picked":"Slimebound:GoopSpray+1","floor":19},{"not_picked":["Slimebound:Schlurp","Slimebound:SlimeBarrage","Slimebound:SplitMire+1"],"picked":"SKIP","floor":20},{"not_picked":["Slimebound:ServeAndProtect","Slimebound:SlimeBrawl","Slimebound:SlimeBarrage"],"picked":"SKIP","floor":23},{"not_picked":["Slimebound:SlimeBarrage","Slimebound:LeechingTouch"],"picked":"Slimebound:Grow","floor":26},{"not_picked":["Slimebound:DivideAndConquer+1","Slimebound:Recollect","Slimebound:GoopSpray"],"picked":"SKIP","floor":28},{"not_picked":["Slimebound:LeadByExample+1","Slimebound:SplitBruiser+1","Slimebound:LeechEnergy"],"picked":"SKIP","floor":29},{"not_picked":["Slimebound:SplitBruiser","Slimebound:GoopSpray"],"picked":"Slimebound:GoopTackle","floor":30},{"not_picked":["Slimebound:Nibble","Slimebound:LeechEnergy+1","Slimebound:DivideAndConquer"],"picked":"SKIP","floor":31},{"not_picked":["Slimebound:MegaLick+1","Slimebound:ProtectTheBoss+1"],"picked":"Slimebound:RainOfGoop+1","floor":32},{"not_picked":["Slimebound:LeechingTouch+1","Slimebound:SplitAcid","Slimebound:DivideAndConquer+1"],"picked":"SKIP","floor":36},{"not_picked":["Slimebound:LeechingTouch","Slimebound:SplitBruiser+1"],"picked":"Slimebound:ComboTackle+1","floor":40},{"not_picked":["Slimebound:ForwardTackle+1","Slimebound:Grow+1","Slimebound:Gluttony+1"],"picked":"Singing Bowl","floor":42},{"not_picked":["Slimebound:SplitBruiser+1","Slimebound:LeechEnergy+1","Slimebound:Dissolve"],"picked":"Singing Bowl","floor":43},{"not_picked":["Slimebound:SamplingLick+1","Slimebound:Schlurp+1","Slimebound:SplitMire"],"picked":"Singing Bowl","floor":44},{"not_picked":["Slimebound:SplitLeeching","Slimebound:GoopSpray"],"picked":"Slimebound:GoopTackle+1","floor":45},{"not_picked":["Slimebound:DivideAndConquer","Slimebound:SlimeSpikes","Slimebound:MinionMaster"],"picked":"Singing Bowl","floor":46},{"not_picked":["Slimebound:LeechingTouch+1","Slimebound:FinishingTackle","Slimebound:MegaLick"],"picked":"Singing Bowl","floor":48},{"not_picked":["Slimebound:SlimeTap","Slimebound:Schlurp+1"],"picked":"Slimebound:SplitSpecialist","floor":49}],"player_experience":386362,"relics_obtained":[{"floor":7.0,"key":"Smiling Mask"},{"floor":9.0,"key":"Potion Belt"},{"floor":11.0,"key":"Whetstone"},{"floor":21,"key":"Omamori"},{"floor":23,"key":"Thread and Needle"},{"floor":24,"key":"War Paint"},{"floor":29,"key":"Bag of Preparation"},{"floor":37,"key":"Kunai"},{"floor":38,"key":"Orichalcum"},{"floor":41,"key":"Singing Bowl"},{"floor":44,"key":"Bottled Tornado"}],"event_choices":[{"cards_removed":["Slimebound:Strike_Slimebound"],"damage_healed":0.0,"max_hp_gain":0.0,"max_hp_loss":0.0,"gold_gain":0.0,"event_name":"Bonfire Elementals","player_choice":"Offered Basic","floor":3.0,"gold_loss":0.0,"damage_taken":0.0},{"damage_healed":21,"gold_gain":0,"player_choice":"Heal","damage_taken":0,"max_hp_gain":0,"max_hp_loss":0,"event_name":"The Library","floor":22,"gold_loss":0}],"is_beta":false,"boss_relics":[{"not_picked":["Sozu","bronze:MakeshiftBattery"],"picked":"Slimebound:AbsorbEndCombatUpgraded"},{"not_picked":["Runic Pyramid","Astrolabe"],"picked":"Cursed Key"}],"items_purged_floors":[46],"is_endless":false,"potions_floor_spawned":[2,6,11,14,15,23,26,29,32,33,43,45,48,49],"ascension_level":3}}