{"host":"h2hvhmnr6sxj7mkx","time":1612687809,"event":{"mods":["BaseMod","Marisa????????","Minty Spire (QoL Compilation)","StSLib"],"gold_per_floor":[115,130,35,35,45,80,93,21,103,117,137,171,188,188,188,287,287,273,273,288,322,322,322],"floor_reached":22,"language":"ENG","playtime":2879,"items_purged":[],"score":198,"play_id":"91d31fc6-4312-4577-b087-2641186655e1","local_time":"20210207025009","is_ascension_mode":false,"campfire_choices":[{"floor":15,"key":"REST"}],"circlet_count":0,"master_deck":["Strike_G+1","Strike_G","Strike_G","Strike_G+1","Strike_G","Defend_G","Survivor","Neutralize","Dash","Poisoned Stab","Terror","Prepared","Bullet Time","Heel Hook","Caltrops","Terror","Bouncing Flask","Quick Slash","Calculated Gamble","Skewer","Flying Knee","Iron Wave","After Image","Sucker Punch+1","Infinite Blades+1","Envenom+1","Outmaneuver+1","Flying Knee","Quick Slash"],"relics":["Ring of the Snake","Pocketwatch","Paper Crane","Whetstone","Astrolabe","Red Mask"],"acts_visited":["Exordium","TheCity"],"potions_floor_usage":[16,16,16,16,21,21,22],"damage_taken":[{"damage":5,"enemies":"Small Slimes","floor":1,"turns":5},{"damage":0,"enemies":"Cultist","floor":2,"turns":4},{"damage":0,"enemies":"2 Louse","floor":5,"turns":2},{"damage":8,"enemies":"Gremlin Nob","floor":6,"turns":4},{"damage":10,"enemies":"Exordium Thugs","floor":7,"turns":5},{"damage":2,"enemies":"3 Louse","floor":10,"turns":2},{"damage":12,"enemies":"Looter","floor":11,"turns":3},{"damage":25,"enemies":"3 Sentries","floor":12,"turns":7},{"damage":13,"enemies":"2 Fungi Beasts","floor":13,"turns":3},{"damage":13,"enemies":"Slime Boss","floor":16,"turns":9},{"damage":19,"enemies":"2 Thieves","floor":18,"turns":4},{"damage":9,"enemies":"Chosen","floor":20,"turns":5},{"damage":29,"enemies":"Masked Bandits","floor":21,"turns":5},{"damage":20,"enemies":"Centurion and Healer","floor":22,"turns":5}],"seed_played":"-1603325272786579468","potions_obtained":[{"floor":5,"key":"SpeedPotion"},{"floor":7,"key":"ColorlessPotion"},{"floor":10,"key":"ColorlessPotion"},{"floor":11,"key":"SteroidPotion"},{"floor":12,"key":"PowerPotion"},{"floor":16,"key":"EntropicBrew"},{"floor":18,"key":"EssenceOfSteel"}],"is_trial":false,"path_per_floor":["M","M","$","?","M","E","M","$","T","M","M","E","M","?","R","B",null,"M","?","M","?","M"],"character_chosen":"THE_SILENT","items_purchased":["Terror","Prepared","Bouncing Flask"],"campfire_rested":1,"item_purchase_floors":[3,3,8],"current_hp_per_floor":[72,72,72,72,72,64,54,54,54,52,40,15,2,2,25,12,77,58,58,49,20,0,0],"gold":322,"neow_bonus":"TEN_PERCENT_HP_BONUS","is_daily":false,"chose_seed":false,"campfire_upgraded":0,"win_rate":0.0,"timestamp":1612687809,"path_taken":["M","M","$","?","M","E","?","?","T","M","M","E","M","?","R","BOSS","M","?","M","?","M"],"items_purchased_type":["Card","Card","Card"],"build_version":"2020-12-22","purchased_purges":0,"victory":false,"max_hp_per_floor":[77,77,77,77,77,77,77,77,77,77,77,77,77,77,77,77,77,77,77,77,77,77,77],"card_choices":[{"not_picked":["Deflect","Blade Dance"],"picked":"Dash","floor":1},{"not_picked":["Deadly Poison","Riddle With Holes"],"picked":"Poisoned Stab","floor":2},{"not_picked":["Choke","Acrobatics"],"picked":"Heel Hook","floor":5},{"not_picked":["Sucker Punch","Tactician"],"picked":"Caltrops","floor":6},{"not_picked":["PiercingWail","Footwork"],"picked":"Terror","floor":7},{"not_picked":["Footwork","Escape Plan"],"picked":"Quick Slash","floor":10},{"not_picked":["Poisoned Stab","Underhanded Strike"],"picked":"Calculated Gamble","floor":11},{"not_picked":["Sucker Punch","Prepared"],"picked":"Skewer","floor":12},{"not_picked":["Deflect","Glass Knife"],"picked":"Flying Knee","floor":13},{"not_picked":["Tools of the Trade","Unload"],"picked":"After Image","floor":16},{"not_picked":["Footwork+1","Flying Knee"],"picked":"Outmaneuver+1","floor":18},{"not_picked":["Skewer+1","Blade Dance"],"picked":"Flying Knee","floor":20},{"not_picked":["Deflect","PiercingWail"],"picked":"Quick Slash","floor":21}],"player_experience":16874,"relics_obtained":[{"floor":6,"key":"Pocketwatch"},{"floor":9,"key":"Paper Crane"},{"floor":12,"key":"Whetstone"},{"floor":21,"key":"Red Mask"}],"event_choices":[{"damage_healed":0,"gold_gain":0,"player_choice":"1 cards matched","damage_taken":0,"max_hp_gain":0,"max_hp_loss":0,"event_name":"Match and Keep!","floor":4,"gold_loss":0,"cards_obtained":["Bullet Time"]},{"cards_removed":["Defend_G"],"damage_healed":0,"gold_gain":0,"player_choice":"Took Card","damage_taken":0,"max_hp_gain":0,"max_hp_loss":0,"event_name":"NoteForYourself","floor":14,"gold_loss":0,"cards_obtained":["Iron Wave"]},{"damage_healed":0,"gold_gain":0,"player_choice":"Ignored","damage_taken":0,"max_hp_gain":0,"max_hp_loss":0,"event_name":"Beggar","floor":19,"gold_loss":0},{"damage_healed":0,"gold_gain":0,"player_choice":"Fought Bandits","damage_taken":0,"max_hp_gain":0,"max_hp_loss":0,"event_name":"Masked Bandits","floor":21,"gold_loss":0}],"is_beta":false,"boss_relics":[{"not_picked":["Philosopher\u0027s Stone","Black Star"],"picked":"Astrolabe"}],"items_purged_floors":[],"is_endless":false,"potions_floor_spawned":[5,7,10,11,12,16,18,20],"killed_by":"Centurion and Healer","ascension_level":0}}