{"host":"hjajo0rafoe1e6c4","time":1612672414,"event":{"mods":["AchievementEnabler","BaseMod","Bestiary","Colored Map","Colored Powertips","Downfall","Highlight Path","Minty Spire (QoL Compilation)","Relic Stats","StSLib"],"gold_per_floor":[112,112,124,143,156,176,187,187,187,202,152,164,180,194,194,293,293,305,305,325,335,347,347,26,26,49,49,49,49,49,68,68,169,169,183,193,193,210,224,224,236,236,236,246,0,100,112,132,132,132,132],"floor_reached":50,"language":"ENG","playtime":1265,"items_purged":[],"score":448,"play_id":"d7757192-9c6e-4758-b959-1d6ab60725b7","local_time":"20210206233334","is_ascension_mode":false,"campfire_choices":[{"data":"Bash","floor":8,"key":"SMITH"},{"data":"Flex","floor":15,"key":"SMITH"},{"floor":23,"key":"REST"},{"floor":25,"key":"REST"},{"data":"Double Tap","floor":27,"key":"SMITH"},{"data":"Inflame","floor":30,"key":"SMITH"},{"data":"Shockwave","floor":32,"key":"SMITH"},{"data":"Heavy Blade","floor":40,"key":"SMITH"},{"data":"Inflame","floor":42,"key":"SMITH"},{"floor":49,"key":"REST"}],"circlet_count":0,"master_deck":["Strike_R","Strike_R","Strike_R","Strike_R","Defend_R","Defend_R","Defend_R","Defend_R","Bash+1","Pommel Strike","Uppercut+1","Shockwave+1","Perfected Strike","Cleave","Battle Trance","Inflame+1","Wild Strike","Wild Strike","Flex+1","Double Tap+1","True Grit+1","Inflame+1","Anger","Carnage+1","Warcry","Impervious","Anger+1","Combust+1","Twin Strike+1","Heavy Blade+1","Flex+1","Iron Wave+1"],"relics":["Black Blood","Blood Vial","The Courier","Busted Crown","Eternal Feather","Orichalcum","Toy Ornithopter","Meat on the Bone","Red Mask"],"acts_visited":["Exordium","TheCity","TheBeyond"],"potions_floor_usage":[16,16,16,21,33,33,33,35,37,39,50,50],"damage_taken":[{"damage":0,"enemies":"Small Slimes","floor":1,"turns":3},{"damage":1,"enemies":"Cultist","floor":3,"turns":3},{"damage":9,"enemies":"2 Louse","floor":4,"turns":3},{"damage":12,"enemies":"Blue Slaver","floor":5,"turns":3},{"damage":25,"enemies":"Lots of Slimes","floor":6,"turns":3},{"damage":10,"enemies":"Looter","floor":7,"turns":2},{"damage":7,"enemies":"Blue Slaver","floor":10,"turns":2},{"damage":18,"enemies":"2 Fungi Beasts","floor":12,"turns":4},{"damage":6,"enemies":"Exordium Thugs","floor":13,"turns":3},{"damage":9,"enemies":"3 Louse","floor":14,"turns":3},{"damage":44,"enemies":"Hexaghost","floor":16,"turns":8},{"damage":17,"enemies":"2 Thieves","floor":18,"turns":3},{"damage":25,"enemies":"Spheric Guardian","floor":20,"turns":4},{"damage":26,"enemies":"Centurion and Healer","floor":21,"turns":5},{"damage":31,"enemies":"Snake Plant","floor":22,"turns":3},{"damage":1,"enemies":"Snecko","floor":31,"turns":3},{"damage":49,"enemies":"Champ","floor":33,"turns":9},{"damage":26,"enemies":"3 Shapes","floor":35,"turns":3},{"damage":20,"enemies":"3 Darklings","floor":36,"turns":7},{"damage":0,"enemies":"Writhing Mass","floor":37,"turns":1},{"damage":42,"enemies":"Spire Growth","floor":38,"turns":4},{"damage":20,"enemies":"Jaw Worm Horde","floor":39,"turns":3},{"damage":27,"enemies":"Sphere and 2 Shapes","floor":41,"turns":4},{"damage":49,"enemies":"Transient","floor":44,"turns":5},{"damage":22,"enemies":"Spire Growth","floor":47,"turns":4},{"damage":25,"enemies":"Jaw Worm Horde","floor":48,"turns":5},{"damage":90,"enemies":"Time Eater","floor":50,"turns":8}],"seed_played":"-3819629041808391995","potions_obtained":[{"floor":2,"key":"SteroidPotion"},{"floor":2,"key":"Guardian:BlockOnCardUsePotion"},{"floor":2,"key":"DistilledChaos"},{"floor":4,"key":"SpeedPotion"},{"floor":6,"key":"Block Potion"},{"floor":18,"key":"champ:CounterPotion"},{"floor":22,"key":"hexamod:SoulburnPotion"},{"floor":31,"key":"EntropicBrew"},{"floor":38,"key":"SkillPotion"},{"floor":44,"key":"Weak Potion"},{"floor":48,"key":"sneckomod:MuddlingPotion"}],"is_trial":false,"path_per_floor":["M","?","M","M","M","M","M","R","T","M","?","M","M","M","R","B",null,"M","?","M","M","M","R","$","R","T","R","?","?","R","M","R","B",null,"M","M","M","M","M","R","M","R","T","M","?","?","M","M","R","B"],"character_chosen":"IRONCLAD","items_purchased":["Eternal Feather","Orichalcum"],"campfire_rested":3,"item_purchase_floors":[24,24],"current_hp_per_floor":[80,80,80,77,73,56,54,54,54,55,55,45,47,46,46,10,80,69,69,52,34,11,35,35,71,71,80,80,80,80,80,80,52,80,71,65,80,50,49,67,54,72,72,49,49,49,53,54,80,0,0],"gold":132,"neow_bonus":"RANDOM_COMMON_RELIC","is_daily":false,"chose_seed":false,"campfire_upgraded":7,"win_rate":0.0,"timestamp":1612672414,"path_taken":["M","?","M","?","?","M","M","R","T","M","?","M","M","M","R","BOSS","M","?","?","M","M","R","$","R","T","R","?","?","R","M","R","BOSS","M","M","?","M","M","R","M","R","T","M","?","?","?","M","R","BOSS"],"items_purchased_type":["Relic","Relic"],"build_version":"2020-12-22","purchased_purges":0,"victory":false,"max_hp_per_floor":[80,80,80,80,80,80,80,80,80,80,80,80,80,80,80,80,80,80,80,80,80,80,80,80,80,80,80,80,80,80,80,80,80,80,80,80,80,80,80,80,80,80,80,80,80,80,80,80,80,80,80],"relic_stats":{"Blood Vial":36,"Busted Crown":28,"counters":[27,108],"Black Blood":190,"Eternal Feather":75,"Orichalcum":[216],"obtain_stats":[{"Blood Vial":0,"Busted Crown":17,"Black Blood":34,"Eternal Feather":24,"The Courier":9,"Red Mask":45,"Orichalcum":24,"Burning Blood":0,"Toy Ornithopter":26,"Meat on the Bone":43},{"Blood Vial":0,"Busted Crown":11,"Black Blood":17,"Eternal Feather":15,"The Courier":6,"Red Mask":24,"Orichalcum":15,"Burning Blood":0,"Toy Ornithopter":15,"Meat on the Bone":23},{"Blood Vial":0,"Busted Crown":37,"Black Blood":64,"Eternal Feather":52,"The Courier":17,"Red Mask":91,"Orichalcum":52,"Burning Blood":0,"Toy Ornithopter":52,"Meat on the Bone":86}],"Toy Ornithopter":40,"Meat on the Bone":36},"card_choices":[{"not_picked":["Warcry","Infernal Blade"],"picked":"Pommel Strike","floor":1},{"not_picked":["Heavy Blade","Rampage"],"picked":"Uppercut","floor":3},{"not_picked":["Entrench","Sentinel"],"picked":"Shockwave","floor":4},{"not_picked":["Warcry","Demon Form"],"picked":"Perfected Strike","floor":5},{"not_picked":["Heavy Blade","Clash"],"picked":"Cleave","floor":6},{"not_picked":["Heavy Blade","Dark Embrace"],"picked":"Battle Trance","floor":7},{"not_picked":["Havoc","Infernal Blade"],"picked":"Inflame","floor":10},{"not_picked":["Shrug It Off","Warcry"],"picked":"Wild Strike","floor":12},{"not_picked":["Power Through","Fire Breathing"],"picked":"Wild Strike","floor":13},{"not_picked":["Thunderclap","Headbutt"],"picked":"Flex","floor":14},{"not_picked":["Offering","Exhume"],"picked":"Double Tap","floor":16},{"not_picked":[],"picked":"True Grit+1","floor":18},{"not_picked":[],"picked":"Anger","floor":20},{"not_picked":["Havoc"],"picked":"SKIP","floor":21},{"not_picked":[],"picked":"Carnage+1","floor":22},{"not_picked":[],"picked":"Warcry","floor":31},{"not_picked":[],"picked":"Impervious","floor":33},{"not_picked":[],"picked":"Anger+1","floor":35},{"not_picked":[],"picked":"Combust+1","floor":36},{"not_picked":[],"picked":"Twin Strike+1","floor":38},{"not_picked":[],"picked":"Heavy Blade","floor":39},{"not_picked":["Juggernaut"],"picked":"SKIP","floor":41},{"not_picked":["Thunderclap"],"picked":"SKIP","floor":44},{"not_picked":[],"picked":"Flex+1","floor":47},{"not_picked":[],"picked":"Iron Wave+1","floor":48}],"player_experience":250517,"relics_obtained":[{"floor":9,"key":"The Courier"},{"floor":26,"key":"Toy Ornithopter"},{"floor":43,"key":"Meat on the Bone"}],"event_choices":[{"damage_healed":0,"gold_gain":0,"player_choice":"Got Potions","damage_taken":0,"max_hp_gain":0,"max_hp_loss":0,"event_name":"Lab","floor":2,"gold_loss":0},{"cards_removed":["Strike_R"],"damage_healed":0,"gold_gain":0,"player_choice":"Card Removal","damage_taken":0,"max_hp_gain":0,"max_hp_loss":0,"event_name":"The Cleric","floor":11,"gold_loss":50},{"damage_healed":0,"gold_gain":0,"player_choice":"Copied","damage_taken":0,"max_hp_gain":0,"max_hp_loss":0,"event_name":"Duplicator","floor":19,"gold_loss":0,"cards_obtained":["Inflame"]},{"damage_healed":0,"gold_gain":0,"player_choice":"Upgraded","damage_taken":0,"max_hp_gain":0,"max_hp_loss":0,"event_name":"Upgrade Shrine","floor":29,"gold_loss":0,"cards_upgraded":["Uppercut"]},{"damage_healed":0,"gold_gain":0,"player_choice":"Paid","damage_taken":0,"relics_obtained":["Red Mask"],"max_hp_gain":0,"max_hp_loss":0,"event_name":"Tomb of Lord Red Mask","floor":45,"gold_loss":246},{"damage_healed":0,"gold_gain":100,"player_choice":"Pray","damage_taken":0,"max_hp_gain":0,"max_hp_loss":0,"event_name":"Golden Shrine","floor":46,"gold_loss":0}],"is_beta":false,"boss_relics":[{"not_picked":["Runic Dome","Runic Cube"],"picked":"Busted Crown"},{"not_picked":["Mark of Pain","Tiny House"],"picked":"Black Blood"}],"items_purged_floors":[],"is_endless":false,"potions_floor_spawned":[4,6,7,10,12,13,18,22,31,37,38,44,48],"killed_by":"Time Eater","ascension_level":0}}