{"host":"w2kjv12xyhtt0cv2","time":1612708584,"event":{"mods":["100% Spire Juice","Act Like it!","BaseMod","Colored Map","Friendly Minions","Gensokyo","GifTheSpireLib","Highlight Path","Hubris","Marisa（F雨　魔理沙）","Minty Spire (QoL Compilation)","Prisma Mod","Quick Restart","Reimu（博丽灵梦）","Relic Stats","Reliquary","Replay The Spire","Robot Space Explorer","RumiaBox-露米娅的神秘盒子","Shop Mod","Spicy Shops","StSLib","The Bug Knight","The Cursed","The Dragon Tamer","The Servant 0.9.4","UnlockEverythingMod","Waifu the Spire","[功能]功能增强和修复MOD","【功能Mod】Neow奖励","【遗物卡牌】REMEMod","没有小屋子和绿帽子啦"],"gold_per_floor":[362,13,13,13,25,38,71,1,13,51,63,75,75],"floor_reached":12,"language":"ZHS","playtime":541,"items_purged":[],"score":184,"play_id":"febd0e5e-eb5f-446b-81be-8edf54a57f6d","local_time":"20210207223624","is_ascension_mode":true,"campfire_choices":[{"data":"RobotSpaceExplorer:Autoloader","floor":11,"key":"SMITH"}],"circlet_count":0,"master_deck":["AscendersBane","TheCursedMod:Strike_TheCursed","TheCursedMod:Strike_TheCursed","TheCursedMod:Strike_TheCursed","TheCursedMod:Strike_TheCursed","TheCursedMod:Defend_TheCursed","TheCursedMod:Defend_TheCursed","TheCursedMod:Defend_TheCursed","TheCursedMod:Defend_TheCursed","TheCursedMod:CursedWand","TheCursedMod:CleanUpWorkshop","TheCursedMod:Dregs","RobotSpaceExplorer:Autoloader+1","TheCursedMod:CursedStaff+1","TheCursedMod:CursedAmulet","TheCursedMod:StingEye","TheCursedMod:RapidMovement"],"relics":["TheCursedMod:BlackMagic101","REME_ComplimentaryCards","Calipers","StrikeDummy","MawBank","hubris:BundleOfHerbs","SSSystem"],"acts_visited":["Gensokyo:Gensokyo"],"potions_floor_usage":[10],"damage_taken":[{"damage":4.0,"enemies":"Gensokyo:2_Kodama","floor":1.0,"turns":4.0},{"damage":9.0,"enemies":"Gensokyo:3_Fairies","floor":5.0,"turns":5.0},{"damage":8.0,"enemies":"Gensokyo:Gryphon","floor":6.0,"turns":3.0},{"damage":6,"enemies":"Gensokyo:Mamizou","floor":7,"turns":8},{"damage":0,"enemies":"Gensokyo:Aya","floor":10,"turns":4},{"damage":31,"enemies":"Gensokyo:Cirno","floor":12,"turns":9}],"seed_played":"-5339061533593058419","potions_obtained":[{"floor":1.0,"key":"LifebloodPotion"},{"floor":7,"key":"SteroidPotion"}],"is_trial":false,"path_per_floor":["M","$","?","?","M","M","E","?","T","E","R","E"],"character_chosen":"THE_CURSED","items_purchased":["TheCursedMod:CursedStaff+1","Calipers"],"campfire_rested":0,"item_purchase_floors":[2,2],"current_hp_per_floor":[42,42,42,42,33,25,19,19,19,34,34,3,3],"gold":75,"neow_bonus":"TWO_FIFTY_GOLD","is_daily":false,"chose_seed":false,"campfire_upgraded":1,"win_rate":0.0,"timestamp":1612708584,"path_taken":["M","$","?","?","M","M","E","?","T","E","R","E"],"items_purchased_type":["Card","Relic"],"build_version":"2020-12-22","purchased_purges":0,"victory":false,"max_hp_per_floor":[71,71,71,71,71,71,71,71,71,71,71,71,71],"relic_stats":{"counters":[6,33],"MawBank":48,"obtain_stats":[{"TheCursedMod:BlackMagic101":0,"Calipers":2,"SSSystem":10,"hubris:BundleOfHerbs":9,"StrikeDummy":7,"MawBank":8,"REME_ComplimentaryCards":0},{"TheCursedMod:BlackMagic101":0,"Calipers":1,"SSSystem":5,"hubris:BundleOfHerbs":4,"StrikeDummy":4,"MawBank":4,"REME_ComplimentaryCards":0},{"TheCursedMod:BlackMagic101":0,"Calipers":4,"SSSystem":24,"hubris:BundleOfHerbs":20,"StrikeDummy":20,"MawBank":20,"REME_ComplimentaryCards":0}]},"card_choices":[{"not_picked":["TheCursedMod:CircleOfWindfury","TheCursedMod:Mangle","TheCursedMod:ReleasedKnowledge"],"picked":"SKIP","floor":1.0},{"not_picked":["TheCursedMod:CircleOfFlame","TheCursedMod:CursedMace"],"picked":"TheCursedMod:CursedAmulet","floor":5.0},{"not_picked":["TheCursedMod:CircleOfFlame","TheCursedMod:CursedMace","TheCursedMod:TacticalStrike"],"picked":"SKIP","floor":6.0},{"not_picked":["TheCursedMod:SmokeScreen","TheCursedMod:Mangle"],"picked":"TheCursedMod:StingEye","floor":7},{"not_picked":["TheCursedMod:RavingStaff","TheCursedMod:AshesToAshes"],"picked":"TheCursedMod:RapidMovement","floor":10}],"player_experience":209256,"relics_obtained":[{"floor":7,"key":"StrikeDummy"},{"floor":9,"key":"hubris:BundleOfHerbs"},{"floor":10,"key":"SSSystem"}],"event_choices":[],"is_beta":false,"boss_relics":[],"items_purged_floors":[],"is_endless":false,"potions_floor_spawned":[1,7],"killed_by":"Gensokyo:Cirno","ascension_level":16}}