{"host":"q9718omregw4er46","time":1612706037,"event":{"mods":["BaseMod","Bestiary","Minty Spire (QoL Compilation)","Quick Restart","Relic Stats"],"gold_per_floor":[119,139,139,159,172,172,205,205,205,237,251,251,277,277,277,352,352,415,459,51,89,99,150,150,180,180,180,180,180,196,240,240,312,312,356,406,406,491,568,626,671,671,695,756,756,447,502,101,101,101,101,101,101,18,50,50],"floor_reached":57,"language":"ENG","playtime":5917,"items_purged":["ConjureBlade","FollowUp"],"score":2915,"play_id":"0ccd174a-ee2d-4cfb-9619-679eae983028","local_time":"20210207185357","is_ascension_mode":true,"campfire_choices":[{"data":"BowlingBash","floor":6.0,"key":"SMITH"},{"floor":8.0,"key":"REST"},{"floor":12.0,"key":"REST"},{"data":"EmptyFist","floor":15.0,"key":"SMITH"},{"data":"Blasphemy","floor":24.0,"key":"SMITH"},{"floor":27.0,"key":"REST"},{"data":"TalkToTheHand","floor":29.0,"key":"SMITH"},{"data":"Wish","floor":32.0,"key":"SMITH"},{"data":"TalkToTheHand","floor":42.0,"key":"SMITH"},{"floor":45.0,"key":"RECALL"},{"data":"TalkToTheHand","floor":49.0,"key":"SMITH"},{"data":"Omniscience","floor":53.0,"key":"SMITH"}],"circlet_count":0,"master_deck":["AscendersBane","Vigilance","Scrawl","BowlingBash+1","ReachHeaven","EmptyFist+1","Blasphemy+1","EmptyBody","DeusExMachina","BattleHymn","Wallop","Wish+1","Consecrate","ThirdEye","Omniscience+1","TalkToTheHand+1","Wallop+1","FlurryOfBlows","MasterReality","Vault+1","TalkToTheHand+1","Vault+1","ThirdEye+1","TalkToTheHand+1"],"relics":["PureWater","Dead Branch","Pantograph","Boot","Incense Burner","Pandora\u0027s Box","OrangePellets","Gambling Chip","Bird Faced Urn","Toxic Egg 2","Philosopher\u0027s Stone","TungstenRod","Ice Cream","Toy Ornithopter","CeramicFish","Frozen Eye","CaptainsWheel","Vajra","Sundial"],"acts_visited":["Exordium","TheCity","TheBeyond","TheEnding"],"potions_floor_usage":[],"damage_taken":[{"damage":7.0,"enemies":"Cultist","floor":1.0,"turns":4.0},{"damage":0.0,"enemies":"Jaw Worm","floor":2.0,"turns":2.0},{"damage":0.0,"enemies":"2 Louse","floor":4.0,"turns":2.0},{"damage":5.0,"enemies":"Lots of Slimes","floor":5.0,"turns":5.0},{"damage":17.0,"enemies":"Gremlin Nob","floor":7.0,"turns":3.0},{"damage":0.0,"enemies":"Lagavulin","floor":10.0,"turns":4.0},{"damage":15.0,"enemies":"Blue Slaver","floor":11.0,"turns":4.0},{"damage":33.0,"enemies":"Gremlin Nob","floor":13.0,"turns":4.0},{"damage":10.0,"enemies":"Hexaghost","floor":16.0,"turns":7.0},{"damage":0.0,"enemies":"Spheric Guardian","floor":18.0,"turns":1.0},{"damage":0.0,"enemies":"Chosen","floor":19.0,"turns":2.0},{"damage":6.0,"enemies":"Centurion and Healer","floor":21.0,"turns":5.0},{"damage":11.0,"enemies":"Sentry and Sphere","floor":22.0,"turns":5.0},{"damage":8.0,"enemies":"Gremlin Leader","floor":23.0,"turns":5.0},{"damage":21.0,"enemies":"Slavers","floor":25.0,"turns":8.0},{"damage":0.0,"enemies":"Cultist and Chosen","floor":30.0,"turns":4.0},{"damage":8.0,"enemies":"Snake Plant","floor":31.0,"turns":6.0},{"damage":0.0,"enemies":"Collector","floor":33.0,"turns":7.0},{"damage":2.0,"enemies":"3 Shapes","floor":35.0,"turns":7.0},{"damage":1.0,"enemies":"3 Darklings","floor":36.0,"turns":7.0},{"damage":14.0,"enemies":"Mind Bloom Boss Battle","floor":38.0,"turns":6.0},{"damage":25.0,"enemies":"Sphere and 2 Shapes","floor":39.0,"turns":6.0},{"damage":19.0,"enemies":"Nemesis","floor":40.0,"turns":10.0},{"damage":4.0,"enemies":"Transient","floor":41.0,"turns":7.0},{"damage":0.0,"enemies":"Reptomancer","floor":44.0,"turns":7.0},{"damage":3.0,"enemies":"2 Orb Walkers","floor":47.0,"turns":5.0},{"damage":18.0,"enemies":"Donu and Deca","floor":50.0,"turns":6.0},{"damage":8.0,"enemies":"Awakened One","floor":51.0,"turns":14.0},{"damage":3,"enemies":"Shield and Spear","floor":55,"turns":11},{"damage":7,"enemies":"The Heart","floor":56,"turns":9}],"seed_played":"1949979209977757879","potions_obtained":[{"floor":2.0,"key":"LiquidBronze"},{"floor":10.0,"key":"EssenceOfSteel"},{"floor":16.0,"key":"Block Potion"},{"floor":19.0,"key":"Energy Potion"},{"floor":23.0,"key":"SmokeBomb"},{"floor":33.0,"key":"LiquidMemories"},{"floor":38.0,"key":"StancePotion"},{"floor":39.0,"key":"SkillPotion"},{"floor":41.0,"key":"SkillPotion"},{"floor":44.0,"key":"BottledMiracle"}],"is_trial":false,"path_per_floor":["M","M","T","M","M","R","E","R","T","E","M","R","E","?","R","B",null,"M","M","$","M","M","E","R","E","T","R","?","R","M","M","R","B",null,"M","M","?","?","M","E","M","R","T","E","R","$","?","$","R","B","B",null,"R","$","E","B",null],"character_chosen":"WATCHER","items_purchased":["Omniscience","OrangePellets","Frozen Eye","Vault+1","TalkToTheHand","Vajra","PowerPotion","GamblersBrew"],"campfire_rested":3,"item_purchase_floors":[20,20,46,46,48,48,48,54],"current_hp_per_floor":[36,36,36,36,31,31,14,34,34,34,19,39,6,6,6,21,56,56,56,56,50,39,31,31,10,10,30,78,78,78,71,71,78,78,76,77,77,66,47,36,40,40,40,48,48,48,58,58,58,64,76,78,78,78,77,78],"gold":50,"neow_bonus":"THREE_RARE_CARDS","is_daily":false,"chose_seed":false,"campfire_upgraded":8,"win_rate":0.0,"timestamp":1612706037,"path_taken":["M","M","?","M","M","R","E","R","T","E","M","R","E","?","R","BOSS","M","M","$","?","M","E","R","E","T","R","?","R","M","M","R","BOSS","M","?","?","?","M","E","M","R","T","E","R","$","?","$","R","BOSS","BOSS","R","$","E","BOSS"],"items_purchased_type":["Card","Relic","Relic","Card","Card","Relic","Potion","Potion"],"build_version":"2020-12-22","purchased_purges":2,"victory":true,"max_hp_per_floor":[68,68,68,68,68,68,68,68,68,68,68,68,68,68,68,68,68,68,68,68,68,68,68,68,68,68,68,78,78,78,78,78,78,78,78,78,78,78,78,78,78,78,78,78,78,78,78,78,78,78,78,78,78,78,78,78],"relic_stats":{"counters":[30,173],"Dead Branch":[320],"CeramicFish":27,"Boot":[86],"OrangePellets":[8],"Sundial":[0],"Pantograph":68,"Gambling Chip":[48],"Bird Faced Urn":[62],"Pandora\u0027s Box":["Brilliance","EmptyBody","ConjureBlade","DeusExMachina","BattleHymn","Wallop","Wish"],"obtain_stats":[{"Ice Cream":40,"Dead Branch":3,"CeramicFish":44,"Vajra":48,"Incense Burner":13,"Boot":10,"OrangePellets":20,"Frozen Eye":46,"CaptainsWheel":47,"Sundial":55,"Pantograph":7,"Gambling Chip":23,"Bird Faced Urn":25,"Pandora\u0027s Box":17,"Philosopher\u0027s Stone":34,"PureWater":0,"Toxic Egg 2":26,"TungstenRod":38,"Toy Ornithopter":43},{"Ice Cream":23,"Dead Branch":2,"CeramicFish":25,"Vajra":26,"Incense Burner":8,"Boot":6,"OrangePellets":11,"Frozen Eye":25,"CaptainsWheel":26,"Sundial":29,"Pantograph":5,"Gambling Chip":14,"Bird Faced Urn":15,"Pandora\u0027s Box":9,"Philosopher\u0027s Stone":18,"PureWater":0,"Toxic Egg 2":15,"TungstenRod":21,"Toy Ornithopter":24},{"Ice Cream":114,"Dead Branch":6,"CeramicFish":128,"Vajra":133,"Incense Burner":28,"Boot":20,"OrangePellets":38,"Frozen Eye":128,"CaptainsWheel":133,"Sundial":164,"Pantograph":16,"Gambling Chip":53,"Bird Faced Urn":61,"Pandora\u0027s Box":35,"Philosopher\u0027s Stone":78,"PureWater":0,"Toxic Egg 2":61,"TungstenRod":98,"Toy Ornithopter":121}],"TungstenRod":20,"Toy Ornithopter":5},"card_choices":[{"not_picked":["Vault","Ragnarok"],"picked":"Scrawl","floor":0.0},{"not_picked":["FollowUp","CrushJoints"],"picked":"BowlingBash","floor":1.0},{"not_picked":["BowlingBash","CrushJoints"],"picked":"FollowUp","floor":2.0},{"not_picked":["Halt","BowlingBash","Crescendo"],"picked":"SKIP","floor":4.0},{"not_picked":["Halt","BowlingBash","Crescendo"],"picked":"SKIP","floor":4.0},{"not_picked":["JustLucky","Protect","Nirvana"],"picked":"SKIP","floor":5.0},{"not_picked":["Halt","Ragnarok","ThirdEye"],"picked":"SKIP","floor":7.0},{"not_picked":["PathToVictory","DeceiveReality"],"picked":"ReachHeaven","floor":10.0},{"not_picked":["Crescendo","Halt"],"picked":"EmptyFist","floor":11.0},{"not_picked":["Vengeance","SpiritShield","ClearTheMind"],"picked":"SKIP","floor":13.0},{"not_picked":["LessonLearned","DeusExMachina"],"picked":"Blasphemy","floor":16.0},{"not_picked":["Protect","WaveOfTheHand"],"picked":"Consecrate","floor":18.0},{"not_picked":["Swivel","JustLucky"],"picked":"ThirdEye","floor":19.0},{"not_picked":["Halt","Crescendo"],"picked":"TalkToTheHand","floor":21.0},{"not_picked":["PathToVictory","Judgement"],"picked":"Wallop+1","floor":22.0},{"not_picked":["WheelKick","EmptyBody","Devotion"],"picked":"SKIP","floor":23.0},{"not_picked":["ClearTheMind","BowlingBash"],"picked":"FlurryOfBlows","floor":25.0},{"not_picked":["EmptyBody+1","Protect+1"],"picked":"MasterReality","floor":30.0},{"not_picked":["FlyingSleeves","Swivel+1","Conclude"],"picked":"SKIP","floor":31.0},{"not_picked":["Brilliance","Judgement+1"],"picked":"Vault+1","floor":33.0},{"not_picked":["ReachHeaven","Vengeance+1","JustLucky"],"picked":"SKIP","floor":35.0},{"not_picked":["FlurryOfBlows","Nirvana"],"picked":"TalkToTheHand","floor":36.0},{"not_picked":["Worship+1","Weave","Evaluate+1"],"picked":"SKIP","floor":39.0},{"not_picked":["FlyingSleeves","FlurryOfBlows","PathToVictory+1"],"picked":"SKIP","floor":40.0},{"not_picked":["Perseverance+1","SignatureMove","SashWhip"],"picked":"SKIP","floor":41.0},{"not_picked":["Protect+1","Devotion","BattleHymn"],"picked":"SKIP","floor":44.0},{"not_picked":["CutThroughFate","Protect+1"],"picked":"ThirdEye+1","floor":47.0},{"not_picked":["ThirdEye+1","CutThroughFate+1","EmptyFist+1"],"picked":"SKIP","floor":55}],"player_experience":790003,"relics_obtained":[{"floor":3.0,"key":"Dead Branch"},{"floor":7.0,"key":"Pantograph"},{"floor":10.0,"key":"Boot"},{"floor":13.0,"key":"Incense Burner"},{"floor":23.0,"key":"Gambling Chip"},{"floor":25.0,"key":"Bird Faced Urn"},{"floor":26.0,"key":"Toxic Egg 2"},{"floor":38.0,"key":"TungstenRod"},{"floor":40.0,"key":"Ice Cream"},{"floor":43.0,"key":"Toy Ornithopter"},{"floor":44.0,"key":"CeramicFish"},{"floor":47.0,"key":"CaptainsWheel"},{"floor":55,"key":"Sundial"}],"event_choices":[{"cards_removed":["Strike_P"],"damage_healed":0.0,"max_hp_gain":0.0,"max_hp_loss":0.0,"gold_gain":0.0,"event_name":"Purifier","player_choice":"Purged","floor":14.0,"gold_loss":0.0,"damage_taken":0.0},{"cards_removed":["Brilliance"],"damage_healed":38.0,"max_hp_gain":10.0,"max_hp_loss":0.0,"gold_gain":0.0,"event_name":"Bonfire Elementals","player_choice":"Offered Rare","floor":28.0,"gold_loss":0.0,"damage_taken":0.0},{"cards_removed":["Eruption"],"damage_healed":0.0,"max_hp_gain":0.0,"max_hp_loss":0.0,"gold_gain":0.0,"event_name":"Falling","player_choice":"Removed Attack","floor":37.0,"gold_loss":0.0,"damage_taken":0.0},{"damage_healed":0.0,"max_hp_gain":0.0,"max_hp_loss":0.0,"gold_gain":0.0,"event_name":"MindBloom","player_choice":"Fight","floor":38.0,"gold_loss":0.0,"damage_taken":0.0},{"damage_healed":0.0,"max_hp_gain":0.0,"max_hp_loss":0.0,"gold_gain":0.0,"event_name":"Mysterious Sphere","player_choice":"Fight","floor":47.0,"gold_loss":0.0,"damage_taken":0.0}],"is_beta":false,"boss_relics":[{"not_picked":["Busted Crown","Coffee Dripper"],"picked":"Pandora\u0027s Box"},{"not_picked":["Astrolabe","VioletLotus"],"picked":"Philosopher\u0027s Stone"}],"items_purged_floors":[20,48],"is_endless":false,"potions_floor_spawned":[2,10,16,19,23,33,38,39,41,44],"ascension_level":20}}