{"host":"fzjk61lpi4bwj033","time":1612722025,"event":{"mods":["BaseMod","Hermit","Jorbs\u0027s Wanderer Trilogy","Minty Spire (QoL Compilation)","Rare Cards Sparkle","Relic Stats","StSLib"],"gold_per_floor":[119,135,135,155,155,155,181,181,206,220,255,255,267,267,267],"floor_reached":14,"language":"ENG","playtime":451,"items_purged":[],"score":200,"play_id":"70bec97e-adf8-4c28-91ce-ae8d151b867a","local_time":"20210207122025","is_ascension_mode":true,"campfire_choices":[{"data":"Neutralize","floor":6,"key":"SMITH"},{"floor":8,"key":"REST"},{"floor":12,"key":"REST"}],"circlet_count":0,"master_deck":["AscendersBane","Strike_G+1","Strike_G","Strike_G","Strike_G","Strike_G+1","Defend_G","Defend_G","Defend_G","Defend_G","Defend_G","Survivor","Neutralize+1","Dodge and Roll","Skewer","Flying Knee","Crippling Poison","All Out Attack","Cloak And Dagger","Quick Slash"],"relics":["Ring of the Snake","Tough Bandages","Strawberry","Omamori","Peace Pipe"],"acts_visited":["Exordium"],"potions_floor_usage":[13,14],"damage_taken":[{"damage":4,"enemies":"Cultist","floor":1,"turns":5},{"damage":0,"enemies":"Small Slimes","floor":2,"turns":5},{"damage":9,"enemies":"Jaw Worm","floor":4,"turns":4},{"damage":38,"enemies":"Lagavulin","floor":7,"turns":10},{"damage":3,"enemies":"Looter","floor":10,"turns":4},{"damage":19,"enemies":"Gremlin Nob","floor":11,"turns":4},{"damage":12,"enemies":"Exordium Thugs","floor":13,"turns":5},{"damage":26,"enemies":"Lagavulin","floor":14,"turns":5}],"seed_played":"5589863893418035576","potions_obtained":[{"floor":10,"key":"BlessingOfTheForge"},{"floor":11,"key":"SkillPotion"},{"floor":13,"key":"AttackPotion"}],"is_trial":false,"path_per_floor":["M","M","?","M","?","R","E","R","T","M","E","R","M","E"],"character_chosen":"THE_SILENT","items_purchased":[],"campfire_rested":2,"item_purchase_floors":[],"current_hp_per_floor":[55,55,37,28,48,48,17,37,37,34,15,35,23,0,0],"gold":267,"neow_bonus":"ONE_RARE_RELIC","is_daily":false,"chose_seed":false,"campfire_upgraded":1,"win_rate":0.0,"timestamp":1612722025,"path_taken":["M","?","?","M","?","R","E","R","T","M","E","R","M","E"],"items_purchased_type":[],"build_version":"2020-12-22","purchased_purges":0,"victory":false,"max_hp_per_floor":[60,60,60,60,60,60,67,67,67,67,67,67,67,67,67],"relic_stats":{"Peace Pipe":0,"Tough Bandages":[39],"counters":[8,42],"obtain_stats":[{"Peace Pipe":11,"Tough Bandages":0,"Strawberry":7,"Omamori":9,"Ring of the Snake":0},{"Peace Pipe":6,"Tough Bandages":0,"Strawberry":4,"Omamori":4,"Ring of the Snake":0},{"Peace Pipe":32,"Tough Bandages":0,"Strawberry":24,"Omamori":24,"Ring of the Snake":0}],"Ring of the Snake":[16]},"card_choices":[{"not_picked":["Slice","Flechettes"],"picked":"Dodge and Roll","floor":1},{"not_picked":["Distraction","Slice"],"picked":"Skewer","floor":2},{"not_picked":["Well Laid Plans","Skewer"],"picked":"Flying Knee","floor":4},{"not_picked":["Quick Slash","Bouncing Flask"],"picked":"Crippling Poison","floor":7},{"not_picked":["Deflect","Prepared"],"picked":"All Out Attack","floor":10},{"not_picked":["Dagger Spray","Deadly Poison"],"picked":"Cloak And Dagger","floor":11},{"not_picked":["Sucker Punch","Crippling Poison"],"picked":"Quick Slash","floor":13}],"player_experience":794707,"relics_obtained":[{"floor":7,"key":"Strawberry"},{"floor":9,"key":"Omamori"},{"floor":11,"key":"Peace Pipe"}],"event_choices":[{"damage_healed":0,"gold_gain":0,"player_choice":"Entered Light","damage_taken":18,"max_hp_gain":0,"max_hp_loss":0,"event_name":"Shining Light","floor":3,"gold_loss":0,"cards_upgraded":["Strike_G","Strike_G"]},{"damage_healed":20,"gold_gain":0,"player_choice":"Banana","damage_taken":0,"max_hp_gain":0,"max_hp_loss":0,"event_name":"Big Fish","floor":5,"gold_loss":0}],"is_beta":false,"boss_relics":[],"items_purged_floors":[],"is_endless":false,"potions_floor_spawned":[10,11,13],"killed_by":"Lagavulin","ascension_level":20}}