{"host":"x000krxjblg8jdg4","time":1612717771,"event":{"mods":["BaseMod","Downfall","Hermit","Minty Spire (QoL Compilation)","StSLib","The Cursed","The Runesmith","The Servant 0.9.4"],"gold_per_floor":[211,211,225,241,5,37,84,143,192,222,222,19,35,66,66,164,164,179,195,195,213,230,230,261,261,261],"floor_reached":25,"language":"ENG","playtime":1733,"items_purged":[],"score":219,"play_id":"9c7e252d-718a-424c-aa95-831995f2009d","local_time":"20210207150931","is_ascension_mode":false,"campfire_choices":[{"floor":11,"key":"REST"},{"floor":15,"key":"REST"},{"floor":23,"key":"REST"}],"circlet_count":0,"master_deck":["Strike_R","Strike_R","Strike_R","Strike_R","Strike_R","Defend_R","Defend_R","Defend_R","Defend_R","Bash","Flex","Heavy Blade","Wild Strike","HandOfGreed","Iron Wave","Rampage","Iron Wave","Fire Breathing","Spot Weakness","Juggernaut","Armaments","Perfected Strike+1","Spot Weakness+1","Rampage","Combust"],"relics":["Burning Blood","Membership Card","Ice Cream","Bag of Marbles","Toy Ornithopter","Ornamental Fan","Pear","Runic Cube"],"acts_visited":["Exordium","TheCity"],"potions_floor_usage":[7,7,16,16,16,16,16,16,24],"damage_taken":[{"damage":3,"enemies":"Small Slimes","floor":1,"turns":4},{"damage":6,"enemies":"Cultist","floor":3,"turns":3},{"damage":1,"enemies":"Jaw Worm","floor":4,"turns":4},{"damage":18,"enemies":"Exordium Wildlife","floor":6,"turns":4},{"damage":31,"enemies":"Lagavulin","floor":7,"turns":5},{"damage":21,"enemies":"Gremlin Gang","floor":8,"turns":6},{"damage":11,"enemies":"Large Slime","floor":10,"turns":5},{"damage":9,"enemies":"Exordium Thugs","floor":13,"turns":4},{"damage":28,"enemies":"Gremlin Nob","floor":14,"turns":4},{"damage":58,"enemies":"The Guardian","floor":16,"turns":8},{"damage":10,"enemies":"Chosen","floor":18,"turns":4},{"damage":42,"enemies":"Spheric Guardian","floor":19,"turns":6},{"damage":27,"enemies":"Chosen and Byrds","floor":21,"turns":7},{"damage":22,"enemies":"Cultist and Chosen","floor":22,"turns":6},{"damage":34,"enemies":"Centurion and Healer","floor":24,"turns":5},{"damage":35,"enemies":"Gremlin Leader","floor":25,"turns":2}],"seed_played":"4272660099063831443","potions_obtained":[{"floor":1,"key":"GamblersBrew"},{"floor":2,"key":"ColorlessPotion"},{"floor":2,"key":"Ancient Potion"},{"floor":4,"key":"Guardian:BlockOnCardUsePotion"},{"floor":8,"key":"EntropicBrew"},{"floor":14,"key":"Strength Potion"},{"floor":22,"key":"Regen Potion"}],"is_trial":false,"path_per_floor":["M","?","M","M","$","M","E","M","T","M","R","$","M","E","R","B",null,"M","M","?","M","M","R","M","E"],"character_chosen":"IRONCLAD","items_purchased":["Membership Card","HandOfGreed","Toy Ornithopter","Ornamental Fan"],"campfire_rested":3,"item_purchase_floors":[5,5,12,12],"current_hp_per_floor":[80,80,80,80,80,68,43,28,28,23,47,47,44,32,59,37,90,86,50,50,29,13,40,31,0,0],"gold":261,"neow_bonus":"HUNDRED_GOLD","is_daily":false,"chose_seed":false,"campfire_upgraded":0,"win_rate":0.0,"timestamp":1612717771,"path_taken":["M","?","M","M","$","M","E","M","T","M","R","?","?","E","R","BOSS","M","M","?","?","M","R","M","E"],"items_purchased_type":["Relic","Card","Relic","Relic"],"build_version":"2020-12-22","purchased_purges":0,"victory":false,"max_hp_per_floor":[80,80,80,80,80,80,80,80,80,80,80,80,80,90,90,90,90,90,90,90,90,90,90,90,90,90],"card_choices":[{"not_picked":["Dual Wield","Clash"],"picked":"Flex","floor":1},{"not_picked":["Sever Soul","Carnage"],"picked":"Heavy Blade","floor":3},{"not_picked":["Brutality","Warcry"],"picked":"Wild Strike","floor":4},{"not_picked":["Bloodletting","Infernal Blade"],"picked":"Iron Wave","floor":6},{"not_picked":["Rupture","Wild Strike"],"picked":"Rampage","floor":7},{"not_picked":["Warcry","Rage"],"picked":"Iron Wave","floor":8},{"not_picked":["Clothesline","Armaments"],"picked":"Fire Breathing","floor":10},{"not_picked":["Corruption","Carnage","Burning Pact"],"picked":"SKIP","floor":13},{"not_picked":["Flex","Sword Boomerang"],"picked":"Spot Weakness","floor":14},{"not_picked":["Fiend Fire","Bludgeon"],"picked":"Juggernaut","floor":16},{"not_picked":["Metallicize","Cleave"],"picked":"Armaments","floor":18},{"not_picked":["Inflame+1","True Grit+1"],"picked":"Perfected Strike","floor":19},{"not_picked":["Metallicize","Shockwave"],"picked":"Spot Weakness+1","floor":21},{"not_picked":["Heavy Blade","Spot Weakness"],"picked":"Rampage","floor":22},{"not_picked":["Double Tap","Searing Blow+1"],"picked":"Combust","floor":24}],"player_experience":93000,"relics_obtained":[{"floor":7,"key":"Ice Cream"},{"floor":9,"key":"Bag of Marbles"},{"floor":14,"key":"Pear"}],"event_choices":[{"damage_healed":0,"gold_gain":0,"player_choice":"Got Potions","damage_taken":0,"max_hp_gain":0,"max_hp_loss":0,"event_name":"Lab","floor":2,"gold_loss":0},{"damage_healed":0,"gold_gain":0,"player_choice":"Upgraded","damage_taken":0,"max_hp_gain":0,"max_hp_loss":0,"event_name":"Upgrade Shrine","floor":20,"gold_loss":0,"cards_upgraded":["Perfected Strike"]}],"is_beta":false,"boss_relics":[{"not_picked":["Cursed Key","Coffee Dripper"],"picked":"Runic Cube"}],"items_purged_floors":[],"is_endless":false,"potions_floor_spawned":[1,4,8,14,22],"killed_by":"Gremlin Leader","ascension_level":0}}