{"host":"rolltorest","time":1612665364,"event":{"mods":["BaseMod","Minty Spire (QoL Compilation)","Relic Stats","Slay the Relics Exporter","StSLib"],"gold_per_floor":[113,132,132,207,38,38,38,72,72,72,97,97,97,97],"floor_reached":13,"language":"ENG","playtime":342,"items_purged":["Strike_G"],"score":162,"play_id":"d0f675da-c79b-4740-8945-b09617067b1b","local_time":"20210206183604","is_ascension_mode":true,"campfire_choices":[{"data":"Deadly Poison","floor":6,"key":"SMITH"},{"data":"Well Laid Plans","floor":10,"key":"SMITH"},{"data":"Phantasmal Killer","floor":12,"key":"SMITH"}],"circlet_count":0,"master_deck":["AscendersBane","Strike_G","Strike_G","Strike_G","Strike_G","Defend_G","Defend_G","Defend_G","Defend_G","Defend_G","Survivor","Neutralize","Slice","Poisoned Stab","Deadly Poison+1","Well Laid Plans+1","Phantasmal Killer+1","Finisher"],"relics":["Ring of the Snake","Golden Idol","Pantograph","Peace Pipe"],"acts_visited":["Exordium"],"potions_floor_usage":[],"damage_taken":[{"damage":1,"enemies":"2 Louse","floor":1,"turns":4},{"damage":4,"enemies":"Jaw Worm","floor":2,"turns":6},{"damage":24,"enemies":"Lagavulin","floor":8,"turns":6},{"damage":0,"enemies":"Cultist","floor":11,"turns":3},{"damage":11,"enemies":"Gremlin Nob","floor":13,"turns":3}],"seed_played":"2378108441810320404","potions_obtained":[{"floor":11,"key":"BlessingOfTheForge"}],"is_trial":false,"path_per_floor":["M","M","?","?","$","R","$","E","T","R","M","R","E"],"character_chosen":"THE_SILENT","items_purchased":["Deadly Poison","Well Laid Plans"],"campfire_rested":0,"item_purchase_floors":[5,5],"current_hp_per_floor":[64,60,60,49,49,49,49,25,25,25,25,25,14,14],"gold":97,"neow_bonus":"TEN_PERCENT_HP_BONUS","is_daily":false,"chose_seed":false,"campfire_upgraded":3,"win_rate":0.0,"timestamp":1612665364,"path_taken":["M","M","?","?","$","R","?","E","T","R","M","R","E"],"items_purchased_type":["Card","Card"],"build_version":"2020-12-18","purchased_purges":1,"victory":false,"max_hp_per_floor":[72,72,65,65,65,65,65,65,65,65,65,65,65,65],"relic_stats":{"Peace Pipe":0,"counters":[5,22],"Golden Idol":12,"Pantograph":0,"obtain_stats":[{"Peace Pipe":9,"Golden Idol":3,"Pantograph":8,"Ring of the Snake":0},{"Peace Pipe":3,"Golden Idol":2,"Pantograph":3,"Ring of the Snake":0},{"Peace Pipe":16,"Golden Idol":10,"Pantograph":16,"Ring of the Snake":0}],"Ring of the Snake":[10]},"card_choices":[{"not_picked":["Deflect","Quick Slash"],"picked":"Slice","floor":1},{"not_picked":["Sucker Punch","Outmaneuver"],"picked":"Poisoned Stab","floor":2},{"not_picked":["Bullet Time","Flying Knee"],"picked":"Phantasmal Killer","floor":8},{"not_picked":["Backflip","Infinite Blades"],"picked":"Finisher","floor":11}],"player_experience":1901235,"relics_obtained":[{"floor":8,"key":"Pantograph"},{"floor":9,"key":"Peace Pipe"}],"event_choices":[{"damage_healed":0,"gold_gain":0,"player_choice":"Lose Max HP","damage_taken":0,"relics_obtained":["Golden Idol"],"max_hp_gain":0,"max_hp_loss":7,"event_name":"Golden Idol","floor":3,"gold_loss":0},{"damage_healed":0,"gold_gain":75,"player_choice":"Gather Gold","damage_taken":11,"max_hp_gain":0,"max_hp_loss":0,"event_name":"World of Goop","floor":4,"gold_loss":0}],"is_beta":true,"boss_relics":[],"items_purged_floors":[5],"is_endless":false,"potions_floor_spawned":[11],"killed_by":"Gremlin Nob","ascension_level":20}}