{"host":"126yiuos2nq86se7","time":1612740685,"event":{"mods":["AchievementEnabler","Act Like it!","BaseMod","Colored Map","Colored Powertips","Friendly Minions","Highlight Path","Hubris","Minty Spire (QoL Compilation)","Reimu??????","StSLib","SuperFastMode","The Animator"],"gold_per_floor":[117,67,107,157,181,222,222,243,243,268,292,311,330,352,352,459,459,474,474,504,519,479,479,0,32,32,32,56,79,79,98,98,206,206,221,3,0,0,0,0,0,26,51,72,100,100,127,158,158,166,166],"floor_reached":50,"language":"ENG","playtime":3284,"items_purged":["animator:Strike"],"score":454,"play_id":"a7637335-f3ac-482a-bf21-ac55ddb179b7","local_time":"20210208103125","is_ascension_mode":false,"campfire_choices":[{"data":"animator:Father","floor":7,"key":"SMITH"},{"floor":15,"key":"REST"},{"floor":23,"key":"REST"},{"floor":27,"key":"REST"},{"floor":30,"key":"REST"},{"floor":32,"key":"REST"},{"floor":40,"key":"REST"},{"floor":46,"key":"REST"},{"floor":49,"key":"REST"}],"circlet_count":0,"master_deck":["animator:Strike_GoblinSlayer","animator:Defend_GoblinSlayer","animator:Strike","animator:Defend","animator:Defend","animator:Defend","animator:LizardPriest","animator:Chris","animator:Emonzaemon","animator:Witch","animator:MaesHughes","animator:Kazuma","animator:Yuuichirou","animator:Witch","animator:Envy","animator:UneriGinkaku","animator:Nanami","animator:Arpeggio","animator:MaesHughes+1","animator:Darkness","animator:Hans","animator:KrulTepes+1","animator:GuildGirl","animator:Kuribayashi+1","animator:SwordMaiden"],"relics":["animator:LivingPicture","animator:TheMissingPiece","Vajra","Shuriken","Philosopher\u0027s Stone","Letter Opener","Fusion Hammer","ZunR:ReiMu","The Courier","hubris:RunicObelisk","animator:CerealBox","Red Mask","Oddly Smooth Stone"],"acts_visited":["Exordium","TheCity","TheBeyond"],"potions_floor_usage":[16,16,33,33,33,50,50,50],"damage_taken":[{"damage":0,"enemies":"Small Slimes","floor":1,"turns":4},{"damage":0,"enemies":"Jaw Worm","floor":3,"turns":5},{"damage":0,"enemies":"Cultist","floor":5,"turns":3},{"damage":30,"enemies":"3 Sentries","floor":6,"turns":8},{"damage":10,"enemies":"Looter","floor":8,"turns":4},{"damage":0,"enemies":"Large Slime","floor":10,"turns":5},{"damage":0,"enemies":"Blue Slaver","floor":11,"turns":4},{"damage":1,"enemies":"Looter","floor":12,"turns":3},{"damage":13,"enemies":"Large Slime","floor":13,"turns":6},{"damage":10,"enemies":"Exordium Thugs","floor":14,"turns":5},{"damage":11,"enemies":"The Guardian","floor":16,"turns":10},{"damage":5,"enemies":"3 Byrds","floor":18,"turns":3},{"damage":13,"enemies":"Spheric Guardian","floor":20,"turns":4},{"damage":5,"enemies":"Snecko","floor":21,"turns":5},{"damage":14,"enemies":"Chosen and Byrds","floor":25,"turns":5},{"damage":0,"enemies":"Cultist and Chosen","floor":28,"turns":4},{"damage":9,"enemies":"Snecko","floor":29,"turns":4},{"damage":13,"enemies":"Centurion and Healer","floor":31,"turns":4},{"damage":12,"enemies":"Collector","floor":33,"turns":9},{"damage":17,"enemies":"Orb Walker","floor":35,"turns":4},{"damage":0,"enemies":"3 Shapes","floor":42,"turns":8},{"damage":25,"enemies":"Spire Growth","floor":44,"turns":5},{"damage":0,"enemies":"4 Shapes","floor":45,"turns":6},{"damage":4,"enemies":"Sphere and 2 Shapes","floor":47,"turns":5},{"damage":18,"enemies":"Maw","floor":48,"turns":7},{"damage":30,"enemies":"Time Eater","floor":50,"turns":6}],"seed_played":"1346416299118166923","potions_obtained":[{"floor":6,"key":"Weak Potion"},{"floor":8,"key":"SteroidPotion"},{"floor":11,"key":"animator:GrowthPotion"},{"floor":12,"key":"Strength Potion"},{"floor":20,"key":"animator:GrowthPotion"},{"floor":21,"key":"SkillPotion"},{"floor":33,"key":"Weak Potion"},{"floor":44,"key":"LiquidMemories"},{"floor":45,"key":"ZuzhouPotion:ReiMu"}],"is_trial":false,"path_per_floor":["M","?","M","T","M","E","R","M","T","M","M","M","M","M","R","B",null,"M","?","M","M","?","R","?","M","T","R","M","M","R","M","R","B",null,"M","$","?","?","?","R","$","M","T","M","M","R","M","M","R","B"],"character_chosen":"THE_ANIMATOR","items_purchased":["animator:CerealBox","animator:GuildGirl"],"campfire_rested":8,"item_purchase_floors":[36,36],"current_hp_per_floor":[72,72,72,72,72,42,42,31,31,31,31,30,17,7,19,8,41,37,37,24,19,19,31,31,17,17,29,29,20,32,19,31,19,42,25,25,25,25,28,41,41,42,42,17,17,30,27,9,23,0,0],"gold":166,"neow_bonus":"TEN_PERCENT_HP_BONUS","is_daily":false,"chose_seed":false,"campfire_upgraded":1,"win_rate":0.0,"timestamp":1612740685,"path_taken":["M","?","M","?","M","E","R","M","T","M","M","M","M","M","R","BOSS","M","?","?","M","?","R","?","M","T","R","M","M","R","M","R","BOSS","M","$","?","?","?","R","$","M","T","?","M","R","M","M","R","BOSS"],"items_purchased_type":["Relic","Card"],"build_version":"2020-12-22","purchased_purges":1,"victory":false,"max_hp_per_floor":[72,72,72,72,72,72,72,41,41,41,41,41,41,41,41,41,41,42,42,42,42,42,42,42,42,42,42,42,42,42,42,42,42,42,42,42,42,42,45,45,45,46,46,46,46,46,47,47,47,47,47],"card_choices":[{"not_picked":["animator:Viivi","animator:TukaLunaMarceau"],"picked":"animator:Chris","floor":1},{"not_picked":["animator:Mikaela","animator:LizardPriest"],"picked":"animator:Emonzaemon","floor":3},{"not_picked":["animator:Kuribayashi","animator:Shigure"],"picked":"animator:Father","floor":5},{"not_picked":["animator:Spearman","animator:DwarfShaman"],"picked":"animator:Witch","floor":6},{"not_picked":["animator:DwarfShaman","animator:Tyuule","animator:TsurugaMeisai"],"picked":"SKIP","floor":8},{"not_picked":["animator:Mitsuba","animator:Gillette"],"picked":"animator:MaesHughes","floor":10},{"not_picked":["animator:Megumin","animator:Gillette","animator:ChaikaBohdan"],"picked":"SKIP","floor":11},{"not_picked":["animator:Wiz","animator:Mitsurugi"],"picked":"animator:Kazuma","floor":12},{"not_picked":["animator:Guy","animator:Togame"],"picked":"animator:Yuuichirou","floor":13},{"not_picked":["animator:Spearman","animator:Vanir"],"picked":"animator:Witch","floor":14},{"not_picked":["animator:GoblinSlayer","animator:HigakiRinne"],"picked":"animator:Envy","floor":16},{"not_picked":["animator:ElricAlphonse","animator:Yoichi"],"picked":"animator:UneriGinkaku","floor":18},{"not_picked":["animator:ZankiKiguchi","animator:Azekura"],"picked":"animator:Nanami","floor":20},{"not_picked":["animator:TukaLunaMarceau","animator:Tyuule","animator:Kuribayashi"],"picked":"SKIP","floor":21},{"not_picked":["animator:RoyMustang+1","animator:Fredrika"],"picked":"animator:Arpeggio","floor":25},{"not_picked":["animator:Guy","animator:ElricEdward+1"],"picked":"animator:MaesHughes+1","floor":28},{"not_picked":["animator:Kazuma","animator:Verdia"],"picked":"animator:Darkness","floor":29},{"not_picked":["animator:Kazuma","animator:Konayuki","animator:Shinoa"],"picked":"SKIP","floor":31},{"not_picked":["animator:AcuraShin","animator:Envy"],"picked":"animator:Hans","floor":33},{"not_picked":["animator:Tyuule+1","animator:Priestess"],"picked":"animator:KrulTepes+1","floor":35},{"not_picked":["animator:Megumin","animator:Hitei"],"picked":"animator:Kuribayashi+1","floor":42},{"not_picked":["animator:YunYun","animator:KrulTepes","animator:Viivi"],"picked":"SKIP","floor":45},{"not_picked":["animator:MaesHughes","animator:Gillette"],"picked":"animator:SwordMaiden","floor":47},{"not_picked":["animator:Gillette","animator:Gluttony+1","animator:Shinoa"],"picked":"SKIP","floor":48}],"player_experience":1594218,"relics_obtained":[{"floor":4,"key":"Vajra"},{"floor":6,"key":"Shuriken"},{"floor":9,"key":"Letter Opener"},{"floor":26,"key":"The Courier"},{"floor":43,"key":"Oddly Smooth Stone"}],"event_choices":[{"cards_removed":["animator:Strike"],"damage_healed":0,"gold_gain":0,"player_choice":"Card Removal","damage_taken":0,"max_hp_gain":0,"max_hp_loss":0,"event_name":"The Cleric","floor":2,"gold_loss":50},{"damage_healed":0,"gold_gain":0,"player_choice":"Ignored","damage_taken":0,"max_hp_gain":0,"max_hp_loss":0,"event_name":"N\u0027loth","floor":19,"gold_loss":0},{"damage_healed":0,"gold_gain":0,"player_choice":"Keep O-miki","damage_taken":0,"relics_obtained":["ZunR:ReiMu"],"max_hp_gain":0,"max_hp_loss":0,"event_name":"ZunEvent","floor":22,"gold_loss":40},{"damage_healed":0,"gold_gain":0,"player_choice":"Paid Fearfully","damage_taken":0,"max_hp_gain":0,"max_hp_loss":0,"event_name":"Masked Bandits","floor":24,"gold_loss":479},{"damage_healed":0,"gold_gain":0,"player_choice":"Paid","damage_taken":0,"relics_obtained":["Red Mask"],"max_hp_gain":0,"max_hp_loss":0,"event_name":"Tomb of Lord Red Mask","floor":37,"gold_loss":3},{"cards_removed":["animator:DwarfShaman"],"damage_healed":0,"gold_gain":0,"player_choice":"Removed Attack","damage_taken":0,"max_hp_gain":0,"max_hp_loss":0,"event_name":"Falling","floor":38,"gold_loss":0}],"is_beta":false,"boss_relics":[{"not_picked":["SacredBark","hubris:GrandSneckoEye"],"picked":"Fusion Hammer"},{"not_picked":["Cursed Key","hubris:VirtuousBlindfold"],"picked":"hubris:RunicObelisk"}],"items_purged_floors":[36],"is_endless":false,"potions_floor_spawned":[6,8,11,12,20,21,31,33,44,45],"killed_by":"Time Eater","ascension_level":0}}