{"host":"w05x4i13f2m9joq1","time":1612672504,"event":{"mods":["100% Spire Juice","BaseMod","Better Altar","Better Match","Better Note","Better Sensory Stone","Better Skull","Better Third Choice","BetterRewards","CapriCore","Colored Map","Colored Powertips","Defective Defect","Downfall","Duelist Mod","GifTheSpireLib","Googly Eyes","Infinite Spire","Ironclad Rager","Lobotomy","LobotomyExtend","Marisa????????","Melee Mod","Minty Spire (QoL Compilation)","Morshu Shopkeeper - ENHANCED","MostiFishMod","Quick Restart","Rare Cards Sparkle","Replay The Spire","Shop Mod","Spicy Shops","Spire Birthday Party","StSLib","The IronCluck","Uncapped","everything is the same but u backflip on backflip","slay the spire mod where everything is the same but ironclad has a cowboy hat"],"gold_per_floor":[99,114,55,71,88,102,102,102,133,152,169,169,169,169,179,278,278,278,290,306,321,337,437,437,437,437,210,228,255,255,327,384,486,486,386,438,528,582,582,641,665,665,665],"floor_reached":42,"language":"ENG","playtime":2358,"items_purged":["Slimebound:Strike_Slimebound"],"score":742,"play_id":"0d74db6b-69ed-47e5-9e2f-e847e5f40dbe","local_time":"20210206233504","is_ascension_mode":false,"campfire_choices":[{"data":"Slimebound:Split","floor":1,"key":"SMITH"},{"data":"Slimebound:RainOfGoop","floor":8,"key":"SMITH"},{"data":"Slimebound:Nibble","floor":12,"key":"SMITH"},{"floor":25,"key":"DIG"},{"floor":35,"key":"DIG"}],"circlet_count":0,"master_deck":["Slimebound:Strike_Slimebound+1","Slimebound:Strike_Slimebound","Slimebound:Defend_Slimebound","Slimebound:Defend_Slimebound","Slimebound:Defend_Slimebound","Slimebound:Defend_Slimebound","Slimebound:Split+1","Slimebound:CorrosiveSpit","Slimebound:LeechEnergy+1","Slimebound:PressTheAttack","Slimebound:SplitMire","Slimebound:Schlurp","Slimebound:MegaLick","Slimebound:RainOfGoop+1","Slimebound:SplitLeeching","Slimebound:Nibble+1","Slimebound:PressTheAttack","Slimebound:Dissolve","Slimebound:MassRepurpose+1","Slimebound:LivingWall","Slimebound:PressTheAttack","Slimebound:SplitLeeching","Slimebound:TongueLash+1","Slimebound:LevelUp","Slimebound:RejuvenatingLick","expansioncontent:QuickStudy","Slimebound:SlimeTap","infinitespire:NeuralNetwork","Slimebound:SamplingLick","Slimebound:ProtectTheBoss","Slimebound:TongueLash","Slimebound:RallyTheTroops","Pot Of Greed","Pot Of Greed","Pot Of Greed","Slimebound:GoopSpray+1","Slimebound:RejuvenatingLick+1","Slimebound:RollThrough","Slimebound:MinionMaster","Pot Of Greed"],"relics":["Slimebound:AbsorbEndCombat","DaveBox","ExusiaiGun","LetterFromLob","Pantograph","Divine Protection","Ornamental Fan","Transparent","Shovel","infinitespire:Eraser","Civilization","Whetstone","ReplayTheSpireMod:Ninjato","downfall:KnowingSkull","Blood Vial","Sozu","downfall:HeartBlessingGreen","Grinning Jar","CatCart","LaetitiaHeart","Boot"],"acts_visited":["Exordium","TheCity","TheBeyond"],"potions_floor_usage":[16,28,29,29,33,33],"damage_taken":[{"damage":0,"enemies":"Cultist","floor":2,"turns":2},{"damage":5,"enemies":"downfall:FleeingMerchant","floor":3,"turns":4},{"damage":13,"enemies":"infinitespire:Voidling","floor":4,"turns":2},{"damage":0,"enemies":"Jaw Worm","floor":5,"turns":1},{"damage":12,"enemies":"Blue Slaver","floor":6,"turns":2},{"damage":0,"enemies":"Gremlin Nob","floor":9,"turns":2},{"damage":0,"enemies":"2 Fungi Beasts","floor":10,"turns":2},{"damage":0,"enemies":"Large Slime","floor":11,"turns":1},{"damage":0,"enemies":"Blue Slaver","floor":15,"turns":1},{"damage":0,"enemies":"SI_SHIV_ARCHETYPE","floor":16,"turns":4},{"damage":6,"enemies":"Spheric Guardian","floor":19,"turns":1},{"damage":26,"enemies":"Snake Plant","floor":20,"turns":2},{"damage":20,"enemies":"3 Cultists","floor":21,"turns":2},{"damage":20,"enemies":"Cultist and Chosen","floor":22,"turns":2},{"damage":6,"enemies":"downfall:FleeingMerchant","floor":27,"turns":1},{"damage":20,"enemies":"Centurion and Healer","floor":28,"turns":2},{"damage":57,"enemies":"Nightmare","floor":29,"turns":4},{"damage":25,"enemies":"theDuelist:KaibaA2","floor":31,"turns":2},{"damage":48,"enemies":"Snake Plant","floor":32,"turns":2},{"damage":44,"enemies":"DF_ARCHETYPE_CLAW","floor":33,"turns":3},{"damage":13,"enemies":"3 Darklings","floor":36,"turns":1},{"damage":52,"enemies":"Orin","floor":37,"turns":3},{"damage":41,"enemies":"3 Shapes","floor":38,"turns":2},{"damage":37,"enemies":"Jaw Worm Horde","floor":40,"turns":2},{"damage":146,"enemies":"Nightmare","floor":42,"turns":5}],"seed_played":"-7858184552327858813","potions_obtained":[{"floor":4,"key":"SpeedPotion"},{"floor":5,"key":"Swift Potion"},{"floor":9,"key":"Reflective Coating"},{"floor":16,"key":"infinitespire:BlackPotion"},{"floor":19,"key":"Slimebound:SlimedPotion"},{"floor":28,"key":"Languid Potion"},{"floor":29,"key":"Adrenaline Potion"}],"is_trial":false,"path_per_floor":["R","M","$","M","M","M","T","R","E","M","M","R","T","M","M","B",null,"R_BF","M","M","M","M","?","T","R","?","$","M","NM","?","E","M","B",null,"R","M","?","M","?","M","T","NM"],"character_chosen":"SLIMEBOUND","items_purchased":["Slimebound:SplitMire","Civilization","Whetstone","expansioncontent:QuickStudy"],"campfire_rested":0,"item_purchase_floors":[3,27,27,27],"current_hp_per_floor":[71,71,68,57,59,49,49,49,57,61,63,63,63,63,65,71,71,71,71,71,71,71,71,71,71,71,71,73,68,62,80,85,90,90,90,95,100,105,105,110,110,0,0],"gold":665,"neow_bonus":"TEN_PERCENT_HP_BONUS","is_daily":false,"chose_seed":false,"campfire_upgraded":3,"win_rate":0.0,"timestamp":1612672504,"path_taken":["R","M","?","M","M","?","T","R","E","M","M","R","?","M","M","BOSS","R_BF","M","M","M","?","?","T","R","?","?","M","NM","?","E","M","BOSS","R","M","?","M","?","M","T","NM"],"items_purchased_type":["Card","Relic","Relic","Card"],"build_version":"2020-12-22","purchased_purges":1,"victory":false,"max_hp_per_floor":[71,71,71,71,71,71,71,71,71,71,71,71,71,71,71,71,71,71,71,71,71,71,71,71,71,71,71,73,76,76,80,85,90,90,90,95,100,105,105,110,110,110,110],"card_choices":[{"not_picked":["Slimebound:Prepare","Slimebound:SlimeBrawl"],"picked":"Slimebound:LeechEnergy","floor":2},{"not_picked":["Slimebound:SplitMire","Slimebound:ComboTackle"],"picked":"Slimebound:PressTheAttack","floor":3},{"not_picked":["Slimebound:SplitBruiser","Slimebound:Gluttony"],"picked":"Slimebound:Schlurp","floor":4},{"not_picked":["Slimebound:GoopSpray","Slimebound:MassRepurpose"],"picked":"Slimebound:MegaLick","floor":5},{"not_picked":["Slimebound:Prepare","Slimebound:SplitMire"],"picked":"Slimebound:RainOfGoop","floor":6},{"not_picked":["Slimebound:Prepare","Slimebound:DisruptingSlam"],"picked":"Slimebound:SplitLeeching","floor":9},{"not_picked":["Slimebound:GoopTackle","Slimebound:Replication"],"picked":"Slimebound:Nibble","floor":10},{"not_picked":["Slimebound:Prepare","Slimebound:HauntingLick"],"picked":"Slimebound:PressTheAttack","floor":11},{"not_picked":["Slimebound:WasteNot","Slimebound:LeechingTouch"],"picked":"Slimebound:Dissolve","floor":15},{"not_picked":["Slimebound:DouseInSlime","Slimebound:SlimeSlap"],"picked":"Slimebound:MassRepurpose","floor":16},{"not_picked":["Slimebound:Schlurp","Slimebound:SlimeTap+1"],"picked":"Slimebound:PressTheAttack","floor":19},{"not_picked":["Slimebound:Chomp","Slimebound:HauntingLick"],"picked":"Slimebound:SplitLeeching","floor":20},{"not_picked":["Slimebound:Grow","Slimebound:FinishingTackle"],"picked":"Slimebound:TongueLash+1","floor":21},{"not_picked":["Slimebound:SplitBruiser+1","Slimebound:SplitMire+1"],"picked":"Slimebound:LevelUp","floor":22},{"not_picked":["Slimebound:SplitBruiser","Slimebound:ComboTackle"],"picked":"Slimebound:RejuvenatingLick","floor":27},{"not_picked":["Slimebound:Grow","Slimebound:Equalize"],"picked":"Slimebound:SlimeTap","floor":28},{"not_picked":["infinitespire:SealOfDarkness+","infinitespire:Execution"],"picked":"infinitespire:NeuralNetwork","floor":29},{"not_picked":["Slimebound:Schlurp","Slimebound:GoopSpray"],"picked":"Slimebound:SamplingLick","floor":29},{"not_picked":["Slimebound:LivingWall","Slimebound:DisruptingSlam"],"picked":"Slimebound:ProtectTheBoss","floor":31},{"not_picked":["Slimebound:SlimeSpikes","Slimebound:ProtectTheBoss"],"picked":"Slimebound:TongueLash","floor":32},{"not_picked":["Slimebound:Teamwork","Slimebound:MassRepurpose"],"picked":"Slimebound:RallyTheTroops","floor":33},{"not_picked":["Slimebound:HauntingLick+1","Slimebound:Dissolve"],"picked":"Slimebound:GoopSpray+1","floor":36},{"not_picked":["Slimebound:LeechEnergy","Slimebound:HauntingLick"],"picked":"Slimebound:RejuvenatingLick+1","floor":37},{"not_picked":["Slimebound:SlimeSpikes+1","Slimebound:GoopTackle+1"],"picked":"Slimebound:RollThrough","floor":38},{"not_picked":["Slimebound:Equalize+1","Slimebound:Grow"],"picked":"Slimebound:MinionMaster","floor":40}],"player_experience":161357,"relics_obtained":[{"floor":2,"key":"LetterFromLob"},{"floor":7,"key":"Pantograph"},{"floor":9,"key":"Divine Protection"},{"floor":13,"key":"Ornamental Fan"},{"floor":24,"key":"Shovel"},{"floor":25,"key":"infinitespire:Eraser"},{"floor":29,"key":"ReplayTheSpireMod:Ninjato"},{"floor":31,"key":"Blood Vial"},{"floor":35,"key":"Grinning Jar"},{"floor":37,"key":"CatCart"},{"floor":41,"key":"Boot"}],"event_choices":[{"damage_healed":0,"gold_gain":0,"player_choice":"Fight","damage_taken":0,"max_hp_gain":0,"max_hp_loss":0,"event_name":"OrinTheCat","floor":37,"gold_loss":0}],"is_beta":false,"boss_relics":[{"not_picked":["Replay:Drink Me","Calling Bell"],"picked":"Transparent"},{"not_picked":["Runic Dome","NightmareShop"],"picked":"Sozu"}],"items_purged_floors":[27],"is_endless":true,"potions_floor_spawned":[4,5,9,11,16,19,21,28,29,36],"killed_by":"Nightmare","ascension_level":0}}