{"host":"m7jrdcbl89w2s34c","time":1612667330,"event":{"mods":["AchievementEnabler","BaseMod","Bestiary","Block Reminder","Colored Map","Colored Powertips","Minty Spire (QoL Compilation)","Permanent Neow","Relic Stats","StSLib"],"gold_per_floor":[115,80,80,7,7,36,36,71,71,86,100,113,113,139,139,217,217,232,251,251,263,263,294,308,340,340,340,373,373,373,406,406,478,478,492,510,520,17,36,36,71,96,168,168,168,168,17,43,43,43],"floor_reached":51,"language":"ENG","playtime":3180,"items_purged":[],"score":1368,"play_id":"03aa399e-f3e7-41b0-92b7-1274a7878095","local_time":"20210207040850","is_ascension_mode":true,"campfire_choices":[{"data":"Streamline","floor":7,"key":"SMITH"},{"data":"Zap","floor":13,"key":"SMITH"},{"data":"White Noise","floor":15,"key":"SMITH"},{"data":"Turbo","floor":27,"key":"SMITH"},{"data":"Electrodynamics","floor":29,"key":"SMITH"},{"data":"Meteor Strike","floor":32,"key":"SMITH"},{"data":"Reinforced Body","floor":40,"key":"SMITH"},{"data":"Dualcast","floor":44,"key":"SMITH"},{"data":"Buffer","floor":49,"key":"SMITH"}],"circlet_count":0,"master_deck":["AscendersBane","Strike_B","Strike_B","Strike_B","Defend_B+1","Defend_B+1","Zap+1","Dualcast+1","Core Surge","Self Repair","Streamline+1","Auto Shields","Cold Snap","White Noise+1","Chill","Doom and Gloom","Electrodynamics+1","Cold Snap","Consume+1","Meteor Strike+1","Hologram","Turbo+1","Chill","Glacier","Barrage+1","Cold Snap+1","Core Surge+1","Hologram+1","Reinforced Body+1","Glacier","Doom and Gloom+1","Compile Driver+1","Compile Driver+1","Buffer+1","Sweeping Beam+1"],"relics":["Cracked Core","Toy Ornithopter","Blood Vial","Symbiotic Virus","Potion Belt","Philosopher\u0027s Stone","Enchiridion","Mummified Hand","Molten Egg 2","Blue Candle","Eternal Feather","HornCleat","War Paint","Coffee Dripper","TungstenRod","Pen Nib","Cables","Turnip","Toxic Egg 2","Gremlin Horn"],"acts_visited":["Exordium","TheCity","TheBeyond"],"potions_floor_usage":[14,16,23,25,31,33,41,41,41,41],"damage_taken":[{"damage":1,"enemies":"2 Louse","floor":1,"turns":2},{"damage":23,"enemies":"Gremlin Nob","floor":6,"turns":4},{"damage":30,"enemies":"3 Sentries","floor":8,"turns":7},{"damage":3,"enemies":"Small Slimes","floor":10,"turns":3},{"damage":0,"enemies":"Cultist","floor":11,"turns":3},{"damage":5,"enemies":"Exordium Wildlife","floor":12,"turns":5},{"damage":19,"enemies":"Gremlin Nob","floor":14,"turns":4},{"damage":21,"enemies":"Hexaghost","floor":16,"turns":9},{"damage":10,"enemies":"Spheric Guardian","floor":18,"turns":3},{"damage":19,"enemies":"Shell Parasite","floor":19,"turns":5},{"damage":0,"enemies":"3 Cultists","floor":21,"turns":4},{"damage":3,"enemies":"Slavers","floor":23,"turns":3},{"damage":11,"enemies":"Centurion and Healer","floor":24,"turns":6},{"damage":0,"enemies":"Gremlin Leader","floor":25,"turns":4},{"damage":28,"enemies":"Book of Stabbing","floor":28,"turns":8},{"damage":0,"enemies":"Gremlin Leader","floor":31,"turns":6},{"damage":51,"enemies":"Automaton","floor":33,"turns":13},{"damage":12,"enemies":"Orb Walker","floor":35,"turns":2},{"damage":0,"enemies":"3 Darklings","floor":36,"turns":3},{"damage":7,"enemies":"Transient","floor":37,"turns":5},{"damage":9,"enemies":"Sphere and 2 Shapes","floor":39,"turns":4},{"damage":55,"enemies":"Giant Head","floor":41,"turns":10},{"damage":0,"enemies":"Mind Bloom Boss Battle","floor":42,"turns":3},{"damage":36,"enemies":"Reptomancer","floor":48,"turns":6},{"damage":37,"enemies":"Donu and Deca","floor":50,"turns":14}],"seed_played":"7083889957922661359","potions_obtained":[{"floor":1,"key":"Weak Potion"},{"floor":10,"key":"SneckoOil"},{"floor":14,"key":"BlessingOfTheForge"},{"floor":16,"key":"SneckoOil"},{"floor":18,"key":"AttackPotion"},{"floor":21,"key":"GamblersBrew"},{"floor":25,"key":"LiquidMemories"},{"floor":33,"key":"DuplicationPotion"},{"floor":37,"key":"SpeedPotion"},{"floor":39,"key":"EssenceOfSteel"}],"is_trial":false,"path_per_floor":["M","?","?","$","?","E","R","E","T","M","M","M","R","E","R","B",null,"M","M","?","M","?","E","M","E","T","R","E","R","T","E","R","B",null,"M","M","M","$","M","R","E","?","T","R","?","?","$","E","R","B",null],"character_chosen":"DEFECT","items_purchased":["Self Repair","TungstenRod","Pen Nib","Doom and Gloom+1","Buffer"],"campfire_rested":0,"item_purchase_floors":[4,38,38,38,47],"current_hp_per_floor":[67,75,80,80,80,64,64,41,41,47,56,60,60,55,55,48,72,64,54,54,63,47,51,49,63,63,63,44,59,59,73,80,41,70,67,69,71,71,71,80,38,40,40,58,58,58,58,31,52,24],"gold":43,"neow_bonus":"ONE_RANDOM_RARE_CARD","is_daily":false,"chose_seed":false,"campfire_upgraded":9,"win_rate":0.0,"timestamp":1612667330,"path_taken":["M","?","?","$","?","E","R","E","T","M","M","?","R","E","R","BOSS","M","M","?","M","?","E","M","E","T","R","E","R","?","E","R","BOSS","M","M","M","$","M","R","E","?","T","R","?","?","$","E","R","BOSS"],"items_purchased_type":["Card","Relic","Relic","Card","Card"],"build_version":"2020-12-22","purchased_purges":0,"victory":true,"max_hp_per_floor":[75,75,80,80,80,80,80,80,80,80,80,80,80,80,80,80,80,80,80,80,80,80,80,80,80,80,80,80,80,80,80,80,80,80,80,80,80,80,80,80,80,80,80,80,80,80,80,80,80,80],"relic_stats":{"Gremlin Horn":[1,1],"counters":[25,136],"Blue Candle":[0],"Eternal Feather":70,"Pen Nib":[7],"War Paint":["Defend_B","Defend_B"],"Cables":[20,4,11,3,2],"Blood Vial":40,"Mummified Hand":[63],"Turnip":[0],"obtain_stats":[{"Potion Belt":14,"Gremlin Horn":48,"Blue Candle":26,"Enchiridion":22,"Eternal Feather":28,"Pen Nib":38,"War Paint":31,"Cables":41,"Blood Vial":8,"HornCleat":30,"Mummified Hand":23,"Philosopher\u0027s Stone":17,"Molten Egg 2":25,"Turnip":42,"Coffee Dripper":34,"Toxic Egg 2":43,"Cracked Core":0,"Symbiotic Virus":9,"Toy Ornithopter":6,"TungstenRod":38},{"Potion Belt":7,"Gremlin Horn":24,"Blue Candle":14,"Enchiridion":11,"Eternal Feather":15,"Pen Nib":20,"War Paint":16,"Cables":22,"Blood Vial":3,"HornCleat":15,"Mummified Hand":12,"Philosopher\u0027s Stone":8,"Molten Egg 2":14,"Turnip":23,"Coffee Dripper":17,"Toxic Egg 2":23,"Cracked Core":0,"Symbiotic Virus":3,"Toy Ornithopter":2,"TungstenRod":20},{"Potion Belt":28,"Gremlin Horn":122,"Blue Candle":62,"Enchiridion":49,"Eternal Feather":70,"Pen Nib":99,"War Paint":76,"Cables":113,"Blood Vial":13,"HornCleat":70,"Mummified Hand":52,"Philosopher\u0027s Stone":37,"Molten Egg 2":62,"Turnip":116,"Coffee Dripper":89,"Toxic Egg 2":116,"Cracked Core":0,"Symbiotic Virus":13,"Toy Ornithopter":6,"TungstenRod":99}],"Toy Ornithopter":43,"TungstenRod":13},"card_choices":[{"not_picked":["Storm","Double Energy","Barrage"],"picked":"SKIP","floor":1},{"not_picked":["Double Energy","Hologram"],"picked":"Streamline","floor":6},{"not_picked":["Steam Power","Rip and Tear"],"picked":"Auto Shields","floor":8},{"not_picked":["Storm","Compile Driver"],"picked":"Cold Snap","floor":10},{"not_picked":["Stack","Aggregate"],"picked":"White Noise","floor":11},{"not_picked":["Streamline","Sweeping Beam"],"picked":"Chill","floor":12},{"not_picked":["Redo","Beam Cell"],"picked":"Doom and Gloom","floor":14},{"not_picked":["Meteor Strike","Seek"],"picked":"Electrodynamics","floor":16},{"not_picked":["Self Repair","Blizzard"],"picked":"Cold Snap","floor":18},{"not_picked":["Streamline","Conserve Battery"],"picked":"Consume+1","floor":19},{"not_picked":["Beam Cell","Aggregate+1"],"picked":"Cold Snap","floor":21},{"not_picked":["Stack","Doom and Gloom"],"picked":"Turbo","floor":23},{"not_picked":["Darkness","Streamline+1"],"picked":"Chill","floor":24},{"not_picked":["White Noise","Rainbow"],"picked":"Glacier","floor":25},{"not_picked":["White Noise","Gash+1"],"picked":"Barrage+1","floor":28},{"not_picked":["Coolheaded","Turbo"],"picked":"Cold Snap+1","floor":31},{"not_picked":["Electrodynamics","Multi-Cast"],"picked":"Core Surge+1","floor":33},{"not_picked":["Rebound+1","Barrage+1"],"picked":"Hologram+1","floor":35},{"not_picked":["Barrage+1","Force Field"],"picked":"Reinforced Body","floor":36},{"not_picked":["Heatsinks","Reinforced Body"],"picked":"Glacier","floor":37},{"not_picked":["Gash+1","Force Field","Rebound+1"],"picked":"SKIP","floor":39},{"not_picked":["Meteor Strike+1","Chill"],"picked":"Compile Driver+1","floor":41},{"not_picked":["Hologram","Steam"],"picked":"Compile Driver+1","floor":42},{"not_picked":["Cold Snap+1","Electrodynamics"],"picked":"Sweeping Beam+1","floor":48}],"player_experience":246704,"relics_obtained":[{"floor":6,"key":"Toy Ornithopter"},{"floor":8,"key":"Blood Vial"},{"floor":9,"key":"Symbiotic Virus"},{"floor":14,"key":"Potion Belt"},{"floor":22,"key":"Enchiridion"},{"floor":23,"key":"Mummified Hand"},{"floor":25,"key":"Molten Egg 2"},{"floor":26,"key":"Blue Candle"},{"floor":28,"key":"Eternal Feather"},{"floor":30,"key":"HornCleat"},{"floor":31,"key":"War Paint"},{"floor":41,"key":"Cables"},{"floor":42,"key":"Turnip"},{"floor":43,"key":"Toxic Egg 2"},{"floor":48,"key":"Gremlin Horn"}],"event_choices":[{"damage_healed":18,"gold_gain":0,"player_choice":"Healed","damage_taken":0,"max_hp_gain":0,"max_hp_loss":0,"event_name":"The Cleric","floor":2,"gold_loss":35},{"damage_healed":0,"gold_gain":0,"player_choice":"Donut","damage_taken":0,"max_hp_gain":5,"max_hp_loss":0,"event_name":"Big Fish","floor":3,"gold_loss":0},{"cards_removed":["Defend_B"],"damage_healed":0,"gold_gain":0,"player_choice":"Card Removal","damage_taken":0,"max_hp_gain":0,"max_hp_loss":0,"event_name":"Wheel of Change","floor":5,"gold_loss":0},{"damage_healed":0,"gold_gain":0,"cards_transformed":["Strike_B","Defend_B"],"player_choice":"Became Test Subject","damage_taken":0,"max_hp_gain":0,"max_hp_loss":0,"event_name":"Drug Dealer","floor":20,"gold_loss":0,"cards_obtained":["Meteor Strike","Hologram"]},{"damage_healed":0,"gold_gain":0,"player_choice":"Obtained Book","damage_taken":16,"max_hp_gain":0,"max_hp_loss":0,"event_name":"Cursed Tome","floor":22,"gold_loss":0},{"damage_healed":0,"gold_gain":0,"player_choice":"Fight","damage_taken":0,"max_hp_gain":0,"max_hp_loss":0,"event_name":"MindBloom","floor":42,"gold_loss":0},{"damage_healed":0,"gold_gain":0,"player_choice":"Ignored","damage_taken":0,"max_hp_gain":0,"max_hp_loss":0,"event_name":"Tomb of Lord Red Mask","floor":45,"gold_loss":0},{"cards_removed":["Cold Snap"],"damage_healed":0,"gold_gain":0,"player_choice":"Removed Attack","damage_taken":0,"max_hp_gain":0,"max_hp_loss":0,"event_name":"Falling","floor":46,"gold_loss":0}],"is_beta":false,"boss_relics":[{"not_picked":["Astrolabe","Runic Pyramid"],"picked":"Philosopher\u0027s Stone"},{"not_picked":["Fusion Hammer","Pandora\u0027s Box"],"picked":"Coffee Dripper"}],"items_purged_floors":[],"is_endless":false,"potions_floor_spawned":[1,10,12,14,16,18,21,25,33,37,39],"ascension_level":13}}