{"host":"bcpyscfajg8dk59p","time":1612671943,"event":{"mods":["Act Like it!","BaseMod","BetterRewards","Colored Map","Colored Powertips","Conspire","Downfall","Friendly Minions","Hubris","Infinite Spire","Ironclad Rager","Minty Spire (QoL Compilation)","Permanent Neow","Quarter Circle Forward PUNCH!","Replay The Spire","StSLib","SuperFastMode","Trackpad"],"gold_per_floor":[109,109,124,141,141,141,160,171,171,171,212,245,245,277,277,396,396,426,351,284,284],"floor_reached":20,"language":"ENG","playtime":1441,"items_purged":[],"score":166,"play_id":"1ad73e60-a19a-440f-8238-90bafc3891fa","local_time":"20210206202543","is_ascension_mode":false,"campfire_choices":[{"data":"Pray","floor":6,"key":"SMITH"},{"floor":10,"key":"DIG"},{"floor":13,"key":"DIG"},{"floor":15,"key":"REST"}],"circlet_count":0,"master_deck":["Strike_P","Strike_P","Strike_P","Defend_P","Defend_P","Defend_P","Eruption","Vigilance","Pray+1","FollowUp","FlyingSleeves","FollowUp","FlyingSleeves","EmptyFist","Devotion","SignatureMove"],"relics":["PureWater","Juzu Bracelet","Shovel","Replay:Bandana","Odd Mushroom","Orichalcum","conspire:SlowCooker"],"acts_visited":["Exordium","TheCity"],"potions_floor_usage":[11,16,16,20,20],"damage_taken":[{"damage":5,"enemies":"Small Slimes","floor":1,"turns":5},{"damage":0,"enemies":"2 Louse","floor":3,"turns":2},{"damage":2,"enemies":"Cultist","floor":4,"turns":3},{"damage":5,"enemies":"Exordium Wildlife","floor":7,"turns":3},{"damage":11,"enemies":"Large Slime","floor":8,"turns":4},{"damage":21,"enemies":"The Mushroom Lair","floor":11,"turns":6},{"damage":2,"enemies":"Blue Slaver","floor":12,"turns":3},{"damage":4,"enemies":"Gremlin Gang","floor":14,"turns":4},{"damage":19,"enemies":"Hexaghost","floor":16,"turns":7},{"damage":54,"enemies":"Chosen","floor":18,"turns":5},{"damage":29,"enemies":"2 Thieves","floor":20,"turns":3}],"seed_played":"8515403381091263719","potions_obtained":[{"floor":5,"key":"champ:CounterPotion"},{"floor":5,"key":"SkillPotion"},{"floor":5,"key":"bronze:BurnAndBuffPotion"},{"floor":8,"key":"FearPotion"},{"floor":11,"key":"Dexterity Potion"},{"floor":14,"key":"LifebloodPotion"}],"is_trial":false,"path_per_floor":["M","?","M","M","?","R","M","M","T","R","?","M","R","M","R_BF","B",null,"M","?","M"],"character_chosen":"WATCHER","items_purchased":[],"campfire_rested":1,"item_purchase_floors":[],"current_hp_per_floor":[67,60,60,58,58,58,53,42,42,42,21,19,19,15,36,17,72,18,18,0,0],"gold":284,"neow_bonus":"RANDOM_COMMON_RELIC","is_daily":false,"chose_seed":false,"campfire_upgraded":1,"win_rate":0.0,"timestamp":1612671943,"path_taken":["M","?","M","M","?","R","M","M","T","R","?","M","R","M","R_BF","BOSS","M","?","M"],"items_purchased_type":[],"build_version":"2020-12-22","purchased_purges":0,"victory":false,"max_hp_per_floor":[72,72,72,72,72,72,72,72,72,72,72,72,72,72,72,72,72,72,72,72,72],"card_choices":[{"not_picked":["Replay:AtTheReady","JustLucky","CutThroughFate"],"picked":"SKIP","floor":1},{"not_picked":["SashWhip","Crescendo"],"picked":"Pray","floor":3},{"not_picked":["TalkToTheHand","CutThroughFate"],"picked":"FollowUp","floor":4},{"not_picked":["Study","Meditate"],"picked":"FlyingSleeves","floor":7},{"not_picked":["SashWhip","Vengeance","Replay:ManipulateFuture"],"picked":"SKIP","floor":8},{"not_picked":["Fasting2","InnerPeace"],"picked":"FollowUp","floor":11},{"not_picked":["Replay:ManipulateFuture","EmptyFist"],"picked":"FlyingSleeves","floor":12},{"not_picked":["ThirdEye","Fasting2"],"picked":"EmptyFist","floor":14},{"not_picked":["Blasphemy","ConjureBlade"],"picked":"Devotion","floor":16},{"not_picked":["Evaluate","Halt+1"],"picked":"SignatureMove","floor":18}],"player_experience":452825,"relics_obtained":[{"floor":9,"key":"Shovel"},{"floor":10,"key":"Replay:Bandana"},{"floor":11,"key":"Odd Mushroom"},{"floor":13,"key":"Orichalcum"}],"event_choices":[{"cards_removed":["Defend_P"],"damage_healed":0,"gold_gain":0,"player_choice":"Card Removal","damage_taken":7,"max_hp_gain":0,"max_hp_loss":0,"event_name":"Golden Wing","floor":2,"gold_loss":0},{"damage_healed":0,"gold_gain":0,"player_choice":"Got Potions","damage_taken":0,"max_hp_gain":0,"max_hp_loss":0,"event_name":"Lab","floor":5,"gold_loss":0},{"damage_healed":0,"gold_gain":0,"player_choice":"Fought Mushrooms","damage_taken":0,"max_hp_gain":0,"max_hp_loss":0,"event_name":"Mushrooms","floor":11,"gold_loss":0},{"cards_removed":["Strike_P"],"damage_healed":0,"gold_gain":0,"player_choice":"Gave Gold","damage_taken":0,"max_hp_gain":0,"max_hp_loss":0,"event_name":"Beggar","floor":19,"gold_loss":75}],"is_beta":false,"boss_relics":[{"not_picked":["conspire:RunicOctahedron","VioletLotus"],"picked":"conspire:SlowCooker"}],"items_purged_floors":[],"is_endless":false,"potions_floor_spawned":[8,11,14],"killed_by":"2 Thieves","ascension_level":0}}