{"host":"j4g6ia6asvpyu2b0","time":1612712604,"event":{"mods":["BaseMod","Colored Map","Downfall","Minty Spire (QoL Compilation)","Permanent Neow","Quick Restart","Relic Stats","StSLib","Unceasing Turn Reminder"],"gold_per_floor":[0,16,16,36,51,51,78,92,92,112,124,156,156,66,86,189,189,189,206,191,219,319,519,519,531,531,531,531,531],"floor_reached":27,"language":"ENG","playtime":1203,"items_purged":["Pain"],"score":213,"play_id":"37a25178-7040-4b0d-8a8b-a4c40102b1c2","local_time":"20210207084324","is_ascension_mode":false,"campfire_choices":[{"data":"hexamod:Sear","floor":1.0,"key":"SMITH"},{"data":"hexamod:HeatMetal","floor":6.0,"key":"SMITH"},{"data":"hexamod:FlamesFromBeyond","floor":9.0,"key":"SMITH"},{"floor":13.0,"key":"REST"},{"data":"hexamod:HexaLevel","floor":18,"key":"SMITH"}],"circlet_count":0,"master_deck":["hexamod:Strike","hexamod:Strike","hexamod:Strike","hexamod:Strike","hexamod:Defend","hexamod:Defend","hexamod:Defend","hexamod:Defend","hexamod:Sear+1","hexamod:Float","Master of Strategy","hexamod:PowerFromBeyond","hexamod:HeatMetal+1","hexamod:BurningTouch","hexamod:FlamesFromBeyond+1","hexamod:HexaLevel+1","hexamod:EtherealExpedition","hexamod:HauntingEcho","hexamod:HeatCrush","hexamod:VolcanoVisage","hexamod:SpectersWail+1","hexamod:SecondSeal","hexamod:GhostOfSpireFuture","downfall:Haunted","hexamod:ParanormalForm","downfall:Bewildered"],"relics":["hexamod:SpiritBrand","WarpedTongs","Nunchaku","Odd Mushroom","HornCleat","Sozu","sneckomod:BabySnecko"],"acts_visited":["Exordium","TheCity"],"potions_floor_usage":[19,27],"damage_taken":[{"damage":0.0,"enemies":"Cultist","floor":2.0,"turns":3.0},{"damage":5.0,"enemies":"Jaw Worm","floor":4.0,"turns":3.0},{"damage":13.0,"enemies":"Small Slimes","floor":5.0,"turns":4.0},{"damage":3.0,"enemies":"2 Fungi Beasts","floor":8.0,"turns":3.0},{"damage":11.0,"enemies":"The Mushroom Lair","floor":10.0,"turns":4.0},{"damage":11.0,"enemies":"Large Slime","floor":11.0,"turns":4.0},{"damage":18.0,"enemies":"3 Sentries","floor":12.0,"turns":6.0},{"damage":6,"enemies":"downfall:FleeingMerchant","floor":14,"turns":4},{"damage":2,"enemies":"Blue Slaver","floor":15,"turns":2},{"damage":6,"enemies":"SI_SHIV_ARCHETYPE","floor":16,"turns":6},{"damage":10,"enemies":"3 Byrds","floor":19,"turns":4},{"damage":0,"enemies":"downfall:FleeingMerchant","floor":20,"turns":4},{"damage":5,"enemies":"Chosen","floor":21,"turns":4},{"damage":7,"enemies":"Snecko","floor":25,"turns":4},{"damage":49,"enemies":"Gremlin Leader","floor":27,"turns":5}],"seed_played":"5143320530498482545","potions_obtained":[{"floor":2.0,"key":"ColorlessPotion"},{"floor":4.0,"key":"EssenceOfSteel"},{"floor":11.0,"key":"Weak Potion"}],"is_trial":false,"path_per_floor":["R","M","?","M","M","R","T","M","R","?","M","E","R","$","M","B",null,"R","M","$","M","?","?","T","M","?","E"],"character_chosen":"THE_SPIRIT","items_purchased":[],"campfire_rested":1,"item_purchase_floors":[],"current_hp_per_floor":[70,70,70,65,52,52,52,49,49,38,27,9,30,24,22,16,70,70,60,60,55,55,55,55,48,48,0,0,0],"gold":531,"neow_bonus":"RANDOM_COLORLESS_2","is_daily":false,"chose_seed":false,"campfire_upgraded":4,"win_rate":0.0,"timestamp":1612712604,"path_taken":["R","M","?","M","M","R","T","?","R","?","M","E","R","$","M","BOSS","R","M","$","M","?","?","T","M","?","E"],"items_purchased_type":[],"build_version":"2020-12-22","purchased_purges":1,"victory":false,"max_hp_per_floor":[70,70,70,70,70,70,70,70,70,70,70,70,70,70,70,70,70,70,70,70,70,70,70,70,70,70,70,70,70],"relic_stats":{"Sozu":2,"Nunchaku":[8],"counters":[15,60],"obtain_stats":[{"Sozu":17,"sneckomod:BabySnecko":26,"Nunchaku":7,"HornCleat":12,"Odd Mushroom":10,"hexamod:SpiritBrand":0,"WarpedTongs":3},{"Sozu":10,"sneckomod:BabySnecko":14,"Nunchaku":3,"HornCleat":7,"Odd Mushroom":5,"hexamod:SpiritBrand":0,"WarpedTongs":1},{"Sozu":39,"sneckomod:BabySnecko":55,"Nunchaku":10,"HornCleat":27,"Odd Mushroom":17,"hexamod:SpiritBrand":0,"WarpedTongs":3}],"WarpedTongs":[57]},"card_choices":[{"not_picked":["Magnetism","The Bomb"],"picked":"Master of Strategy","floor":0.0},{"not_picked":["hexamod:NightmareStrike","hexamod:ShieldOfDarkness"],"picked":"hexamod:PowerFromBeyond","floor":2.0},{"not_picked":["hexamod:GhostShield","hexamod:BacktrackSmack"],"picked":"hexamod:HeatMetal","floor":4.0},{"not_picked":["hexamod:Hexaguard","hexamod:FastForward"],"picked":"hexamod:BurningTouch","floor":5.0},{"not_picked":["hexamod:BacktrackSmack","hexamod:NightmareGuise"],"picked":"hexamod:FlamesFromBeyond","floor":8.0},{"not_picked":["hexamod:Hexaguard","hexamod:StepThrough"],"picked":"hexamod:HexaLevel","floor":10.0},{"not_picked":["hexamod:FlamesFromBeyond","hexamod:PhantomCloak","hexamod:NightmareStrike"],"picked":"SKIP","floor":11.0},{"not_picked":["hexamod:NightmareStrike","hexamod:FourthSeal"],"picked":"hexamod:EtherealExpedition","floor":12.0},{"not_picked":["hexamod:SpectralAdrenaline","hexamod:Rewind"],"picked":"hexamod:HauntingEcho","floor":14},{"not_picked":["hexamod:PowerFromBeyond","hexamod:Incineration"],"picked":"hexamod:HeatCrush","floor":15},{"not_picked":["hexamod:ForkedFlame","hexamod:GiftsFromTheDead"],"picked":"hexamod:VolcanoVisage","floor":16},{"not_picked":["hexamod:AdvancingGuard","hexamod:BurningTouch+1"],"picked":"hexamod:SpectersWail+1","floor":19},{"not_picked":["hexamod:InspiringFlames","hexamod:GhostflameBarrier"],"picked":"hexamod:SecondSeal","floor":20},{"not_picked":["hexamod:HeatShield","hexamod:FourthSeal"],"picked":"hexamod:GhostOfSpireFuture","floor":21},{"not_picked":["hexamod:InspiringFlames","hexamod:Hexaguard"],"picked":"hexamod:ParanormalForm","floor":25}],"player_experience":1196098,"relics_obtained":[{"floor":7.0,"key":"Nunchaku"},{"floor":10.0,"key":"Odd Mushroom"},{"floor":12.0,"key":"HornCleat"}],"event_choices":[{"damage_healed":0.0,"max_hp_gain":0.0,"max_hp_loss":0.0,"gold_gain":0.0,"event_name":"Accursed Blacksmith","player_choice":"Rummage","floor":3.0,"gold_loss":0.0,"damage_taken":0.0,"relics_obtained":["WarpedTongs"],"cards_obtained":["Pain"]},{"damage_healed":0.0,"max_hp_gain":0.0,"max_hp_loss":0.0,"gold_gain":0.0,"event_name":"Mushrooms","player_choice":"Fought Mushrooms","floor":10.0,"gold_loss":0.0,"damage_taken":0.0}],"is_beta":false,"boss_relics":[{"not_picked":["Runic Pyramid","Runic Dome"],"picked":"Sozu"}],"items_purged_floors":[14],"is_endless":false,"potions_floor_spawned":[2,4,11,19,25],"killed_by":"Gremlin Leader","ascension_level":0}}