{"host":"36nosutyzulbwemu","time":1612695883,"event":{"mods":["100% Spire Juice","ATMod(°¢èªMod)","BaseMod","Minty Spire (QoL Compilation)","Reliquary","Replay The Spire","Shop Mod","StSLib","The Servant 0.9.4"],"gold_per_floor":[159,207,12,54,90,198,312,396,396,498,507,537,612,714,714,729,729,825,825,912,837,48,48,48,132,159,168,20,20,20,20],"floor_reached":30,"language":"ZHS","playtime":3667,"items_purged":[],"score":612,"play_id":"f30975ea-8639-466e-8c44-c2e5de019b1f","local_time":"20210207190443","daily_mods":["Draft","Specialized","Vintage","Allstar","Diverse","Heirloom","Flight","DeadlyEvents","Elite Swarm","Midas","Night Terrors"],"is_ascension_mode":true,"campfire_choices":[{"floor":11,"key":"REST"},{"floor":23,"key":"DIG"},{"floor":24,"key":"REST"},{"floor":27,"key":"RECALL"}],"circlet_count":0,"master_deck":["Demon Form","Wraith Form v2","Echo Form","DevaForm","Moonworks:Blazing","FlawlessForm","Moonworks:FinalBattle","Moonworks:FinalBattle","Moonworks:FinalBattle","Moonworks:FinalBattle","Moonworks:FinalBattle","Quick Slash","Metallicize","RealityMarble","TimeWarp","Swivel","Moonworks:JonathanRush","Acrobatics","Steam","Turbo","Moonworks:EvilSpyWorkPreparation","Cleave+1","Shrug It Off","Flying Knee+1","Reprogram","Headbutt+1","AT_FamilyPortrait","Corpse Explosion+1","Fiend Fire","Vault+1","Wish+1","Turbo+1","Creative AI","Swift Strike+1","Magnetism","Alpha+1","Moonworks:JonathanRush+1"],"relics":["Moonworks:BrokenBomb","Moonworks:Homemark","replay:Trail_Library","AT_ATBox","Replay:Multitool","AT_GreenNoBalance","AT_RabadonDeathcap","CeramicFish","ReplayTheSpireMod:Lightbulb","Toxic Egg 2","Durian","Vajra","Whetstone","reliquary:HotPoker","Bag of Preparation","ReplayFunnel","Replay:PocketPolymizer","Coffee Dripper","reliquary:WeakTea","Nilry\u0027s Codex","reliquary:Boomerang","Molten Egg 2","reliquary:Knoch","Sling","AT_GuinsooRageblade","ReplayTheSpireMod:Ninjato","reliquary:PartyBalloon","reliquary:RosewoodLute"],"acts_visited":["Exordium","TheCity"],"potions_floor_usage":[4,10,14,16,18],"damage_taken":[{"damage":16,"enemies":"2 Louse","floor":1,"turns":3},{"damage":23,"enemies":"Small Slimes","floor":2,"turns":5},{"damage":10,"enemies":"Cultist","floor":3,"turns":4},{"damage":22,"enemies":"Exordium Thugs","floor":4,"turns":2},{"damage":0,"enemies":"Large Slime","floor":5,"turns":5},{"damage":1,"enemies":"Lagavulin","floor":6,"turns":6},{"damage":19,"enemies":"Gremlin Nob","floor":7,"turns":7},{"damage":0,"enemies":"Lagavulin","floor":8,"turns":6},{"damage":31,"enemies":"Replay:BlueRogue","floor":10,"turns":5},{"damage":0,"enemies":"Blue Slaver","floor":12,"turns":1},{"damage":3,"enemies":"Gremlin Nob","floor":14,"turns":4},{"damage":5,"enemies":"Fading Forest","floor":16,"turns":12},{"damage":23,"enemies":"3 Byrds","floor":18,"turns":5},{"damage":0,"enemies":"Shell Parasite","floor":20,"turns":5},{"damage":21,"enemies":"Slavers","floor":25,"turns":2},{"damage":35,"enemies":"Shelled Parasite and Fungi","floor":30,"turns":3}],"seed_played":"-4860282137624940777","potions_obtained":[{"floor":2,"key":"AttackPotion"},{"floor":6,"key":"SpeedPotion"},{"floor":8,"key":"SkillPotion"},{"floor":10,"key":"SneckoOil"},{"floor":12,"key":"GamblersBrew"},{"floor":14,"key":"Block Potion"}],"is_trial":true,"path_per_floor":["M","M","M","M","M","E","E","E","T","E","R","M","?","E","R","B",null,"M","?","M","?","$","R","R","E","T","R","$","?","M"],"character_chosen":"THE_STARBREAKER","items_purchased":["Molten Egg 2","reliquary:Knoch","Sling","Swift Strike+1","Magnetism","reliquary:RosewoodLute"],"campfire_rested":2,"item_purchase_floors":[22,22,22,22,22,28],"current_hp_per_floor":[38,7,20,8,30,34,18,32,32,1,60,30,19,27,55,50,54,31,15,15,15,15,15,50,29,29,29,29,29,0,0],"gold":20,"neow_bonus":"","is_daily":false,"chose_seed":false,"campfire_upgraded":0,"win_rate":0.0,"timestamp":1612695883,"path_taken":["M","M","M","M","M","E","E","E","T","E","R","M","?","E","R","BOSS","M","?","M","?","$","R","R","E","T","R","$","?","M"],"items_purchased_type":["Relic","Relic","Relic","Card","Card","Relic"],"build_version":"2020-12-22","purchased_purges":0,"victory":false,"max_hp_per_floor":[60,60,60,60,60,65,65,65,65,65,60,60,60,60,55,55,55,55,55,55,55,55,55,50,50,50,50,50,50,50,50],"card_choices":[{"not_picked":["Recycle","Footwork"],"picked":"Quick Slash","floor":0},{"not_picked":["Meditate","Replay:AtTheReady"],"picked":"Metallicize","floor":0},{"not_picked":["Headbutt","Protect"],"picked":"RealityMarble","floor":0},{"not_picked":["Panic Button","Skim"],"picked":"TimeWarp","floor":0},{"not_picked":["Life Link","Run Through"],"picked":"Swivel","floor":0},{"not_picked":["Hologram","Streamline"],"picked":"Moonworks:JonathanRush","floor":0},{"not_picked":["Run Through","RealityMarble"],"picked":"Acrobatics","floor":0},{"not_picked":["Clothesline","Sucker Punch"],"picked":"Steam","floor":0},{"not_picked":["Perseverance","Dodge and Roll"],"picked":"Turbo","floor":0},{"not_picked":["Warcry","Moonworks:x16BigRocket"],"picked":"Moonworks:EvilSpyWorkPreparation","floor":0},{"not_picked":["Prepared","Coolheaded"],"picked":"Cleave","floor":0},{"not_picked":["EmptyFist","Replay:AtTheReady"],"picked":"Shrug It Off","floor":0},{"not_picked":["AT_BodySlamDance","Ricochet"],"picked":"Flying Knee","floor":0},{"not_picked":["Fusion","AT_BodySlamDance"],"picked":"Reprogram","floor":0},{"not_picked":["ThirdEye","Panic Button"],"picked":"Headbutt","floor":0},{"not_picked":["TrueSight","Brutality"],"picked":"Corpse Explosion+1","floor":6},{"not_picked":["AT_ChampionKick","PendulumOfEternity"],"picked":"Fiend Fire","floor":7},{"not_picked":["Moonworks:MetallicMonocoque","Embodiment"],"picked":"Vault+1","floor":8},{"not_picked":["Moonworks:RocketCannon","Replay:Many Hands+1"],"picked":"Wish+1","floor":10},{"not_picked":["Envenom","Moonworks:HolyNight"],"picked":"Devotion","floor":14},{"not_picked":["Fiend Fire","MurderousAura"],"picked":"Creative AI","floor":16},{"not_picked":["Moonworks:PlushieMaster+1","ConjureBlade+1"],"picked":"Alpha+1","floor":25}],"player_experience":521704,"relics_obtained":[{"floor":1,"key":"AT_SilverBalance"},{"floor":2,"key":"AT_RabadonDeathcap"},{"floor":3,"key":"CeramicFish"},{"floor":4,"key":"ReplayTheSpireMod:Lightbulb"},{"floor":5,"key":"Toxic Egg 2"},{"floor":6,"key":"Durian"},{"floor":7,"key":"Vajra"},{"floor":8,"key":"Whetstone"},{"floor":9,"key":"reliquary:HotPoker"},{"floor":10,"key":"Bag of Preparation"},{"floor":12,"key":"ReplayFunnel"},{"floor":14,"key":"Replay:PocketPolymizer"},{"floor":18,"key":"reliquary:WeakTea"},{"floor":19,"key":"Nilry\u0027s Codex"},{"floor":20,"key":"reliquary:Boomerang"},{"floor":23,"key":"AT_GuinsooRageblade"},{"floor":25,"key":"ReplayTheSpireMod:Ninjato"},{"floor":26,"key":"reliquary:PartyBalloon"}],"event_choices":[{"damage_healed":0,"gold_gain":75,"player_choice":"Gather Gold","damage_taken":11,"max_hp_gain":0,"max_hp_loss":0,"event_name":"World of Goop","floor":13,"gold_loss":0},{"damage_healed":0,"gold_gain":0,"player_choice":"Obtained Book","damage_taken":16,"max_hp_gain":0,"max_hp_loss":0,"event_name":"Cursed Tome","floor":19,"gold_loss":0},{"cards_removed":["Devotion"],"damage_healed":0,"gold_gain":0,"player_choice":"Gave Gold","damage_taken":0,"max_hp_gain":0,"max_hp_loss":0,"event_name":"Beggar","floor":21,"gold_loss":75},{"damage_healed":0,"gold_gain":0,"player_choice":"Simplicity","damage_taken":0,"max_hp_gain":0,"max_hp_loss":0,"event_name":"Back to Basics","floor":29,"gold_loss":0,"cards_upgraded":[]}],"is_beta":false,"boss_relics":[{"not_picked":["Ectoplasm","Replay:Grab Bag"],"picked":"Coffee Dripper"}],"items_purged_floors":[],"is_endless":false,"potions_floor_spawned":[2,6,8,10,12,14],"killed_by":"Shelled Parasite and Fungi","ascension_level":9}}