{"host":"soyfmymeou4emntr","time":1612666333,"event":{"mods":["BaseMod","Minty Spire (QoL Compilation)","Permanent Neow","Relic Sorter","Relic Stats","StSLib"],"gold_per_floor":[110,31,31,106,120,120,33,33,87,120,120,135,60,94,94,167,167,186,201,251,269,269,294,294,294,294],"floor_reached":25,"language":"ENG","playtime":1648,"items_purged":["Strike_R"],"score":504,"play_id":"0ebcf48a-40cf-4ad9-8b60-6220d9ed4756","local_time":"20210206195213","is_ascension_mode":true,"campfire_choices":[{"data":"Bash","floor":6.0,"key":"SMITH"},{"data":"Uppercut","floor":8.0,"key":"SMITH"},{"data":"Fire Breathing","floor":11.0,"key":"SMITH"},{"floor":15.0,"key":"REST"},{"floor":24,"key":"REST"}],"circlet_count":0,"master_deck":["AscendersBane","Strike_R","Strike_R","Strike_R","Strike_R","Defend_R","Defend_R","Defend_R","Defend_R","Bash+1","Fire Breathing+1","Spot Weakness","Entrench","Uppercut+1","Impervious","Feed","Barricade","Searing Blow","Perfected Strike","Heavy Blade"],"relics":["Snecko Eye","Omamori","Bronze Scales","Pantograph","SlaversCollar","Anchor"],"acts_visited":["Exordium","TheCity"],"potions_floor_usage":[21,23],"damage_taken":[{"damage":1.0,"enemies":"Cultist","floor":1.0,"turns":3.0},{"damage":2.0,"enemies":"Jaw Worm","floor":5.0,"turns":3.0},{"damage":24.0,"enemies":"Gremlin Nob","floor":10.0,"turns":4.0},{"damage":6.0,"enemies":"2 Louse","floor":12.0,"turns":3.0},{"damage":0.0,"enemies":"3 Sentries","floor":14.0,"turns":4.0},{"damage":40.0,"enemies":"Hexaghost","floor":16.0,"turns":6.0},{"damage":28.0,"enemies":"2 Thieves","floor":18.0,"turns":5.0},{"damage":0,"enemies":"3 Byrds","floor":19,"turns":4},{"damage":28,"enemies":"Snake Plant","floor":21,"turns":4},{"damage":28,"enemies":"Slavers","floor":23,"turns":5},{"damage":39,"enemies":"3 Cultists","floor":25,"turns":5}],"seed_played":"385888807656741507","potions_obtained":[{"floor":12.0,"key":"PowerPotion"},{"floor":18.0,"key":"Regen Potion"},{"floor":19,"key":"DuplicationPotion"}],"is_trial":false,"path_per_floor":["M","$","$","?","M","R","$","R","T","E","R","M","$","E","R","B",null,"M","M","?","M","?","E","R","M"],"character_chosen":"IRONCLAD","items_purchased":["Spot Weakness","Uppercut"],"campfire_rested":2,"item_purchase_floors":[2,7],"current_hp_per_floor":[67,67,67,56,54,54,54,54,54,30,30,24,24,24,46,34,67,42,45,45,32,32,4,30,0,0],"gold":294,"neow_bonus":"BOSS_RELIC","is_daily":false,"chose_seed":false,"campfire_upgraded":3,"win_rate":0.0,"timestamp":1612666333,"path_taken":["M","?","$","?","M","R","?","R","T","E","R","M","$","E","R","BOSS","M","M","?","M","?","E","R","M"],"items_purchased_type":["Card","Card"],"build_version":"2020-12-22","purchased_purges":1,"victory":false,"max_hp_per_floor":[75,75,75,75,75,75,75,75,75,75,75,75,75,75,75,78,78,81,84,84,87,87,87,87,87,87],"relic_stats":{"counters":[11,46],"Bronze Scales":[180],"Pantograph":25,"Snecko Eye":[65,65,74,92],"obtain_stats":[{"SlaversCollar":17,"Anchor":23,"Bronze Scales":10,"Pantograph":14,"Snecko Eye":0,"Omamori":9,"Burning Blood":0},{"SlaversCollar":6,"Anchor":10,"Bronze Scales":3,"Pantograph":5,"Snecko Eye":0,"Omamori":2,"Burning Blood":0},{"SlaversCollar":23,"Anchor":41,"Bronze Scales":10,"Pantograph":17,"Snecko Eye":0,"Omamori":6,"Burning Blood":0}]},"card_choices":[{"not_picked":["Havoc","Flex"],"picked":"Fire Breathing","floor":1.0},{"not_picked":["Rage","Cleave"],"picked":"Entrench","floor":5.0},{"not_picked":["Shrug It Off","Pommel Strike"],"picked":"Impervious","floor":10.0},{"not_picked":["Wild Strike","Shrug It Off","True Grit"],"picked":"SKIP","floor":12.0},{"not_picked":["Anger","True Grit"],"picked":"Feed","floor":14.0},{"not_picked":["Immolate","Bludgeon"],"picked":"Barricade","floor":16.0},{"not_picked":["Pommel Strike","Bloodletting","Twin Strike+1"],"picked":"SKIP","floor":18.0},{"not_picked":["Sentinel","Infernal Blade"],"picked":"Searing Blow","floor":19},{"not_picked":["Hemokinesis","Anger"],"picked":"Perfected Strike","floor":21},{"not_picked":["Armaments+1","Second Wind"],"picked":"Heavy Blade","floor":23}],"player_experience":3086512,"relics_obtained":[{"floor":9.0,"key":"Omamori"},{"floor":10.0,"key":"Bronze Scales"},{"floor":14.0,"key":"Pantograph"},{"floor":23,"key":"Anchor"}],"event_choices":[{"damage_healed":0.0,"max_hp_gain":0.0,"max_hp_loss":0.0,"gold_gain":75.0,"event_name":"World of Goop","player_choice":"Gather Gold","floor":4.0,"gold_loss":0.0,"damage_taken":11.0},{"damage_healed":0,"gold_gain":50,"player_choice":"Stole From Cult","damage_taken":0,"max_hp_gain":0,"max_hp_loss":0,"event_name":"Nest","floor":20,"gold_loss":0},{"damage_healed":0,"gold_gain":0,"player_choice":"Smashed Altar","damage_taken":0,"max_hp_gain":0,"max_hp_loss":0,"event_name":"Forgotten Altar","floor":22,"gold_loss":0,"cards_obtained":["Decay"]}],"is_beta":false,"boss_relics":[{"not_picked":["Busted Crown","Runic Cube"],"picked":"SlaversCollar"}],"items_purged_floors":[13],"is_endless":false,"potions_floor_spawned":[12,18,19],"killed_by":"3 Cultists","ascension_level":20}}