{"host":"sc0o2qwpf9j16a4i","time":1612715181,"event":{"mods":["AchievementEnabler","BaseMod","BetterRewards","Block Reminder","Colored Map","Colored Powertips","Custom Start","Highlight Path","Minty Spire (QoL Compilation)","Relic Stats"],"gold_per_floor":[132,189,189,222,27,117,117,219,287,287,287,64,64,118,118,412,412,445,496,526,441,441,525,146,146,169,226,226,226,250,298,298,601,601,637,612,612,657,453,453,543,603,671,719,815,0,100,154,154,154],"floor_reached":51,"language":"ENG","playtime":1991,"items_purged":[],"score":1158,"play_id":"3c25f395-37f2-4805-a7c8-7e1daf554312","local_time":"20210207182621","daily_mods":["Insanity","Time Dilation","Midas"],"is_ascension_mode":false,"campfire_choices":[{"floor":7,"key":"REST"},{"floor":10,"key":"REST"},{"floor":15,"key":"REST"},{"floor":25,"key":"REST"},{"floor":29,"key":"REST"},{"floor":32,"key":"REST"},{"floor":40,"key":"REST"},{"floor":49,"key":"REST"}],"circlet_count":0,"master_deck":["Auto Shields","Coolheaded","Consume","Sweeping Beam","Storm","Coolheaded","Leap","Steam","Conserve Battery","Sweeping Beam","Gash","Doom and Gloom","Coolheaded","Force Field","Gash+1","Compile Driver","Ball Lightning+1","Force Field","Conserve Battery","Streamline","Leap","Gash","Force Field","Darkness","Steam","Coolheaded","Reinforced Body","Skim","Barrage","Hologram+1","Steam Power","Darkness","Hologram","Streamline","Rebound","Scrape","FTL","Darkness","Cold Snap","Beam Cell","Steam Power","Steam","Streamline","BootSequence","Static Discharge","Hologram","Hologram+1","Barrage","Coolheaded","Genetic Algorithm","Streamline","Sweeping Beam","Leap","Gash","Go for the Eyes+1","Stack","Electrodynamics","Gash+1","Beam Cell+1","Beam Cell","Genetic Algorithm","Apotheosis","Panacea","Go for the Eyes","Stack","Ghostly","Ghostly","Ghostly","Ghostly","Ghostly","Barrage","Biased Cognition","Leap","Barrage","Genetic Algorithm","Beam Cell+1","Apotheosis","Seek","Conserve Battery+1","Cold Snap","Ball Lightning+1","FTL+1","FTL+1"],"relics":["Cracked Core","Membership Card","Ginger","Orichalcum","Ornamental Fan","ClockworkSouvenir","Centennial Puzzle","Strawberry","Sozu","White Beast Statue","MutagenicStrength","Nunchaku","TungstenRod","Oddly Smooth Stone","Happy Flower","Whetstone","Cursed Key","Omamori","Akabeko","Molten Egg 2","Potion Belt","Red Mask"],"acts_visited":["Exordium","TheCity","TheBeyond"],"potions_floor_usage":[6,16,23,23,33],"damage_taken":[{"damage":0,"enemies":"Jaw Worm","floor":1,"turns":3},{"damage":0,"enemies":"Small Slimes","floor":2,"turns":3},{"damage":0,"enemies":"Cultist","floor":4,"turns":2},{"damage":0,"enemies":"Gremlin Nob","floor":6,"turns":3},{"damage":0,"enemies":"Lagavulin","floor":8,"turns":6},{"damage":0,"enemies":"Blue Slaver","floor":14,"turns":2},{"damage":3,"enemies":"Slime Boss","floor":16,"turns":6},{"damage":0,"enemies":"3 Byrds","floor":18,"turns":3},{"damage":3,"enemies":"Shell Parasite","floor":19,"turns":6},{"damage":0,"enemies":"Centurion and Healer","floor":20,"turns":5},{"damage":0,"enemies":"Book of Stabbing","floor":23,"turns":3},{"damage":0,"enemies":"Snecko","floor":27,"turns":4},{"damage":0,"enemies":"Cultist and Chosen","floor":31,"turns":4},{"damage":7,"enemies":"Champ","floor":33,"turns":10},{"damage":0,"enemies":"3 Shapes","floor":35,"turns":2},{"damage":0,"enemies":"Orb Walker","floor":38,"turns":3},{"damage":0,"enemies":"Reptomancer","floor":41,"turns":7},{"damage":0,"enemies":"Transient","floor":42,"turns":5},{"damage":0,"enemies":"Maw","floor":44,"turns":5},{"damage":0,"enemies":"Nemesis","floor":45,"turns":5},{"damage":0,"enemies":"Jaw Worm Horde","floor":48,"turns":4},{"damage":3,"enemies":"Awakened One","floor":50,"turns":12}],"seed_played":"-153607005354897803","potions_obtained":[{"floor":1,"key":"EssenceOfSteel"},{"floor":4,"key":"GamblersBrew"},{"floor":6,"key":"Strength Potion"},{"floor":16,"key":"ColorlessPotion"}],"is_trial":true,"path_per_floor":["M","M","?","M","$","E","R","E","T","R","?","$","?","M","R","B",null,"M","M","M","?","?","E","$","R","T","M","?","R","T","M","R","B",null,"M","$","?","M","$","R","E","M","T","M","E","?","?","M","R","B",null],"character_chosen":"DEFECT","items_purchased":["Membership Card","Gash","Block Potion","ClockworkSouvenir","Centennial Puzzle","Strawberry","Apotheosis","TungstenRod","Oddly Smooth Stone","Panacea","Go for the Eyes","Barrage","Apotheosis","Seek","Omamori"],"campfire_rested":8,"item_purchase_floors":[5,5,5,12,12,12,24,24,24,24,24,36,39,39,39],"current_hp_per_floor":[75,75,75,75,75,75,75,75,75,75,60,67,67,67,82,79,82,82,79,79,79,79,79,79,82,82,82,41,41,41,41,41,34,41,41,41,41,41,41,41,41,41,41,41,41,41,41,41,41,38],"gold":154,"neow_bonus":"","is_daily":false,"chose_seed":false,"campfire_upgraded":0,"win_rate":0.0,"timestamp":1612715181,"path_taken":["M","M","?","M","$","E","R","E","T","R","?","?","?","M","R","BOSS","M","?","M","?","?","E","?","R","T","?","?","R","?","M","R","BOSS","M","$","?","?","?","R","E","M","T","M","E","?","?","M","R","BOSS"],"items_purchased_type":["Relic","Card","Potion","Relic","Relic","Relic","Card","Relic","Relic","Card","Card","Card","Card","Card","Relic"],"build_version":"2020-12-22","purchased_purges":0,"victory":true,"max_hp_per_floor":[75,75,75,75,75,75,75,75,75,75,75,82,82,82,82,82,82,82,82,82,82,82,82,82,82,82,82,41,41,41,41,41,41,41,41,41,41,41,41,41,41,41,41,41,41,41,41,41,41,41],"relic_stats":{"Sozu":12,"Centennial Puzzle":[12],"Nunchaku":[14],"Happy Flower":[20],"counters":[22,103],"Ornamental Fan":[156],"Ginger":[11],"Whetstone":["Gash","Gash"],"Orichalcum":[12],"Cursed Key":1,"obtain_stats":[{"Potion Belt":45,"Happy Flower":26,"Oddly Smooth Stone":24,"Omamori":39,"Ginger":6,"Whetstone":30,"Orichalcum":8,"Cursed Key":34,"White Beast Statue":21,"Akabeko":41,"ClockworkSouvenir":12,"Sozu":17,"Centennial Puzzle":12,"Nunchaku":23,"Ornamental Fan":9,"Strawberry":12,"MutagenicStrength":22,"Molten Egg 2":43,"Red Mask":46,"Membership Card":5,"Cracked Core":0,"TungstenRod":24},{"Potion Belt":20,"Happy Flower":11,"Oddly Smooth Stone":11,"Omamori":16,"Ginger":4,"Whetstone":12,"Orichalcum":5,"Cursed Key":14,"White Beast Statue":10,"Akabeko":17,"ClockworkSouvenir":5,"Sozu":7,"Centennial Puzzle":5,"Nunchaku":11,"Ornamental Fan":5,"Strawberry":5,"MutagenicStrength":10,"Molten Egg 2":18,"Red Mask":20,"Membership Card":3,"Cracked Core":0,"TungstenRod":11},{"Potion Belt":87,"Happy Flower":42,"Oddly Smooth Stone":42,"Omamori":65,"Ginger":11,"Whetstone":46,"Orichalcum":17,"Cursed Key":60,"White Beast Statue":39,"Akabeko":72,"ClockworkSouvenir":17,"Sozu":25,"Centennial Puzzle":17,"Nunchaku":42,"Ornamental Fan":17,"Strawberry":17,"MutagenicStrength":39,"Molten Egg 2":77,"Red Mask":87,"Membership Card":8,"Cracked Core":0,"TungstenRod":42}],"TungstenRod":3},"card_choices":[{"not_picked":["Skim","Cold Snap"],"picked":"Streamline","floor":1},{"not_picked":["Loop","Chill"],"picked":"Sweeping Beam","floor":2},{"not_picked":["Go for the Eyes","Sweeping Beam"],"picked":"Leap","floor":4},{"not_picked":["Coolheaded","Rebound"],"picked":"Go for the Eyes","floor":6},{"not_picked":["Skim","Tempest","Rainbow"],"picked":"SKIP","floor":8},{"not_picked":["Coolheaded","Blizzard"],"picked":"Stack","floor":14},{"not_picked":["Amplify","Biased Cognition"],"picked":"Electrodynamics","floor":16},{"not_picked":["Leap+1","Hologram"],"picked":"Gash","floor":18},{"not_picked":["Ball Lightning+1","Cold Snap+1"],"picked":"Beam Cell+1","floor":19},{"not_picked":["Melter","Steam+1"],"picked":"Beam Cell","floor":20},{"not_picked":["FTL","Tempest"],"picked":"Genetic Algorithm","floor":23},{"not_picked":["Hologram","Streamline"],"picked":"Stack","floor":27},{"not_picked":["Streamline","Double Energy"],"picked":"Barrage","floor":31},{"not_picked":["Seek","Fission"],"picked":"Biased Cognition","floor":33},{"not_picked":["Compile Driver","Melter"],"picked":"Leap","floor":35},{"not_picked":["Ball Lightning+1","Conserve Battery+1"],"picked":"Beam Cell+1","floor":38},{"not_picked":["Biased Cognition","Turbo+1"],"picked":"Conserve Battery+1","floor":41},{"not_picked":["Sunder+1","Rebound"],"picked":"Cold Snap","floor":42},{"not_picked":["Sweeping Beam+1","Streamline+1"],"picked":"Ball Lightning+1","floor":44},{"not_picked":["BootSequence+1","Steam Power"],"picked":"FTL+1","floor":45},{"not_picked":["Compile Driver+1","Rebound+1"],"picked":"FTL+1","floor":48}],"player_experience":1270116,"relics_obtained":[{"floor":6,"key":"Ginger"},{"floor":8,"key":"Orichalcum"},{"floor":9,"key":"Ornamental Fan"},{"floor":23,"key":"Nunchaku"},{"floor":26,"key":"Happy Flower"},{"floor":30,"key":"Whetstone"},{"floor":41,"key":"Akabeko"},{"floor":43,"key":"Molten Egg 2"},{"floor":45,"key":"Potion Belt"}],"event_choices":[{"damage_healed":0,"gold_gain":0,"player_choice":"Grow","damage_taken":0,"max_hp_gain":0,"max_hp_loss":0,"event_name":"Living Wall","floor":3,"gold_loss":0,"cards_upgraded":["Hologram"]},{"damage_healed":0,"gold_gain":0,"player_choice":"Entered Light","damage_taken":15,"max_hp_gain":0,"max_hp_loss":0,"event_name":"Shining Light","floor":11,"gold_loss":0,"cards_upgraded":["Go for the Eyes","Ball Lightning"]},{"damage_healed":0,"gold_gain":0,"player_choice":"Upgraded","damage_taken":0,"max_hp_gain":0,"max_hp_loss":0,"event_name":"Upgrade Shrine","floor":13,"gold_loss":0,"cards_upgraded":["Hologram"]},{"damage_healed":0,"gold_gain":0,"player_choice":"Obtained Relic","damage_taken":0,"relics_obtained":["White Beast Statue"],"max_hp_gain":0,"max_hp_loss":0,"event_name":"Addict","floor":21,"gold_loss":85},{"damage_healed":0,"gold_gain":0,"player_choice":"Inject Mutagens","damage_taken":0,"relics_obtained":["MutagenicStrength"],"max_hp_gain":0,"max_hp_loss":0,"event_name":"Drug Dealer","floor":22,"gold_loss":0},{"damage_healed":0,"gold_gain":0,"player_choice":"Became a Ghost","damage_taken":0,"max_hp_gain":0,"max_hp_loss":41,"event_name":"Ghosts","floor":28,"gold_loss":0,"cards_obtained":["Ghostly","Ghostly","Ghostly","Ghostly","Ghostly"]},{"damage_healed":0,"gold_gain":0,"player_choice":"Copied","damage_taken":0,"max_hp_gain":0,"max_hp_loss":0,"event_name":"Duplicator","floor":37,"gold_loss":0,"cards_obtained":["Genetic Algorithm"]},{"damage_healed":0,"gold_gain":0,"player_choice":"Paid","damage_taken":0,"relics_obtained":["Red Mask"],"max_hp_gain":0,"max_hp_loss":0,"event_name":"Tomb of Lord Red Mask","floor":46,"gold_loss":815},{"damage_healed":0,"gold_gain":100,"player_choice":"Pray","damage_taken":0,"max_hp_gain":0,"max_hp_loss":0,"event_name":"Golden Shrine","floor":47,"gold_loss":0}],"is_beta":false,"boss_relics":[{"not_picked":["FrozenCore","Calling Bell"],"picked":"Sozu"},{"not_picked":["Runic Dome","Nuclear Battery"],"picked":"Cursed Key"}],"items_purged_floors":[],"is_endless":false,"potions_floor_spawned":[1,4,6,16,20,23,27,31,33,35,38,41,42,44,45,48],"ascension_level":0}}