{"host":"10hinapzqlh39548","time":1612708174,"event":{"mods":["BaseMod","Colored Powertips","Minty Spire (QoL Compilation)","MostiFishMod","Reliquary","Replay The Spire","Spire Arcade","StSLib"],"gold_per_floor":[110,385,398,411,411,411,21,21,21,21,122,148,163,194,194,295,295,314,334,26,26,58,84,103,135,135,163,174,191,207,217,217,315,315,334,334,345,139,157,187,187,212,212,212,262,262,297,307,307,307,307,307,28,62,62],"floor_reached":56,"language":"ENG","playtime":3711,"items_purged":["Regret","Strike_G","Strike_G"],"score":1878,"play_id":"59729d6a-e46d-42d7-a17c-aef347e3be3c","local_time":"20210207152934","is_ascension_mode":true,"campfire_choices":[{"data":"Blade Dance","floor":6.0,"key":"SMITH"},{"data":"Beam Cell","floor":8.0,"key":"SMITH"},{"data":"Leap","floor":10.0,"key":"SMITH"},{"floor":15.0,"key":"REST"},{"floor":32,"key":"RECALL"},{"data":"After Image","floor":41,"key":"SMITH"},{"data":"Madness","floor":46,"key":"SMITH"},{"data":"Madness","floor":49,"key":"SMITH"},{"data":"Footwork","floor":52,"key":"SMITH"}],"circlet_count":0,"master_deck":["Strike_G","Strike_G","Defend_G","Defend_G","Defend_G","Defend_G","Defend_G","Flash of Steel","Prepared","PiercingWail","Blade Dance+1","Leap+1","Beam Cell+1","MostiFishMod:PerfectParry","After Image+1","Blade Dance","Infinite Blades","MostiFishMod:PerfectParry","Blade Dance","Accuracy","MostiFishMod:Neurotoxin","Backflip","Escape Plan","Terror","Footwork","MostiFishMod:Wind","Blade Dance","Cloak And Dagger","Storm of Steel","MostiFishMod:Neurotoxin","MostiFishMod:PerfectParry+1","Escape Plan","Noxious Fumes","Backflip+1","Accuracy","Madness+1","Madness+1","Prepared","Footwork+1","Blade Dance+1","MostiFishMod:LethalBlade"],"relics":["Ring of the Snake","DaveBox","BirthdayGift-Tetrahedron","SynthV:TestCard","Kunai","Letter Opener","Mercury Hourglass","Akabeko","BloodWine","Vampiric Spirits","Red Mask","Replay:Bottled Flurry","White Beast Statue","reliquary:PurpleTingedLeaf","Bottled Lightning","xbg","Gremlin Food","Mango","Du-Vu Doll","PreservedInsect","reliquary:BoilingFlask"],"acts_visited":["Exordium","TheCity","TheBeyond","TheEnding"],"potions_floor_usage":[55,55],"damage_taken":[{"damage":2.0,"enemies":"2 Louse","floor":1.0,"turns":2.0},{"damage":4.0,"enemies":"Cultist","floor":3.0,"turns":2.0},{"damage":2.0,"enemies":"Jaw Worm","floor":4.0,"turns":2.0},{"damage":2.0,"enemies":"3 Sentries","floor":12.0,"turns":2.0},{"damage":0.0,"enemies":"2 Fungi Beasts","floor":13.0,"turns":1.0},{"damage":2.0,"enemies":"Lagavulin","floor":14.0,"turns":2.0},{"damage":4.0,"enemies":"Hexaghost","floor":16.0,"turns":3.0},{"damage":3.0,"enemies":"3 Byrds","floor":18.0,"turns":2.0},{"damage":3.0,"enemies":"Chosen","floor":19.0,"turns":2.0},{"damage":2.0,"enemies":"Masked Bandits","floor":22.0,"turns":2.0},{"damage":2.0,"enemies":"Gremlin Leader","floor":23.0,"turns":2.0},{"damage":2.0,"enemies":"Centurion and Healer","floor":24.0,"turns":2.0},{"damage":2.0,"enemies":"Book of Stabbing","floor":25.0,"turns":2.0},{"damage":2.0,"enemies":"Gremlin Leader","floor":27.0,"turns":2.0},{"damage":4.0,"enemies":"Shelled Parasite and Fungi","floor":28.0,"turns":3.0},{"damage":2.0,"enemies":"Cultist and Chosen","floor":29.0,"turns":2.0},{"damage":2,"enemies":"Sentry and Sphere","floor":30,"turns":2},{"damage":2,"enemies":"Snecko","floor":31,"turns":2},{"damage":3,"enemies":"Pondfish","floor":33,"turns":2},{"damage":2,"enemies":"3 Shapes","floor":35,"turns":2},{"damage":2,"enemies":"Orb Walker","floor":37,"turns":2},{"damage":2,"enemies":"Jaw Worm Horde","floor":39,"turns":2},{"damage":4,"enemies":"Nemesis","floor":40,"turns":3},{"damage":4,"enemies":"Reptomancer","floor":42,"turns":3},{"damage":3,"enemies":"Mind Bloom Boss Battle","floor":45,"turns":2},{"damage":4,"enemies":"Giant Head","floor":47,"turns":3},{"damage":8,"enemies":"Transient","floor":48,"turns":5},{"damage":6,"enemies":"Donu and Deca","floor":50,"turns":4},{"damage":2,"enemies":"Shield and Spear","floor":54,"turns":2},{"damage":7,"enemies":"The Heart","floor":55,"turns":4}],"seed_played":"1598848372630951282","potions_obtained":[{"floor":1.0,"key":"Swift Potion"},{"floor":3.0,"key":"Poison Potion"},{"floor":13.0,"key":"BlessingOfTheForge"},{"floor":28.0,"key":"PowerPotion"},{"floor":29.0,"key":"DistilledChaos"},{"floor":30,"key":"Flashbang"}],"is_trial":false,"path_per_floor":["M","?","M","M","?","R","$","R","T","R","?","E","M","E","R","B",null,"M","M","$","?","?","E","M","E","T","E","M","M","M","M","R","B",null,"M","?","M","$","M","E","R","E","T","?","?","R","E","M","R","B",null,"R","$","E","B",null],"character_chosen":"THE_SILENT","items_purchased":["Kunai","MostiFishMod:PerfectParry","Vampiric Spirits","Escape Plan","Noxious Fumes","MostiFishMod:LethalBlade"],"campfire_rested":1,"item_purchase_floors":[7,7,20,38,38,53],"current_hp_per_floor":[68,68,64,62,62,62,62,62,62,62,34,32,32,30,51,47,70,67,64,64,51,58,68,71,73,73,73,71,73,73,73,73,73,75,73,73,72,72,73,71,71,85,85,74,86,86,86,83,83,84,89,89,89,87,85],"gold":62,"neow_bonus":"RANDOM_COLORLESS","is_daily":false,"chose_seed":false,"campfire_upgraded":7,"win_rate":0.0,"timestamp":1612708174,"path_taken":["M","?","M","?","?","R","$","R","T","R","?","E","?","E","R","BOSS","M","M","?","?","?","E","?","E","T","E","M","M","M","M","R","BOSS","M","?","M","$","M","E","R","E","T","?","?","R","E","M","R","BOSS","R","$","E","BOSS"],"items_purchased_type":["Relic","Card","Relic","Card","Card","Card"],"build_version":"2020-12-22","purchased_purges":3,"victory":true,"max_hp_per_floor":[70,70,70,70,70,70,70,70,70,70,70,70,70,70,70,70,70,70,70,70,75,75,75,75,75,75,75,75,75,75,75,75,75,75,75,75,75,75,75,75,75,89,89,89,89,89,89,89,89,89,89,89,89,89,89],"card_choices":[{"not_picked":["Replay:Bootleg Shield Generator","Mind Blast"],"picked":"Flash of Steel","floor":0.0},{"not_picked":["Hidden Blade","Outmaneuver"],"picked":"Prepared","floor":1.0},{"not_picked":["Underhanded Strike","Prepared","Sucker Punch","Flying Knee"],"picked":"PiercingWail","floor":3.0},{"not_picked":["Dodge and Roll","Reflex","Dagger Throw","Distraction"],"picked":"Blade Dance","floor":4.0},{"not_picked":["Concentrate","Sneak Up","Replay:Poison Smokescreen","Bane"],"picked":"After Image","floor":11.0},{"not_picked":["Acrobatics","Catalyst","Bane","Riddle With Holes"],"picked":"Blade Dance","floor":11.0},{"not_picked":["MostiFishMod:InvigoratingSolution","Prepared","MostiFishMod:PoisonShield","Backflip"],"picked":"Infinite Blades","floor":11.0},{"not_picked":["Dodge and Roll","Concentrate","MostiFishMod:InvigoratingSolution","Expertise"],"picked":"MostiFishMod:PerfectParry","floor":12.0},{"not_picked":["Fluid Movement","Dodge and Roll","MostiFishMod:PreservedThorns","Deflect"],"picked":"Blade Dance","floor":13.0},{"not_picked":["Adrenaline","Poisoned Stab","Slice","Doppelganger"],"picked":"Accuracy","floor":14.0},{"not_picked":["ReplayTheSpireMod:From All Sides","Grand Finale","Envenom","Burst"],"picked":"MostiFishMod:Neurotoxin","floor":16.0},{"not_picked":["Finisher","Deflect","Eviscerate","MostiFishMod:ThornCasing"],"picked":"Backflip","floor":18.0},{"not_picked":["Endless Agony","Poisoned Stab","MostiFishMod:ThornCasing","Tactician","Bane+1"],"picked":"SKIP","floor":19.0},{"not_picked":["Dagger Throw","Outmaneuver","Tactician","MostiFishMod:InvigoratingSolution"],"picked":"Escape Plan","floor":22.0},{"not_picked":["Dagger Spray","Well Laid Plans","Concentrate","Dodge and Roll+1"],"picked":"Terror","floor":23.0},{"not_picked":["Flying Knee+1","Choke","Prepared","Hidden Blade"],"picked":"Footwork","floor":24.0},{"not_picked":["MostiFishMod:FullyArmed","Caltrops","MostiFishMod:InvigoratingSolution+1","Heel Hook"],"picked":"MostiFishMod:Wind","floor":25.0},{"not_picked":["Infinite Blades+1","Toxin Wave","Flechettes","Quick Slash","Acrobatics"],"picked":"SKIP","floor":27.0},{"not_picked":["Hidden Blade","Acrobatics","Riddle With Holes+1","Tactician"],"picked":"Blade Dance","floor":28.0},{"not_picked":["Outmaneuver+1","PiercingWail","Dodge and Roll","Setup","ReplayTheSpireMod:Shiv Toss"],"picked":"SKIP","floor":29.0},{"not_picked":["ReplayTheSpireMod:Scrap Shanks","Infinite Blades","Flying Knee","Sucker Punch"],"picked":"Cloak And Dagger","floor":30},{"not_picked":["MostiFishMod:PoisonShield","Quick Slash","Dagger Spray","Skewer"],"picked":"Storm of Steel","floor":31},{"not_picked":["Venomology","Replay:Bag of Tricks","MostiFishMod:Listen","Unload"],"picked":"MostiFishMod:Neurotoxin","floor":33},{"not_picked":["Fluid Movement","MostiFishMod:PoisonShield+1","Outmaneuver+1","Prepared"],"picked":"MostiFishMod:PerfectParry+1","floor":35},{"not_picked":["Heel Hook","Deflect","Crippling Poison","Acrobatics+1","Poisoned Stab"],"picked":"SKIP","floor":37},{"not_picked":["Reflex","Underhanded Strike+1","Dash","MostiFishMod:InvigoratingSolution","Endless Agony"],"picked":"SKIP","floor":39},{"not_picked":["Acrobatics","Finisher+1","Deadly Poison+1","Tactician"],"picked":"Backflip+1","floor":40},{"not_picked":["Infinite Blades+1","ReplayTheSpireMod:Scrap Shanks+1","Sucker Punch","Noxious Fumes+1"],"picked":"Accuracy","floor":42},{"not_picked":["Calculated Gamble","Endless Agony","ReplayTheSpireMod:From All Sides","MostiFishMod:PerfectParry+1"],"picked":"Prepared","floor":45},{"not_picked":["Bane+1","Tactician","Flechettes+1","Crippling Poison"],"picked":"Footwork","floor":47},{"not_picked":["Underhanded Strike","All Out Attack","Dodge and Roll+1","Slice+1"],"picked":"Blade Dance+1","floor":48},{"not_picked":["PiercingWail","Bane+1","Heel Hook+1","Unload","Outmaneuver"],"picked":"SKIP","floor":54}],"player_experience":1168272,"relics_obtained":[{"floor":1.0,"key":"SynthV:TestCard"},{"floor":9.0,"key":"Letter Opener"},{"floor":12.0,"key":"Mercury Hourglass"},{"floor":14.0,"key":"Akabeko"},{"floor":22.0,"key":"Red Mask"},{"floor":23.0,"key":"Replay:Bottled Flurry"},{"floor":25.0,"key":"White Beast Statue"},{"floor":26.0,"key":"reliquary:PurpleTingedLeaf"},{"floor":27.0,"key":"Bottled Lightning"},{"floor":40,"key":"Gremlin Food"},{"floor":42,"key":"Mango"},{"floor":45,"key":"Du-Vu Doll"},{"floor":47,"key":"PreservedInsect"},{"floor":54,"key":"reliquary:BoilingFlask"}],"event_choices":[{"damage_healed":0.0,"max_hp_gain":0.0,"max_hp_loss":0.0,"gold_gain":275.0,"event_name":"Golden Shrine","player_choice":"Desecrate","floor":2.0,"gold_loss":0.0,"damage_taken":0.0,"cards_obtained":["Regret"]},{"damage_healed":0.0,"max_hp_gain":5.0,"max_hp_loss":0.0,"gold_gain":0.0,"event_name":"Forgotten Altar","player_choice":"Shed Blood","floor":21.0,"gold_loss":0.0,"damage_taken":18.0},{"damage_healed":0.0,"max_hp_gain":0.0,"max_hp_loss":0.0,"gold_gain":0.0,"event_name":"Masked Bandits","player_choice":"Fought Bandits","floor":22.0,"gold_loss":0.0,"damage_taken":0.0},{"cards_removed":["Strike_G"],"damage_healed":0,"gold_gain":0,"player_choice":"Removed Attack","damage_taken":0,"max_hp_gain":0,"max_hp_loss":0,"event_name":"Falling","floor":36,"gold_loss":0},{"damage_healed":0,"gold_gain":0,"player_choice":"Embrace Madness","damage_taken":11,"max_hp_gain":0,"max_hp_loss":0,"event_name":"Winding Halls","floor":44,"gold_loss":0,"cards_obtained":["Madness","Madness"]},{"damage_healed":0,"gold_gain":0,"player_choice":"Fight","damage_taken":0,"max_hp_gain":0,"max_hp_loss":0,"event_name":"MindBloom","floor":45,"gold_loss":0}],"is_beta":false,"boss_relics":[{"not_picked":["EE1DDrone","ReplayTheSpireMod:DimensionalGlitch"],"picked":"BloodWine"},{"not_picked":["TimeKeys","RhineFirstAidKit"],"picked":"xbg"}],"items_purged_floors":[7,38,53],"is_endless":false,"potions_floor_spawned":[1,3,13,19,23,25,27,28,29,30,31,33,35,37,39,40,42,45,47,48,54],"ascension_level":1}}