{"host":"f5akwxsmb9r0twid","time":1612720263,"event":{"mods":["BaseMod","Colored Map","Minty Spire (QoL Compilation)"],"gold_per_floor":[117,117,23,37,51,78,78,112,186,29,54,65,65,117,117,117,117],"floor_reached":16,"language":"ENG","playtime":825,"items_purged":["Defend_R"],"score":124,"play_id":"3b2a009a-71c6-4b9d-afdd-e8c3f009d5fe","local_time":"20210207205103","is_ascension_mode":true,"campfire_choices":[{"data":"Heavy Blade","floor":7,"key":"SMITH"},{"data":"1","floor":15,"key":"LIFT"}],"circlet_count":0,"master_deck":["Strike_R","Strike_R","Strike_R","Strike_R","Defend_R","Defend_R","Defend_R","Bash","Dark Shackles","Twin Strike","Exhume","Flex","Rampage","Twin Strike","Heavy Blade+1","Flex","Jack Of All Trades","Rage","Flex"],"relics":["Burning Blood","Unceasing Top","Centennial Puzzle","Mercury Hourglass","Girya","Bag of Preparation"],"acts_visited":["Exordium"],"potions_floor_usage":[4,16,16],"damage_taken":[{"damage":5,"enemies":"Small Slimes","floor":1,"turns":4},{"damage":4,"enemies":"Cultist","floor":4,"turns":4},{"damage":1,"enemies":"2 Louse","floor":5,"turns":3},{"damage":49,"enemies":"Lagavulin","floor":6,"turns":7},{"damage":15,"enemies":"Gremlin Nob","floor":8,"turns":4},{"damage":13,"enemies":"Lagavulin","floor":11,"turns":4},{"damage":0,"enemies":"2 Fungi Beasts","floor":12,"turns":2},{"damage":27,"enemies":"The Guardian","floor":16,"turns":7}],"seed_played":"-2487750640975237790","potions_obtained":[{"floor":4,"key":"Fruit Juice"},{"floor":8,"key":"ElixirPotion"},{"floor":12,"key":"CultistPotion"}],"is_trial":false,"path_per_floor":["M","?","$","M","M","E","R","E","T","$","E","M","?","?","R","B"],"character_chosen":"IRONCLAD","items_purchased":["Flex","Rampage","Jack Of All Trades"],"campfire_rested":0,"item_purchase_floors":[3,3,10],"current_hp_per_floor":[80,80,80,85,85,42,42,33,33,33,26,32,25,25,25,0,0],"gold":117,"neow_bonus":"RANDOM_COLORLESS","is_daily":false,"chose_seed":false,"campfire_upgraded":1,"win_rate":0.0,"timestamp":1612720263,"path_taken":["M","?","$","M","M","E","R","E","T","?","E","M","?","?","R","BOSS"],"items_purchased_type":["Card","Card","Card"],"build_version":"2020-12-22","purchased_purges":1,"victory":false,"max_hp_per_floor":[80,80,80,85,85,85,85,85,85,85,85,85,85,85,85,85,85],"card_choices":[{"not_picked":["Panacea","Mind Blast"],"picked":"Dark Shackles","floor":0},{"not_picked":["Battle Trance","Cleave"],"picked":"Twin Strike","floor":1},{"not_picked":["Fire Breathing","Cleave"],"picked":"Twin Strike","floor":4},{"not_picked":["Shockwave","Hemokinesis","Battle Trance"],"picked":"SKIP","floor":5},{"not_picked":["Combust","Cleave"],"picked":"Heavy Blade","floor":6},{"not_picked":["Wild Strike","Heavy Blade"],"picked":"Flex","floor":8},{"not_picked":["Pommel Strike","Infernal Blade"],"picked":"Rage","floor":11},{"not_picked":["Offering","Carnage"],"picked":"Flex","floor":12}],"player_experience":283911,"relics_obtained":[{"floor":6,"key":"Unceasing Top"},{"floor":8,"key":"Centennial Puzzle"},{"floor":9,"key":"Mercury Hourglass"},{"floor":11,"key":"Girya"}],"event_choices":[{"damage_healed":0,"gold_gain":0,"cards_transformed":["Strike_R"],"player_choice":"Transformed","damage_taken":0,"max_hp_gain":0,"max_hp_loss":0,"event_name":"Transmorgrifier","floor":2,"gold_loss":0,"cards_obtained":["Exhume"]},{"damage_healed":0,"gold_gain":0,"player_choice":"Success","damage_taken":7,"relics_obtained":["Bag of Preparation"],"max_hp_gain":0,"max_hp_loss":0,"event_name":"Scrap Ooze","floor":13,"gold_loss":0},{"damage_healed":0,"gold_gain":52,"player_choice":"Gained Gold","damage_taken":0,"max_hp_gain":0,"max_hp_loss":0,"event_name":"Golden Wing","floor":14,"gold_loss":0}],"is_beta":false,"boss_relics":[],"items_purged_floors":[10],"is_endless":false,"potions_floor_spawned":[4,8,12],"killed_by":"The Guardian","ascension_level":1}}