{"host":"xltl1aroowo69o4n","time":1612676555,"event":{"mods":["BaseMod","Colored Map","Colored Powertips","Downfall","Marisa????????","Minty Spire (QoL Compilation)","StSLib","The Cursed","The Hierophant","The Mystic","The Necromancer"],"gold_per_floor":[99,118,134,39,39,57,108,66,66,66,96,81,81,159,187,298,298,98,119,119,119,148,170,170,84,84,84,102,118,118,153,169,169,169],"floor_reached":33,"language":"ENG","playtime":3029,"items_purged":["Regret"],"score":290,"play_id":"f448c3d1-00e7-445d-8a34-d93c18cd12b2","local_time":"20210207004235","is_ascension_mode":false,"campfire_choices":[{"data":"TreasureHunter","floor":1,"key":"SMITH"},{"floor":10,"key":"RECALL"},{"floor":13,"key":"REST"},{"data":"MysteriousBeam","floor":18,"key":"SMITH"},{"floor":26,"key":"REST"}],"circlet_count":0,"master_deck":["Strike_MRS+1","Strike_MRS+1","Strike_MRS+1","Strike_MRS+1","Defend_MRS+1","Defend_MRS+1","Defend_MRS+1","Defend_MRS+1","MasterSpark","UpSweep","TreasureHunter+1","IllusionStar","ChargingUp","DC","PowerUp","GrandCross","MilkyWay+1","EventHorizon","DoubleSpark","MysteriousBeam+1","Robbery","EnergyRecoil","UltimateShortwave","GravityBeat+1","PropBag","EarthLightRay+1","WitchOfGreed","expansioncontent:QuickStudy","Bandage Up","OneTimeOff","GalacticHalo","OortCloud","GravityBeat+1","6A","BlazingStar"],"relics":["MiniHakkero","Regal Pillow","Kunai","Whetstone","Oddly Smooth Stone","White Beast Statue","SacredBark","downfall:HeartBlessingRed","downfall:HeartBlessingGreen","Nilry\u0027s Codex","Darkstone Periapt","Orichalcum","Blue Candle"],"acts_visited":["Exordium","TheCity"],"potions_floor_usage":[16,23,25,25,25,25,31,31,33,33,33],"damage_taken":[{"damage":0,"enemies":"2 Louse","floor":2,"turns":2},{"damage":3,"enemies":"Jaw Worm","floor":3,"turns":3},{"damage":0,"enemies":"downfall:FleeingMerchant","floor":4,"turns":4},{"damage":0,"enemies":"Small Slimes","floor":6,"turns":2},{"damage":1,"enemies":"downfall:FleeingMerchant","floor":8,"turns":4},{"damage":25,"enemies":"3 Sentries","floor":11,"turns":8},{"damage":6,"enemies":"downfall:FleeingMerchant","floor":12,"turns":4},{"damage":10,"enemies":"Exordium Thugs","floor":15,"turns":5},{"damage":54,"enemies":"DF_ARCHETYPE_STREAMLINE","floor":16,"turns":9},{"damage":22,"enemies":"3 Byrds","floor":19,"turns":5},{"damage":0,"enemies":"Chosen","floor":22,"turns":3},{"damage":18,"enemies":"Shelled Parasite and Fungi","floor":23,"turns":5},{"damage":0,"enemies":"downfall:FleeingMerchant","floor":25,"turns":4},{"damage":10,"enemies":"Cultist and Chosen","floor":28,"turns":4},{"damage":17,"enemies":"Snake Plant","floor":29,"turns":3},{"damage":21,"enemies":"Gremlin Leader","floor":31,"turns":6},{"damage":0,"enemies":"Snecko","floor":32,"turns":5},{"damage":73,"enemies":"SI_MIRROR_ARCHETYPE","floor":33,"turns":12}],"seed_played":"2909914298244311671","potions_obtained":[{"floor":2,"key":"DuplicationPotion"},{"floor":3,"key":"Swift Potion"},{"floor":15,"key":"Explosive Potion"},{"floor":16,"key":"Strength Potion"},{"floor":22,"key":"Ancient Potion"},{"floor":23,"key":"EntropicBrew"},{"floor":25,"key":"FearPotion"},{"floor":31,"key":"Block Potion"},{"floor":32,"key":"bronze:BurnAndBuffPotion"}],"is_trial":false,"path_per_floor":["R","M","M","$","?","M","T","$","?","R","E","$","R","T","M","B",null,"R","M","?","?","M","M","T","$","R","$","M","M","?","E","M","B"],"character_chosen":"MARISA","items_purchased":["PowerUp","GrandCross","DoubleSpark","expansioncontent:QuickStudy","Bandage Up","OneTimeOff","GalacticHalo"],"campfire_rested":2,"item_purchase_floors":[4,4,8,25,25,25,25],"current_hp_per_floor":[68,68,65,65,65,65,65,64,64,64,39,33,68,68,58,4,68,68,46,30,30,30,12,12,18,53,53,49,38,38,27,37,0,0],"gold":169,"neow_bonus":"THREE_RARE_CARDS","is_daily":false,"chose_seed":false,"campfire_upgraded":2,"win_rate":0.0,"timestamp":1612676555,"path_taken":["R","M","M","$","?","M","T","$","?","R","E","?","R","?","M","BOSS","R","M","?","?","M","?","T","$","R","$","M","M","?","E","M","BOSS"],"items_purchased_type":["Card","Card","Card","Card","Card","Card","Card"],"build_version":"2020-12-13","purchased_purges":1,"victory":false,"max_hp_per_floor":[68,68,68,68,68,68,68,68,68,68,68,68,68,68,68,68,68,68,68,68,68,68,68,68,68,68,68,68,68,68,68,68,68,68],"card_choices":[{"not_picked":["ManaRampage","MaximisePower"],"picked":"TreasureHunter","floor":0},{"not_picked":["DarkSpark","GasGiant"],"picked":"IllusionStar","floor":2},{"not_picked":["Acceleration","RefractionSpark"],"picked":"ChargingUp","floor":3},{"not_picked":["SporeBomb","GravityBeat"],"picked":"DC","floor":4},{"not_picked":["DoubleSpark","TreasureHunter"],"picked":"MilkyWay","floor":6},{"not_picked":["LuminesStrike","DC"],"picked":"EventHorizon","floor":8},{"not_picked":["IllusionStar","DeepEcoloBomb"],"picked":"MysteriousBeam","floor":11},{"not_picked":["GrandCross","WitchLeyline"],"picked":"Robbery","floor":12},{"not_picked":["IllusionStar","UnstableBomb"],"picked":"EnergyRecoil","floor":15},{"not_picked":["EscapeVelocity","SuperNova"],"picked":"UltimateShortwave","floor":16},{"not_picked":["MachineGunSpark","IllusionStar"],"picked":"GravityBeat+1","floor":19},{"not_picked":["OrrerysSun","PulseMagic"],"picked":"PropBag","floor":22},{"not_picked":["MeteoricShower","StarlightTyphoon"],"picked":"EarthLightRay+1","floor":23},{"not_picked":["DoubleSpark","GasGiant"],"picked":"WitchOfGreed","floor":25},{"not_picked":["ShootingEcho","AlicesGift"],"picked":"OortCloud","floor":28},{"not_picked":["MysteriousBeam","MilkyWay"],"picked":"GravityBeat+1","floor":29},{"not_picked":["DC","Occultation"],"picked":"6A","floor":31},{"not_picked":["WitchLeyline","DarkMatter"],"picked":"BlazingStar","floor":32}],"player_experience":130881,"relics_obtained":[{"floor":11,"key":"Whetstone"},{"floor":11,"key":"Oddly Smooth Stone"},{"floor":14,"key":"White Beast Statue"},{"floor":20,"key":"Nilry\u0027s Codex"},{"floor":24,"key":"Darkstone Periapt"},{"floor":31,"key":"Orichalcum"}],"event_choices":[{"damage_healed":0,"gold_gain":0,"player_choice":"Box","damage_taken":0,"relics_obtained":["Regal Pillow"],"max_hp_gain":0,"max_hp_loss":0,"event_name":"Big Fish","floor":5,"gold_loss":0,"cards_obtained":["Regret"]},{"damage_healed":0,"gold_gain":0,"player_choice":"Simplicity","damage_taken":0,"max_hp_gain":0,"max_hp_loss":0,"event_name":"Back to Basics","floor":30,"gold_loss":0,"cards_upgraded":["Strike_MRS","Strike_MRS","Defend_MRS","Defend_MRS","Defend_MRS","Defend_MRS"]}],"is_beta":false,"boss_relics":[{"not_picked":["Astrolabe","Busted Crown"],"picked":"SacredBark"}],"items_purged_floors":[25],"is_endless":false,"potions_floor_spawned":[2,3,15,16,19,22,23,25,28,29,31,32],"killed_by":"SI_MIRROR_ARCHETYPE","ascension_level":0}}