{"host":"1dj9npbb6xcuhhm7","time":1612730388,"event":{"mods":["BaseMod","Colored Map","Colored Powertips","Downfall","Highlight Path","Marisa????????","Minty Spire (QoL Compilation)","StSLib"],"gold_per_floor":[116,130,149,3,22,52,52,86,138,138,0,0,30,105,105,203,203,220,220,18,34,53,81,81,96,96,48,48,48,48],"floor_reached":29,"language":"ENG","playtime":1372,"items_purged":["champ:EndlessRage"],"score":251,"play_id":"0c3db11b-e4b9-4f50-a454-eab2f20d7934","local_time":"20210207143948","daily_mods":["Flight"],"is_ascension_mode":false,"campfire_choices":[{"floor":7,"key":"REST"},{"floor":10,"key":"REST"},{"data":"Capacitor","floor":12,"key":"SMITH"},{"floor":15,"key":"REST"},{"floor":24,"key":"REST"},{"floor":28,"key":"REST"}],"circlet_count":0,"master_deck":["Defend_B","Defend_B","Defend_B+1","Defend_B","Zap","Dualcast","Turbo","Hello World","Hologram","Rebound","White Noise+1","Sweeping Beam","Capacitor+1","FTL","hexamod:WildfireWeapon","Core Surge+1","Ball Lightning+1","Loop+1","Purity","Defragment","Slimebound:Grow","Guardian:Gem_Synthetic","sneckomod:QuickBite","Heatsinks","Conserve Battery"],"relics":["Cracked Core","Membership Card","Bag of Marbles","Mummified Hand","War Paint","PrismaticShard","Odd Mushroom","Astrolabe","Matryoshka","hexamod:BolsterEngine","Blood Vial","Shuriken"],"acts_visited":["Exordium","TheCity"],"potions_floor_usage":[8,23,23,29,29],"damage_taken":[{"damage":0.0,"enemies":"Small Slimes","floor":1.0,"turns":2.0},{"damage":0.0,"enemies":"2 Louse","floor":2.0,"turns":2.0},{"damage":0.0,"enemies":"Cultist","floor":3.0,"turns":3.0},{"damage":23,"enemies":"Gremlin Gang","floor":5,"turns":5},{"damage":41,"enemies":"Lagavulin","floor":6,"turns":7},{"damage":17,"enemies":"3 Sentries","floor":8,"turns":7},{"damage":0,"enemies":"The Mushroom Lair","floor":13,"turns":1},{"damage":47,"enemies":"Hexaghost","floor":16,"turns":9},{"damage":0,"enemies":"Chosen","floor":18,"turns":5},{"damage":12,"enemies":"Shell Parasite","floor":21,"turns":4},{"damage":20,"enemies":"Centurion and Healer","floor":22,"turns":5},{"damage":33,"enemies":"Book of Stabbing","floor":23,"turns":5},{"damage":17,"enemies":"Snake Plant","floor":25,"turns":5},{"damage":43,"enemies":"Slavers","floor":29,"turns":3}],"seed_played":"-6905492110345628444","potions_obtained":[{"floor":2.0,"key":"Fire Potion"},{"floor":6,"key":"Fire Potion"},{"floor":8,"key":"SteroidPotion"},{"floor":22,"key":"EssenceOfSteel"},{"floor":25,"key":"Strength Potion"}],"is_trial":true,"path_per_floor":["M","M","M","$","M","E","R","E","T","R","$","R","?","?","R","B",null,"M","?","$","M","M","E","R","M","T","$","R","E"],"character_chosen":"DEFECT","items_purchased":["Membership Card","PrismaticShard","Capacitor","FTL","Defragment","Matryoshka","Heatsinks","Conserve Battery"],"campfire_rested":5,"item_purchase_floors":[4,11,11,11,20,20,27,27],"current_hp_per_floor":[75,75,75,75,52,11,33,16,16,38,38,38,38,27,49,2,75,75,75,75,63,43,10,32,15,15,15,37,0,0],"gold":48,"neow_bonus":"","is_daily":false,"chose_seed":false,"campfire_upgraded":1,"win_rate":0.0,"timestamp":1612730388,"path_taken":["M","M","M","$","M","E","R","E","T","R","$","R","?","?","R","BOSS","M","?","$","?","?","E","R","M","T","$","R","E"],"items_purchased_type":["Relic","Relic","Card","Card","Card","Relic","Card","Card"],"build_version":"2020-12-22","purchased_purges":1,"victory":false,"max_hp_per_floor":[75,75,75,75,75,75,75,75,75,75,75,75,75,75,75,75,75,75,75,75,75,75,75,75,75,75,75,75,75,75],"card_choices":[{"not_picked":["Streamline","Darkness"],"picked":"Turbo","floor":1.0},{"not_picked":["Rebound","Leap"],"picked":"Hello World","floor":2.0},{"not_picked":["Streamline","Cold Snap"],"picked":"Hologram","floor":3.0},{"not_picked":["Compile Driver","Steam Power"],"picked":"Rebound","floor":5},{"not_picked":["Conserve Battery","Glacier"],"picked":"White Noise","floor":6},{"not_picked":["Turbo","Steam Power"],"picked":"Sweeping Beam","floor":8},{"not_picked":["OrrerysSun","bronze:DelayedSlice"],"picked":"champ:EndlessRage","floor":13},{"not_picked":["Corruption","Slimebound:Darklings"],"picked":"hexamod:WildfireWeapon","floor":16},{"not_picked":["Ball Lightning","Streamline"],"picked":"Purity","floor":18},{"not_picked":["Mind Blast+1","bronze:Allocate","Sever Soul"],"picked":"SKIP","floor":21},{"not_picked":["Guardian:Suspension","hexamod:Firestarter+1"],"picked":"Slimebound:Grow","floor":22},{"not_picked":["Guardian:TemporalShield","champ:CrownThrow"],"picked":"Guardian:Gem_Synthetic","floor":23},{"not_picked":["Slimebound:SplitBruiser","expansioncontent:HyperBeam"],"picked":"sneckomod:QuickBite","floor":25}],"player_experience":26609,"relics_obtained":[{"floor":6,"key":"Bag of Marbles"},{"floor":8,"key":"Mummified Hand"},{"floor":9,"key":"War Paint"},{"floor":13,"key":"Odd Mushroom"},{"floor":23,"key":"hexamod:BolsterEngine"},{"floor":26,"key":"Blood Vial"},{"floor":26,"key":"Shuriken"}],"event_choices":[{"damage_healed":0,"gold_gain":0,"player_choice":"Fought Mushrooms","damage_taken":0,"max_hp_gain":0,"max_hp_loss":0,"event_name":"Mushrooms","floor":13,"gold_loss":0},{"damage_healed":0,"gold_gain":75,"player_choice":"Gather Gold","damage_taken":11,"max_hp_gain":0,"max_hp_loss":0,"event_name":"World of Goop","floor":14,"gold_loss":0},{"cards_removed":["Strike_B"],"damage_healed":0,"gold_gain":0,"player_choice":"Offered Basic","damage_taken":0,"max_hp_gain":0,"max_hp_loss":0,"event_name":"Bonfire Elementals","floor":19,"gold_loss":0}],"is_beta":false,"boss_relics":[{"not_picked":["Coffee Dripper","sneckomod:SneckoTalon"],"picked":"Astrolabe"}],"items_purged_floors":[20],"is_endless":true,"potions_floor_spawned":[2,6,8,22,25],"killed_by":"Slavers","ascension_level":0}}