{"host":"c02dmb09vpgjjjz3","time":1612732264,"event":{"mods":["100% Spire Juice","Act Like it!","Astrologer","BaseMod","Better Note","Better Sensory Stone","CapriCore","Colored Map","Conspire","Elementarium","Gensokyo","GifTheSpireLib","GungeonMod","Hallownest","Jorbs\u0027s Wanderer Trilogy","Magitek Elite","Marisa????????","Minty Spire (QoL Compilation)","Permanent Neow","Replay The Spire","Robot Space Explorer","Somnambulant","StSLib","Stuff the Spire","The Animator","The Elementalist","The Forsaken","The Hierophant","The Immortal","The Jungle","The Marked","The Runesmith","TheFirefly"],"gold_per_floor":[119,1,208,208,224,224,224],"floor_reached":6,"language":"ENG","playtime":236,"items_purged":[],"score":34,"play_id":"675421de-763a-47b3-a745-0ce84b684046","local_time":"20210207151104","is_ascension_mode":false,"campfire_choices":[],"circlet_count":0,"master_deck":["theForsaken:TheForsaken_Strike","theForsaken:TheForsaken_Strike","theForsaken:TheForsaken_Strike","theForsaken:TheForsaken_Strike","theForsaken:TheForsaken_Defend","theForsaken:TheForsaken_Defend","theForsaken:TheForsaken_Defend","theForsaken:TheForsaken_Defend","theForsaken:Smite","theForsaken:Penitence","Gensokyo:CrescentMoonSlash","theForsaken:QuickAttack","Gensokyo:BlemishedSteel","theForsaken:MagicWeapon","theForsaken:RainingSunlight"],"relics":["theForsaken:JudgementScales","elementalistmod:GreenCirclet","Bag of Preparation"],"acts_visited":["Gensokyo:Gensokyo"],"potions_floor_usage":[],"damage_taken":[{"damage":4,"enemies":"Gensokyo:2_Kodama","floor":1,"turns":2},{"damage":3,"enemies":"Gensokyo:3_Fairies","floor":5,"turns":5},{"damage":35,"enemies":"Gensokyo:Cirno","floor":6,"turns":5}],"seed_played":"3037922051152098705","potions_obtained":[],"is_trial":false,"path_per_floor":["M","COS","?","?","M","E"],"character_chosen":"THE_FORSAKEN","items_purchased":[],"campfire_rested":0,"item_purchase_floors":[],"current_hp_per_floor":[52,52,36,36,33,0,0],"gold":224,"neow_bonus":"RANDOM_EVENT","is_daily":false,"chose_seed":false,"campfire_upgraded":0,"win_rate":0.0,"timestamp":1612732264,"path_taken":["M","COS","?","?","M","E"],"items_purchased_type":[],"build_version":"2020-12-22","purchased_purges":0,"victory":false,"max_hp_per_floor":[65,65,65,65,65,65,65],"card_choices":[{"not_picked":["theForsaken:Riposte","theForsaken:Bolster"],"picked":"theForsaken:QuickAttack","floor":1},{"not_picked":["theForsaken:NobleSacrifice","theForsaken:ShieldCharge"],"picked":"theForsaken:MagicWeapon","floor":3},{"not_picked":["theForsaken:HymnOfPatience","theForsaken:MagicWeapon"],"picked":"theForsaken:RainingSunlight","floor":5}],"player_experience":426600,"relics_obtained":[],"event_choices":[],"is_beta":false,"boss_relics":[],"items_purged_floors":[],"is_endless":false,"potions_floor_spawned":[],"killed_by":"Gensokyo:Cirno","ascension_level":0}}