{"host":"3a1ypf1irl30q4k8","time":1612735228,"event":{"mods":["AchievementEnabler","BaseMod","Bestiary","Minty Spire (QoL Compilation)","Relic Stats","ojb\u0027s Better Paths Mod","ojb\u0027s Info Mod"],"gold_per_floor":[116,131,141,155,168,168,168,178,224,253,253,264,264,282,282,380,380,397,397,14,14,214,214,248,248,248,275,275,275],"floor_reached":28,"language":"ENG","playtime":1794,"items_purged":["Decay"],"score":323,"play_id":"7eb5cff0-f1d3-4c14-8f8f-10e2644bf226","local_time":"20210207220028","is_ascension_mode":true,"campfire_choices":[{"data":"Searing Blow","floor":6.0,"key":"SMITH"},{"data":"Berserk","floor":11.0,"key":"SMITH"},{"data":"Searing Blow+1","floor":13.0,"key":"SMITH"},{"floor":15.0,"key":"REST"},{"data":"Power Through","floor":23.0,"key":"SMITH"},{"floor":25.0,"key":"REST"}],"circlet_count":0,"master_deck":["Defend_R","Defend_R","Defend_R","Bash","Battle Trance","Berserk+1","Warcry","Metallicize","Sever Soul","Searing Blow+2","Iron Wave","Headbutt","Seeing Red","Flame Barrier","Uppercut","Reaper","Cleave+1","Shrug It Off+1","Sentinel+1","Masterful Stab+1","Fire Breathing","Power Through+1","Shrug It Off+1"],"relics":["Burning Blood","Toy Ornithopter","Turnip","Astrolabe","Bronze Scales","Darkstone Periapt","Potion Belt"],"acts_visited":["Exordium","TheCity"],"potions_floor_usage":[27],"damage_taken":[{"damage":9.0,"enemies":"Cultist","floor":1.0,"turns":3.0},{"damage":9.0,"enemies":"Jaw Worm","floor":2.0,"turns":4.0},{"damage":6.0,"enemies":"2 Louse","floor":3.0,"turns":4.0},{"damage":17.0,"enemies":"Exordium Thugs","floor":4.0,"turns":6.0},{"damage":13.0,"enemies":"Blue Slaver","floor":5.0,"turns":2.0},{"damage":11.0,"enemies":"Looter","floor":8.0,"turns":3.0},{"damage":20.0,"enemies":"3 Sentries","floor":10.0,"turns":9.0},{"damage":23.0,"enemies":"Lots of Slimes","floor":12.0,"turns":5.0},{"damage":10.0,"enemies":"Blue Slaver","floor":14.0,"turns":4.0},{"damage":33.0,"enemies":"The Guardian","floor":16.0,"turns":13.0},{"damage":21.0,"enemies":"Chosen","floor":18.0,"turns":8.0},{"damage":54.0,"enemies":"Gremlin Leader","floor":24.0,"turns":6.0},{"damage":46,"enemies":"Slavers","floor":27,"turns":7},{"damage":18,"enemies":"3 Byrds","floor":28,"turns":2}],"seed_played":"5433671824379817840","potions_obtained":[{"floor":1.0,"key":"DistilledChaos"},{"floor":4.0,"key":"ColorlessPotion"},{"floor":5.0,"key":"Ancient Potion"},{"floor":14.0,"key":"BloodPotion"},{"floor":18.0,"key":"Block Potion"}],"is_trial":false,"path_per_floor":["M","M","M","M","M","R","?","M","T","E","R","M","R","M","R","B",null,"M","?","$","?","?","R","E","R","T","E","M"],"character_chosen":"IRONCLAD","items_purchased":["Fire Breathing","Power Through","Bronze Scales"],"campfire_rested":2,"item_purchase_floors":[20,20,20],"current_hp_per_floor":[77,74,74,63,56,56,49,44,44,30,30,13,13,9,33,27,67,56,56,56,56,56,56,12,36,36,13,0,0],"gold":275,"neow_bonus":"TRANSFORM_TWO_CARDS","is_daily":false,"chose_seed":false,"campfire_upgraded":4,"win_rate":0.0,"timestamp":1612735228,"path_taken":["M","M","M","?","M","R","?","M","T","E","R","M","R","M","R","BOSS","M","?","?","?","?","R","E","R","T","E","M"],"items_purchased_type":["Card","Card","Relic"],"build_version":"2020-12-22","purchased_purges":1,"victory":false,"max_hp_per_floor":[80,80,80,80,80,80,80,80,80,80,80,80,80,80,80,80,80,80,80,80,80,80,80,80,80,80,80,80,80],"relic_stats":{"Darkstone Periapt":0,"counters":[14,76],"Astrolabe":["Cleave","Sentinel","Shrug It Off"],"Bronze Scales":[86],"Turnip":[0],"obtain_stats":[{"Darkstone Periapt":24,"Potion Belt":27,"Astrolabe":17,"Bronze Scales":20,"Turnip":10,"Burning Blood":0,"Toy Ornithopter":9},{"Darkstone Periapt":12,"Potion Belt":13,"Astrolabe":10,"Bronze Scales":11,"Turnip":7,"Burning Blood":0,"Toy Ornithopter":6},{"Darkstone Periapt":67,"Potion Belt":74,"Astrolabe":53,"Bronze Scales":61,"Turnip":31,"Burning Blood":0,"Toy Ornithopter":22}],"Burning Blood":78,"Toy Ornithopter":10},"card_choices":[{"not_picked":["Battle Trance","Clash"],"picked":"Warcry","floor":1.0},{"not_picked":["Heavy Blade","Warcry"],"picked":"Metallicize","floor":2.0},{"not_picked":["Thunderclap","Infernal Blade"],"picked":"Sever Soul","floor":3.0},{"not_picked":["Clothesline","Rupture"],"picked":"Searing Blow","floor":4.0},{"not_picked":["Cleave","Armaments"],"picked":"Iron Wave","floor":5.0},{"not_picked":["Iron Wave","Pommel Strike"],"picked":"Headbutt","floor":8.0},{"not_picked":["Havoc","Clothesline"],"picked":"Seeing Red","floor":10.0},{"not_picked":["Armaments","Warcry"],"picked":"Flame Barrier","floor":12.0},{"not_picked":["Barricade","Perfected Strike"],"picked":"Uppercut","floor":14.0},{"not_picked":["Offering","Bludgeon"],"picked":"Reaper","floor":16.0},{"not_picked":["Sword Boomerang","Wild Strike"],"picked":"Sentinel+1","floor":18.0},{"not_picked":["True Grit","Bloodletting"],"picked":"Shrug It Off+1","floor":24.0},{"not_picked":["Evolve","Rage","Battle Trance"],"picked":"SKIP","floor":27}],"player_experience":1361555,"relics_obtained":[{"floor":9.0,"key":"Toy Ornithopter"},{"floor":10.0,"key":"Turnip"},{"floor":24.0,"key":"Darkstone Periapt"},{"floor":27,"key":"Potion Belt"}],"event_choices":[{"cards_removed":["Strike_R"],"damage_healed":0.0,"max_hp_gain":0.0,"max_hp_loss":0.0,"gold_gain":0.0,"event_name":"Golden Wing","player_choice":"Card Removal","floor":7.0,"gold_loss":0.0,"damage_taken":7.0},{"cards_removed":["Sentinel"],"damage_healed":0.0,"max_hp_gain":0.0,"max_hp_loss":0.0,"gold_gain":0.0,"event_name":"NoteForYourself","player_choice":"Took Card","floor":19.0,"gold_loss":0.0,"damage_taken":0.0,"cards_obtained":["Masterful Stab"]},{"damage_healed":0.0,"max_hp_gain":0.0,"max_hp_loss":0.0,"gold_gain":0.0,"event_name":"Ghosts","player_choice":"Ignored","floor":21.0,"gold_loss":0.0,"damage_taken":0.0},{"damage_healed":0.0,"max_hp_gain":0.0,"max_hp_loss":0.0,"gold_gain":200.0,"event_name":"Wheel of Change","player_choice":"Gold","floor":22.0,"gold_loss":0.0,"damage_taken":0.0}],"is_beta":false,"boss_relics":[{"not_picked":["Mark of Pain","SlaversCollar"],"picked":"Astrolabe"}],"items_purged_floors":[20],"is_endless":false,"potions_floor_spawned":[1,4,5,14,18],"killed_by":"3 Byrds","ascension_level":5}}