{"host":"wbs0wzz0alz01mnq","time":1612734538,"event":{"mods":["BaseMod","Googly Eyes","Highlight Path","Minty Spire (QoL Compilation)","Robot Space Explorer","StSLib"],"gold_per_floor":[118,118,134,154,168,168,168,168,168,168,11,26,26,56,56,156,156,174,40,40,40,40,40,58,58,58,58,58],"floor_reached":27,"language":"ENG","playtime":878,"items_purged":[],"score":234,"play_id":"5050ff1d-592e-4f72-aed7-bed210fdbba2","local_time":"20210207164858","is_ascension_mode":false,"campfire_choices":[{"data":"RobotSpaceExplorer:ExhaustFan","floor":6,"key":"SMITH"},{"data":"RobotSpaceExplorer:StunGrenade","floor":8,"key":"SMITH"},{"data":"RobotSpaceExplorer:ShovelStrike","floor":10,"key":"SMITH"},{"data":"RobotSpaceExplorer:Explosion","floor":15,"key":"SMITH"},{"data":"RobotSpaceExplorer:Reload","floor":23,"key":"SMITH"},{"data":"RobotSpaceExplorer:MiniBoosters","floor":25,"key":"SMITH"}],"circlet_count":0,"master_deck":["RobotSpaceExplorer:Strike","RobotSpaceExplorer:Strike","RobotSpaceExplorer:Strike","RobotSpaceExplorer:Strike","RobotSpaceExplorer:Defend","RobotSpaceExplorer:Defend","RobotSpaceExplorer:Defend","RobotSpaceExplorer:Defend","RobotSpaceExplorer:Scan","RobotSpaceExplorer:MiniLasers","RobotSpaceExplorer:ShovelStrike+1","RobotSpaceExplorer:StunGrenade+1","RobotSpaceExplorer:FreezeRay+1","RobotSpaceExplorer:ExhaustFan+1","RobotSpaceExplorer:Reload+1","RobotSpaceExplorer:Explosion+1","RobotSpaceExplorer:Autoloader","RobotSpaceExplorer:SurgingStrike","RobotSpaceExplorer:MiniBoosters+1","RobotSpaceExplorer:GlueShot","RobotSpaceExplorer:RigExplosive"],"relics":["RobotSpaceExplorer:RoboCore","NeowsBlessing","Pear","RobotSpaceExplorer:SlideRule","Kunai","Black Star","Unceasing Top"],"acts_visited":["Exordium","TheCity"],"potions_floor_usage":[27,27],"damage_taken":[{"damage":0,"enemies":"Jaw Worm","floor":1,"turns":1},{"damage":0,"enemies":"Cultist","floor":3,"turns":1},{"damage":0,"enemies":"Small Slimes","floor":4,"turns":1},{"damage":4,"enemies":"Exordium Wildlife","floor":5,"turns":4},{"damage":9,"enemies":"2 Fungi Beasts","floor":12,"turns":3},{"damage":1,"enemies":"Lagavulin","floor":14,"turns":5},{"damage":19,"enemies":"The Guardian","floor":16,"turns":8},{"damage":4,"enemies":"Chosen","floor":18,"turns":4},{"damage":52,"enemies":"2 Thieves","floor":24,"turns":5},{"damage":13,"enemies":"3 Cultists","floor":27,"turns":2}],"seed_played":"3815542229884778482","potions_obtained":[{"floor":2,"key":"Ancient Potion"},{"floor":2,"key":"DuplicationPotion"},{"floor":2,"key":"BlessingOfTheForge"},{"floor":12,"key":"PowerPotion"}],"is_trial":false,"path_per_floor":["M","?","M","M","M","R","?","R","T","R","$","M","$","E","R","B",null,"M","$","?","?","?","R","M","R","T","M"],"character_chosen":"RobotSpaceExplorer","items_purchased":["RobotSpaceExplorer:SlideRule","RobotSpaceExplorer:MiniBoosters","RobotSpaceExplorer:GlueShot"],"campfire_rested":0,"item_purchase_floors":[11,19,19],"current_hp_per_floor":[75,75,75,75,71,71,71,71,81,81,81,72,72,71,71,52,85,81,81,81,65,65,65,13,13,13,0,0],"gold":58,"neow_bonus":"THREE_ENEMY_KILL","is_daily":false,"chose_seed":false,"campfire_upgraded":6,"win_rate":0.0,"timestamp":1612734538,"path_taken":["M","?","M","?","M","R","?","R","T","R","?","M","?","E","R","BOSS","M","$","?","?","?","R","?","R","T","M"],"items_purchased_type":["Relic","Card","Card"],"build_version":"2020-12-22","purchased_purges":0,"victory":false,"max_hp_per_floor":[75,75,75,75,75,75,75,75,85,85,85,85,85,85,85,85,85,85,85,85,90,90,90,90,90,90,90,90],"card_choices":[{"not_picked":["RobotSpaceExplorer:ShockKick","RobotSpaceExplorer:Calculate"],"picked":"RobotSpaceExplorer:ShovelStrike","floor":1},{"not_picked":["RobotSpaceExplorer:MetalStrike","RobotSpaceExplorer:DoubleFind"],"picked":"RobotSpaceExplorer:StunGrenade","floor":3},{"not_picked":["RobotSpaceExplorer:TurboDodge","RobotSpaceExplorer:FrostMissile"],"picked":"RobotSpaceExplorer:FreezeRay","floor":4},{"not_picked":["RobotSpaceExplorer:ScrapMissile","RobotSpaceExplorer:SlimeMissile"],"picked":"RobotSpaceExplorer:ExhaustFan","floor":5},{"not_picked":["RobotSpaceExplorer:JunkDive","RobotSpaceExplorer:Asteroid"],"picked":"RobotSpaceExplorer:Reload","floor":12},{"not_picked":["RobotSpaceExplorer:MakeshiftVolley","RobotSpaceExplorer:SwiftStep"],"picked":"RobotSpaceExplorer:Explosion","floor":14},{"not_picked":["RobotSpaceExplorer:HighVoltage","RobotSpaceExplorer:Multitool"],"picked":"RobotSpaceExplorer:Autoloader","floor":16},{"not_picked":["RobotSpaceExplorer:Electroshield","RobotSpaceExplorer:FranticSearch+1"],"picked":"RobotSpaceExplorer:SurgingStrike","floor":18},{"not_picked":["RobotSpaceExplorer:ScrapShield","RobotSpaceExplorer:Electroshield+1"],"picked":"RobotSpaceExplorer:RigExplosive","floor":24}],"player_experience":9060,"relics_obtained":[{"floor":9,"key":"Pear"},{"floor":14,"key":"Kunai"},{"floor":26,"key":"Unceasing Top"}],"event_choices":[{"damage_healed":0,"gold_gain":0,"player_choice":"Got Potions","damage_taken":0,"max_hp_gain":0,"max_hp_loss":0,"event_name":"Lab","floor":2,"gold_loss":0},{"damage_healed":0,"gold_gain":0,"player_choice":"Grow","damage_taken":0,"max_hp_gain":0,"max_hp_loss":0,"event_name":"Living Wall","floor":7,"gold_loss":0,"cards_upgraded":["RobotSpaceExplorer:FreezeRay"]},{"damage_healed":0,"gold_gain":0,"player_choice":"Ignored","damage_taken":0,"max_hp_gain":0,"max_hp_loss":0,"event_name":"Ghosts","floor":20,"gold_loss":0},{"damage_healed":0,"gold_gain":0,"player_choice":"Shed Blood","damage_taken":21,"max_hp_gain":5,"max_hp_loss":0,"event_name":"Forgotten Altar","floor":21,"gold_loss":0},{"cards_removed":["Iron Wave"],"damage_healed":0,"gold_gain":0,"player_choice":"Took Card","damage_taken":0,"max_hp_gain":0,"max_hp_loss":0,"event_name":"NoteForYourself","floor":22,"gold_loss":0,"cards_obtained":["Iron Wave"]}],"is_beta":false,"boss_relics":[{"not_picked":["Ectoplasm","Coffee Dripper"],"picked":"Black Star"}],"items_purged_floors":[],"is_endless":false,"potions_floor_spawned":[5,12,14,16,24],"killed_by":"3 Cultists","ascension_level":0}}