{"host":"stku21i8hhz5zha4","time":1612717352,"event":{"mods":["2.2 Compatiblity","AchievementEnabler","Aspiration","Bard","BaseMod","Bestiary","Better Altar","Better Match","Better Note","Better Sensory Stone","Better Skull","Better Third Choice","Better Vampires","Booster Modes","Bossed Relics","Challenge The Spire","Clawfect","Colored Map","Colored Powertips","Colorless Booster Pack","Conspire","Curses Come First","Dark Map","Displayed Cursed Tome","Downfall","Energized Spire","Fox Events","Friendly Minions","GifTheSpireLib","Halation","Hermit","Hubris","Infinite Spire","Jedi Mod","Jess\u0027s Bottle","Jorbs\u0027s Wanderer Trilogy","Marked Mod","Minty Spire (QoL Compilation)","Permanent Neow","Quick Restart","Rare Cards Sparkle","Relic Sorter","Reliquary","Replay The Spire","Retaliation","Shop Mod","Spikes Relics","Spire Arcade","StS++","StSLib","Stuff the Spire","The Blue Laboratory","The Cursed","The Hierophant","The Marked","The Poker Player","The Runesmith","The Servant 0.9.4","Trackpad","Transform Curses","Uncapped","Unknown Chances","Virulent Crown","Wandering Minibosses"],"gold_per_floor":[109,126,137,147,164,199,211,242,290,290,290,324,335,335,335,439,389,404,420,420,14,14,14,14],"floor_reached":23,"language":"ENG","playtime":1103,"items_purged":["Strike_G"],"score":298,"play_id":"51ef8084-6a05-4669-afeb-44fc592971e2","local_time":"20210207200232","is_ascension_mode":true,"campfire_choices":[{"data":"jedi:pocketpoison","floor":10,"key":"SMITH"}],"circlet_count":0,"master_deck":["Strike_G","Strike_G","Strike_G","Strike_G","Defend_G","Defend_G","Defend_G","Defend_G","Defend_G","Survivor","Neutralize","Poisoned Stab","StuffTheSpire:Injection","jedi:pocketpoison+1","Footwork","Unload","StuffTheSpire:Sprint","ReplayTheSpireMod:The Works","Deadly Poison","Strike_G","Acrobatics","Toxin Wave","Master of Strategy"],"relics":["Cursed Key","Replay:Mystery Machine","jedi:catwich","StuffTheSpire:Mouthbags","trackpad:GuardianSpirit","hubris:Towel","energizedSpire:HugeHouse","PreservedInsect"],"acts_visited":["Exordium","TheCity"],"potions_floor_usage":[12,12,12],"damage_taken":[{"damage":0,"enemies":"conspire:RoseBush","floor":1,"turns":5},{"damage":0,"enemies":"Cultist","floor":2,"turns":4},{"damage":0,"enemies":"2 Louse","floor":3,"turns":3},{"damage":8,"enemies":"Red Slaver","floor":4,"turns":5},{"damage":0,"enemies":"Looter","floor":5,"turns":3},{"damage":8,"enemies":"Gremlin Nob","floor":6,"turns":4},{"damage":9,"enemies":"Exordium Wildlife","floor":7,"turns":4},{"damage":9,"enemies":"Lagavulin","floor":8,"turns":9},{"damage":0,"enemies":"3 Sentries","floor":12,"turns":5},{"damage":13,"enemies":"Exordium Thugs","floor":13,"turns":4},{"damage":58,"enemies":"The Guardian","floor":16,"turns":9},{"damage":12,"enemies":"Spheric Guardian","floor":18,"turns":4},{"damage":18,"enemies":"conspire:FuzzyDice","floor":19,"turns":6},{"damage":22,"enemies":"conspire:SneckoGhost","floor":23,"turns":4}],"seed_played":"-3015143306340841066","potions_obtained":[{"floor":3,"key":"CunningPotion"},{"floor":4,"key":"Strength Potion"},{"floor":6,"key":"Explosive Potion"},{"floor":18,"key":"sneckomod:MuddlingPotion"},{"floor":20,"key":"blueLaboratory:NinjaPotion"},{"floor":20,"key":"blueLaboratory:NinjaPotion"},{"floor":20,"key":"blueLaboratory:HorrorPotion"}],"is_trial":false,"path_per_floor":["M","M","M","M","M","E","M","E","T","R","?","E","M","?","R_BF","B",null,"M","M","?","$","?","E"],"character_chosen":"THE_SILENT","items_purchased":["PreservedInsect","Master of Strategy"],"campfire_rested":0,"item_purchase_floors":[21,21],"current_hp_per_floor":[70,70,70,62,62,54,45,36,36,36,36,36,23,23,23,12,50,38,20,20,20,20,0,0],"gold":14,"neow_bonus":"BOSS_RELIC","is_daily":false,"chose_seed":false,"campfire_upgraded":1,"win_rate":0.0,"timestamp":1612717352,"path_taken":["M","M","M","M","M","E","M","E","T","R","?","E","?","?","R_BF","BOSS","M","M","?","?","?","E"],"items_purchased_type":["Relic","Card"],"build_version":"2020-12-22","purchased_purges":1,"victory":false,"max_hp_per_floor":[70,70,70,70,70,70,70,70,70,70,67,67,67,67,67,67,62,62,62,62,62,62,62,62],"card_choices":[{"not_picked":["Slice","Deflect"],"picked":"StuffTheSpire:Sprint","floor":1},{"not_picked":["Cloak And Dagger","Dagger Throw"],"picked":"Poisoned Stab","floor":2},{"not_picked":["StuffTheSpire:Python","Flying Knee"],"picked":"jedi:unstablefumes","floor":3},{"not_picked":["Slice","Finisher","StuffTheSpire:ClusterCrunch"],"picked":"SKIP","floor":4},{"not_picked":["Dodge and Roll","Distraction"],"picked":"StuffTheSpire:Injection","floor":5},{"not_picked":["StSpp:PoisonousPunch","Eviscerate"],"picked":"jedi:pocketpoison","floor":6},{"not_picked":["Accuracy","All Out Attack"],"picked":"Footwork","floor":7},{"not_picked":["StuffTheSpire:Incantation","Skewer"],"picked":"Unload","floor":8},{"not_picked":["Sucker Punch","StuffTheSpire:BumpUp","Slice"],"picked":"SKIP","floor":12},{"not_picked":["Hidden Blade","Slice"],"picked":"Deadly Poison","floor":13},{"not_picked":["Outmaneuver+1","StSpp:PoisonousPunch","Pace"],"picked":"SKIP","floor":18},{"not_picked":["Backflip+1","Quick Slash"],"picked":"Toxin Wave","floor":19}],"player_experience":269829,"relics_obtained":[{"floor":6,"key":"Replay:Mystery Machine"},{"floor":8,"key":"jedi:catwich"},{"floor":9,"key":"StuffTheSpire:Mouthbags"},{"floor":12,"key":"trackpad:GuardianSpirit"}],"event_choices":[{"damage_healed":0,"gold_gain":0,"cards_transformed":["Parasite"],"player_choice":"Transformed","damage_taken":0,"max_hp_gain":0,"max_hp_loss":0,"event_name":"Transmorgrifier","floor":11,"gold_loss":0,"cards_obtained":["ReplayTheSpireMod:The Works"]},{"damage_healed":0,"gold_gain":0,"player_choice":"Got Potions","damage_taken":0,"max_hp_gain":0,"max_hp_loss":0,"event_name":"Lab","floor":20,"gold_loss":0}],"is_beta":false,"boss_relics":[{"not_picked":["bronze:MakeshiftBattery","StuffTheSpire:RunicConfusion"],"picked":"energizedSpire:HugeHouse"}],"items_purged_floors":[21],"is_endless":false,"potions_floor_spawned":[3,4,6,13,18],"killed_by":"conspire:SneckoGhost","ascension_level":5}}