{"host":"x7xd4wkamhrqrrvw","time":1612740103,"event":{"mods":["AchievementEnabler","BaseMod","Minty Spire (QoL Compilation)","Relic Stats","StSLib"],"gold_per_floor":[116,135,153,153,133,133,133,133],"floor_reached":7,"language":"ENG","playtime":273,"items_purged":[],"score":74,"play_id":"74d86141-6884-4386-be86-afcfd2d32df1","local_time":"20210207212143","is_ascension_mode":true,"campfire_choices":[{"data":"Zap","floor":6,"key":"SMITH"}],"circlet_count":0,"master_deck":["AscendersBane","Strike_B","Strike_B","Defend_B","Defend_B","Defend_B","Defend_B","Zap+1","Dualcast","Capacitor","Sweeping Beam","Chill"],"relics":["Empty Cage","Golden Idol"],"acts_visited":["Exordium"],"potions_floor_usage":[7,7],"damage_taken":[{"damage":8,"enemies":"Jaw Worm","floor":1,"turns":5},{"damage":6,"enemies":"Small Slimes","floor":2,"turns":7},{"damage":1,"enemies":"Cultist","floor":3,"turns":4},{"damage":27,"enemies":"Gremlin Nob","floor":7,"turns":3}],"seed_played":"518577335767344199","potions_obtained":[{"floor":1,"key":"Strength Potion"},{"floor":5,"key":"Energy Potion"}],"is_trial":false,"path_per_floor":["M","M","M","?","?","R","E"],"character_chosen":"DEFECT","items_purchased":[],"campfire_rested":0,"item_purchase_floors":[],"current_hp_per_floor":[56,50,49,25,25,25,0,0],"gold":133,"neow_bonus":"BOSS_RELIC","is_daily":false,"chose_seed":false,"campfire_upgraded":1,"win_rate":0.0,"timestamp":1612740103,"path_taken":["M","M","M","?","?","R","E"],"items_purchased_type":[],"build_version":"2020-12-22","purchased_purges":0,"victory":false,"max_hp_per_floor":[71,71,71,71,71,71,71,71],"relic_stats":{"counters":[4,19],"Golden Idol":0,"obtain_stats":[{"Golden Idol":4,"Cracked Core":0,"Empty Cage":0},{"Golden Idol":3,"Cracked Core":0,"Empty Cage":0},{"Golden Idol":16,"Cracked Core":0,"Empty Cage":0}]},"card_choices":[{"not_picked":["Melter","Streamline"],"picked":"Capacitor","floor":1},{"not_picked":["Redo","Beam Cell"],"picked":"Sweeping Beam","floor":2},{"not_picked":["Leap","Multi-Cast"],"picked":"Chill","floor":3}],"player_experience":438830,"relics_obtained":[],"event_choices":[{"damage_healed":0,"gold_gain":0,"player_choice":"Take Damage","damage_taken":24,"relics_obtained":["Golden Idol"],"max_hp_gain":0,"max_hp_loss":0,"event_name":"Golden Idol","floor":4,"gold_loss":0},{"damage_healed":0,"gold_gain":0,"player_choice":"Bought 1 Potion","damage_taken":0,"max_hp_gain":0,"max_hp_loss":0,"event_name":"The Woman in Blue","floor":5,"gold_loss":0}],"is_beta":false,"boss_relics":[],"items_purged_floors":[],"is_endless":false,"potions_floor_spawned":[1],"killed_by":"Gremlin Nob","ascension_level":16}}