{"host":"xg4r5pv6chpuampg","time":1612712092,"event":{"mods":["AchievementEnabler","BaseMod","Googly Eyes","Minty Spire (QoL Compilation)"],"gold_per_floor":[115,130,130,145,145,145,161,188,236,268,284,0,0,17,17,112,112,130,130,142,142,154,154,154,154],"floor_reached":24,"language":"ENG","playtime":1199,"items_purged":[],"score":218,"play_id":"24567c16-c339-48c6-b3d0-25044bec8c35","local_time":"20210207183452","is_ascension_mode":true,"campfire_choices":[{"floor":6,"key":"REST"},{"floor":15,"key":"REST"},{"floor":23,"key":"REST"}],"circlet_count":0,"master_deck":["Strike_B","Strike_B","Strike_B","Strike_B","Defend_B+1","Defend_B","Defend_B","Defend_B","Zap","Dualcast","Loop","Loop","Glacier+1","Glacier","Barrage+1","Ball Lightning+1","Echo Form","Creative AI","Capacitor"],"relics":["Cracked Core","NeowsBlessing","Lizard Tail","PreservedInsect","Tiny Chest","Molten Egg 2","War Paint","Runic Pyramid","FaceOfCleric","Bottled Lightning"],"acts_visited":["Exordium","TheCity"],"potions_floor_usage":[10,10,22],"damage_taken":[{"damage":0,"enemies":"Small Slimes","floor":1,"turns":1},{"damage":0,"enemies":"Jaw Worm","floor":2,"turns":1},{"damage":0,"enemies":"2 Louse","floor":4,"turns":1},{"damage":9,"enemies":"Blue Slaver","floor":7,"turns":3},{"damage":11,"enemies":"Lagavulin","floor":8,"turns":8},{"damage":18,"enemies":"3 Sentries","floor":10,"turns":15},{"damage":6,"enemies":"Lots of Slimes","floor":11,"turns":5},{"damage":0,"enemies":"2 Fungi Beasts","floor":14,"turns":4},{"damage":12,"enemies":"Slime Boss","floor":16,"turns":12},{"damage":15,"enemies":"Shell Parasite","floor":18,"turns":5},{"damage":5,"enemies":"Chosen","floor":20,"turns":5},{"damage":53,"enemies":"3 Cultists","floor":22,"turns":7},{"damage":29,"enemies":"Slavers","floor":24,"turns":4}],"seed_played":"-120958501991201838","potions_obtained":[{"floor":1,"key":"SteroidPotion"},{"floor":8,"key":"DuplicationPotion"},{"floor":10,"key":"Swift Potion"},{"floor":11,"key":"DistilledChaos"},{"floor":16,"key":"SteroidPotion"},{"floor":22,"key":"Fruit Juice"}],"is_trial":false,"path_per_floor":["M","M","?","M","T","R","M","E","T","E","M","$","?","M","R","B",null,"M","?","M","T","M","R","E"],"character_chosen":"DEFECT","items_purchased":["War Paint","Echo Form"],"campfire_rested":3,"item_purchase_floors":[12,12],"current_hp_per_floor":[75,75,57,57,57,75,66,55,55,37,31,31,31,31,53,41,75,60,60,56,56,9,33,4,4],"gold":154,"neow_bonus":"THREE_ENEMY_KILL","is_daily":false,"chose_seed":false,"campfire_upgraded":0,"win_rate":0.0,"timestamp":1612712092,"path_taken":["M","M","?","M","?","R","M","E","T","E","M","$","?","M","R","BOSS","M","?","?","?","?","R","E"],"items_purchased_type":["Relic","Card"],"build_version":"2020-12-22","purchased_purges":0,"victory":false,"max_hp_per_floor":[75,75,75,75,75,75,75,75,75,75,75,75,75,75,75,75,75,75,75,76,76,82,82,82,82],"card_choices":[{"not_picked":["Consume","Coolheaded","Compile Driver"],"picked":"SKIP","floor":1},{"not_picked":["Fusion","Cold Snap"],"picked":"Loop","floor":2},{"not_picked":["Scrape","Streamline"],"picked":"Loop","floor":4},{"not_picked":["Streamline","Reprogram"],"picked":"Glacier","floor":7},{"not_picked":["Beam Cell","All For One"],"picked":"Glacier","floor":8},{"not_picked":["Hello World","Stack"],"picked":"Barrage+1","floor":10},{"not_picked":["Fusion","Scrape+1"],"picked":"Ball Lightning+1","floor":11},{"not_picked":["Sweeping Beam+1","Auto Shields","Barrage+1"],"picked":"SKIP","floor":14},{"not_picked":["Machine Learning","Echo Form"],"picked":"Creative AI","floor":16},{"not_picked":["Chaos","Coolheaded+1"],"picked":"Capacitor","floor":18},{"not_picked":["Stack","Coolheaded","Streamline+1"],"picked":"SKIP","floor":20},{"not_picked":["Auto Shields+1","Rebound+1","Aggregate+1"],"picked":"SKIP","floor":22}],"player_experience":98028,"relics_obtained":[{"floor":8,"key":"PreservedInsect"},{"floor":9,"key":"Tiny Chest"},{"floor":10,"key":"Molten Egg 2"},{"floor":21,"key":"Bottled Lightning"}],"event_choices":[{"damage_healed":0,"gold_gain":0,"player_choice":"Success","damage_taken":18,"relics_obtained":["Lizard Tail"],"max_hp_gain":0,"max_hp_loss":0,"event_name":"Scrap Ooze","floor":3,"gold_loss":0},{"damage_healed":0,"gold_gain":0,"player_choice":"Ignored","damage_taken":0,"max_hp_gain":0,"max_hp_loss":0,"event_name":"Liars Game","floor":13,"gold_loss":0},{"damage_healed":0,"gold_gain":0,"player_choice":"Trade","damage_taken":0,"relics_obtained":["FaceOfCleric"],"max_hp_gain":0,"max_hp_loss":0,"event_name":"FaceTrader","floor":19,"gold_loss":0}],"is_beta":false,"boss_relics":[{"not_picked":["FrozenCore","Sozu"],"picked":"Runic Pyramid"}],"items_purged_floors":[],"is_endless":false,"potions_floor_spawned":[1,8,10,11,16,22],"killed_by":"Slavers","ascension_level":1}}