{"host":"wbs0wzz0alz01mnq","time":1612733410,"event":{"mods":["BaseMod","Googly Eyes","Highlight Path","Minty Spire (QoL Compilation)"],"gold_per_floor":[118,129,146,146,159,193,213,213,213,223,46,66,66,80,80,175,175,194,194,194,194,212,212,223,241,268,299,299,299,299,24,24,24,24],"floor_reached":33,"language":"ENG","playtime":1207,"items_purged":[],"score":249,"play_id":"6b3f85d4-7055-42f6-8130-c74ee7dcd50d","local_time":"20210207163010","is_ascension_mode":false,"campfire_choices":[{"data":"Body Slam","floor":8,"key":"SMITH"},{"data":"Armaments","floor":13,"key":"SMITH"},{"data":"Armaments","floor":15,"key":"SMITH"},{"data":"Dual Wield","floor":23,"key":"SMITH"},{"floor":30,"key":"REST"},{"data":"Body Slam","floor":32,"key":"SMITH"}],"circlet_count":0,"master_deck":["Strike_R","Strike_R","Strike_R","Strike_R","Strike_R","Defend_R","Defend_R","Defend_R","Defend_R","Bash","Dramatic Entrance","Shrug It Off","Spot Weakness","Flex","Spot Weakness","Dropkick","Body Slam+1","Inflame","Shrug It Off","Armaments+1","Armaments+1","Impervious","CurseOfTheBell","Shrug It Off","Writhe","Dual Wield+1","Necronomicurse","Uppercut+1","Iron Wave","Dropkick","Armaments+1","Body Slam+1","Double Tap"],"relics":["Burning Blood","Ice Cream","Dream Catcher","Happy Flower","Oddly Smooth Stone","Calling Bell","MealTicket","InkBottle","Incense Burner","Bird Faced Urn","Necronomicon","Bronze Scales","Red Mask","WingedGreaves","HandDrill"],"acts_visited":["Exordium","TheCity"],"potions_floor_usage":[6,12,16,25,27,27,33,33],"damage_taken":[{"damage":4,"enemies":"Cultist","floor":1,"turns":4},{"damage":0,"enemies":"Jaw Worm","floor":2,"turns":3},{"damage":0,"enemies":"2 Louse","floor":3,"turns":2},{"damage":0,"enemies":"Looter","floor":5,"turns":4},{"damage":18,"enemies":"Gremlin Nob","floor":6,"turns":3},{"damage":11,"enemies":"3 Louse","floor":7,"turns":3},{"damage":9,"enemies":"2 Fungi Beasts","floor":10,"turns":2},{"damage":0,"enemies":"Large Slime","floor":12,"turns":4},{"damage":5,"enemies":"3 Louse","floor":14,"turns":2},{"damage":17,"enemies":"Slime Boss","floor":16,"turns":10},{"damage":40,"enemies":"2 Thieves","floor":18,"turns":4},{"damage":14,"enemies":"Spheric Guardian","floor":22,"turns":5},{"damage":17,"enemies":"Shelled Parasite and Fungi","floor":24,"turns":5},{"damage":0,"enemies":"Snake Plant","floor":25,"turns":2},{"damage":10,"enemies":"Masked Bandits","floor":27,"turns":4},{"damage":51,"enemies":"Collector","floor":33,"turns":8}],"seed_played":"-5098416386759312314","potions_obtained":[{"floor":1,"key":"Fire Potion"},{"floor":5,"key":"LiquidMemories"},{"floor":6,"key":"AttackPotion"},{"floor":10,"key":"PowerPotion"},{"floor":12,"key":"Regen Potion"},{"floor":18,"key":"Swift Potion"},{"floor":25,"key":"SkillPotion"}],"is_trial":false,"path_per_floor":["M","M","M","T","M","E","M","R","T","M","$","M","R","M","R","B",null,"M","?","?","?","M","R","M","M","T","?","?","T","R","$","R","B"],"character_chosen":"IRONCLAD","items_purchased":["Oddly Smooth Stone","Shrug It Off","HandDrill","Double Tap","Fire Potion"],"campfire_rested":1,"item_purchase_floors":[11,11,31,31,31],"current_hp_per_floor":[80,80,80,80,80,68,63,63,63,60,60,66,66,67,67,56,80,46,46,46,30,24,24,13,26,26,24,9,9,34,49,49,0,0],"gold":24,"neow_bonus":"RANDOM_COLORLESS","is_daily":false,"chose_seed":false,"campfire_upgraded":5,"win_rate":0.0,"timestamp":1612733410,"path_taken":["M","?","?","?","M","E","M","R","T","M","$","M","R","M","R","BOSS","M","?","?","?","M","R","M","M","T","?","?","?","R","?","R","BOSS"],"items_purchased_type":["Relic","Card","Relic","Card","Potion"],"build_version":"2020-12-22","purchased_purges":0,"victory":false,"max_hp_per_floor":[80,80,80,80,80,80,80,80,80,80,80,80,80,80,80,80,80,80,80,80,80,80,80,80,80,80,80,85,85,85,85,85,85,85],"card_choices":[{"not_picked":["Discovery","Enlightenment"],"picked":"Dramatic Entrance","floor":0},{"not_picked":["Perfected Strike","Fire Breathing"],"picked":"Shrug It Off","floor":1},{"not_picked":["Hemokinesis","Pommel Strike"],"picked":"Spot Weakness","floor":2},{"not_picked":["Sword Boomerang","Pommel Strike"],"picked":"Flex","floor":3},{"not_picked":["Carnage","Demon Form"],"picked":"Spot Weakness","floor":5},{"not_picked":["Rupture","Clash"],"picked":"Dropkick","floor":6},{"not_picked":["Iron Wave","Bloodletting"],"picked":"Body Slam","floor":7},{"not_picked":["Seeing Red","Twin Strike"],"picked":"Inflame","floor":10},{"not_picked":["Entrench","Bloodletting"],"picked":"Armaments","floor":12},{"not_picked":["Iron Wave","Twin Strike"],"picked":"Armaments","floor":14},{"not_picked":["Double Tap","Fiend Fire"],"picked":"Impervious","floor":16},{"not_picked":["Burning Pact","Cleave+1"],"picked":"Shrug It Off","floor":18},{"not_picked":["Rupture+1","Warcry"],"picked":"Uppercut+1","floor":22},{"not_picked":["Sever Soul","Rupture"],"picked":"Iron Wave","floor":24},{"not_picked":["Twin Strike","Clothesline"],"picked":"Dropkick","floor":25},{"not_picked":["Clothesline","Shockwave"],"picked":"Armaments+1","floor":27},{"not_picked":["Pommel Strike","Cleave"],"picked":"Body Slam","floor":30}],"player_experience":7853,"relics_obtained":[{"floor":4,"key":"Ice Cream"},{"floor":6,"key":"Dream Catcher"},{"floor":9,"key":"Happy Flower"},{"floor":17,"key":"MealTicket"},{"floor":17,"key":"InkBottle"},{"floor":17,"key":"Incense Burner"},{"floor":21,"key":"Necronomicon"},{"floor":26,"key":"Bronze Scales"},{"floor":27,"key":"Red Mask"},{"floor":29,"key":"WingedGreaves"}],"event_choices":[{"damage_healed":0,"gold_gain":0,"player_choice":"Opened","damage_taken":0,"relics_obtained":["Bird Faced Urn"],"max_hp_gain":0,"max_hp_loss":0,"event_name":"The Mausoleum","floor":19,"gold_loss":0,"cards_obtained":["Writhe"]},{"damage_healed":0,"gold_gain":0,"player_choice":"Read","damage_taken":0,"max_hp_gain":0,"max_hp_loss":0,"event_name":"The Library","floor":20,"gold_loss":0,"cards_obtained":["Dual Wield"]},{"damage_healed":0,"gold_gain":0,"player_choice":"Obtained Book","damage_taken":16,"max_hp_gain":0,"max_hp_loss":0,"event_name":"Cursed Tome","floor":21,"gold_loss":0},{"damage_healed":0,"gold_gain":0,"player_choice":"Fought Bandits","damage_taken":0,"max_hp_gain":0,"max_hp_loss":0,"event_name":"Masked Bandits","floor":27,"gold_loss":0},{"damage_healed":0,"gold_gain":0,"player_choice":"Shed Blood","damage_taken":20,"max_hp_gain":5,"max_hp_loss":0,"event_name":"Forgotten Altar","floor":28,"gold_loss":0}],"is_beta":false,"boss_relics":[{"not_picked":["Fusion Hammer","Tiny House"],"picked":"Calling Bell"}],"items_purged_floors":[],"is_endless":false,"potions_floor_spawned":[1,5,6,10,12,14,18,25],"killed_by":"Collector","ascension_level":0}}