{"host":"s0ikvqhe10eopvjn","time":1612657105,"event":{"mods":["Act Like it!","Bard","BaseMod","Better Third Choice","Block Reminder","Colored Map","Colored Powertips","DeckTracker","Downfall","GifTheSpireLib","Halation","Hallownest","Hermit","Highlight Path","Hubris","Infinite Spire","Mad Scientist","Minty Spire (QoL Compilation)","Permanent Neow","Random Character Button","StSLib","The Blue Laboratory","The Bug Knight","The Construct","The Cursed","The Disciple","The Marked","The Necromancer","The Poker Player","The Runesmith","The Servant 0.9.4"],"gold_per_floor":[99,112,122,122,422,440,440,467,267,417,417,448,348,348,361,458,458,458,478,493,493,593,416,442,442,461,461,461,461,280,297,309,409,409,409,427,727,744,771,786,786,786,819,837,861,880,880,930,941,941,941,941,941,941],"floor_reached":52,"language":"ENG","playtime":3539,"items_purged":["hexamod:Defend"],"score":667,"play_id":"21b9eadf-4d35-4fa0-8141-5fdc077a0ea1","local_time":"20210207001825","is_ascension_mode":false,"campfire_choices":[{"floor":1,"key":"RECALL"},{"floor":9,"key":"REST"},{"data":"hexamod:GhostShield","floor":11,"key":"SMITH"},{"floor":13,"key":"REST"},{"data":"hexamod:FlamesFromBeyond","floor":18,"key":"SMITH"},{"floor":27,"key":"REST"},{"data":"hexamod:RainOfEmbers","floor":29,"key":"SMITH"},{"data":"hexamod:ForkedFlame","floor":35,"key":"SMITH"},{"floor":47,"key":"REST"}],"circlet_count":0,"master_deck":["hexamod:Strike","hexamod:Strike+1","hexamod:Strike+1","hexamod:Strike+1","hexamod:Defend","hexamod:Sear+1","hexamod:Float","hexamod:GhostShield+1","hexamod:FlamesFromBeyond+1","hexamod:ShieldOfDarkness+1","hexamod:FourthSeal","downfall:Icky","hexamod:NightmareGuise","hexamod:HeatShield","hexamod:ParanormalForm","hexamod:SpectersWail+1","hexamod:RainOfEmbers+1","hexamod:ForkedFlame+1","hexamod:GhostOfSpireFuture","J.A.X.","hexamod:RadiantFlame","hexamod:EtherealExpedition+1","expansioncontent:DashGenerateEvil+1","hexamod:BurningTouch+1","hexamod:SpectersWail+1","hexamod:SixthSeal","hexamod:SecondSeal","hexamod:EtherealExpedition+1","hexamod:FirstSeal","downfall:Haunted","downfall:Haunted","hexamod:GhostflameBarrier+1","hexamod:GhostShield","Parasite"],"relics":["hexamod:SpiritBrand","halation:PromiseList","Old Coin","Potion Belt","downfall:HeartBlessingRed","downfall:HeartBlessingBlue","halation:LettersToHer","downfall:HeartBlessingGreen","hubris:Backtick","Membership Card","MutagenicStrength","Sling","infinitespire:Lucky Rock","Meat on the Bone","infinitespire:ShieldingShard","halation:LostSnail","Black Star","infinitespire:EmpoweringShard","TungstenRod","hubris:DeckOfHolding","Du-Vu Doll","halation:PrussianBluePaint","PreservedInsect","hubris:MedicalManual"],"acts_visited":["Exordium","TheCity","TheBeyond","TheEnding"],"potions_floor_usage":[8,16,16,16,16,16,16,16,16,16,19,22,22,22,26,30,32,32,33,33,33,43,48,48,50,50,50,50],"damage_taken":[{"damage":0,"enemies":"2 Louse","floor":2,"turns":3},{"damage":0,"enemies":"Small Slimes","floor":3,"turns":4},{"damage":0,"enemies":"Cultist","floor":6,"turns":3},{"damage":41,"enemies":"Gremlin Nob","floor":8,"turns":5},{"damage":19,"enemies":"3 Sentries","floor":12,"turns":9},{"damage":0,"enemies":"Blue Slaver","floor":15,"turns":3},{"damage":49,"enemies":"WA_ARCHETYPE_RETAIN","floor":16,"turns":11},{"damage":15,"enemies":"Shell Parasite","floor":19,"turns":6},{"damage":24,"enemies":"Shelled Parasite and Fungi","floor":20,"turns":7},{"damage":5,"enemies":"downfall:Augmenter","floor":22,"turns":5},{"damage":0,"enemies":"downfall:FleeingMerchant","floor":23,"turns":4},{"damage":10,"enemies":"Snake Plant","floor":26,"turns":4},{"damage":0,"enemies":"downfall:FleeingMerchant","floor":30,"turns":4},{"damage":2,"enemies":"Chosen and Byrds","floor":31,"turns":5},{"damage":12,"enemies":"Snecko","floor":32,"turns":4},{"damage":40,"enemies":"DF_ARCHETYPE_CLAW","floor":33,"turns":8},{"damage":4,"enemies":"3 Shapes","floor":36,"turns":4},{"damage":0,"enemies":"3 Darklings","floor":38,"turns":2},{"damage":14,"enemies":"Maw","floor":39,"turns":7},{"damage":4,"enemies":"downfall:FleeingMerchant","floor":40,"turns":3},{"damage":56,"enemies":"Reptomancer","floor":43,"turns":6},{"damage":3,"enemies":"Sphere and 2 Shapes","floor":44,"turns":3},{"damage":60,"enemies":"4 Shapes","floor":45,"turns":4},{"damage":1,"enemies":"Writhing Mass","floor":46,"turns":3},{"damage":3,"enemies":"Writhing Mass","floor":48,"turns":3},{"damage":0,"enemies":"Jaw Worm Horde","floor":49,"turns":2},{"damage":64,"enemies":"IC_BLOCK_ARCHETYPE","floor":50,"turns":9},{"damage":118,"enemies":"downfall:CharBossMerchant","floor":52,"turns":6}],"seed_played":"4915496698663716523","potions_obtained":[{"floor":6,"key":"LiquidMemories"},{"floor":8,"key":"sneckomod:MuddlingPotion"},{"floor":12,"key":"SkillPotion"},{"floor":14,"key":"downfall:CursedFountainPotion"},{"floor":15,"key":"EntropicBrew"},{"floor":15,"key":"champ:CounterPotion"},{"floor":16,"key":"SteroidPotion"},{"floor":16,"key":"hexamod:DoubleChargePotion"},{"floor":19,"key":"hexamod:EctoCoolerPotion"},{"floor":20,"key":"AttackPotion"},{"floor":20,"key":"blueLaboratory:BottleOfRum"},{"floor":22,"key":"blueLaboratory:HeartbeatPotion"},{"floor":23,"key":"FairyPotion"},{"floor":26,"key":"SkillPotion"},{"floor":26,"key":"Fire Potion"},{"floor":31,"key":"blueLaboratory:EnragingPotion"},{"floor":31,"key":"ColorlessPotion"},{"floor":32,"key":"Strength Potion"},{"floor":32,"key":"hexamod:EctoCoolerPotion"},{"floor":36,"key":"blueLaboratory:Moonshine"},{"floor":39,"key":"sneckomod:MuddlingPotion"},{"floor":40,"key":"bronze:BurnAndBuffPotion"},{"floor":43,"key":"blueLaboratory:LouseDecoction"},{"floor":44,"key":"hexamod:SoulburnPotion"},{"floor":46,"key":"SkillPotion"},{"floor":48,"key":"SteroidPotion"},{"floor":49,"key":"champ:CounterPotion"}],"is_trial":false,"path_per_floor":["R","M","M","?","?","M","T","E","R","?","R","E","R","?","M","B",null,"R","M","M","?","?","$","T","AVR","M","R","?","R","$","M","M","B",null,"R","M","?","M","M","?","T","?","E","M","M","M","R","?","M","B",null,"E"],"character_chosen":"THE_SPIRIT","items_purchased":["expansioncontent:DashGenerateEvil","Sling","infinitespire:ShieldingShard","halation:LostSnail","infinitespire:EmpoweringShard","TungstenRod"],"campfire_rested":4,"item_purchase_floors":[23,23,30,30,40,40],"current_hp_per_floor":[70,70,70,63,63,63,63,22,56,56,56,37,61,61,61,12,80,80,65,41,41,36,36,36,36,38,62,62,62,62,60,48,20,80,80,76,76,76,62,58,58,58,24,40,51,50,74,71,71,26,80,0,0,0],"gold":941,"neow_bonus":"UPGRADE_CARD","is_daily":false,"chose_seed":false,"campfire_upgraded":4,"win_rate":0.0,"timestamp":1612657105,"path_taken":["R","M","M","?","?","M","T","E","R","?","R","E","R","?","M","BOSS","R","M","M","?","?","?","T","AVR","M","R","?","R","$","M","M","BOSS","R","M","?","M","?","?","T","?","E","M","M","M","R","?","M","BOSS","E"],"items_purchased_type":["Card","Relic","Relic","Relic","Relic","Relic"],"build_version":"2020-12-22","purchased_purges":1,"victory":false,"max_hp_per_floor":[70,70,70,70,70,70,70,70,80,80,80,80,80,80,80,80,80,80,80,80,80,80,80,80,80,80,80,80,80,80,80,80,80,80,80,80,80,80,80,80,80,80,80,80,80,80,80,80,80,80,80,80,80,80],"card_choices":[{"not_picked":["hexamod:Hexaguard","hexamod:NightmareStrike"],"picked":"hexamod:GhostShield","floor":2},{"not_picked":["hexamod:HauntingEcho","hexamod:ShieldOfDarkness"],"picked":"hexamod:FlamesFromBeyond","floor":3},{"not_picked":["hexamod:UnlimitedPower","hexamod:AdvancingGuard"],"picked":"hexamod:ShieldOfDarkness","floor":6},{"not_picked":["hexamod:ThermalTransfer","hexamod:RetreatToShadows"],"picked":"hexamod:FourthSeal","floor":8},{"not_picked":["hexamod:BacktrackSmack","hexamod:TimeOfNeed"],"picked":"hexamod:NightmareGuise","floor":12},{"not_picked":["hexamod:Firestarter","hexamod:Haunt"],"picked":"hexamod:HeatShield","floor":15},{"not_picked":["hexamod:SearingWound","hexamod:UnleashSpirits"],"picked":"hexamod:ParanormalForm","floor":16},{"not_picked":["hexamod:Incineration+1","hexamod:HeatMetal"],"picked":"hexamod:SpectersWail+1","floor":19},{"not_picked":["hexamod:GhostLash","hexamod:ThermalTransfer"],"picked":"hexamod:RainOfEmbers","floor":20},{"not_picked":[],"picked":"J.A.X.","floor":22},{"not_picked":["hexamod:AdvancingGuard+1","hexamod:InspiringFlames"],"picked":"hexamod:RadiantFlame","floor":22},{"not_picked":["hexamod:GhostOfSpirePast","hexamod:SwordOfDarkness"],"picked":"hexamod:EtherealExpedition+1","floor":23},{"not_picked":["hexamod:GhostShield","hexamod:NightmareGuise+1"],"picked":"hexamod:BurningTouch+1","floor":26},{"not_picked":["hexamod:HauntingEcho","hexamod:SoulSteal","hexamod:BacktrackSmack"],"picked":"SKIP","floor":30},{"not_picked":["hexamod:BacktrackSmack","hexamod:AdvancingGuard+1","hexamod:RadiantFlame"],"picked":"SKIP","floor":31},{"not_picked":["hexamod:EmpoweredFlame","hexamod:SoulSteal+1"],"picked":"hexamod:SpectersWail+1","floor":32},{"not_picked":["hexamod:HexaLevel","hexamod:UnleashSpirits"],"picked":"hexamod:SixthSeal","floor":33},{"not_picked":["hexamod:RainOfEmbers","hexamod:RadiantFlame+1"],"picked":"hexamod:SecondSeal","floor":36},{"not_picked":["hexamod:NecessarySacrifice","hexamod:GhostLash"],"picked":"hexamod:EtherealExpedition+1","floor":38},{"not_picked":["hexamod:Hexaguard+1","hexamod:Again","hexamod:NightmareGuise+1"],"picked":"SKIP","floor":39},{"not_picked":["hexamod:FourthSeal","hexamod:GhostShield"],"picked":"hexamod:FirstSeal","floor":40},{"not_picked":["hexamod:NecessarySacrifice+1","hexamod:Firestarter+1"],"picked":"hexamod:GhostflameBarrier+1","floor":43},{"not_picked":["hexamod:FlamesFromBeyond+1","hexamod:PhantomFireball+1","hexamod:InspiringFlames+1"],"picked":"SKIP","floor":44},{"not_picked":["hexamod:BacktrackSmack+1","hexamod:DynamicBlow"],"picked":"hexamod:GhostShield","floor":45},{"not_picked":["hexamod:AdvancingGuard+1","hexamod:Hexaguard+1","hexamod:SoulSteal"],"picked":"SKIP","floor":46},{"not_picked":["hexamod:SkipABeat","hexamod:GhostLash","hexamod:Hexaguard"],"picked":"SKIP","floor":49}],"player_experience":314732,"relics_obtained":[{"floor":5,"key":"Old Coin"},{"floor":8,"key":"Potion Belt"},{"floor":12,"key":"halation:LettersToHer"},{"floor":22,"key":"MutagenicStrength"},{"floor":24,"key":"halation:LettersToHer"},{"floor":24,"key":"infinitespire:Lucky Rock"},{"floor":41,"key":"halation:LettersToHer"},{"floor":41,"key":"hubris:DeckOfHolding"},{"floor":43,"key":"halation:PrussianBluePaint"},{"floor":43,"key":"PreservedInsect"},{"floor":48,"key":"hubris:MedicalManual"}],"event_choices":[{"damage_healed":0,"gold_gain":0,"player_choice":"Relic ","damage_taken":7,"max_hp_gain":0,"max_hp_loss":0,"event_name":"betterThird:BetterScrap","floor":4,"gold_loss":0,"cards_obtained":["Reboot"]},{"damage_healed":0,"gold_gain":0,"player_choice":"Ignored","damage_taken":0,"max_hp_gain":0,"max_hp_loss":0,"event_name":"Vampires","floor":21,"gold_loss":0},{"damage_healed":0,"gold_gain":300,"player_choice":"Gold","damage_taken":0,"max_hp_gain":0,"max_hp_loss":0,"event_name":"Wheel of Change","floor":37,"gold_loss":0}],"is_beta":false,"boss_relics":[{"not_picked":["halation:Prosthetics","Calling Bell"],"picked":"hubris:Backtick"},{"not_picked":["Runesmith:UraniumAnvil","hexamod:IceCube"],"picked":"Black Star"}],"items_purged_floors":[40],"is_endless":false,"potions_floor_spawned":[6,8,15,16,20,26,31,32,36,44,46,48,49],"killed_by":"downfall:CharBossMerchant","ascension_level":0}}