{"host":"oehe2dxjvdgux73m","time":1612707273,"event":{"mods":["AchievementEnabler","BaseMod","Colored Map","Colored Powertips","DeckTracker","Keyboard Shortcuts","Minty Spire (QoL Compilation)","Permanent Neow","Quick Restart","StSLib","SuperFastMode"],"gold_per_floor":[360,376,390,409,409,409,60,60,83,93,105,105,123,123,123,199,199,219,219,248,248,258,290,290,302,302,302,313,313,326,339,339,339,339],"floor_reached":33,"language":"KOR","playtime":842,"items_purged":["Strike_G"],"score":572,"play_id":"10b2abda-9424-4fa7-8d5a-d0dbec7b583d","local_time":"20210207231433","is_ascension_mode":true,"campfire_choices":[{"data":"Deadly Poison","floor":6.0,"key":"SMITH"},{"data":"Cloak And Dagger","floor":8.0,"key":"SMITH"},{"data":"Neutralize","floor":15.0,"key":"SMITH"},{"data":"Wraith Form v2","floor":24.0,"key":"SMITH"},{"floor":29,"key":"REST"},{"data":"Acrobatics","floor":32,"key":"SMITH"}],"circlet_count":0,"master_deck":["AscendersBane","Strike_G","Strike_G","Strike_G","Defend_G","Defend_G","Defend_G","Defend_G","Defend_G","Survivor","Neutralize+1","Cloak And Dagger+1","Deadly Poison+1","Dagger Spray","Calculated Gamble","Acrobatics+1","Corpse Explosion","Concentrate","Wraith Form v2+1","Escape Plan"],"relics":["Ring of the Snake","TwistedFunnel","Snake Skull","Busted Crown","Red Mask","Lantern","Toy Ornithopter"],"acts_visited":["Exordium","TheCity"],"potions_floor_usage":[28],"damage_taken":[{"damage":2.0,"enemies":"Jaw Worm","floor":1.0,"turns":6.0},{"damage":1.0,"enemies":"2 Louse","floor":2.0,"turns":3.0},{"damage":5.0,"enemies":"Cultist","floor":3.0,"turns":4.0},{"damage":6.0,"enemies":"3 Louse","floor":4.0,"turns":5.0},{"damage":7.0,"enemies":"Exordium Thugs","floor":10.0,"turns":4.0},{"damage":5.0,"enemies":"Gremlin Gang","floor":11.0,"turns":2.0},{"damage":2.0,"enemies":"Looter","floor":13.0,"turns":4.0},{"damage":20.0,"enemies":"Hexaghost","floor":16.0,"turns":10.0},{"damage":8.0,"enemies":"Shell Parasite","floor":18.0,"turns":5.0},{"damage":0.0,"enemies":"Masked Bandits","floor":20.0,"turns":2.0},{"damage":19.0,"enemies":"2 Thieves","floor":22.0,"turns":3.0},{"damage":11.0,"enemies":"Gremlin Leader","floor":23.0,"turns":6.0},{"damage":2.0,"enemies":"Snecko","floor":25.0,"turns":5.0},{"damage":9,"enemies":"Shelled Parasite and Fungi","floor":28,"turns":5},{"damage":4,"enemies":"Centurion and Healer","floor":30,"turns":5},{"damage":5,"enemies":"Snake Plant","floor":31,"turns":4},{"damage":35,"enemies":"Collector","floor":33,"turns":3}],"seed_played":"5849687750750397023","potions_obtained":[{"floor":3.0,"key":"Dexterity Potion"},{"floor":4.0,"key":"Weak Potion"},{"floor":10.0,"key":"LiquidMemories"},{"floor":14.0,"key":"EntropicBrew"},{"floor":20.0,"key":"EssenceOfSteel"},{"floor":30,"key":"Ancient Potion"}],"is_trial":false,"path_per_floor":["M","M","M","M","?","R","$","R","T","M","M","?","M","?","R","B",null,"M","$","?","$","M","E","R","M","T","?","M","R","M","M","R","B"],"character_chosen":"THE_SILENT","items_purchased":["Dagger Spray","Calculated Gamble","TwistedFunnel"],"campfire_rested":1,"item_purchase_floors":[7,7,7],"current_hp_per_floor":[57,56,51,45,45,45,45,45,45,38,33,38,36,36,36,16,53,45,45,45,45,26,15,15,13,13,13,9,28,24,19,19,0,0],"gold":339,"neow_bonus":"TWO_FIFTY_GOLD","is_daily":false,"chose_seed":false,"campfire_upgraded":5,"win_rate":0.0,"timestamp":1612707273,"path_taken":["M","M","M","M","?","R","$","R","T","M","M","?","M","?","R","BOSS","M","$","?","$","M","E","R","M","T","?","?","R","M","M","R","BOSS"],"items_purchased_type":["Card","Card","Relic"],"build_version":"2020-12-22","purchased_purges":1,"victory":false,"max_hp_per_floor":[60,60,60,60,60,60,60,60,60,60,60,65,65,65,65,65,65,65,65,65,65,65,65,65,65,65,65,65,65,65,65,65,65,65],"card_choices":[{"not_picked":["All Out Attack","Expertise"],"picked":"Cloak And Dagger","floor":1.0},{"not_picked":["Riddle With Holes","Outmaneuver","Backflip"],"picked":"SKIP","floor":2.0},{"not_picked":["Sucker Punch","Cloak And Dagger"],"picked":"Deadly Poison","floor":3.0},{"not_picked":["Flying Knee","Eviscerate","Poisoned Stab"],"picked":"SKIP","floor":4.0},{"not_picked":["Calculated Gamble","Skewer"],"picked":"Acrobatics","floor":10.0},{"not_picked":["Masterful Stab","Poisoned Stab"],"picked":"Corpse Explosion","floor":11.0},{"not_picked":["Prepared","Outmaneuver"],"picked":"Concentrate","floor":13.0},{"not_picked":["Unload","Burst"],"picked":"Wraith Form v2","floor":16.0},{"not_picked":["Deadly Poison"],"picked":"SKIP","floor":18.0},{"not_picked":["Finisher+1"],"picked":"SKIP","floor":22.0},{"not_picked":["Accuracy"],"picked":"SKIP","floor":23.0},{"not_picked":["Sucker Punch"],"picked":"SKIP","floor":25.0},{"not_picked":["Dagger Throw"],"picked":"SKIP","floor":28},{"not_picked":["Expertise"],"picked":"SKIP","floor":30},{"not_picked":["Deflect"],"picked":"SKIP","floor":31}],"player_experience":412764,"relics_obtained":[{"floor":9.0,"key":"Snake Skull"},{"floor":20.0,"key":"Red Mask"},{"floor":23.0,"key":"Lantern"},{"floor":26.0,"key":"Toy Ornithopter"}],"event_choices":[{"cards_removed":["Strike_G"],"damage_healed":0.0,"max_hp_gain":0.0,"max_hp_loss":0.0,"gold_gain":0.0,"event_name":"Living Wall","player_choice":"Forget","floor":5.0,"gold_loss":0.0,"damage_taken":0.0},{"damage_healed":0.0,"max_hp_gain":5.0,"max_hp_loss":0.0,"gold_gain":0.0,"event_name":"Big Fish","player_choice":"Donut","floor":12.0,"gold_loss":0.0,"damage_taken":0.0},{"damage_healed":0.0,"max_hp_gain":0.0,"max_hp_loss":0.0,"gold_gain":0.0,"event_name":"Lab","player_choice":"Got Potions","floor":14.0,"gold_loss":0.0,"damage_taken":0.0},{"damage_healed":0.0,"max_hp_gain":0.0,"max_hp_loss":0.0,"gold_gain":0.0,"event_name":"Masked Bandits","player_choice":"Fought Bandits","floor":20.0,"gold_loss":0.0,"damage_taken":0.0},{"damage_healed":0.0,"max_hp_gain":0.0,"max_hp_loss":0.0,"gold_gain":0.0,"event_name":"Match and Keep!","player_choice":"1 cards matched","floor":27.0,"gold_loss":0.0,"damage_taken":0.0,"cards_obtained":["Escape Plan"]}],"is_beta":false,"boss_relics":[{"not_picked":["SacredBark","WristBlade"],"picked":"Busted Crown"}],"items_purged_floors":[7],"is_endless":false,"potions_floor_spawned":[3,4,10,20,30],"killed_by":"Collector","ascension_level":20}}