{"host":"rq7gz685gkaokql0","time":1612740145,"event":{"mods":["BaseMod","Hubris","Infinite Spire","Minty Spire (QoL Compilation)","Replay The Spire","StSLib"],"gold_per_floor":[118,118,44,63,63,63,63,96,145,172,184,184,204,239,239,239,239],"floor_reached":16,"language":"ENG","playtime":545,"items_purged":[],"score":286,"play_id":"c9f9fc9d-a0ed-4a33-9dee-773d9e1e72ee","local_time":"20210207132225","is_ascension_mode":true,"campfire_choices":[{"data":"Accuracy","floor":15,"key":"SMITH"}],"circlet_count":0,"master_deck":["AscendersBane","Strike_G","Strike_G","Strike_G","Strike_G+1","Strike_G","Defend_G+1","Defend_G+1","Defend_G+1","Defend_G+1","Defend_G+1","Survivor","Neutralize","Dagger Spray","Accuracy+1","Blade Dance","Malaise","Dash","Injury","Distraction","Bane"],"relics":["Sizzling Blood","NeowsBlessing","infinitespire:Cubic Diamond","Replay:Bottled Eggs","hubris:SlimyHat","hubris:TinFlute","Golden Idol","Akabeko"],"acts_visited":["Exordium"],"potions_floor_usage":[10,14,16],"damage_taken":[{"damage":0,"enemies":"2 Louse","floor":1,"turns":1},{"damage":0,"enemies":"Small Slimes","floor":4,"turns":1},{"damage":0,"enemies":"Gremlin Nob","floor":8,"turns":1},{"damage":7,"enemies":"Lagavulin","floor":10,"turns":8},{"damage":5,"enemies":"Cultist","floor":11,"turns":5},{"damage":4,"enemies":"3 Louse","floor":13,"turns":3},{"damage":11,"enemies":"3 Sentries","floor":14,"turns":11},{"damage":33,"enemies":"Slime Boss","floor":16,"turns":6}],"seed_played":"-1053355304224482063","potions_obtained":[{"floor":4,"key":"Ancient Potion"},{"floor":7,"key":"Flashbang"},{"floor":7,"key":"SkillPotion"},{"floor":10,"key":"Weak Potion"},{"floor":11,"key":"EssenceOfSteel"}],"is_trial":false,"path_per_floor":["M","?","$","M","$","?","?","E","T","E","M","?","M","E","R","B"],"character_chosen":"THE_SILENT","items_purchased":["Accuracy"],"campfire_rested":0,"item_purchase_floors":[3],"current_hp_per_floor":[59,39,39,39,39,39,39,43,43,40,39,39,39,32,32,0,0],"gold":239,"neow_bonus":"THREE_ENEMY_KILL","is_daily":false,"chose_seed":false,"campfire_upgraded":1,"win_rate":0.0,"timestamp":1612740145,"path_taken":["M","?","$","M","$","?","?","E","T","E","?","?","M","E","R","BOSS"],"items_purchased_type":["Card"],"build_version":"2020-12-22","purchased_purges":0,"victory":false,"max_hp_per_floor":[66,66,66,66,66,66,66,66,66,66,66,66,66,66,66,66,66],"card_choices":[{"not_picked":["Dodge and Roll","Concentrate"],"picked":"Dagger Spray","floor":1},{"not_picked":["Masterful Stab","Slice"],"picked":"Blade Dance","floor":4},{"not_picked":["ReplayTheSpireMod:Tripwire","Dodge and Roll","Skewer"],"picked":"SKIP","floor":8},{"not_picked":["Underhanded Strike","PiercingWail"],"picked":"Malaise","floor":10},{"not_picked":["Deflect","Quick Slash"],"picked":"Dash","floor":11},{"not_picked":["Flying Knee","hubris:SlightOfHand"],"picked":"Distraction","floor":13},{"not_picked":["Acrobatics","Deflect"],"picked":"Bane","floor":14}],"player_experience":1262954,"relics_obtained":[{"floor":8,"key":"Replay:Bottled Eggs"},{"floor":9,"key":"hubris:SlimyHat"},{"floor":10,"key":"hubris:TinFlute"},{"floor":14,"key":"Akabeko"}],"event_choices":[{"damage_healed":0,"gold_gain":0,"player_choice":"Entered Light","damage_taken":20,"max_hp_gain":0,"max_hp_loss":0,"event_name":"Shining Light","floor":2,"gold_loss":0,"cards_upgraded":["Strike_G","Defend_G"]},{"damage_healed":0,"gold_gain":0,"player_choice":"Got Potions","damage_taken":0,"max_hp_gain":0,"max_hp_loss":0,"event_name":"Lab","floor":7,"gold_loss":0},{"damage_healed":0,"gold_gain":0,"player_choice":"Take Wound","damage_taken":0,"relics_obtained":["Golden Idol"],"max_hp_gain":0,"max_hp_loss":0,"event_name":"Golden Idol","floor":12,"gold_loss":0,"cards_obtained":["Injury"]}],"is_beta":false,"boss_relics":[],"items_purged_floors":[],"is_endless":false,"potions_floor_spawned":[4,8,10,11],"killed_by":"Slime Boss","ascension_level":20}}