{"host":"4cz9gr89nglr7k8k","time":1612708241,"event":{"mods":["BaseMod","Minty Spire (QoL Compilation)","Relic Stats","Slay-I"],"gold_per_floor":[111,129,129,31,42,71,101,131,157,157,157,168,168,243,243,317,317,330,347,372,372,384,384,398,425,425,441,441,441,473,49,49,122,122,138,138,138,52,52,52,79,79,104,121,121,121,121,146,146,146,146],"floor_reached":50,"language":"DEU","playtime":1612,"items_purged":[],"score":1074,"play_id":"4a53b666-790c-475b-993e-2b63edcc2d11","local_time":"20210207153041","is_ascension_mode":true,"campfire_choices":[{"floor":11,"key":"REST"},{"floor":13,"key":"REST"},{"floor":15,"key":"REST"},{"floor":23,"key":"REST"},{"floor":28,"key":"REST"},{"floor":32,"key":"REST"},{"floor":40,"key":"REST"},{"floor":42,"key":"REST"},{"floor":45,"key":"REST"},{"floor":47,"key":"REST"},{"floor":49,"key":"REST"}],"circlet_count":0,"master_deck":["AscendersBane","Strike_R+1","Strike_R+1","Strike_R+1","Strike_R+1","Strike_R+1","Defend_R+1","Defend_R+1","Defend_R+1","Defend_R+1","Bash+1","Power Through","Clash","Infernal Blade","Thunderclap","Feel No Pain","Immolate","Heavy Blade","Cleave","Bludgeon","Infernal Blade","Perfected Strike","Whirlwind","Armaments","Rage","Rage","Feed","Perfected Strike","Magnetism","Mind Blast","Pummel","Inflame","Impervious","Pummel","Good Instincts","Flex","Sword Boomerang","Sever Soul","Metallicize","Pummel+1","Shrug It Off","Rage","Madness","Madness","Twin Strike+1","Demon Form","Heavy Blade+1"],"relics":["Burning Blood","Orichalcum","Red Skull","Art of War","Gremlin Horn","SlaversCollar","Red Mask","MealTicket","Sundial","Centennial Puzzle","Black Star","Prayer Wheel","Dream Catcher","Happy Flower","Magic Flower"],"acts_visited":["Exordium","TheCity","TheBeyond"],"potions_floor_usage":[6,19,22,30,33,41,44,50],"damage_taken":[{"damage":10,"enemies":"Small Slimes","floor":1,"turns":3},{"damage":14,"enemies":"2 Louse","floor":2,"turns":3},{"damage":0,"enemies":"Cultist","floor":5,"turns":2},{"damage":20,"enemies":"Lagavulin","floor":6,"turns":3},{"damage":35,"enemies":"Gremlin Nob","floor":8,"turns":5},{"damage":0,"enemies":"3 Louse","floor":12,"turns":1},{"damage":61,"enemies":"The Guardian","floor":16,"turns":10},{"damage":34,"enemies":"Spheric Guardian","floor":18,"turns":6},{"damage":29,"enemies":"Shell Parasite","floor":19,"turns":4},{"damage":0,"enemies":"Masked Bandits","floor":20,"turns":2},{"damage":15,"enemies":"Centurion and Healer","floor":22,"turns":3},{"damage":0,"enemies":"Snecko","floor":24,"turns":2},{"damage":2,"enemies":"Gremlin Leader","floor":25,"turns":5},{"damage":13,"enemies":"Snake Plant","floor":27,"turns":3},{"damage":30,"enemies":"Book of Stabbing","floor":30,"turns":4},{"damage":116,"enemies":"Collector","floor":33,"turns":12},{"damage":18,"enemies":"Orb Walker","floor":35,"turns":4},{"damage":81,"enemies":"Nemesis","floor":41,"turns":7},{"damage":6,"enemies":"3 Darklings","floor":44,"turns":4},{"damage":13,"enemies":"Mind Bloom Boss Battle","floor":48,"turns":6},{"damage":97,"enemies":"Donu and Deca","floor":50,"turns":6}],"seed_played":"-5423916450560901544","potions_obtained":[{"floor":2,"key":"SteroidPotion"},{"floor":8,"key":"SkillPotion"},{"floor":12,"key":"DistilledChaos"},{"floor":16,"key":"FairyPotion"},{"floor":20,"key":"AttackPotion"},{"floor":25,"key":"PowerPotion"},{"floor":30,"key":"Weak Potion"},{"floor":33,"key":"Strength Potion"},{"floor":41,"key":"BlessingOfTheForge"},{"floor":44,"key":"ColorlessPotion"}],"is_trial":false,"path_per_floor":["M","M","?","$","M","E","?","E","T","?","R","M","R","T","R","B",null,"M","M","?","?","M","R","M","E","T","M","R","?","E","$","R","B",null,"M","?","?","$","?","R","E","R","T","M","R","?","R","?","R","B"],"character_chosen":"IRONCLAD","items_purchased":["Infernal Blade","Thunderclap","Magnetism","Mind Blast","Pummel","Inflame","Flex","Sword Boomerang"],"campfire_rested":11,"item_purchase_floors":[4,4,31,31,31,31,38,38],"current_hp_per_floor":[71,63,63,63,69,55,55,26,26,8,32,38,62,62,82,27,68,40,17,23,23,14,38,44,48,48,41,65,65,41,56,80,9,64,52,52,52,67,67,82,7,31,31,34,59,44,69,65,88,0,0],"gold":146,"neow_bonus":"TEN_PERCENT_HP_BONUS","is_daily":false,"chose_seed":false,"campfire_upgraded":0,"win_rate":0.0,"timestamp":1612708241,"path_taken":["M","M","?","$","M","E","?","E","T","?","R","M","R","?","R","BOSS","M","?","?","?","M","R","M","E","T","M","R","?","E","$","R","BOSS","M","?","?","?","?","R","E","R","T","?","R","?","R","?","R","BOSS"],"items_purchased_type":["Card","Card","Card","Card","Card","Card","Card","Card"],"build_version":"2020-12-22","purchased_purges":0,"victory":false,"max_hp_per_floor":[82,82,82,82,82,82,82,82,82,82,82,82,82,82,82,82,82,82,82,82,82,82,82,82,82,82,82,82,82,82,82,82,82,82,82,82,82,82,82,82,82,82,82,85,85,85,85,88,88,88,88],"relic_stats":{"Gremlin Horn":[19,19],"Happy Flower":[5],"counters":[21,95],"Magic Flower":[0],"Orichalcum":[174],"Burning Blood":120,"Centennial Puzzle":[18],"Dream Catcher":4,"Sundial":[2],"MealTicket":30,"Prayer Wheel":1,"Art of War":[3],"Black Star":1,"obtain_stats":[{"Gremlin Horn":14,"Happy Flower":43,"Magic Flower":48,"Orichalcum":6,"Burning Blood":0,"SlaversCollar":17,"Centennial Puzzle":30,"Dream Catcher":41,"Sundial":26,"MealTicket":25,"Prayer Wheel":41,"Art of War":9,"Red Mask":20,"Black Star":34,"Red Skull":8},{"Gremlin Horn":6,"Happy Flower":18,"Magic Flower":20,"Orichalcum":4,"Burning Blood":0,"SlaversCollar":7,"Centennial Puzzle":15,"Dream Catcher":18,"Sundial":13,"MealTicket":13,"Prayer Wheel":18,"Art of War":5,"Red Mask":10,"Black Star":16,"Red Skull":5},{"Gremlin Horn":17,"Happy Flower":79,"Magic Flower":89,"Orichalcum":11,"Burning Blood":0,"SlaversCollar":27,"Centennial Puzzle":56,"Dream Catcher":79,"Sundial":49,"MealTicket":49,"Prayer Wheel":79,"Art of War":16,"Red Mask":39,"Black Star":68,"Red Skull":16}]},"card_choices":[{"not_picked":["Warcry","Combust"],"picked":"Power Through","floor":1},{"not_picked":["Body Slam","Headbutt"],"picked":"Clash","floor":2},{"not_picked":["Dual Wield","Warcry"],"picked":"Feel No Pain","floor":5},{"not_picked":["Second Wind","Twin Strike"],"picked":"Immolate","floor":6},{"not_picked":["Disarm","Wild Strike"],"picked":"Heavy Blade","floor":8},{"not_picked":["Sword Boomerang","Searing Blow"],"picked":"Cleave","floor":12},{"not_picked":["Juggernaut","Corruption"],"picked":"Bludgeon","floor":16},{"not_picked":["Havoc","Evolve"],"picked":"Infernal Blade","floor":18},{"not_picked":["Power Through","Reckless Charge+1"],"picked":"Perfected Strike","floor":19},{"not_picked":["Shockwave","Fire Breathing"],"picked":"Whirlwind","floor":20},{"not_picked":["Hemokinesis","Evolve"],"picked":"Armaments","floor":22},{"not_picked":["Wild Strike","Cleave"],"picked":"Rage","floor":24},{"not_picked":["Heavy Blade","Feel No Pain"],"picked":"Rage","floor":25},{"not_picked":["Armaments","Shrug It Off"],"picked":"Feed","floor":27},{"not_picked":["Havoc","Battle Trance"],"picked":"Perfected Strike","floor":30},{"not_picked":["Fiend Fire","Berserk"],"picked":"Impervious","floor":33},{"not_picked":["Dropkick","Carnage"],"picked":"Pummel","floor":35},{"not_picked":["Forethought","Discovery"],"picked":"Good Instincts","floor":36},{"not_picked":["Perfected Strike","Flex"],"picked":"Sever Soul","floor":41},{"not_picked":["Twin Strike","Iron Wave"],"picked":"Metallicize","floor":42},{"not_picked":["Warcry","Pommel Strike"],"picked":"Pummel+1","floor":44},{"not_picked":["Warcry","Iron Wave"],"picked":"Shrug It Off","floor":44},{"not_picked":["True Grit","Wild Strike"],"picked":"Rage","floor":45},{"not_picked":["Whirlwind","Shrug It Off"],"picked":"Twin Strike+1","floor":47},{"not_picked":["Shrug It Off","Armaments+1"],"picked":"Demon Form","floor":48},{"not_picked":["Iron Wave","Cleave"],"picked":"Heavy Blade+1","floor":49}],"player_experience":1541587,"relics_obtained":[{"floor":6,"key":"Orichalcum"},{"floor":8,"key":"Red Skull"},{"floor":9,"key":"Art of War"},{"floor":14,"key":"Gremlin Horn"},{"floor":20,"key":"Red Mask"},{"floor":25,"key":"MealTicket"},{"floor":26,"key":"Sundial"},{"floor":30,"key":"Centennial Puzzle"},{"floor":41,"key":"Prayer Wheel"},{"floor":41,"key":"Dream Catcher"},{"floor":43,"key":"Happy Flower"},{"floor":48,"key":"Magic Flower"}],"event_choices":[{"damage_healed":0,"gold_gain":0,"player_choice":"Grow","damage_taken":0,"max_hp_gain":0,"max_hp_loss":0,"event_name":"Living Wall","floor":3,"gold_loss":0,"cards_upgraded":["Bash"]},{"damage_healed":0,"gold_gain":30,"player_choice":"Searched \u00271\u0027 times","damage_taken":0,"max_hp_gain":0,"max_hp_loss":0,"event_name":"Dead Adventurer","floor":7,"gold_loss":0},{"damage_healed":0,"gold_gain":0,"player_choice":"Fled","damage_taken":18,"max_hp_gain":0,"max_hp_loss":0,"event_name":"Scrap Ooze","floor":10,"gold_loss":0},{"damage_healed":0,"gold_gain":0,"player_choice":"Fought Bandits","damage_taken":0,"max_hp_gain":0,"max_hp_loss":0,"event_name":"Masked Bandits","floor":20,"gold_loss":0},{"damage_healed":0,"gold_gain":0,"player_choice":"Simplicity","damage_taken":0,"max_hp_gain":0,"max_hp_loss":0,"event_name":"Back to Basics","floor":21,"gold_loss":0,"cards_upgraded":["Strike_R","Strike_R","Strike_R","Strike_R","Strike_R","Defend_R","Defend_R","Defend_R","Defend_R"]},{"damage_healed":0,"gold_gain":0,"player_choice":"Ignored","damage_taken":0,"max_hp_gain":0,"max_hp_loss":0,"event_name":"Cursed Tome","floor":29,"gold_loss":0},{"damage_healed":0,"gold_gain":0,"player_choice":"Memory 1","damage_taken":0,"max_hp_gain":0,"max_hp_loss":0,"event_name":"SensoryStone","floor":36,"gold_loss":0},{"damage_healed":0,"gold_gain":0,"player_choice":"Ignored","damage_taken":0,"max_hp_gain":0,"max_hp_loss":0,"event_name":"Mysterious Sphere","floor":37,"gold_loss":0},{"damage_healed":0,"gold_gain":0,"player_choice":"Ignored","damage_taken":0,"max_hp_gain":0,"max_hp_loss":0,"event_name":"SecretPortal","floor":39,"gold_loss":0},{"damage_healed":0,"gold_gain":0,"player_choice":"Embrace Madness","damage_taken":15,"max_hp_gain":0,"max_hp_loss":0,"event_name":"Winding Halls","floor":46,"gold_loss":0,"cards_obtained":["Madness","Madness"]},{"damage_healed":0,"gold_gain":0,"player_choice":"Fight","damage_taken":0,"max_hp_gain":0,"max_hp_loss":0,"event_name":"MindBloom","floor":48,"gold_loss":0}],"is_beta":false,"boss_relics":[{"not_picked":["Ectoplasm","Runic Dome"],"picked":"SlaversCollar"},{"not_picked":["Runic Cube","Pandora\u0027s Box"],"picked":"Black Star"}],"items_purged_floors":[],"is_endless":false,"potions_floor_spawned":[2,8,12,16,20,25,30,33,41,44],"killed_by":"Donu and Deca","ascension_level":20}}