{"host":"oigynbtg272c19pw","time":1612692991,"event":{"mods":["BaseMod","Colored Map","Minty Spire (QoL Compilation)","Relic Stats","Slay the Relics Exporter","StSLib"],"gold_per_floor":[54,12,12,62,94,94,122,161,161,200,200,252,291,336,336,412,412,412,412],"floor_reached":18,"playtime":982,"items_purged":[],"score":448,"play_id":"ed952ee0-b708-44e7-9638-18b3c7445be9","local_time":"20210207111631","is_ascension_mode":true,"campfire_choices":[{"data":"HandOfGreed","floor":6.0,"key":"SMITH"},{"data":"WaveOfTheHand","floor":11.0,"key":"SMITH"},{"data":"Meditate","floor":15.0,"key":"SMITH"}],"circlet_count":0,"master_deck":["AscendersBane","Strike_P","Strike_P","Strike_P","Defend_P","Defend_P","Defend_P","Defend_P","Eruption","Vigilance","HandOfGreed+1","FlurryOfBlows","FearNoEvil","Protect","Prostrate","Tantrum","WaveOfTheHand+1","JustLucky","Meditate+1","Wireheading","DevaForm"],"relics":["PureWater","Damaru","Pantograph","Gremlin Horn","Philosopher\u0027s Stone"],"acts_visited":["Exordium","TheCity"],"potions_floor_usage":[18],"damage_taken":[{"damage":7.0,"enemies":"2 Louse","floor":1.0,"turns":4.0},{"damage":0.0,"enemies":"Small Slimes","floor":4.0,"turns":5.0},{"damage":2.0,"enemies":"Jaw Worm","floor":5.0,"turns":3.0},{"damage":0.0,"enemies":"Gremlin Nob","floor":7.0,"turns":3.0},{"damage":11.0,"enemies":"Looter","floor":8.0,"turns":4.0},{"damage":0.0,"enemies":"2 Fungi Beasts","floor":10.0,"turns":2.0},{"damage":0.0,"enemies":"Lagavulin","floor":12.0,"turns":6.0},{"damage":5.0,"enemies":"3 Louse","floor":13.0,"turns":6.0},{"damage":0.0,"enemies":"Large Slime","floor":14.0,"turns":2.0},{"damage":37.0,"enemies":"The Guardian","floor":16.0,"turns":7.0},{"damage":59,"enemies":"3 Byrds","floor":18,"turns":5}],"seed_played":"-4460239739215348241","potions_obtained":[{"floor":5.0,"key":"BlessingOfTheForge"},{"floor":8.0,"key":"Swift Potion"},{"floor":10.0,"key":"LiquidMemories"},{"floor":13.0,"key":"Dexterity Potion"}],"is_trial":false,"path_per_floor":["M","$","?","M","M","R","E","M","T","M","R","E","M","M","R","B",null,"M"],"character_chosen":"WATCHER","items_purchased":["FearNoEvil"],"campfire_rested":0,"item_purchase_floors":[2],"current_hp_per_floor":[54,54,54,54,52,52,52,41,41,41,41,41,36,36,36,24,57,0,0],"gold":412,"neow_bonus":"RANDOM_COLORLESS_2","is_daily":false,"chose_seed":false,"campfire_upgraded":3,"win_rate":0.0,"timestamp":1612692991,"path_taken":["M","$","?","M","M","R","E","M","T","M","R","E","M","M","R","BOSS","M"],"items_purchased_type":["Card"],"build_version":"2020-12-13","purchased_purges":0,"victory":false,"max_hp_per_floor":[68,68,68,68,68,68,68,68,68,68,68,68,68,68,68,68,68,68,68],"relic_stats":{"Gremlin Horn":[3,3],"counters":[11,47],"Pantograph":25,"obtain_stats":[{"Gremlin Horn":12,"Pantograph":9,"Damaru":7,"Philosopher\u0027s Stone":17,"PureWater":0},{"Gremlin Horn":7,"Pantograph":5,"Damaru":4,"Philosopher\u0027s Stone":10,"PureWater":0},{"Gremlin Horn":27,"Pantograph":19,"Damaru":15,"Philosopher\u0027s Stone":42,"PureWater":0}]},"card_choices":[{"not_picked":["Sadistic Nature","Apotheosis"],"picked":"HandOfGreed","floor":0.0},{"not_picked":["JustLucky","ForeignInfluence"],"picked":"FlurryOfBlows","floor":1.0},{"not_picked":["WreathOfFlame","JustLucky"],"picked":"Prostrate","floor":4.0},{"not_picked":["Halt","Nirvana"],"picked":"Tantrum","floor":5.0},{"not_picked":["JustLucky","Evaluate"],"picked":"WaveOfTheHand","floor":7.0},{"not_picked":["FollowUp","WreathOfFlame","Collect"],"picked":"SKIP","floor":8.0},{"not_picked":["ThirdEye","Protect"],"picked":"JustLucky","floor":10.0},{"not_picked":["PathToVictory","ClearTheMind"],"picked":"Meditate","floor":12.0},{"not_picked":["Prostrate","Worship"],"picked":"Wireheading","floor":13.0},{"not_picked":["JustLucky","CutThroughFate","SandsOfTime"],"picked":"SKIP","floor":14.0},{"not_picked":["SpiritShield","Wish"],"picked":"DevaForm","floor":16.0}],"player_experience":1555348,"relics_obtained":[{"floor":7.0,"key":"Damaru"},{"floor":9.0,"key":"Pantograph"},{"floor":12.0,"key":"Gremlin Horn"}],"event_choices":[{"damage_healed":0.0,"max_hp_gain":0.0,"max_hp_loss":0.0,"gold_gain":0.0,"cards_transformed":["Strike_P"],"event_name":"Living Wall","player_choice":"Change","floor":3.0,"gold_loss":0.0,"damage_taken":0.0,"cards_obtained":["Protect"]}],"is_beta":false,"boss_relics":[{"not_picked":["Ectoplasm","Velvet Choker"],"picked":"Philosopher\u0027s Stone"}],"items_purged_floors":[],"is_endless":false,"potions_floor_spawned":[5,8,10,13],"killed_by":"3 Byrds","ascension_level":20}}