{"host":"hzswyuuwdl03wwzr","time":1612717020,"event":{"mods":["100% Spire Juice","ATMod(∞¢Ë™Mod)","AchievementEnabler","Act Like it!","BaseMod","Bossed Relics","CapriCore","Hallownest","Lobotomy","LobotomyExtend","Marisa£®ÏF”Í°°ƒß¿Ì…≥£©","Minty Spire (QoL Compilation)","Quick Restart","Reliquary","Remilia_Scarlet Moed£®¿Ÿ√◊¿Ú—«°§Àπø®¿◊Ãÿ£©3.3.5","Replay The Spire","StSLib","The Cursed","The Immortal","Yakumo Yukari mod","Youmu£®ªÍ∆«—˝√Œ£©","Yuyuko","°æπ¶ƒ‹Mod°øªÏ„Á÷Æª∑–ﬁ∏¥≤π∂°","°æ“≈ŒÔø®≈∆°øREMEMod"],"gold_per_floor":[216,227,239,164,164,164,164,164,164,215,140,140,186,216,216,351,351,351,351,351,389,80,80,80,80,104,24,24,72,118,151,151,277,277,320,320,377,292,324,324,342,342,412,412,412,470,470,520,520,568],"floor_reached":51,"language":"ZHS","playtime":1657,"items_purged":["Hallownest:curseDreamersLament"],"score":846,"play_id":"acc4821f-f841-4003-94f6-f12913090e00","local_time":"20210208005700","is_ascension_mode":false,"campfire_choices":[{"data":"CelestialStarSword","floor":6,"key":"SMITH"},{"data":"FantasyOfEnteringEnlightenment","floor":15,"key":"SMITH"},{"data":"StrangeHalfBody","floor":23,"key":"SMITH"},{"data":"Hallownest:skillGreenpathMap","floor":25,"key":"SMITH"},{"data":"Hallownest:skillCityofTearsMap","floor":28,"key":"SMITH"},{"floor":32,"key":"REST"},{"floor":40,"key":"RECALL"},{"data":"Hallownest:skillKingdomsEdgeMap","floor":45,"key":"SMITH"},{"data":"LotusPostureSlash","floor":47,"key":"SMITH"},{"floor":49,"key":"REST"}],"circlet_count":0,"master_deck":["Strike_YM","Strike_YM","Strike_YM+1","Strike_YM","Defend_YM","Defend_YM","Defend_YM","SlashOfPresentWorld","WheelOfPainOfLivingAndDead","DispleasureOfTheSevenHakus","TenKingsRetributionOnThePreta+1","CelestialStarSword+1","CrescentMoonSlash","Hallownest:skillGreenpathMap+1","MatsuyoiReflectingSatelliteSlash","FantasyOfEnteringEnlightenment+1","StrangeHalfBody+1","LotusPostureSlash+1","Hallownest:skillCityofTearsMap+1","AsuraSword","SwordExtraction+1","Hallownest:skillKingdomsEdgeMap+1","ConstancyOfTheConventionalTruth+1","EchoesOfTheInclemencyOfAllBeings+1","SpiderLilyBurial+1"],"relics":["MiniYoumu","AT_ATBox","REME_ComplimentaryCards","LetterFromLob","REME_ArchaeologicalTools","Hallownest:DreamNailRelic","Replay:Rubber Ducky","Black Star","Replay:Towering Pillar of Hats","Replay:Baseball","RedMistMask","Hallownest:BlackEggRelic","Onion Ring","Pen Nib","ChestCloth"],"acts_visited":["Hallownest:Greenpath","Hallownest:CityofTears","Hallownest:KingdomsEdge"],"potions_floor_usage":[33,37],"damage_taken":[{"damage":0,"enemies":"Hallownest:monsterHuskWarrior","floor":1,"turns":3},{"damage":3,"enemies":"Hallownest:monsterHuskGuard","floor":2,"turns":6},{"damage":1,"enemies":"2_ Uuma","floor":3,"turns":6},{"damage":4,"enemies":"Hallownest:1_Ooma_and_2_Uuma","floor":10,"turns":6},{"damage":10,"enemies":"Hallownest:eliteCrystalGuardian","floor":13,"turns":6},{"damage":0,"enemies":"Hallownest:monsterMossCharger","floor":14,"turns":8},{"damage":39,"enemies":"Hallownest:BossBrokenVessel","floor":16,"turns":10},{"damage":26,"enemies":"Hallownest:Flukemon_and_Top","floor":21,"turns":5},{"damage":0,"enemies":"Hallownest:Guard_and_Sentry","floor":29,"turns":5},{"damage":18,"enemies":"Hallownest:Glutton_and_Coward","floor":30,"turns":3},{"damage":2,"enemies":"Hallownest:monsterMisterMushroom","floor":31,"turns":4},{"damage":14,"enemies":"Hallownest:BossMantisLord","floor":33,"turns":4},{"damage":1,"enemies":"Hallownest:Shield_Heavy","floor":35,"turns":2},{"damage":12,"enemies":"Hallownest:3_Siblings","floor":37,"turns":7},{"damage":25,"enemies":"Hallownest:2_Wing_and_1_Kings","floor":39,"turns":4},{"damage":8,"enemies":"Hallownest:Xero_Hu_Marmu","floor":41,"turns":2},{"damage":21,"enemies":"Hallownest:eliteHiveKnight","floor":48,"turns":5},{"damage":17,"enemies":"Hallownest:BossGreyPrinceZote","floor":50,"turns":6}],"seed_played":"-5151821741091641763","potions_obtained":[{"floor":10,"key":"LiquidBronze"},{"floor":13,"key":"SkillPotion"},{"floor":16,"key":"SpeedPotion"}],"is_trial":false,"path_per_floor":["M","M","M","?","?","R","?","?","T","M","$","?","E","M","R","B",null,"M","?","?","M","$","R","$","R","T","?","R","M","M","M","R","B",null,"M","?","M","?","M","R","M","?","T","?","R","?","R","E","R","B",null],"character_chosen":"YOUMU","items_purchased":["Replay:Towering Pillar of Hats"],"campfire_rested":2,"item_purchase_floors":[22],"current_hp_per_floor":[75,72,71,71,71,71,71,71,71,67,67,67,57,57,57,18,75,75,75,75,49,49,49,49,49,49,49,49,49,31,29,51,37,75,74,74,62,62,37,37,29,29,29,29,29,29,29,8,30,13],"gold":568,"neow_bonus":"HUNDRED_GOLD","is_daily":false,"chose_seed":false,"campfire_upgraded":7,"win_rate":0.0,"timestamp":1612717020,"path_taken":["M","?","M","?","?","R","?","?","T","?","$","?","E","M","R","BOSS","M","?","?","?","?","R","$","R","T","?","R","?","M","M","R","BOSS","M","?","?","?","M","R","M","?","T","?","R","?","R","E","R","BOSS"],"items_purchased_type":["Relic"],"build_version":"2020-12-22","purchased_purges":1,"victory":true,"max_hp_per_floor":[75,75,75,75,75,75,75,75,75,75,75,75,75,75,75,75,75,75,75,75,75,75,75,75,75,75,75,75,75,75,75,75,75,75,75,75,75,75,75,75,75,75,75,75,75,75,75,75,75,75],"card_choices":[{"not_picked":["TwoHundredYojanaInOneSlash","ConstancyOfTheConventionalTruth"],"picked":"DispleasureOfTheSevenHakus","floor":1},{"not_picked":["PhosphoricSlash","SpiritCuttingSword"],"picked":"TenKingsRetributionOnThePreta","floor":2},{"not_picked":["FlashingScatteredFlowers","FiveSignsOfTheDyingDeva"],"picked":"CrescentMoonSlash","floor":3},{"not_picked":["SwordOfBindingDesires","SanzenSekai"],"picked":"MatsuyoiReflectingSatelliteSlash","floor":10},{"not_picked":["ObsessionSword","SlashClearingTheSixSenses","HesitationCuttingSword"],"picked":"SKIP","floor":13},{"not_picked":["KarmicPunishmentOfTheIdleAndUnfocused","CrescentMoonSlash"],"picked":"FantasyOfEnteringEnlightenment","floor":14},{"not_picked":["VoidnessSword","FastingOfTheYoungPreta"],"picked":"StrangeHalfBody","floor":16},{"not_picked":["CrescentMoonSlash","TurningAngelCut"],"picked":"LotusPostureSlash","floor":21},{"not_picked":["FantasyOfEnteringEnlightenment","SwordExtraction","HeartExcerptSlash"],"picked":"SKIP","floor":29},{"not_picked":["CherryBlossomFlashing+1","SpiritMediumsBind","PhosphoricSlash"],"picked":"SKIP","floor":30},{"not_picked":["RapidSlash","PhosphoricSlash","SlashOfDepartureFromHesitation"],"picked":"SKIP","floor":31},{"not_picked":["CherryBlossomSword","SuddenDivineSeveringOfKarmicWind"],"picked":"AsuraSword","floor":33},{"not_picked":["HellFireSword","FlashingScatteredFlowers"],"picked":"SwordExtraction+1","floor":35},{"not_picked":["ThreeKonsSevenHakus","ConstancyOfTheConventionalTruth","PhosphoricSlash+1"],"picked":"SKIP","floor":37},{"not_picked":["SpiritCuttingSword","LowerRealmReflectionSlash","HumanGodSword"],"picked":"SKIP","floor":39},{"not_picked":["DispleasureOfTheSevenHakus","SpiritMediumsBind"],"picked":"ConstancyOfTheConventionalTruth+1","floor":41},{"not_picked":["SanzenSekai","SpiritCuttingSword+1"],"picked":"EchoesOfTheInclemencyOfAllBeings+1","floor":46},{"not_picked":["LightFlashOfTheNetherworld+1","FantasyOfEnteringEnlightenment"],"picked":"SpiderLilyBurial+1","floor":48}],"player_experience":42074,"relics_obtained":[{"floor":1,"key":"LetterFromLob"},{"floor":9,"key":"REME_ArchaeologicalTools"},{"floor":13,"key":"Replay:Rubber Ducky"},{"floor":26,"key":"Replay:Baseball"},{"floor":29,"key":"RedMistMask"},{"floor":46,"key":"Onion Ring"},{"floor":48,"key":"Pen Nib"},{"floor":48,"key":"ChestCloth"}],"event_choices":[],"is_beta":false,"boss_relics":[{"not_picked":["Painkiller Herb","reliquary:Craggleroot"],"picked":"Black Star"},{"not_picked":["REME_ChargedStone","reliquary:RedCape"],"picked":"MiniYoumu"}],"items_purged_floors":[11],"is_endless":false,"potions_floor_spawned":[10,13,16,30,39],"ascension_level":0}}