{"host":"4nk64u0og8aplzuu","time":1612691903,"event":{"mods":["BaseMod","Highlight Path","Minty Spire (QoL Compilation)"],"gold_per_floor":[119,130,39,214,225,225,243,268,268,268,268],"floor_reached":10,"language":"ENG","playtime":761,"items_purged":[],"score":68,"play_id":"3512b803-251a-4d32-8fa4-33e0587038ad","local_time":"20210207025823","is_ascension_mode":false,"campfire_choices":[{"data":"Distraction","floor":6,"key":"SMITH"}],"circlet_count":0,"master_deck":["Strike_G","Strike_G","Strike_G","Strike_G","Strike_G","Defend_G","Defend_G","Defend_G","Defend_G","Defend_G","Survivor","Neutralize","Outmaneuver","Distraction+1","Outmaneuver","Purity","Doubt","Flying Knee","All Out Attack","Adrenaline"],"relics":["Ring of the Snake","White Beast Statue","Bottled Flame"],"acts_visited":["Exordium"],"potions_floor_usage":[8,10,10],"damage_taken":[{"damage":3,"enemies":"Jaw Worm","floor":1,"turns":5},{"damage":0,"enemies":"Cultist","floor":2,"turns":5},{"damage":3,"enemies":"2 Louse","floor":5,"turns":6},{"damage":3,"enemies":"Large Slime","floor":7,"turns":10},{"damage":20,"enemies":"3 Sentries","floor":8,"turns":6},{"damage":81,"enemies":"Gremlin Nob","floor":10,"turns":5}],"seed_played":"-490068041473715192","potions_obtained":[{"floor":5,"key":"Regen Potion"},{"floor":7,"key":"SteroidPotion"},{"floor":8,"key":"EssenceOfSteel"}],"is_trial":false,"path_per_floor":["M","M","$","?","M","R","M","E","T","E"],"character_chosen":"THE_SILENT","items_purchased":["Purity"],"campfire_rested":0,"item_purchase_floors":[3],"current_hp_per_floor":[67,67,67,67,64,64,61,41,41,0,0],"gold":268,"neow_bonus":"THREE_CARDS","is_daily":false,"chose_seed":false,"campfire_upgraded":1,"win_rate":0.0,"timestamp":1612691903,"path_taken":["M","M","$","?","M","R","M","E","T","E"],"items_purchased_type":["Card"],"build_version":"2020-12-22","purchased_purges":0,"victory":false,"max_hp_per_floor":[70,70,70,70,70,70,70,70,70,70,70],"card_choices":[{"not_picked":["Sucker Punch","Underhanded Strike"],"picked":"Outmaneuver","floor":0},{"not_picked":["Dodge and Roll","Quick Slash"],"picked":"Distraction","floor":1},{"not_picked":["Reflex","Blade Dance"],"picked":"Outmaneuver","floor":2},{"not_picked":["Dodge and Roll","Deadly Poison"],"picked":"Flying Knee","floor":5},{"not_picked":["Setup","Flying Knee"],"picked":"All Out Attack","floor":7},{"not_picked":["Leg Sweep","PiercingWail"],"picked":"Adrenaline","floor":8}],"player_experience":370511,"relics_obtained":[{"floor":8,"key":"White Beast Statue"},{"floor":9,"key":"Bottled Flame"}],"event_choices":[{"damage_healed":0,"gold_gain":175,"player_choice":"AGREE","damage_taken":0,"max_hp_gain":0,"max_hp_loss":0,"event_name":"Liars Game","floor":4,"gold_loss":0,"cards_obtained":["Doubt"]}],"is_beta":false,"boss_relics":[],"items_purged_floors":[],"is_endless":false,"potions_floor_spawned":[5,7,8],"killed_by":"Gremlin Nob","ascension_level":0}}