{"host":"15dd7v8o90xso62x","time":1612714204,"event":{"mods":["BaseMod","Minty Spire (QoL Compilation)","Quick Restart","StSLib","SuperFastMode"],"gold_per_floor":[113,129,144,163,176,176,196,196,196,229,229,304,304,314,314,314,314],"floor_reached":16,"language":"KOR","playtime":502,"items_purged":[],"score":208,"play_id":"de87f1b0-4478-4408-b0fe-318db29c76ca","local_time":"20210208011004","is_ascension_mode":true,"campfire_choices":[{"data":"Riddle With Holes","floor":6.0,"key":"SMITH"},{"data":"Die Die Die","floor":8.0,"key":"SMITH"},{"data":"Phantasmal Killer","floor":11.0,"key":"SMITH"},{"data":"Neutralize","floor":13.0,"key":"SMITH"},{"floor":15,"key":"REST"}],"circlet_count":0,"master_deck":["AscendersBane","Strike_G","Strike_G","Strike_G","Strike_G","Defend_G","Defend_G","Defend_G","Defend_G","Survivor","Neutralize+1","Expertise","Riddle With Holes+1","Dagger Throw","Infinite Blades","Die Die Die+1","Phantasmal Killer+1"],"relics":["Ring of the Snake","Molten Egg 2","Tough Bandages"],"acts_visited":["Exordium"],"potions_floor_usage":[14,16],"damage_taken":[{"damage":6.0,"enemies":"Cultist","floor":1.0,"turns":4.0},{"damage":0.0,"enemies":"Small Slimes","floor":2.0,"turns":4.0},{"damage":2.0,"enemies":"2 Louse","floor":3.0,"turns":3.0},{"damage":6.0,"enemies":"Red Slaver","floor":4.0,"turns":4.0},{"damage":8.0,"enemies":"3 Louse","floor":5.0,"turns":4.0},{"damage":2.0,"enemies":"2 Fungi Beasts","floor":7.0,"turns":3.0},{"damage":6.0,"enemies":"Gremlin Nob","floor":10.0,"turns":3.0},{"damage":13,"enemies":"Large Slime","floor":14,"turns":4},{"damage":23,"enemies":"The Guardian","floor":16,"turns":5}],"seed_played":"-6858304385933696488","potions_obtained":[{"floor":2.0,"key":"PowerPotion"},{"floor":5.0,"key":"GamblersBrew"},{"floor":10.0,"key":"GamblersBrew"},{"floor":14,"key":"BlessingOfTheForge"}],"is_trial":false,"path_per_floor":["M","M","M","M","M","R","M","R","T","E","R","?","R","M","R","B"],"character_chosen":"THE_SILENT","items_purchased":[],"campfire_rested":1,"item_purchase_floors":[],"current_hp_per_floor":[53,53,51,45,37,37,35,35,35,29,29,18,18,5,23,0,0],"gold":314,"neow_bonus":"TRANSFORM_TWO_CARDS","is_daily":false,"chose_seed":false,"campfire_upgraded":4,"win_rate":0.0,"timestamp":1612714204,"path_taken":["M","M","M","M","M","R","M","R","T","E","R","?","R","M","R","BOSS"],"items_purchased_type":[],"build_version":"2020-12-22","purchased_purges":0,"victory":false,"max_hp_per_floor":[60,60,60,60,60,60,60,60,60,60,60,60,60,60,60,60,60],"card_choices":[{"not_picked":["Acrobatics","Deflect"],"picked":"Dagger Throw","floor":1.0},{"not_picked":["Underhanded Strike","Acrobatics","Expertise"],"picked":"SKIP","floor":2.0},{"not_picked":["All Out Attack","Bouncing Flask","Acrobatics"],"picked":"SKIP","floor":3.0},{"not_picked":["Backflip","Crippling Poison"],"picked":"Infinite Blades","floor":4.0},{"not_picked":["Expertise","Reflex","Skewer"],"picked":"SKIP","floor":5.0},{"not_picked":["Tactician","Backflip"],"picked":"Die Die Die","floor":7.0},{"not_picked":["Deflect","Quick Slash+1"],"picked":"Phantasmal Killer","floor":10.0},{"not_picked":["Dagger Spray+1","Slice+1","Backflip"],"picked":"SKIP","floor":14}],"player_experience":938485,"relics_obtained":[{"floor":9.0,"key":"Molten Egg 2"},{"floor":10.0,"key":"Tough Bandages"}],"event_choices":[{"damage_healed":0.0,"max_hp_gain":0.0,"max_hp_loss":0.0,"gold_gain":75.0,"event_name":"World of Goop","player_choice":"Gather Gold","floor":12.0,"gold_loss":0.0,"damage_taken":11.0}],"is_beta":false,"boss_relics":[],"items_purged_floors":[],"is_endless":false,"potions_floor_spawned":[2,5,7,10,14],"killed_by":"The Guardian","ascension_level":20}}