{"host":"ydh61a5ftgdajrbo","time":1612667476,"event":{"mods":["BaseMod","Colored Map","DeckTracker","Downfall","Koishi","Marisa¡]Ãú«B¡@Å]²z¨F¡^","Minty Spire (QoL Compilation)","Spire Arcade","StSLib","The Administrix","The Animator","The Cursed","The Mystic","The Servant 0.9.4"],"gold_per_floor":[109,109,129,148,159,192,192,208,235,254,254,279,279,40,40,114,114,129,147,147,158,158,158,192,208,260,260,260,260,272,74,74,148,148,160,175,193,193,193,193,228,246,273,305,49,65,91,106,106,106],"floor_reached":51,"language":"ZHS","playtime":2268,"items_purged":["Regret","Defend_G"],"score":1368,"play_id":"7c4397cb-0556-4fee-af31-d303f84e1872","local_time":"20210207111116","is_ascension_mode":true,"campfire_choices":[{"floor":11.0,"key":"REST"},{"floor":13.0,"key":"REST"},{"floor":15.0,"key":"REST"},{"data":"Infinite Blades","floor":23.0,"key":"SMITH"},{"floor":27.0,"key":"REST"},{"data":"Blade Dance","floor":32.0,"key":"SMITH"},{"floor":40.0,"key":"REST"},{"floor":49,"key":"REST"}],"circlet_count":0,"master_deck":["AscendersBane","Defend_G","Defend_G","Defend_G","Defend_G","Survivor","Neutralize","Dagger Throw","PiercingWail","Infinite Blades+1","Escape Plan","Blade Dance","Underhanded Strike","Prepared","Escape Plan","Die Die Die","Blade Dance+1","Deflect","Backflip+1","Backflip","Deflect","Slimebound:Tackle+1","Slimebound:Tackle+1","Slimebound:Tackle+1","Blade Dance","Accuracy","downfall:Haunted","downfall:Haunted","Pain","Blade Dance+1"],"relics":["Philosopher\u0027s Stone","Slimebound:PreparedRelic","Orichalcum","PreservedInsect","Smiling Mask","Dead Branch","WristBlade","sneckomod:BabySnecko","MutagenicStrength","Slimebound:StickyStick","MealTicket","Guardian:BottledAnomaly","Fusion Hammer","Du-Vu Doll","WarpedTongs","Bottled Tornado","Bag of Preparation","Pantograph","Shuriken","bronze:BronzeIdol"],"acts_visited":["Exordium","TheCity","TheBeyond"],"potions_floor_usage":[50],"damage_taken":[{"damage":0.0,"enemies":"Small Slimes","floor":1.0,"turns":5.0},{"damage":4.0,"enemies":"2 Louse","floor":3.0,"turns":3.0},{"damage":0.0,"enemies":"Cultist","floor":4.0,"turns":5.0},{"damage":0.0,"enemies":"2 Fungi Beasts","floor":5.0,"turns":4.0},{"damage":19.0,"enemies":"3 Sentries","floor":6.0,"turns":11.0},{"damage":25.0,"enemies":"Gremlin Gang","floor":8.0,"turns":6.0},{"damage":4.0,"enemies":"Exordium Wildlife","floor":10.0,"turns":3.0},{"damage":9.0,"enemies":"Lagavulin","floor":12.0,"turns":4.0},{"damage":25.0,"enemies":"The Guardian","floor":16.0,"turns":8.0},{"damage":10.0,"enemies":"Shell Parasite","floor":18.0,"turns":4.0},{"damage":8.0,"enemies":"2 Thieves","floor":19.0,"turns":3.0},{"damage":0.0,"enemies":"Centurion and Healer","floor":21.0,"turns":5.0},{"damage":7.0,"enemies":"Gremlin Leader","floor":24.0,"turns":4.0},{"damage":12.0,"enemies":"Snake Plant","floor":25.0,"turns":4.0},{"damage":0.0,"enemies":"3 Cultists","floor":30.0,"turns":3.0},{"damage":10.0,"enemies":"Collector","floor":33.0,"turns":5.0},{"damage":7.0,"enemies":"Orb Walker","floor":35.0,"turns":2.0},{"damage":10.0,"enemies":"3 Shapes","floor":36.0,"turns":3.0},{"damage":3.0,"enemies":"Maw","floor":37.0,"turns":5.0},{"damage":7.0,"enemies":"Giant Head","floor":41.0,"turns":2.0},{"damage":25,"enemies":"Jaw Worm Horde","floor":42,"turns":2},{"damage":0,"enemies":"Reptomancer","floor":44,"turns":2},{"damage":0,"enemies":"Writhing Mass","floor":46,"turns":3},{"damage":0,"enemies":"Maw","floor":48,"turns":2},{"damage":21,"enemies":"Awakened One","floor":50,"turns":4}],"seed_played":"-3992162989368459876","potions_obtained":[{"floor":3.0,"key":"EssenceOfSteel"},{"floor":4.0,"key":"LiquidMemories"},{"floor":6.0,"key":"Strength Potion"},{"floor":18.0,"key":"Strength Potion"},{"floor":19.0,"key":"CunningPotion"},{"floor":35.0,"key":"DistilledChaos"}],"is_trial":false,"path_per_floor":["M","?","M","M","M","E","?","M","T","M","R","E","R","$","R","B",null,"M","M","?","M","?","R","E","M","T","R","?","?","M","$","R","B",null,"M","M","M","?","?","R","E","M","T","E","$","M","T","M","R","B",null],"character_chosen":"THE_SILENT","items_purchased":["Escape Plan","Die Die Die","Guardian:BottledAnomaly","Shuriken"],"campfire_rested":6,"item_purchase_floors":[14,14,31,45],"current_hp_per_floor":[59,59,55,55,55,36,36,11,11,7,26,17,36,36,55,30,57,47,39,39,39,39,39,32,20,20,39,39,39,39,54,54,44,61,54,44,41,41,41,60,53,28,28,28,43,43,43,43,62,45],"gold":106,"neow_bonus":"BOSS_RELIC","is_daily":false,"chose_seed":false,"campfire_upgraded":2,"win_rate":0.0,"timestamp":1612667476,"path_taken":["M","?","M","M","M","E","?","M","T","M","R","E","R","$","R","BOSS","M","M","?","M","?","R","E","M","T","R","?","?","M","$","R","BOSS","M","?","M","?","?","R","E","M","T","E","$","?","?","M","R","BOSS"],"items_purchased_type":["Card","Card","Relic","Relic"],"build_version":"2020-12-22","purchased_purges":2,"victory":true,"max_hp_per_floor":[66,66,66,66,66,66,66,66,66,66,66,66,66,66,66,66,66,66,66,66,66,66,66,66,66,66,66,66,66,66,66,66,66,66,66,66,66,66,66,66,66,66,66,66,66,66,66,66,66,66],"card_choices":[{"not_picked":["Underhanded Strike","Expertise"],"picked":"Dagger Throw","floor":1.0},{"not_picked":["Tactician","Quick Slash"],"picked":"PiercingWail","floor":3.0},{"not_picked":["Crippling Poison","Concentrate"],"picked":"Infinite Blades","floor":4.0},{"not_picked":["Acrobatics","Bane"],"picked":"Escape Plan","floor":5.0},{"not_picked":["Flechettes","Quick Slash","Endless Agony"],"picked":"SKIP","floor":6.0},{"not_picked":["Endless Agony","Tactician"],"picked":"Blade Dance","floor":8.0},{"not_picked":["Bane","Poisoned Stab"],"picked":"Underhanded Strike","floor":10.0},{"not_picked":["Eviscerate","Outmaneuver"],"picked":"Prepared","floor":12.0},{"not_picked":["Acrobatics","Dagger Spray"],"picked":"Blade Dance","floor":18.0},{"not_picked":["Deadly Poison","Distraction"],"picked":"Deflect","floor":19.0},{"not_picked":["Bane","Deadly Poison"],"picked":"Backflip+1","floor":21.0},{"not_picked":["Underhanded Strike","Outmaneuver"],"picked":"Backflip","floor":24.0},{"not_picked":["Dagger Throw+1","Heel Hook"],"picked":"Deflect","floor":25.0},{"not_picked":["Infinite Blades","Bouncing Flask"],"picked":"Blade Dance","floor":30.0},{"not_picked":["Slice+1","Masterful Stab"],"picked":"Accuracy","floor":35.0},{"not_picked":["Underhanded Strike+1","Dagger Throw","Slice"],"picked":"SKIP","floor":36.0},{"not_picked":["Dodge and Roll","Dagger Spray","Choke+1"],"picked":"SKIP","floor":37.0},{"not_picked":["PiercingWail","Flying Knee+1","Underhanded Strike+1"],"picked":"SKIP","floor":41.0},{"not_picked":["Endless Agony","Quick Slash","Flying Knee"],"picked":"SKIP","floor":42},{"not_picked":["Skewer","Eviscerate","Prepared"],"picked":"SKIP","floor":44},{"not_picked":["Deflect","Concentrate"],"picked":"Blade Dance+1","floor":46},{"not_picked":["Sucker Punch+1","Poisoned Stab","Grand Finale"],"picked":"SKIP","floor":48}],"player_experience":362986,"relics_obtained":[{"floor":6.0,"key":"Orichalcum"},{"floor":9.0,"key":"Smiling Mask"},{"floor":12.0,"key":"Dead Branch"},{"floor":24.0,"key":"Slimebound:StickyStick"},{"floor":26.0,"key":"MealTicket"},{"floor":41.0,"key":"Bottled Tornado"},{"floor":43,"key":"Bag of Preparation"},{"floor":44,"key":"Pantograph"},{"floor":47,"key":"bronze:BronzeIdol"}],"event_choices":[{"damage_healed":0.0,"max_hp_gain":0.0,"max_hp_loss":0.0,"gold_gain":0.0,"event_name":"Big Fish","player_choice":"Box","floor":2.0,"gold_loss":0.0,"damage_taken":0.0,"relics_obtained":["Slimebound:PreparedRelic"],"cards_obtained":["Regret"]},{"damage_healed":0.0,"max_hp_gain":0.0,"max_hp_loss":0.0,"gold_gain":0.0,"event_name":"Dead Adventurer","player_choice":"Searched \u00271\u0027 times","floor":7.0,"gold_loss":0.0,"damage_taken":0.0,"relics_obtained":["PreservedInsect"]},{"damage_healed":0.0,"max_hp_gain":0.0,"max_hp_loss":0.0,"gold_gain":0.0,"event_name":"Drug Dealer","player_choice":"Inject Mutagens","floor":22.0,"gold_loss":0.0,"damage_taken":0.0,"relics_obtained":["MutagenicStrength"]},{"cards_removed":["downfall:Bewildered"],"damage_healed":0.0,"max_hp_gain":0.0,"max_hp_loss":0.0,"gold_gain":0.0,"event_name":"Fountain of Cleansing","player_choice":"Removed Curses","floor":29.0,"gold_loss":0.0,"damage_taken":0.0},{"damage_healed":0.0,"max_hp_gain":0.0,"max_hp_loss":0.0,"gold_gain":0.0,"event_name":"Accursed Blacksmith","player_choice":"Rummage","floor":39.0,"gold_loss":0.0,"damage_taken":0.0,"relics_obtained":["WarpedTongs"],"cards_obtained":["Pain"]}],"is_beta":false,"boss_relics":[{"not_picked":["Runic Dome","Sozu"],"picked":"WristBlade"},{"not_picked":["Runic Pyramid","HoveringKite"],"picked":"Fusion Hammer"}],"items_purged_floors":[14,31],"is_endless":false,"potions_floor_spawned":[3,4,5,6,18,19,24,35,36,48],"ascension_level":15}}