{"host":"8dhn6p16jorj0i1s","time":1612740277,"event":{"mods":["AchievementEnabler","BaseMod","Colored Map","DeckTracker","Highlight Path","Minty Spire (QoL Compilation)","Permanent Neow","Quick Restart"],"gold_per_floor":[117,132,149,169,187,187,197,226,252,267,267,281,295,313,313,412,412,425,443,226,242,242,269,286,298,298,324,339,372,391,418,418,515,515,533,552,566,584,584,584,132,164,189,0,35,35,51,81,81,81,81,81,5,30,30],"floor_reached":56,"language":"ENG","playtime":4385,"items_purged":["Consecrate","Judgement"],"score":2031,"play_id":"b65ea497-3b79-4e1f-84ea-0577ffa37ee3","local_time":"20210208002437","is_ascension_mode":true,"campfire_choices":[{"data":"SandsOfTime","floor":6.0,"key":"SMITH"},{"data":"Vigilance","floor":11.0,"key":"SMITH"},{"floor":15.0,"key":"RECALL"},{"data":"Worship","floor":32.0,"key":"SMITH"},{"data":"SpiritShield","floor":40.0,"key":"SMITH"},{"data":"Meditate","floor":46,"key":"SMITH"},{"data":"DeusExMachina","floor":49,"key":"SMITH"},{"floor":52,"key":"REST"}],"circlet_count":0,"master_deck":["Eruption","Vigilance+1","SandsOfTime+1","DevaForm","Scrawl","Meditate+1","Vault","DeusExMachina+1","Protect+1","Vault","Worship+1","SpiritShield+1","CurseOfTheBell","SandsOfTime+1","Fasting2"],"relics":["Snecko Eye","Darkstone Periapt","Pandora\u0027s Box","Smiling Mask","Blue Candle","Boot","Bag of Marbles","HornCleat","Calling Bell","Ancient Tea Set","Shuriken","Calipers","Molten Egg 2","Bronze Scales","Juzu Bracelet","MealTicket","Red Mask","Bird Faced Urn","StoneCalendar","Blood Vial"],"acts_visited":["Exordium","TheCity","TheBeyond","TheEnding"],"potions_floor_usage":[42,50,55],"damage_taken":[{"damage":0.0,"enemies":"Cultist","floor":1.0,"turns":2.0},{"damage":0.0,"enemies":"Jaw Worm","floor":2.0,"turns":2.0},{"damage":0.0,"enemies":"2 Louse","floor":3.0,"turns":2.0},{"damage":24.0,"enemies":"Large Slime","floor":4.0,"turns":8.0},{"damage":6.0,"enemies":"Red Slaver","floor":5.0,"turns":2.0},{"damage":0.0,"enemies":"3 Louse","floor":7.0,"turns":2.0},{"damage":0.0,"enemies":"3 Sentries","floor":8.0,"turns":3.0},{"damage":0.0,"enemies":"Exordium Wildlife","floor":10.0,"turns":2.0},{"damage":0.0,"enemies":"Large Slime","floor":12.0,"turns":3.0},{"damage":0.0,"enemies":"Gremlin Gang","floor":13.0,"turns":3.0},{"damage":11.0,"enemies":"Exordium Thugs","floor":14.0,"turns":2.0},{"damage":0.0,"enemies":"Slime Boss","floor":16.0,"turns":4.0},{"damage":22.0,"enemies":"2 Thieves","floor":18.0,"turns":3.0},{"damage":0.0,"enemies":"Shell Parasite","floor":19.0,"turns":2.0},{"damage":0.0,"enemies":"Snecko","floor":21.0,"turns":2.0},{"damage":0.0,"enemies":"Gremlin Leader","floor":23.0,"turns":3.0},{"damage":0.0,"enemies":"Chosen and Byrds","floor":24.0,"turns":3.0},{"damage":8.0,"enemies":"Snake Plant","floor":25.0,"turns":2.0},{"damage":0.0,"enemies":"Book of Stabbing","floor":27.0,"turns":4.0},{"damage":0.0,"enemies":"Snecko","floor":28.0,"turns":3.0},{"damage":1.0,"enemies":"Gremlin Leader","floor":29.0,"turns":3.0},{"damage":0.0,"enemies":"3 Cultists","floor":30.0,"turns":3.0},{"damage":0.0,"enemies":"Book of Stabbing","floor":31.0,"turns":4.0},{"damage":1.0,"enemies":"Champ","floor":33.0,"turns":6.0},{"damage":1.0,"enemies":"3 Darklings","floor":35.0,"turns":3.0},{"damage":0.0,"enemies":"3 Shapes","floor":36.0,"turns":3.0},{"damage":23.0,"enemies":"Transient","floor":37.0,"turns":7.0},{"damage":1.0,"enemies":"Maw","floor":38.0,"turns":7.0},{"damage":1,"enemies":"Giant Head","floor":42,"turns":4},{"damage":1,"enemies":"Nemesis","floor":45,"turns":4},{"damage":1,"enemies":"Spire Growth","floor":47,"turns":2},{"damage":1,"enemies":"Giant Head","floor":48,"turns":2},{"damage":13,"enemies":"Awakened One","floor":50,"turns":8},{"damage":5,"enemies":"Shield and Spear","floor":54,"turns":5},{"damage":66,"enemies":"The Heart","floor":55,"turns":8}],"seed_played":"3023635380246366172","potions_obtained":[{"floor":1.0,"key":"ColorlessPotion"},{"floor":2.0,"key":"ColorlessPotion"},{"floor":7.0,"key":"SkillPotion"},{"floor":10.0,"key":"Regen Potion"},{"floor":13.0,"key":"Fire Potion"},{"floor":14.0,"key":"AttackPotion"},{"floor":21.0,"key":"Fire Potion"},{"floor":23.0,"key":"SmokeBomb"},{"floor":27.0,"key":"Fire Potion"},{"floor":28.0,"key":"DistilledChaos"},{"floor":33.0,"key":"SkillPotion"},{"floor":36.0,"key":"Block Potion"},{"floor":38.0,"key":"SneckoOil"},{"floor":45,"key":"Fire Potion"},{"floor":48,"key":"LiquidBronze"},{"floor":54,"key":"Block Potion"}],"is_trial":false,"path_per_floor":["M","M","M","M","M","R","M","E","T","M","R","M","M","M","R","B",null,"M","M","$","M","?","E","M","M","T","E","M","E","M","E","R","B",null,"M","M","M","M","?","R","$","E","T","?","E","R","M","E","R","B",null,"R","$","E","B",null],"character_chosen":"WATCHER","items_purchased":["Vault","Molten Egg 2","Bronze Scales","Fasting2"],"campfire_rested":1,"item_purchase_floors":[20,41,41,53],"current_hp_per_floor":[65,65,65,41,35,35,35,35,35,35,35,35,35,24,24,38,64,42,42,42,42,82,82,82,74,74,74,74,73,73,73,73,72,86,85,85,62,61,61,61,61,60,60,60,59,59,60,61,61,50,79,88,88,83,23],"gold":30,"neow_bonus":"BOSS_RELIC","is_daily":false,"chose_seed":false,"campfire_upgraded":6,"win_rate":0.0,"timestamp":1612740277,"path_taken":["M","M","M","?","M","R","M","E","T","M","R","M","M","M","R","BOSS","M","M","$","M","?","E","M","M","T","E","M","E","M","E","R","BOSS","M","M","M","M","?","R","$","E","T","?","E","R","M","E","R","BOSS","R","$","E","BOSS"],"items_purchased_type":["Card","Relic","Relic","Card"],"build_version":"2020-12-22","purchased_purges":2,"victory":true,"max_hp_per_floor":[72,72,72,72,72,72,72,72,72,72,72,72,72,72,72,72,72,72,72,72,72,82,82,82,82,82,82,82,82,82,82,82,82,88,88,88,88,88,88,88,88,88,88,88,88,88,88,88,88,88,88,88,88,88,88],"card_choices":[{"not_picked":["Wireheading","Evaluate","Conclude"],"picked":"SKIP","floor":1.0},{"not_picked":["Crescendo","SashWhip","EmptyBody"],"picked":"SKIP","floor":2.0},{"not_picked":["ForeignInfluence","Prostrate","SashWhip"],"picked":"SKIP","floor":3.0},{"not_picked":["FollowUp","CrushJoints","BowlingBash"],"picked":"SKIP","floor":4.0},{"not_picked":["BowlingBash","ReachHeaven"],"picked":"SandsOfTime","floor":5.0},{"not_picked":["CutThroughFate","FollowUp","Consecrate"],"picked":"SKIP","floor":7.0},{"not_picked":["Indignation","Meditate","LikeWater"],"picked":"SKIP","floor":8.0},{"not_picked":["WaveOfTheHand","Conclude","Pray"],"picked":"SKIP","floor":10.0},{"not_picked":["Tantrum","Consecrate","Study"],"picked":"SKIP","floor":12.0},{"not_picked":["Tantrum","Consecrate","Study"],"picked":"SKIP","floor":12.0},{"not_picked":["Crescendo","ThirdEye","Tantrum"],"picked":"SKIP","floor":13.0},{"not_picked":["EmptyFist","LikeWater","Meditate"],"picked":"SKIP","floor":14.0},{"not_picked":["ConjureBlade","Judgement"],"picked":"DevaForm","floor":16.0},{"not_picked":["LikeWater+1","Evaluate+1","Meditate+1"],"picked":"SKIP","floor":18.0},{"not_picked":["CutThroughFate","Consecrate"],"picked":"Protect+1","floor":19.0},{"not_picked":["FlyingSleeves","EmptyFist","PathToVictory"],"picked":"SKIP","floor":21.0},{"not_picked":["WreathOfFlame","Crescendo","Sanctity+1"],"picked":"SKIP","floor":23.0},{"not_picked":["ClearTheMind","Adaptation","Wireheading"],"picked":"SKIP","floor":24.0},{"not_picked":["FlyingSleeves","FlurryOfBlows+1","WindmillStrike"],"picked":"SKIP","floor":25.0},{"not_picked":["FearNoEvil+1","EmptyBody","TalkToTheHand"],"picked":"SKIP","floor":27.0},{"not_picked":["Scrawl","EmptyFist+1","Sanctity"],"picked":"SKIP","floor":28.0},{"not_picked":["Prostrate","FlurryOfBlows","BattleHymn"],"picked":"SKIP","floor":29.0},{"not_picked":["DeceiveReality+1","Prostrate","SashWhip+1"],"picked":"SKIP","floor":30.0},{"not_picked":["FlyingSleeves","CutThroughFate+1"],"picked":"Worship","floor":31.0},{"not_picked":["Blasphemy","Establishment"],"picked":"SpiritShield","floor":33.0},{"not_picked":["Protect","Halt","SashWhip"],"picked":"SKIP","floor":35.0},{"not_picked":["Evaluate+1","Collect","Crescendo+1"],"picked":"SKIP","floor":36.0},{"not_picked":["Meditate","Evaluate+1","EmptyMind+1"],"picked":"SKIP","floor":37.0},{"not_picked":["MentalFortress+1","SashWhip+1","ReachHeaven+1"],"picked":"SKIP","floor":38.0},{"not_picked":["Halt","FlyingSleeves+1"],"picked":"SandsOfTime+1","floor":42},{"not_picked":["ForeignInfluence","EmptyFist+1","EmptyBody"],"picked":"SKIP","floor":45},{"not_picked":["ConjureBlade","EmptyBody+1","BattleHymn+1"],"picked":"SKIP","floor":47},{"not_picked":["FollowUp+1","TalkToTheHand+1","Prostrate+1"],"picked":"SKIP","floor":48},{"not_picked":["ThirdEye+1","InnerPeace+1","Crescendo"],"picked":"SKIP","floor":54}],"player_experience":521050,"relics_obtained":[{"floor":8.0,"key":"Darkstone Periapt"},{"floor":23.0,"key":"Smiling Mask"},{"floor":26.0,"key":"Blue Candle"},{"floor":27.0,"key":"Boot"},{"floor":29.0,"key":"Bag of Marbles"},{"floor":31.0,"key":"HornCleat"},{"floor":34.0,"key":"Ancient Tea Set"},{"floor":34.0,"key":"Shuriken"},{"floor":34.0,"key":"Calipers"},{"floor":42,"key":"Juzu Bracelet"},{"floor":43,"key":"MealTicket"},{"floor":45,"key":"Bird Faced Urn"},{"floor":48,"key":"StoneCalendar"},{"floor":54,"key":"Blood Vial"}],"event_choices":[{"cards_removed":["MasterReality"],"damage_healed":30.0,"max_hp_gain":10.0,"max_hp_loss":0.0,"gold_gain":0.0,"event_name":"Bonfire Elementals","player_choice":"Offered Rare","floor":22.0,"gold_loss":0.0,"damage_taken":0.0},{"cards_removed":["LikeWater"],"damage_healed":0.0,"max_hp_gain":0.0,"max_hp_loss":0.0,"gold_gain":0.0,"event_name":"Falling","player_choice":"Removed Power","floor":39.0,"gold_loss":0.0,"damage_taken":0.0},{"damage_healed":0,"gold_gain":0,"player_choice":"Paid","damage_taken":0,"relics_obtained":["Red Mask"],"max_hp_gain":0,"max_hp_loss":0,"event_name":"Tomb of Lord Red Mask","floor":44,"gold_loss":189}],"is_beta":false,"boss_relics":[{"not_picked":["Sozu","Runic Pyramid"],"picked":"Pandora\u0027s Box"},{"not_picked":["SacredBark","Tiny House"],"picked":"Calling Bell"}],"items_purged_floors":[20,41],"is_endless":false,"potions_floor_spawned":[1,2,7,10,13,14,21,23,27,28,29,33,36,38,45,48,54],"ascension_level":8}}