{"host":"sbes2ysx244eovb1","time":1612721884,"event":{"mods":["AchievementEnabler","Act Like it!","Aspiration","BaseMod","BetterRewards","Colored Map","Colored Powertips","Downfall","Hubris","KomeijiMod","Minty Spire (QoL Compilation)","Quick Restart","Replay The Spire","StSLib","SuperFastMode"],"gold_per_floor":[199,210,221,721,1075,1095,1118,1118,1150,1410,1439,1339,1453,1503,1525,1636,1663,1572,1597,1616,1640,1790,1815,1815,1874,1914,1914,1964,1964,1975,1213,1232,1336,1336,1345,1367,1379,1429,1542,1457,1503,1528,1496,1527,1546,1573,1573,817,854,854],"floor_reached":51,"language":"ENG","playtime":2996,"items_purged":["downfall:Icky","Pride","Amnesia","downfall:Icky"],"score":957,"play_id":"2a5fb324-f20e-4c7a-a748-b5f4b76ae781","local_time":"20210208011804","is_ascension_mode":false,"campfire_choices":[{"floor":8,"key":"REST"},{"floor":12,"key":"RECALL"},{"floor":27,"key":"REST"},{"floor":29,"key":"REST"},{"floor":47,"key":"REST"}],"circlet_count":0,"master_deck":["champ:Strike","champ:Strike","champ:Strike","champ:Defend+1","champ:Execute","champ:Taunt+1","champ:FaceSlap+1","champ:RisingSlash+1","champ:StanceDance+1","downfall:Icky","champ:ShieldWall+1","champ:GladiatorForm+1","champ:TornadoPunch+1","Pot Of Greed+1","Pot Of Greed+1","champ:Improvising+1","champ:CrookedStrike+1","champ:GutPunch+1","champ:EnragedBash+1","champ:Devastate+1","champ:HeavySlash+1","champ:GutPunch+1","champ:CrookedStrike+1","champ:GutPunch+1","champ:TripleStrike+1","champ:CrownThrow+1","champ:FalseCounter+1","champ:EndlessRage+1","champ:Duel+1","champ:ArenaPreparation+1","hubris:NaturalOne","champ:CalledShot+1","Pot Of Greed+1","champ:GladiatorStyle+1","champ:Encircle+1","champ:LastStand+1","champ:BerserkersShout+1","champ:CalledShot+1","champ:DancingMaster+1","champ:Encircle+1","champ:FanOfKnives+1","champ:ShieldWall+1","champ:Haymaker+1","champ:Haymaker+1","Pot Of Greed+1","champ:GladiatorStyle+1"],"relics":["Mummified Hand","Frozen Egg 2","Toxic Egg 2","Molten Egg 2","Juzu Bracelet","Fusion Hammer","downfall:CloakOfManyFaces","CultistMask","FaceOfCleric","NlothsMask","GremlinMask","SsserpentHead","ReplayTheSpireMod:Shallot","Sundial","Grinning Jar","Pear","downfall:HeartBlessingGreen","CeramicFish","Astrolabe","downfall:HeartBlessingRed","Anchor","Singing Bowl","HoshigumaDish","hubris:Icosahedron","Boot","hubris:MedicalManual","ClockworkSouvenir","Replay:Bronze Core","ReplayTheSpireMod:Ring of Collecting","Ring of Searing","War Paint","Thread and Needle","Bronze Scales","Ring of Panic","champ:FightingForDummies","Replay:WaspNest","Ice Cream","Prayer Wheel"],"acts_visited":["Exordium","TheCity","TheBeyond"],"potions_floor_usage":[33,33,50,50,50],"damage_taken":[{"damage":142,"enemies":"downfall:FaceTrader","floor":1,"turns":15},{"damage":10,"enemies":"Cultist","floor":2,"turns":3},{"damage":13,"enemies":"Small Slimes","floor":3,"turns":3},{"damage":40,"enemies":"downfall:FleeingMerchant","floor":5,"turns":4},{"damage":15,"enemies":"Jaw Worm","floor":6,"turns":2},{"damage":10,"enemies":"Gremlin Nob","floor":9,"turns":3},{"damage":36,"enemies":"Lagavulin","floor":11,"turns":4},{"damage":5,"enemies":"Gremlin Nob","floor":13,"turns":3},{"damage":2,"enemies":"2 Fungi Beasts","floor":15,"turns":3},{"damage":44,"enemies":"SI_SHIV_ARCHETYPE","floor":16,"turns":6},{"damage":0,"enemies":"Shell Parasite","floor":19,"turns":2},{"damage":25,"enemies":"Sentry and Sphere","floor":20,"turns":2},{"damage":45,"enemies":"3 Cultists","floor":21,"turns":3},{"damage":28,"enemies":"Shelled Parasite and Fungi","floor":23,"turns":3},{"damage":13,"enemies":"Book of Stabbing","floor":26,"turns":3},{"damage":35,"enemies":"Snecko","floor":30,"turns":3},{"damage":35,"enemies":"downfall:FleeingMerchant","floor":31,"turns":4},{"damage":30,"enemies":"3 Cultists","floor":32,"turns":3},{"damage":47,"enemies":"DF_ARCHETYPE_CLAW","floor":33,"turns":4},{"damage":67,"enemies":"3 Shapes","floor":36,"turns":2},{"damage":46,"enemies":"3 Darklings","floor":37,"turns":3},{"damage":74,"enemies":"2 Orb Walkers","floor":39,"turns":4},{"damage":29,"enemies":"downfall:FleeingMerchant","floor":40,"turns":3},{"damage":46,"enemies":"4 Shapes","floor":42,"turns":3},{"damage":39,"enemies":"R_Hoarder","floor":44,"turns":5},{"damage":10,"enemies":"Spire Growth","floor":45,"turns":2},{"damage":20,"enemies":"3 Darklings","floor":46,"turns":3},{"damage":35,"enemies":"Sphere and 2 Shapes","floor":49,"turns":2},{"damage":158,"enemies":"IC_BLOCK_ARCHETYPE","floor":50,"turns":4}],"seed_played":"-2737588501800412624","potions_obtained":[{"floor":1,"key":"Explosive Potion"},{"floor":11,"key":"champ:CounterPotion"},{"floor":16,"key":"Weak Potion"},{"floor":33,"key":"Energy Potion"},{"floor":37,"key":"SpeedPotion"},{"floor":43,"key":"AttackPotion"}],"is_trial":false,"path_per_floor":["R_BF","M","M","?","$","M","T","R","E","?","E","R","?","?","M","B",null,"R_BF","M","M","M","?","M","T","?","E","R","?","R","M","$","M","B",null,"R_BF","M","M","?","?","$","T","M","?","E","M","M","R","$","M","B",null],"character_chosen":"THE_CHAMP","items_purchased":["ReplayTheSpireMod:Shallot","Sundial","champ:GladiatorForm+1","Boot","hubris:MedicalManual","ClockworkSouvenir","champ:GladiatorStyle+1","Bronze Scales","champ:DancingMaster+1","Ice Cream","Prayer Wheel"],"campfire_rested":4,"item_purchase_floors":[5,5,5,31,31,31,31,40,40,48,48],"current_hp_per_floor":[80,81,79,79,93,89,89,94,95,72,106,106,107,107,106,103,109,109,110,111,102,102,75,75,75,73,107,107,114,117,118,109,93,120,120,94,76,76,63,57,57,52,54,78,81,82,123,123,119,82],"gold":854,"neow_bonus":"BOSS_RELIC","is_daily":false,"chose_seed":false,"campfire_upgraded":0,"win_rate":0.0,"timestamp":1612721884,"path_taken":["R_BF","M","M","?","$","M","T","R","E","?","E","R","?","?","M","BOSS","R_BF","M","M","M","?","M","T","?","E","R","?","R","M","$","M","BOSS","R_BF","M","M","?","?","$","T","M","?","E","M","M","R","$","M","BOSS"],"items_purchased_type":["Relic","Relic","Card","Relic","Relic","Relic","Card","Relic","Card","Relic","Relic"],"build_version":"2020-12-22","purchased_purges":4,"victory":true,"max_hp_per_floor":[90,91,92,92,93,94,94,94,95,95,106,106,107,107,108,109,109,109,110,111,112,112,113,113,113,114,114,114,114,117,118,119,120,120,120,121,124,124,125,128,128,129,131,134,137,138,138,138,139,140],"card_choices":[{"not_picked":["champ:GutPunch+1","champ:BladeFlurry+1"],"picked":"champ:FaceSlap+1","floor":1},{"not_picked":["champ:AdrenalArmor+1","champ:StanceDance+1"],"picked":"champ:RisingSlash+1","floor":2},{"not_picked":["champ:FlashCut+1","champ:FaceSlap+1"],"picked":"champ:StanceDance+1","floor":3},{"not_picked":["champ:FanOfKnives+1","champ:Shatter+1"],"picked":"champ:ShieldWall+1","floor":5},{"not_picked":["champ:EnGarde+1","champ:Shatter+1"],"picked":"champ:TornadoPunch+1","floor":6},{"not_picked":["champ:Haymaker+1","champ:GladiatorForm+1"],"picked":"champ:Improvising+1","floor":9},{"not_picked":["champ:Duel+1","champ:CalledShot+1"],"picked":"champ:CrookedStrike+1","floor":10},{"not_picked":["champ:FaceSlap+1","champ:Shatter+1"],"picked":"champ:GutPunch+1","floor":11},{"not_picked":["champ:EnGarde+1","champ:PerfectedStrike+1"],"picked":"champ:EnragedBash+1","floor":13},{"not_picked":["champ:BladeFlurry+1","champ:FlashCut+1"],"picked":"champ:Devastate+1","floor":15},{"not_picked":["champ:SwordThrow+1","champ:LastStand+1"],"picked":"champ:HeavySlash+1","floor":16},{"not_picked":["champ:Lariat+1","champ:DefensiveShout+1"],"picked":"champ:CrownThrow+1","floor":19},{"not_picked":["champ:GutPunch+1","champ:Circumvent+1"],"picked":"champ:FalseCounter+1","floor":20},{"not_picked":["champ:Haymaker+1","champ:ShieldSlam+1"],"picked":"champ:EndlessRage+1","floor":21},{"not_picked":["champ:FanOfKnives+1","champ:FaceSlap+1"],"picked":"champ:Duel+1","floor":23},{"not_picked":["champ:Backstep+1","champ:PreciseThrust+1"],"picked":"champ:ArenaPreparation+1","floor":26},{"not_picked":["champ:EnGarde+1","champ:Circumvent+1","champ:PreciseThrust+1"],"picked":"Singing Bowl","floor":30},{"not_picked":["champ:AdrenalArmor+1","champ:BringItOn+1"],"picked":"champ:CalledShot+1","floor":31},{"not_picked":["champ:RapidStrikes+1","champ:PerfectedStrike+1"],"picked":"champ:Encircle+1","floor":32},{"not_picked":["champ:SteelEdge+1","champ:ShieldThrow+1"],"picked":"champ:LastStand+1","floor":33},{"not_picked":["champ:FanOfKnives+1","champ:GutPunch+1"],"picked":"champ:BerserkersShout+1","floor":36},{"not_picked":["champ:DefensiveShout+1","champ:BringItOn+1","champ:Parry+1"],"picked":"Singing Bowl","floor":37},{"not_picked":["champ:EnGarde+1","champ:StanceDance+1"],"picked":"champ:CalledShot+1","floor":39},{"not_picked":["champ:StanceDance+1","champ:AdrenalArmor+1","champ:CrownThrow+1"],"picked":"Singing Bowl","floor":40},{"not_picked":["champ:DefensiveShout+1","champ:CrownThrow+1"],"picked":"champ:Encircle+1","floor":42},{"not_picked":["champ:FancyFootwork+1","champ:CalledShot+1"],"picked":"champ:FanOfKnives+1","floor":43},{"not_picked":["champ:PreciseThrust+1","champ:PerfectedStrike+1","champ:Shatter+1"],"picked":"Singing Bowl","floor":43},{"not_picked":["champ:Backstep+1","champ:SwordThrow+1"],"picked":"champ:ShieldWall+1","floor":43},{"not_picked":["champ:Duel+1","champ:BladeFlurry+1","champ:Parry+1"],"picked":"Singing Bowl","floor":44},{"not_picked":["champ:Shatter+1","champ:Parry+1","champ:Duel+1"],"picked":"Singing Bowl","floor":45},{"not_picked":["champ:PreciseThrust+1","champ:AdrenalArmor+1"],"picked":"champ:Haymaker+1","floor":46},{"not_picked":["champ:PerfectedStrike+1","champ:PreciseThrust+1"],"picked":"champ:Haymaker+1","floor":49},{"not_picked":["champ:HeavySlash+1","champ:Parry+1"],"picked":"champ:GladiatorStyle+1","floor":49}],"player_experience":272178,"relics_obtained":[{"floor":1,"key":"downfall:CloakOfManyFaces"},{"floor":9,"key":"Grinning Jar"},{"floor":11,"key":"Pear"},{"floor":13,"key":"CeramicFish"},{"floor":24,"key":"Anchor"},{"floor":26,"key":"HoshigumaDish"},{"floor":35,"key":"ReplayTheSpireMod:Ring of Collecting"},{"floor":35,"key":"Ring of Searing"},{"floor":38,"key":"War Paint"},{"floor":39,"key":"Thread and Needle"},{"floor":41,"key":"Ring of Panic"},{"floor":41,"key":"champ:FightingForDummies"},{"floor":44,"key":"Replay:WaspNest"}],"event_choices":[{"damage_healed":0,"gold_gain":0,"player_choice":"Stole Relic","damage_taken":0,"relics_obtained":["Singing Bowl"],"max_hp_gain":0,"max_hp_loss":0,"event_name":"Addict","floor":25,"gold_loss":0,"cards_obtained":["Pride"]},{"damage_healed":0,"gold_gain":0,"player_choice":"Fight","damage_taken":0,"max_hp_gain":0,"max_hp_loss":0,"event_name":"Mysterious Sphere","floor":39,"gold_loss":0}],"is_beta":false,"boss_relics":[{"not_picked":["Runic Pyramid","Velvet Choker"],"picked":"Astrolabe"},{"not_picked":["aspiration:PoetsPen_weak","Empty Cage"],"picked":"Replay:Bronze Core"}],"items_purged_floors":[5,31,40,48],"is_endless":false,"potions_floor_spawned":[1,6,11,13,16,19,30,33,37,44,45,49],"ascension_level":0}}