{"host":"utqe55yv0jihe4d6","time":1612732900,"event":{"mods":["2.2 Compatiblity","AchievementEnabler","BaseMod","Block Reminder","Colored Map","Colored Powertips","Minty Spire (QoL Compilation)","Quick Restart","Rare Cards Sparkle","Relic Stats","SuperFastMode"],"gold_per_floor":[111,111,111,132,13,13,65,97,124,199,199,221,273,48,48,153,180,207,207,207,240,240,240],"floor_reached":22,"language":"ENG","playtime":701,"items_purged":["Strike_G"],"score":384,"play_id":"85db39da-ef4b-4d43-bd28-dbf57997afa2","local_time":"20210207162140","is_ascension_mode":true,"campfire_choices":[{"data":"Crippling Poison","floor":6,"key":"SMITH"},{"data":"Night Terror","floor":15,"key":"SMITH"}],"circlet_count":0,"master_deck":["AscendersBane","Strike_G","Defend_G","Defend_G","Defend_G","Defend_G","Defend_G","Survivor","Neutralize","Tools of the Trade","Slice","Crippling Poison+1","Footwork","Dagger Throw","Bouncing Flask","Noxious Fumes","Well Laid Plans","Night Terror+1","Footwork","Bullet Time","Well Laid Plans+1","Finisher+1","Finisher+1","Calculated Gamble","Flying Knee"],"relics":["Ring of the Snake","Golden Idol","CeramicFish","MealTicket","Sundial","Astrolabe"],"acts_visited":["Exordium","TheCity"],"potions_floor_usage":[22],"damage_taken":[{"damage":10,"enemies":"Small Slimes","floor":1,"turns":6},{"damage":0,"enemies":"Jaw Worm","floor":4,"turns":6},{"damage":32,"enemies":"Gremlin Nob","floor":7,"turns":5},{"damage":0,"enemies":"2 Louse","floor":8,"turns":3},{"damage":3,"enemies":"2 Fungi Beasts","floor":12,"turns":4},{"damage":11,"enemies":"Lagavulin","floor":13,"turns":8},{"damage":55,"enemies":"Slime Boss","floor":16,"turns":12},{"damage":35,"enemies":"Chosen","floor":18,"turns":7},{"damage":0,"enemies":"3 Byrds","floor":21,"turns":4},{"damage":25,"enemies":"Centurion and Healer","floor":22,"turns":6}],"seed_played":"-281610034786728390","potions_obtained":[{"floor":4,"key":"Fire Potion"},{"floor":8,"key":"Block Potion"}],"is_trial":false,"path_per_floor":["M","?","?","M","$","R","E","M","T","?","?","M","E","$","R","B",null,"M","?","?","M","M"],"character_chosen":"THE_SILENT","items_purchased":["Crippling Poison","Footwork","Night Terror","Footwork"],"campfire_rested":0,"item_purchase_floors":[5,5,14,14],"current_hp_per_floor":[49,54,54,54,54,54,22,22,22,11,59,56,45,59,59,4,45,10,22,22,22,0,0],"gold":240,"neow_bonus":"THREE_RARE_CARDS","is_daily":false,"chose_seed":false,"campfire_upgraded":2,"win_rate":0.0,"timestamp":1612732900,"path_taken":["M","?","?","M","$","R","E","M","T","?","?","?","E","$","R","BOSS","M","?","?","M","M"],"items_purchased_type":["Card","Card","Card","Card"],"build_version":"2020-12-22","purchased_purges":1,"victory":false,"max_hp_per_floor":[60,65,59,59,59,59,59,59,59,59,59,59,59,59,59,59,59,59,59,59,59,59,59],"relic_stats":{"counters":[10,61],"Golden Idol":58,"Sundial":[4],"CeramicFish":108,"Astrolabe":["Well Laid Plans","Finisher","Finisher"],"MealTicket":14,"obtain_stats":[{"Golden Idol":3,"Sundial":13,"CeramicFish":7,"Astrolabe":17,"MealTicket":9,"Ring of the Snake":0},{"Golden Idol":1,"Sundial":6,"CeramicFish":3,"Astrolabe":7,"MealTicket":4,"Ring of the Snake":0},{"Golden Idol":6,"Sundial":32,"CeramicFish":17,"Astrolabe":44,"MealTicket":20,"Ring of the Snake":0}],"Ring of the Snake":[20]},"card_choices":[{"not_picked":["A Thousand Cuts","Storm of Steel"],"picked":"Tools of the Trade","floor":0},{"not_picked":["Deflect","PiercingWail"],"picked":"Slice","floor":1},{"not_picked":["Dagger Spray","Bane"],"picked":"Crippling Poison","floor":4},{"not_picked":["Eviscerate","Sucker Punch"],"picked":"Dagger Throw","floor":7},{"not_picked":["Blade Dance","Acrobatics"],"picked":"Bouncing Flask","floor":8},{"not_picked":["Glass Knife","Outmaneuver"],"picked":"Noxious Fumes","floor":12},{"not_picked":["Finisher","Dagger Spray"],"picked":"Well Laid Plans","floor":13},{"not_picked":["Venomology","A Thousand Cuts"],"picked":"Bullet Time","floor":16},{"not_picked":["Setup","Sucker Punch"],"picked":"Calculated Gamble","floor":18},{"not_picked":["Cloak And Dagger","Backflip"],"picked":"Flying Knee","floor":21}],"player_experience":3050754,"relics_obtained":[{"floor":7,"key":"CeramicFish"},{"floor":9,"key":"MealTicket"},{"floor":13,"key":"Sundial"}],"event_choices":[{"damage_healed":0,"gold_gain":0,"player_choice":"Donut","damage_taken":0,"max_hp_gain":5,"max_hp_loss":0,"event_name":"Big Fish","floor":2,"gold_loss":0},{"damage_healed":0,"gold_gain":0,"player_choice":"Lose Max HP","damage_taken":0,"relics_obtained":["Golden Idol"],"max_hp_gain":0,"max_hp_loss":6,"event_name":"Golden Idol","floor":3,"gold_loss":0},{"damage_healed":0,"gold_gain":75,"player_choice":"Gather Gold","damage_taken":11,"max_hp_gain":0,"max_hp_loss":0,"event_name":"World of Goop","floor":10,"gold_loss":0},{"cards_removed":["Crippling Poison"],"damage_healed":48,"gold_gain":0,"player_choice":"Offered Uncommon","damage_taken":0,"max_hp_gain":0,"max_hp_loss":0,"event_name":"Bonfire Elementals","floor":11,"gold_loss":0},{"damage_healed":12,"gold_gain":0,"player_choice":"Heal","damage_taken":0,"max_hp_gain":0,"max_hp_loss":0,"event_name":"The Library","floor":19,"gold_loss":0},{"damage_healed":0,"gold_gain":0,"player_choice":"Ignored","damage_taken":0,"max_hp_gain":0,"max_hp_loss":0,"event_name":"The Mausoleum","floor":20,"gold_loss":0}],"is_beta":false,"boss_relics":[{"not_picked":["Calling Bell","Tiny House"],"picked":"Astrolabe"}],"items_purged_floors":[14],"is_endless":false,"potions_floor_spawned":[4,8,21],"killed_by":"Centurion and Healer","ascension_level":20}}