{"host":"0fm1w3v00gid44jl","time":1612724890,"event":{"mods":["AchievementEnabler","BaseMod","Colored Map","Colored Powertips","Displayed Cursed Tome","Downfall","Googly Eyes","Highlight Path","Minty Spire (QoL Compilation)","Permanent Neow","Relic Stats","StSLib","SuperFastMode","slay the spire mod where everything is the same but ironclad has a cowboy hat"],"gold_per_floor":[99,109,34,96,96,96,96,126,139,89,20,34,34,68,82,82,82,82],"floor_reached":16,"language":"ENG","playtime":641,"items_purged":[],"score":191,"play_id":"337f3dcd-162b-4338-9b7f-9d110cf60a80","local_time":"20210207130810","is_ascension_mode":true,"campfire_choices":[{"data":"Slimebound:CorrosiveSpit","floor":1,"key":"SMITH"},{"floor":10,"key":"REST"},{"data":"Slimebound:AcidTongue","floor":13,"key":"SMITH"}],"circlet_count":0,"master_deck":["Slimebound:Strike_Slimebound","Slimebound:Strike_Slimebound","Slimebound:Strike_Slimebound","Slimebound:Tackle","Slimebound:Defend_Slimebound","Slimebound:Defend_Slimebound","Slimebound:Defend_Slimebound","Slimebound:Defend_Slimebound","Slimebound:Split","Slimebound:CorrosiveSpit+1","Slimebound:ItLooksTasty","Slimebound:AcidTongue+1","CurseOfTheBell","CurseOfTheBell","Slimebound:SlimeSpikes+1","Slimebound:GoopSpray+1","Slimebound:GoopSpray+1","Slimebound:GoopSpray+1","Slimebound:GoopSpray+1","Slimebound:Gluttony","Slimebound:Schlurp+1"],"relics":["Slimebound:TarBlob","Slimebound:GreedOozeRelic","White Beast Statue","downfall:ExtraCursedBell","Happy Flower","Toxic Egg 2","Pocketwatch","CultistMask","Oddly Smooth Stone","Slimebound:AggressiveSlimeRelic","Bottled Tornado"],"acts_visited":["Exordium"],"potions_floor_usage":[15],"damage_taken":[{"damage":0,"enemies":"Small Slimes","floor":2,"turns":3},{"damage":30,"enemies":"Gremlin Nob","floor":4,"turns":4},{"damage":30,"enemies":"3 Sentries","floor":8,"turns":7},{"damage":0,"enemies":"2 Louse","floor":9,"turns":2},{"damage":0,"enemies":"downfall:FleeingMerchant","floor":11,"turns":4},{"damage":0,"enemies":"Cultist","floor":12,"turns":3},{"damage":0,"enemies":"Lagavulin","floor":14,"turns":5},{"damage":6,"enemies":"Exordium Thugs","floor":15,"turns":4},{"damage":18,"enemies":"WA_ARCHETYPE_RETAIN","floor":16,"turns":6}],"seed_played":"-3996979396825088550","potions_obtained":[{"floor":4,"key":"Ancient Potion"},{"floor":8,"key":"Energy Potion"},{"floor":9,"key":"Block Potion"},{"floor":15,"key":"Strength Potion"}],"is_trial":false,"path_per_floor":["R","M","?","?","?","?","T","E","M","R","$","M","R","E","M","B"],"character_chosen":"SLIMEBOUND","items_purchased":["Slimebound:GoopSpray+1"],"campfire_rested":1,"item_purchase_floors":[11],"current_hp_per_floor":[65,65,65,35,35,35,35,5,5,24,24,24,24,24,18,0,0,0],"gold":82,"neow_bonus":"BOSS_RELIC","is_daily":false,"chose_seed":false,"campfire_upgraded":2,"win_rate":0.0,"timestamp":1612724890,"path_taken":["R","M","?","?","?","?","T","E","?","R","$","M","R","E","M","BOSS"],"items_purchased_type":["Card"],"build_version":"2020-12-22","purchased_purges":0,"victory":false,"max_hp_per_floor":[65,65,65,65,65,65,65,65,65,65,65,65,65,65,65,65,65,65],"relic_stats":{"Happy Flower":[10],"counters":[9,36],"obtain_stats":[{"Slimebound:GreedOozeRelic":3,"Slimebound:AggressiveSlimeRelic":8,"Happy Flower":5,"Oddly Smooth Stone":7,"CultistMask":6,"Slimebound:AbsorbEndCombat":0,"downfall:ExtraCursedBell":5,"Toxic Egg 2":5,"Bottled Tornado":14,"White Beast Statue":4,"Slimebound:TarBlob":0,"Pocketwatch":5},{"Slimebound:GreedOozeRelic":1,"Slimebound:AggressiveSlimeRelic":3,"Happy Flower":2,"Oddly Smooth Stone":2,"CultistMask":2,"Slimebound:AbsorbEndCombat":0,"downfall:ExtraCursedBell":2,"Toxic Egg 2":2,"Bottled Tornado":7,"White Beast Statue":2,"Slimebound:TarBlob":0,"Pocketwatch":2},{"Slimebound:GreedOozeRelic":3,"Slimebound:AggressiveSlimeRelic":14,"Happy Flower":7,"Oddly Smooth Stone":7,"CultistMask":7,"Slimebound:AbsorbEndCombat":0,"downfall:ExtraCursedBell":7,"Toxic Egg 2":7,"Bottled Tornado":26,"White Beast Statue":7,"Slimebound:TarBlob":0,"Pocketwatch":7}],"Pocketwatch":[21]},"card_choices":[{"not_picked":["Slimebound:ComboTackle","Slimebound:SplitLeeching"],"picked":"Slimebound:ItLooksTasty","floor":2},{"not_picked":["Slimebound:ServeAndProtect","Slimebound:HungryTackle"],"picked":"Slimebound:AcidTongue","floor":4},{"not_picked":["Slimebound:GoopSpray+1","Slimebound:ServeAndProtect+1"],"picked":"Slimebound:SlimeSpikes+1","floor":8},{"not_picked":["Slimebound:SlimeTap+1","Slimebound:HauntingLick+1"],"picked":"Slimebound:GoopSpray+1","floor":9},{"not_picked":["Slimebound:GoopTackle","Slimebound:DuplicatedForm"],"picked":"Slimebound:GoopSpray+1","floor":11},{"not_picked":["Slimebound:DisruptingSlam","Slimebound:Grow"],"picked":"Slimebound:GoopSpray+1","floor":12},{"not_picked":["Slimebound:ServeAndProtect+1","Slimebound:Chomp"],"picked":"Slimebound:Gluttony","floor":14},{"not_picked":["Slimebound:DisruptingSlam","Slimebound:LeechEnergy"],"picked":"Slimebound:Schlurp+1","floor":15}],"player_experience":1597419,"relics_obtained":[{"floor":4,"key":"White Beast Statue"},{"floor":5,"key":"Happy Flower"},{"floor":5,"key":"Toxic Egg 2"},{"floor":5,"key":"Pocketwatch"},{"floor":7,"key":"Oddly Smooth Stone"},{"floor":8,"key":"Slimebound:AggressiveSlimeRelic"},{"floor":14,"key":"Bottled Tornado"}],"event_choices":[{"damage_healed":0,"gold_gain":0,"player_choice":"Trade","damage_taken":0,"relics_obtained":["CultistMask"],"max_hp_gain":0,"max_hp_loss":0,"event_name":"FaceTrader","floor":6,"gold_loss":0}],"is_beta":false,"boss_relics":[],"items_purged_floors":[],"is_endless":false,"potions_floor_spawned":[4,8,9,11,12,14,15],"killed_by":"WA_ARCHETYPE_RETAIN","ascension_level":5}}