{"host":"qgrlfjrqk9z96gfi","time":1612671507,"event":{"mods":["BaseMod","Block Reminder","Colored Map","Custom Start","DeckTracker","Minty Spire (QoL Compilation)"],"gold_per_floor":[114,72,84,84,84,84,96,129,129,129,143,169,208,231,231,231,231],"floor_reached":16,"language":"ENG","playtime":356,"items_purged":[],"score":270,"play_id":"5943b660-8c62-47e4-b2c5-12c1cb8a9fe2","local_time":"20210206181827","is_ascension_mode":true,"campfire_choices":[{"data":"Blade Dance","floor":6,"key":"SMITH"},{"floor":15,"key":"REST"}],"circlet_count":0,"master_deck":["AscendersBane","Strike_G","Strike_G","Strike_G","Strike_G","Defend_G","Defend_G","Defend_G","Defend_G","Defend_G","Survivor","Neutralize","Blade Dance+1","Dash","Cloak And Dagger","Masterful Stab","Choke","Dodge and Roll","Glass Knife","Noxious Fumes"],"relics":["Ring of the Snake","NeowsBlessing","White Beast Statue","Potion Belt","Golden Idol","Lantern","Bird Faced Urn"],"acts_visited":["Exordium"],"potions_floor_usage":[8,13,16],"damage_taken":[{"damage":0,"enemies":"2 Louse","floor":1,"turns":1},{"damage":0,"enemies":"Jaw Worm","floor":3,"turns":1},{"damage":0,"enemies":"Cultist","floor":7,"turns":1},{"damage":0,"enemies":"3 Sentries","floor":8,"turns":5},{"damage":0,"enemies":"Large Slime","floor":11,"turns":2},{"damage":29,"enemies":"Gremlin Nob","floor":13,"turns":4},{"damage":3,"enemies":"Exordium Wildlife","floor":14,"turns":3},{"damage":51,"enemies":"Slime Boss","floor":16,"turns":8}],"seed_played":"-4511335352383447173","potions_obtained":[{"floor":3,"key":"SpeedPotion"},{"floor":7,"key":"Explosive Potion"},{"floor":11,"key":"Weak Potion"},{"floor":13,"key":"GhostInAJar"},{"floor":14,"key":"Explosive Potion"}],"is_trial":false,"path_per_floor":["M","$","M","?","?","R","M","E","T","?","M","T","E","M","R","B"],"character_chosen":"THE_SILENT","items_purchased":["Dash"],"campfire_rested":1,"item_purchase_floors":[2],"current_hp_per_floor":[59,59,59,59,59,59,59,59,59,59,59,59,30,27,45,0,0],"gold":231,"neow_bonus":"THREE_ENEMY_KILL","is_daily":false,"chose_seed":false,"campfire_upgraded":1,"win_rate":0.0,"timestamp":1612671507,"path_taken":["M","$","M","?","?","R","?","E","T","?","M","?","E","M","R","BOSS"],"items_purchased_type":["Card"],"build_version":"2020-12-22","purchased_purges":0,"victory":false,"max_hp_per_floor":[66,66,66,66,66,66,66,66,66,60,60,60,60,60,60,60,60],"card_choices":[{"not_picked":["Backflip","Endless Agony"],"picked":"Blade Dance","floor":1},{"not_picked":["Dodge and Roll","Caltrops"],"picked":"Cloak And Dagger","floor":3},{"not_picked":["Calculated Gamble","Underhanded Strike"],"picked":"Masterful Stab","floor":7},{"not_picked":["Slice","Deflect"],"picked":"Choke","floor":8},{"not_picked":["Distraction","Escape Plan"],"picked":"Dodge and Roll","floor":11},{"not_picked":["Leg Sweep","Backstab"],"picked":"Glass Knife","floor":13},{"not_picked":["Deflect","Escape Plan"],"picked":"Noxious Fumes","floor":14}],"player_experience":1119243,"relics_obtained":[{"floor":8,"key":"White Beast Statue"},{"floor":9,"key":"Potion Belt"},{"floor":12,"key":"Lantern"},{"floor":13,"key":"Bird Faced Urn"}],"event_choices":[{"damage_healed":0,"gold_gain":0,"player_choice":"Leave","damage_taken":0,"max_hp_gain":0,"max_hp_loss":0,"event_name":"The Cleric","floor":4,"gold_loss":0},{"cards_removed":["Strike_G"],"damage_healed":0,"gold_gain":0,"player_choice":"Offered Basic","damage_taken":0,"max_hp_gain":0,"max_hp_loss":0,"event_name":"Bonfire Elementals","floor":5,"gold_loss":0},{"damage_healed":0,"gold_gain":0,"player_choice":"Lose Max HP","damage_taken":0,"relics_obtained":["Golden Idol"],"max_hp_gain":0,"max_hp_loss":6,"event_name":"Golden Idol","floor":10,"gold_loss":0}],"is_beta":false,"boss_relics":[],"items_purged_floors":[],"is_endless":false,"potions_floor_spawned":[3,7,11,13,14],"killed_by":"Slime Boss","ascension_level":20}}