{"host":"0kk91h4bq4kgfj0u","time":1612735395,"event":{"mods":["BaseMod","Bestiary","Block Reminder","Colored Map","Colored Powertips","Curses Come First","Highlight Path","Minty Spire (QoL Compilation)","Relic Stats","StSLib"],"gold_per_floor":[114,133,147,163,183,218,198,218,218,242,242,207,231,267,267,373,432,457,10,35,35,35,35,35],"floor_reached":23,"language":"ENG","playtime":1510,"items_purged":[],"score":292,"play_id":"279aaf36-eb94-469d-9f19-13a9e66a7873","local_time":"20210207170315","is_ascension_mode":true,"campfire_choices":[{"floor":11,"key":"REST"},{"floor":15,"key":"REST"}],"circlet_count":0,"master_deck":["Strike_G+1","Strike_G+1","Strike_G+1","Strike_G+1","Strike_G+1","Defend_G+1","Defend_G+1","Defend_G+1","Defend_G+1","Defend_G+1","Survivor","Neutralize+1","Unload","Backflip","Caltrops","Footwork","Blade Dance","Infinite Blades","Calculated Gamble","Dagger Spray","Deadly Poison","Dash","Bullet Time","Adrenaline","Slice","Poisoned Stab","Slice","Uppercut+1"],"relics":["Ring of the Snake","CeramicFish","Pen Nib","Gremlin Horn","Tiny House","Pear","PrismaticShard"],"acts_visited":["Exordium","TheCity"],"potions_floor_usage":[6,8,14,16,23,23],"damage_taken":[{"damage":0,"enemies":"Cultist","floor":1,"turns":4},{"damage":4,"enemies":"Small Slimes","floor":2,"turns":3},{"damage":7,"enemies":"Jaw Worm","floor":3,"turns":3},{"damage":1,"enemies":"3 Louse","floor":4,"turns":4},{"damage":10,"enemies":"Exordium Wildlife","floor":5,"turns":5},{"damage":37,"enemies":"3 Sentries","floor":6,"turns":10},{"damage":10,"enemies":"2 Fungi Beasts","floor":8,"turns":4},{"damage":1,"enemies":"Looter","floor":10,"turns":3},{"damage":0,"enemies":"Large Slime","floor":13,"turns":3},{"damage":21,"enemies":"Gremlin Nob","floor":14,"turns":5},{"damage":19,"enemies":"Slime Boss","floor":16,"turns":8},{"damage":48,"enemies":"2 Thieves","floor":18,"turns":4},{"damage":0,"enemies":"3 Byrds","floor":20,"turns":5},{"damage":29,"enemies":"Slavers","floor":23,"turns":6}],"seed_played":"4080484662675682134","potions_obtained":[{"floor":3,"key":"EssenceOfSteel"},{"floor":5,"key":"Regen Potion"},{"floor":6,"key":"DuplicationPotion"},{"floor":7,"key":"Energy Potion"},{"floor":10,"key":"Energy Potion"},{"floor":13,"key":"Block Potion"},{"floor":16,"key":"EssenceOfSteel"},{"floor":17,"key":"Weak Potion"},{"floor":18,"key":"CunningPotion"}],"is_trial":false,"path_per_floor":["M","M","M","M","M","E","?","M","T","M","R","?","M","E","R","B",null,"M","$","M","?","?","E"],"character_chosen":"THE_SILENT","items_purchased":["Pear","PrismaticShard","Slice"],"campfire_rested":2,"item_purchase_floors":[19,19,19],"current_hp_per_floor":[63,59,52,51,41,4,4,3,3,2,23,40,40,19,40,21,63,15,25,25,25,25,0,0],"gold":35,"neow_bonus":"ONE_RANDOM_RARE_CARD","is_daily":false,"chose_seed":false,"campfire_upgraded":0,"win_rate":0.0,"timestamp":1612735395,"path_taken":["M","M","M","?","M","E","?","?","T","M","R","?","M","E","R","BOSS","M","$","M","?","?","E"],"items_purchased_type":["Relic","Relic","Card"],"build_version":"2020-12-22","purchased_purges":0,"victory":false,"max_hp_per_floor":[70,70,70,70,70,70,70,70,70,70,70,70,70,70,70,70,75,75,85,85,85,85,85,85],"relic_stats":{"Gremlin Horn":[8,8],"counters":[14,67],"CeramicFish":90,"Pen Nib":[10],"obtain_stats":[{"Tiny House":17,"Pear":19,"Gremlin Horn":14,"CeramicFish":6,"Pen Nib":9,"PrismaticShard":19,"Ring of the Snake":0},{"Tiny House":11,"Pear":12,"Gremlin Horn":10,"CeramicFish":6,"Pen Nib":7,"PrismaticShard":12,"Ring of the Snake":0},{"Tiny House":52,"Pear":56,"Gremlin Horn":44,"CeramicFish":29,"Pen Nib":33,"PrismaticShard":56,"Ring of the Snake":0}],"Ring of the Snake":[28]},"card_choices":[{"not_picked":["Heel Hook","Deflect"],"picked":"Backflip","floor":1},{"not_picked":["Masterful Stab","Catalyst"],"picked":"Caltrops","floor":2},{"not_picked":["Endless Agony","Choke"],"picked":"Footwork","floor":3},{"not_picked":["Prepared","Reflex"],"picked":"Blade Dance","floor":4},{"not_picked":["Dagger Throw","Caltrops"],"picked":"Infinite Blades","floor":5},{"not_picked":["Flechettes","Sucker Punch"],"picked":"Calculated Gamble","floor":6},{"not_picked":["Dodge and Roll","Deadly Poison"],"picked":"Dagger Spray","floor":8},{"not_picked":["Well Laid Plans","Storm of Steel"],"picked":"Deadly Poison","floor":10},{"not_picked":["Poisoned Stab","Cloak And Dagger"],"picked":"Dash","floor":13},{"not_picked":["Poisoned Stab","Eviscerate"],"picked":"Bullet Time","floor":14},{"not_picked":["Unload","Doppelganger"],"picked":"Adrenaline","floor":16},{"not_picked":["Deflect","Accuracy"],"picked":"Slice","floor":17},{"not_picked":["Acrobatics","Flying Knee"],"picked":"Poisoned Stab","floor":18},{"not_picked":["Rebound","JustLucky"],"picked":"Uppercut+1","floor":20}],"player_experience":860990,"relics_obtained":[{"floor":6,"key":"CeramicFish"},{"floor":9,"key":"Pen Nib"},{"floor":14,"key":"Gremlin Horn"}],"event_choices":[{"damage_healed":0,"gold_gain":0,"player_choice":"Bought 1 Potion","damage_taken":0,"max_hp_gain":0,"max_hp_loss":0,"event_name":"The Woman in Blue","floor":7,"gold_loss":0},{"damage_healed":17,"gold_gain":0,"player_choice":"Healed","damage_taken":0,"max_hp_gain":0,"max_hp_loss":0,"event_name":"The Cleric","floor":12,"gold_loss":35},{"damage_healed":0,"gold_gain":0,"player_choice":"Simplicity","damage_taken":0,"max_hp_gain":0,"max_hp_loss":0,"event_name":"Back to Basics","floor":21,"gold_loss":0,"cards_upgraded":["Strike_G","Strike_G","Strike_G","Strike_G","Strike_G","Defend_G","Defend_G","Defend_G","Defend_G","Defend_G"]},{"damage_healed":0,"gold_gain":0,"player_choice":"Ignored","damage_taken":0,"max_hp_gain":0,"max_hp_loss":0,"event_name":"Ghosts","floor":22,"gold_loss":0}],"is_beta":false,"boss_relics":[{"not_picked":["Fusion Hammer","Ectoplasm"],"picked":"Tiny House"}],"items_purged_floors":[],"is_endless":false,"potions_floor_spawned":[3,5,6,10,13,16,18],"killed_by":"Slavers","ascension_level":6}}