{"host":"z5bn7jsck728mmiq","time":1612669923,"event":{"mods":["BaseMod","Bestiary","DeckTracker","Minty Spire (QoL Compilation)","Permanent Neow","StSLib","Trackpad","Wide Potions"],"gold_per_floor":[19,19,194,194,209,209,220,255,255,270,49,64,84,184,184,282,282,301,400,400,5,5,40,53,53,53,53,65,65,65,81,81,182,182,195,214,65,75,89,89,89],"floor_reached":40,"language":"ENG","playtime":1706,"items_purged":["Doubt","Writhe"],"score":428,"play_id":"41fc9248-411d-4fba-946e-13367f72ad45","local_time":"20210206195203","is_ascension_mode":true,"campfire_choices":[{"data":"Pommel Strike","floor":6,"key":"SMITH"},{"floor":15,"key":"REST"},{"floor":30,"key":"REST"},{"floor":32,"key":"REST"}],"circlet_count":0,"master_deck":["Defend_R","Defend_R","Defend_R","Bash","Pommel Strike+1","Offering","Wild Strike","Metallicize","Impervious","Intimidate","Twin Strike","Impervious","Infernal Blade","Cleave","Iron Wave+1","Shame","Iron Wave","Berserk","Feed","Thunderclap+1","Fire Breathing+1","Barricade","Flame Barrier+1","Power Through+1","Twin Strike+1","Carnage+1"],"relics":["Burning Blood","Sundial","Kunai","TheAbacus","trackpad:StolenKidneys","Oddly Smooth Stone","Incense Burner","Prayer Wheel","WingedGreaves","Nilry\u0027s Codex","Nloth\u0027s Gift","Philosopher\u0027s Stone","Lee\u0027s Waffle"],"acts_visited":["Exordium","TheCity","TheBeyond"],"potions_floor_usage":[16,28,33,36,39],"damage_taken":[{"damage":6,"enemies":"2 Louse","floor":1,"turns":2},{"damage":6,"enemies":"Cultist","floor":5,"turns":4},{"damage":6,"enemies":"Small Slimes","floor":7,"turns":1},{"damage":28,"enemies":"Gremlin Nob","floor":8,"turns":4},{"damage":11,"enemies":"Red Slaver","floor":10,"turns":2},{"damage":10,"enemies":"2 Fungi Beasts","floor":12,"turns":4},{"damage":6,"enemies":"3 Louse","floor":13,"turns":3},{"damage":61,"enemies":"The Guardian","floor":16,"turns":10},{"damage":7,"enemies":"3 Byrds","floor":18,"turns":7},{"damage":66,"enemies":"Slavers","floor":23,"turns":8},{"damage":12,"enemies":"Spheric Guardian","floor":24,"turns":4},{"damage":23,"enemies":"Shelled Parasite and Fungi","floor":28,"turns":6},{"damage":6,"enemies":"Cultist and Chosen","floor":31,"turns":7},{"damage":57,"enemies":"Collector","floor":33,"turns":18},{"damage":26,"enemies":"Orb Walker","floor":35,"turns":4},{"damage":1,"enemies":"3 Darklings","floor":36,"turns":3},{"damage":48,"enemies":"Jaw Worm Horde","floor":38,"turns":4},{"damage":26,"enemies":"Transient","floor":39,"turns":5},{"damage":58,"enemies":"Nemesis","floor":40,"turns":3}],"seed_played":"8123808075062559109","potions_obtained":[{"floor":7,"key":"SteroidPotion"},{"floor":10,"key":"SpeedPotion"},{"floor":12,"key":"LiquidMemories"},{"floor":13,"key":"FairyPotion"},{"floor":23,"key":"Block Potion"},{"floor":28,"key":"LiquidMemories"},{"floor":33,"key":"GamblersBrew"},{"floor":36,"key":"SpeedPotion"},{"floor":38,"key":"Swift Potion"},{"floor":39,"key":"BlessingOfTheForge"}],"is_trial":false,"path_per_floor":["M","?","?","?","M","R","M","E","T","M","$","M","M","?","R","B",null,"M","?","?","$","?","E","M","?","T","?","M","?","R","M","R","B",null,"M","M","$","M","M","E"],"character_chosen":"IRONCLAD","items_purchased":["TheAbacus","Incense Burner","Lee\u0027s Waffle"],"campfire_rested":3,"item_purchase_floors":[11,21,37],"current_hp_per_floor":[80,80,80,80,80,80,80,58,58,53,53,49,49,49,73,18,80,79,79,79,79,64,69,63,63,63,47,30,30,55,55,80,29,85,65,70,92,50,30,0,0],"gold":89,"neow_bonus":"TRANSFORM_TWO_CARDS","is_daily":false,"chose_seed":false,"campfire_upgraded":1,"win_rate":0.0,"timestamp":1612669923,"path_taken":["M","?","?","?","M","R","M","E","T","?","$","?","M","?","R","BOSS","M","?","?","$","?","E","?","?","T","?","?","?","R","M","R","BOSS","M","M","$","M","M","E"],"items_purchased_type":["Relic","Relic","Relic"],"build_version":"2020-12-22","purchased_purges":2,"victory":false,"max_hp_per_floor":[80,80,80,80,80,80,80,80,80,80,80,80,80,80,80,80,80,80,80,80,80,85,85,85,85,85,85,85,85,85,85,85,85,85,85,85,92,92,92,92,92],"card_choices":[{"not_picked":["Heavy Blade","True Grit","Pommel Strike"],"picked":"SKIP","floor":1},{"not_picked":["Headbutt","Clothesline"],"picked":"Wild Strike","floor":5},{"not_picked":["Body Slam","Warcry"],"picked":"Metallicize","floor":7},{"not_picked":["Heavy Blade","Dual Wield"],"picked":"Impervious","floor":8},{"not_picked":["Armaments","Body Slam"],"picked":"Intimidate","floor":10},{"not_picked":["Second Wind","Battle Trance","Heavy Blade"],"picked":"SKIP","floor":12},{"not_picked":["Twin Strike","Pummel","Perfected Strike"],"picked":"SKIP","floor":13},{"not_picked":["Pummel","Perfected Strike"],"picked":"Twin Strike","floor":13},{"not_picked":["Fiend Fire","Brutality"],"picked":"Impervious","floor":16},{"not_picked":["Carnage","Twin Strike"],"picked":"Infernal Blade","floor":18},{"not_picked":["Dropkick","Wild Strike"],"picked":"Cleave","floor":23},{"not_picked":["Sword Boomerang+1","Warcry"],"picked":"Iron Wave+1","floor":24},{"not_picked":["Headbutt+1","True Grit+1","Warcry+1"],"picked":"SKIP","floor":24},{"not_picked":["Sword Boomerang","Second Wind"],"picked":"Iron Wave","floor":28},{"not_picked":["Entrench+1","Rampage"],"picked":"Berserk","floor":28},{"not_picked":["Warcry","True Grit","Iron Wave"],"picked":"SKIP","floor":31},{"not_picked":["Disarm","Wild Strike","Sword Boomerang"],"picked":"SKIP","floor":31},{"not_picked":["Corruption","Berserk"],"picked":"Feed","floor":33},{"not_picked":["Blood for Blood+1","Clothesline+1"],"picked":"Thunderclap+1","floor":35},{"not_picked":["Clash","Perfected Strike","Sword Boomerang+1"],"picked":"SKIP","floor":35},{"not_picked":["Warcry","Iron Wave+1"],"picked":"Fire Breathing+1","floor":36},{"not_picked":["Carnage+1","Uppercut+1"],"picked":"Barricade","floor":36},{"not_picked":["Havoc","Pummel"],"picked":"Flame Barrier+1","floor":38},{"not_picked":["Burning Pact","Havoc+1"],"picked":"Power Through+1","floor":38},{"not_picked":["Warcry","Dark Embrace+1"],"picked":"Twin Strike+1","floor":39},{"not_picked":["Perfected Strike+1","Berserk"],"picked":"Carnage+1","floor":39}],"player_experience":107240,"relics_obtained":[{"floor":8,"key":"Sundial"},{"floor":9,"key":"Kunai"},{"floor":23,"key":"Prayer Wheel"},{"floor":26,"key":"WingedGreaves"},{"floor":27,"key":"Nilry\u0027s Codex"}],"event_choices":[{"cards_removed":["Strike_R"],"damage_healed":0,"gold_gain":0,"player_choice":"Forget","damage_taken":0,"max_hp_gain":0,"max_hp_loss":0,"event_name":"Living Wall","floor":2,"gold_loss":0},{"damage_healed":0,"gold_gain":175,"player_choice":"AGREE","damage_taken":0,"max_hp_gain":0,"max_hp_loss":0,"event_name":"Liars Game","floor":3,"gold_loss":0,"cards_obtained":["Doubt"]},{"damage_healed":0,"gold_gain":0,"player_choice":"Bought 0 Potions","damage_taken":0,"max_hp_gain":0,"max_hp_loss":0,"event_name":"The Woman in Blue","floor":4,"gold_loss":0},{"damage_healed":0,"gold_gain":100,"player_choice":"Gold","damage_taken":0,"max_hp_gain":0,"max_hp_loss":0,"event_name":"Wheel of Change","floor":14,"gold_loss":0},{"damage_healed":0,"gold_gain":99,"player_choice":"Stole From Cult","damage_taken":0,"max_hp_gain":0,"max_hp_loss":0,"event_name":"Nest","floor":19,"gold_loss":0},{"damage_healed":0,"gold_gain":0,"player_choice":"Opened","damage_taken":0,"relics_obtained":["Oddly Smooth Stone"],"max_hp_gain":0,"max_hp_loss":0,"event_name":"The Mausoleum","floor":20,"gold_loss":0,"cards_obtained":["Writhe"]},{"damage_healed":0,"gold_gain":0,"player_choice":"Shed Blood","damage_taken":20,"max_hp_gain":5,"max_hp_loss":0,"event_name":"Forgotten Altar","floor":22,"gold_loss":0},{"damage_healed":0,"gold_gain":0,"player_choice":"Stole Relic","damage_taken":0,"relics_obtained":["Champion Belt"],"max_hp_gain":0,"max_hp_loss":0,"event_name":"Addict","floor":25,"gold_loss":0,"cards_obtained":["Shame"]},{"damage_healed":0,"gold_gain":0,"player_choice":"Obtained Book","damage_taken":16,"max_hp_gain":0,"max_hp_loss":0,"event_name":"Cursed Tome","floor":27,"gold_loss":0},{"damage_healed":0,"gold_gain":0,"player_choice":"Traded Relic","damage_taken":0,"relics_obtained":["Nloth\u0027s Gift"],"max_hp_gain":0,"max_hp_loss":0,"event_name":"N\u0027loth","floor":29,"relics_lost":["Champion Belt"],"gold_loss":0}],"is_beta":false,"boss_relics":[{"not_picked":["Runic Cube","Black Star"],"picked":"trackpad:StolenKidneys"},{"not_picked":["Sozu","trackpad:Trackpad"],"picked":"Philosopher\u0027s Stone"}],"items_purged_floors":[11,21],"is_endless":false,"potions_floor_spawned":[7,10,12,13,16,23,28,33,36,38,39],"killed_by":"Nemesis","ascension_level":1}}