{"host":"utqe55yv0jihe4d6","time":1612672175,"event":{"mods":["2.2 Compatiblity","AchievementEnabler","BaseMod","Block Reminder","Colored Map","Colored Powertips","Minty Spire (QoL Compilation)","Quick Restart","Rare Cards Sparkle","Relic Stats","SuperFastMode"],"gold_per_floor":[109,126,126,126,143,143,178,178,201,228,244,271,271,352,352,352,352],"floor_reached":16,"language":"ENG","playtime":503,"items_purged":[],"score":236,"play_id":"4d3b7ed9-2463-4539-b400-0099b28fa58c","local_time":"20210206232935","is_ascension_mode":true,"campfire_choices":[{"data":"Apotheosis","floor":6.0,"key":"SMITH"},{"floor":8.0,"key":"REST"},{"floor":15.0,"key":"REST"}],"circlet_count":0,"master_deck":["AscendersBane","Strike_R","Strike_R","Strike_R","Strike_R","Defend_R","Defend_R","Defend_R","Defend_R","Bash","Apotheosis+1","Pommel Strike","Disarm","Shrug It Off","Entrench","Dark Embrace"],"relics":["Burning Blood","Smiling Mask","Centennial Puzzle","Gambling Chip","Kunai","White Beast Statue"],"acts_visited":["Exordium"],"potions_floor_usage":[],"damage_taken":[{"damage":12.0,"enemies":"2 Louse","floor":1.0,"turns":4.0},{"damage":7.0,"enemies":"Jaw Worm","floor":2.0,"turns":5.0},{"damage":9.0,"enemies":"Small Slimes","floor":5.0,"turns":6.0},{"damage":52.0,"enemies":"3 Sentries","floor":7.0,"turns":13.0},{"damage":11.0,"enemies":"Lagavulin","floor":10.0,"turns":10.0},{"damage":9.0,"enemies":"3 Louse","floor":11.0,"turns":6.0},{"damage":8.0,"enemies":"Gremlin Nob","floor":12.0,"turns":3.0},{"damage":53,"enemies":"Slime Boss","floor":16,"turns":9}],"seed_played":"-7366752846908893910","potions_obtained":[{"floor":10.0,"key":"FearPotion"}],"is_trial":false,"path_per_floor":["M","M","?","?","M","R","E","R","T","E","M","E","?","T","R","B"],"character_chosen":"IRONCLAD","items_purchased":[],"campfire_rested":2,"item_purchase_floors":[],"current_hp_per_floor":[62,61,54,59,56,56,10,31,31,26,23,21,21,21,42,0,0],"gold":352,"neow_bonus":"RANDOM_COLORLESS_2","is_daily":false,"chose_seed":false,"campfire_upgraded":1,"win_rate":0.0,"timestamp":1612672175,"path_taken":["M","M","?","?","M","R","E","R","T","E","M","E","?","?","R","BOSS"],"items_purchased_type":[],"build_version":"2020-12-22","purchased_purges":0,"victory":false,"max_hp_per_floor":[68,68,68,73,73,73,73,73,73,73,73,73,73,73,73,73,73],"relic_stats":{"Centennial Puzzle":[12],"counters":[8,56],"Gambling Chip":[10],"Kunai":[2],"Smiling Mask":0,"obtain_stats":[{"Centennial Puzzle":9,"Gambling Chip":10,"Kunai":12,"Smiling Mask":7,"Burning Blood":0,"White Beast Statue":14},{"Centennial Puzzle":4,"Gambling Chip":5,"Kunai":7,"Smiling Mask":4,"Burning Blood":0,"White Beast Statue":7},{"Centennial Puzzle":28,"Gambling Chip":38,"Kunai":47,"Smiling Mask":28,"Burning Blood":0,"White Beast Statue":47}],"Burning Blood":42},"card_choices":[{"not_picked":["Violence","Thinking Ahead"],"picked":"Apotheosis","floor":0.0},{"not_picked":["Perfected Strike","Reckless Charge"],"picked":"Pommel Strike","floor":1.0},{"not_picked":["Flame Barrier","Clothesline"],"picked":"Disarm","floor":2.0},{"not_picked":["Sentinel","Combust","Armaments"],"picked":"SKIP","floor":5.0},{"not_picked":["Wild Strike","Thunderclap"],"picked":"Shrug It Off","floor":7.0},{"not_picked":["Anger","Evolve"],"picked":"Entrench","floor":10.0},{"not_picked":["Iron Wave","Cleave"],"picked":"Dark Embrace","floor":11.0},{"not_picked":["Sentinel","Perfected Strike","Sword Boomerang"],"picked":"SKIP","floor":12.0}],"player_experience":3042655,"relics_obtained":[{"floor":7.0,"key":"Smiling Mask"},{"floor":9.0,"key":"Centennial Puzzle"},{"floor":10.0,"key":"Gambling Chip"},{"floor":12.0,"key":"Kunai"},{"floor":14.0,"key":"White Beast Statue"}],"event_choices":[{"cards_removed":["Strike_R"],"damage_healed":0.0,"max_hp_gain":0.0,"max_hp_loss":0.0,"gold_gain":0.0,"event_name":"Golden Wing","player_choice":"Card Removal","floor":3.0,"gold_loss":0.0,"damage_taken":7.0},{"damage_healed":0.0,"max_hp_gain":5.0,"max_hp_loss":0.0,"gold_gain":0.0,"event_name":"Big Fish","player_choice":"Donut","floor":4.0,"gold_loss":0.0,"damage_taken":0.0},{"damage_healed":0.0,"max_hp_gain":0.0,"max_hp_loss":0.0,"gold_gain":0.0,"event_name":"Dead Adventurer","player_choice":"Searched \u00270\u0027 times","floor":13.0,"gold_loss":0.0,"damage_taken":0.0}],"is_beta":false,"boss_relics":[],"items_purged_floors":[],"is_endless":false,"potions_floor_spawned":[10],"killed_by":"Slime Boss","ascension_level":20}}