{"host":"uzp1tn8qxn9571p9","time":1612674142,"event":{"mods":["BaseMod","Colored Map","Colored Powertips","Downfall","Hermit","Marisa£®ÏF”Í°°ƒß¿Ì…≥£©","Minty Spire (QoL Compilation)","StSLib","The Runesmith"],"gold_per_floor":[118,132,307,317,317,346,346,414,414,414,464,481,494,544,544,643,643,643],"floor_reached":17,"language":"ZHS","playtime":860,"items_purged":[],"score":157,"play_id":"3dba25e4-fe49-45df-8ab6-d65a885c9263","local_time":"20210207130222","is_ascension_mode":false,"campfire_choices":[{"data":"MaximisePower","floor":10,"key":"SMITH"},{"data":"MasterSpark","floor":15,"key":"SMITH"}],"circlet_count":0,"master_deck":["MasterSpark+1","UpSweep","SuperNova","GrandCross","MilkyWay","AsteroidBelt","SprinkleStarSeal","MaximisePower+1","RefractionSpark","GrandCross","FinalSpark","MillisecondPulsars+1","MachineGunSpark","OneTimeOff","BinaryStars","Occultation","GrandCross","Singularity+1","SuperPerseids"],"relics":["MiniHakkero","Centennial Puzzle","SsserpentHead","Frozen Egg 2","Pandora\u0027s Box"],"acts_visited":["Exordium","TheCity"],"potions_floor_usage":[6,16,16,16,16],"damage_taken":[{"damage":10,"enemies":"Jaw Worm","floor":1,"turns":4},{"damage":0,"enemies":"2 Louse","floor":2,"turns":1},{"damage":1,"enemies":"Cultist","floor":4,"turns":3},{"damage":24,"enemies":"3 Sentries","floor":6,"turns":10},{"damage":0,"enemies":"Large Slime","floor":8,"turns":6},{"damage":1,"enemies":"Blue Slaver","floor":12,"turns":3},{"damage":4,"enemies":"Exordium Thugs","floor":13,"turns":5},{"damage":23,"enemies":"Hexaghost","floor":16,"turns":9}],"seed_played":"8332313799268893493","potions_obtained":[{"floor":4,"key":"Regen Potion"},{"floor":6,"key":"SneckoOil"},{"floor":13,"key":"BottledSpark"},{"floor":14,"key":"GamblersBrew"},{"floor":14,"key":"EntropicBrew"},{"floor":16,"key":"DistilledChaos"}],"is_trial":false,"path_per_floor":["M","M","?","M","?","E","?","M","T","R","?","M","M","?","R","B",null],"character_chosen":"MARISA","items_purchased":[],"campfire_rested":0,"item_purchase_floors":[],"current_hp_per_floor":[65,65,65,64,49,40,40,40,40,40,33,32,28,28,28,5,75,75],"gold":643,"neow_bonus":"ONE_RANDOM_RARE_CARD","is_daily":false,"chose_seed":false,"campfire_upgraded":2,"win_rate":0.0,"timestamp":1612674142,"path_taken":["M","M","?","M","?","E","?","?","T","R","?","M","M","?","R","BOSS"],"items_purchased_type":[],"build_version":"2020-12-22","purchased_purges":0,"victory":false,"max_hp_per_floor":[75,75,75,75,75,75,75,75,75,75,75,75,75,75,75,75,75,75],"card_choices":[{"not_picked":["PowerUp","DarkMatter"],"picked":"GrandCross","floor":1},{"not_picked":["PowerUp","6A"],"picked":"MilkyWay","floor":2},{"not_picked":["StarlightTyphoon","PropBag"],"picked":"AsteroidBelt","floor":4},{"not_picked":["WitchOfGreed","DoubleSpark"],"picked":"SprinkleStarSeal","floor":6},{"not_picked":["MachineGunSpark","GravityBeat"],"picked":"MaximisePower","floor":8},{"not_picked":["FairyDestructionRay","UnstableBomb"],"picked":"RefractionSpark","floor":12},{"not_picked":["WitchOfGreed+1","Singularity+1"],"picked":"GrandCross","floor":13},{"not_picked":["SatelliteIllusion+1","CollectingQuirk"],"picked":"FinalSpark","floor":16}],"player_experience":395286,"relics_obtained":[{"floor":6,"key":"Centennial Puzzle"},{"floor":9,"key":"Frozen Egg 2"}],"event_choices":[{"damage_healed":0,"gold_gain":175,"player_choice":"AGREE","damage_taken":0,"max_hp_gain":0,"max_hp_loss":0,"event_name":"Liars Game","floor":3,"gold_loss":0,"cards_obtained":["Doubt"]},{"damage_healed":0,"gold_gain":0,"player_choice":"Entered Light","damage_taken":15,"max_hp_gain":0,"max_hp_loss":0,"event_name":"Shining Light","floor":5,"gold_loss":0,"cards_upgraded":["Strike_MRS","Defend_MRS"]},{"damage_healed":0,"gold_gain":0,"player_choice":"Trade","damage_taken":0,"relics_obtained":["SsserpentHead"],"max_hp_gain":0,"max_hp_loss":0,"event_name":"FaceTrader","floor":7,"gold_loss":0},{"cards_removed":["Doubt"],"damage_healed":0,"gold_gain":0,"player_choice":"Card Removal","damage_taken":7,"max_hp_gain":0,"max_hp_loss":0,"event_name":"Golden Wing","floor":11,"gold_loss":0},{"damage_healed":0,"gold_gain":0,"player_choice":"Got Potions","damage_taken":0,"max_hp_gain":0,"max_hp_loss":0,"event_name":"Lab","floor":14,"gold_loss":0}],"is_beta":false,"boss_relics":[{"not_picked":["Ectoplasm","Velvet Choker"],"picked":"Pandora\u0027s Box"}],"items_purged_floors":[],"is_endless":false,"potions_floor_spawned":[4,6,13,16],"ascension_level":0}}