{"host":"8is2j71l4wmybkoi","time":1612707136,"event":{"mods":["AchievementEnabler","BaseMod","Colored Map","Minty Spire (QoL Compilation)","Rare Cards Sparkle","StSLib","SuperFastMode"],"gold_per_floor":[116,116,116,128,146,146,172,172,197,197,216,248,266,278,278,351,351,368,146,160,177,193,193,223,223,249,282,282,299,325,375,375,454,454,466,516,516,536,536,566,566,595,595,626,13,25,0,0,0,0,0,0,0,35,35],"floor_reached":56,"language":"KOR","playtime":3201,"items_purged":["Strike_R","Strike_R"],"score":2030,"play_id":"9d1383e2-c7b6-40ba-a3c2-7c68780b6628","local_time":"20210207231216","is_ascension_mode":true,"campfire_choices":[{"data":"Body Slam","floor":6.0,"key":"SMITH"},{"data":"Hemokinesis","floor":8.0,"key":"SMITH"},{"data":"Flame Barrier","floor":10.0,"key":"SMITH"},{"data":"Blood for Blood","floor":15.0,"key":"SMITH"},{"data":"Evolve","floor":23.0,"key":"SMITH"},{"data":"Uppercut","floor":28.0,"key":"SMITH"},{"data":"Pommel Strike","floor":32.0,"key":"SMITH"},{"data":"Demon Form","floor":41.0,"key":"SMITH"},{"floor":49.0,"key":"RECALL"},{"data":"Heavy Blade","floor":52.0,"key":"SMITH"}],"circlet_count":0,"master_deck":["AscendersBane","Strike_R","Defend_R","Defend_R","Defend_R","Defend_R","Bash","Flame Barrier+1","Body Slam+1","Hemokinesis+1","Shockwave","Evolve+1","Blood for Blood+1","Pommel Strike+1","Reaper","Shrug It Off","Uppercut+1","Shockwave","Power Through","Dark Embrace","Bloodletting+1","Demon Form+1","Flame Barrier+1","Seeing Red+1","Heavy Blade+1","Immolate","Bludgeon","Mayhem"],"relics":["Burning Blood","Strawberry","Bronze Scales","Happy Flower","Ginger","Snecko Eye","Omamori","Juzu Bracelet","Pen Nib","Potion Belt","Turnip","Anchor","Cursed Key","Ice Cream","Centennial Puzzle","Toxic Egg 2","Orichalcum","Paper Frog","Red Mask","Toy Ornithopter"],"acts_visited":["Exordium","TheCity","TheBeyond","TheEnding"],"potions_floor_usage":[55,55,55,55],"damage_taken":[{"damage":4.0,"enemies":"2 Louse","floor":1.0,"turns":3.0},{"damage":7.0,"enemies":"Jaw Worm","floor":4.0,"turns":3.0},{"damage":2.0,"enemies":"Small Slimes","floor":5.0,"turns":4.0},{"damage":52.0,"enemies":"Lagavulin","floor":7.0,"turns":8.0},{"damage":5.0,"enemies":"Looter","floor":11.0,"turns":2.0},{"damage":21.0,"enemies":"3 Sentries","floor":12.0,"turns":8.0},{"damage":4.0,"enemies":"Large Slime","floor":13.0,"turns":5.0},{"damage":2.0,"enemies":"Exordium Wildlife","floor":14.0,"turns":4.0},{"damage":12.0,"enemies":"Hexaghost","floor":16.0,"turns":7.0},{"damage":0.0,"enemies":"3 Byrds","floor":18.0,"turns":1.0},{"damage":21.0,"enemies":"Shell Parasite","floor":20.0,"turns":3.0},{"damage":20.0,"enemies":"Sentry and Sphere","floor":21.0,"turns":5.0},{"damage":2.0,"enemies":"Snake Plant","floor":22.0,"turns":2.0},{"damage":24.0,"enemies":"Slavers","floor":24.0,"turns":5.0},{"damage":13.0,"enemies":"Gremlin Leader","floor":27.0,"turns":5.0},{"damage":3.0,"enemies":"Centurion and Healer","floor":29.0,"turns":4.0},{"damage":28.0,"enemies":"Slavers","floor":30.0,"turns":4.0},{"damage":74.0,"enemies":"Automaton","floor":33.0,"turns":11.0},{"damage":31.0,"enemies":"3 Darklings","floor":35.0,"turns":4.0},{"damage":12.0,"enemies":"2 Orb Walkers","floor":36.0,"turns":4.0},{"damage":2.0,"enemies":"Orb Walker","floor":38.0,"turns":2.0},{"damage":30.0,"enemies":"Reptomancer","floor":40.0,"turns":5.0},{"damage":30.0,"enemies":"Nemesis","floor":42.0,"turns":5.0},{"damage":5.0,"enemies":"Giant Head","floor":44.0,"turns":5.0},{"damage":3.0,"enemies":"Maw","floor":46.0,"turns":3.0},{"damage":10.0,"enemies":"Time Eater","floor":50.0,"turns":6.0},{"damage":37.0,"enemies":"Shield and Spear","floor":54.0,"turns":6.0},{"damage":79,"enemies":"The Heart","floor":55,"turns":7}],"seed_played":"1836099411461339695","potions_obtained":[{"floor":7.0,"key":"BlessingOfTheForge"},{"floor":11.0,"key":"HeartOfIron"},{"floor":12.0,"key":"BlessingOfTheForge"},{"floor":14.0,"key":"Fruit Juice"},{"floor":16.0,"key":"Weak Potion"},{"floor":20.0,"key":"Ancient Potion"},{"floor":24.0,"key":"DistilledChaos"},{"floor":29.0,"key":"BlessingOfTheForge"},{"floor":36.0,"key":"AttackPotion"},{"floor":42.0,"key":"Dexterity Potion"},{"floor":44.0,"key":"AttackPotion"}],"is_trial":false,"path_per_floor":["M","?","?","M","M","R","E","R","T","R","M","E","M","M","R","B",null,"M","$","M","M","M","R","E","?","T","E","R","M","E","?","R","B",null,"M","?","?","M","?","E","R","E","T","E","$","M","?","T","R","B",null,"R","$","E","B",null],"character_chosen":"IRONCLAD","items_purchased":["Omamori","Paper Frog","Mayhem","LiquidBronze"],"campfire_rested":0,"item_purchase_floors":[19,45,45,45],"current_hp_per_floor":[68,64,64,63,67,67,21,21,21,21,22,7,9,13,13,12,63,69,69,54,44,48,48,48,48,48,59,59,74,64,64,64,12,63,50,44,44,48,48,52,52,58,58,59,59,76,76,76,76,76,76,76,76,45,9],"gold":35,"neow_bonus":"REMOVE_TWO","is_daily":false,"chose_seed":false,"campfire_upgraded":9,"win_rate":0.0,"timestamp":1612707136,"path_taken":["M","?","?","M","M","R","E","R","T","R","M","E","M","M","R","BOSS","M","$","M","M","M","R","E","?","T","E","R","M","E","?","R","BOSS","M","?","?","M","?","E","R","E","T","E","$","M","?","?","R","BOSS","R","$","E","BOSS"],"items_purchased_type":["Relic","Relic","Card","Potion"],"build_version":"2020-12-22","purchased_purges":2,"victory":true,"max_hp_per_floor":[68,75,75,75,75,75,75,75,75,75,75,75,75,75,75,80,80,80,80,80,80,80,80,80,80,80,80,80,80,80,80,80,80,80,80,80,80,80,76,76,76,76,76,76,76,76,76,76,76,76,76,76,76,76,76],"card_choices":[{"not_picked":["Clash","Body Slam"],"picked":"Flame Barrier","floor":1.0},{"not_picked":["Flex","Shrug It Off"],"picked":"Body Slam","floor":4.0},{"not_picked":["Wild Strike","Iron Wave"],"picked":"Hemokinesis","floor":5.0},{"not_picked":["Dark Embrace","Pommel Strike"],"picked":"Shockwave","floor":7.0},{"not_picked":["Feel No Pain","Spot Weakness"],"picked":"Evolve","floor":11.0},{"not_picked":["Juggernaut","Flex","Clothesline"],"picked":"SKIP","floor":12.0},{"not_picked":["Body Slam","Sword Boomerang"],"picked":"Blood for Blood","floor":13.0},{"not_picked":["Thunderclap","Blood for Blood"],"picked":"Pommel Strike","floor":14.0},{"not_picked":["Demon Form","Fiend Fire"],"picked":"Reaper","floor":16.0},{"not_picked":["Anger","Thunderclap"],"picked":"Shrug It Off","floor":18.0},{"not_picked":["Twin Strike","Dual Wield"],"picked":"Uppercut","floor":20.0},{"not_picked":["Dropkick","Inflame"],"picked":"Shockwave","floor":21.0},{"not_picked":["True Grit+1","Clash"],"picked":"Power Through","floor":22.0},{"not_picked":["Burning Pact","Armaments"],"picked":"Dark Embrace","floor":24.0},{"not_picked":["True Grit","Combust"],"picked":"Bloodletting+1","floor":27.0},{"not_picked":["Havoc","Thunderclap","Twin Strike"],"picked":"SKIP","floor":29.0},{"not_picked":["Double Tap","Pommel Strike","Flex"],"picked":"SKIP","floor":30.0},{"not_picked":["Juggernaut","Berserk"],"picked":"Demon Form","floor":33.0},{"not_picked":["Evolve","Headbutt"],"picked":"Flame Barrier+1","floor":35.0},{"not_picked":["Anger","Shrug It Off"],"picked":"Seeing Red+1","floor":36.0},{"not_picked":["Warcry","Seeing Red","Cleave"],"picked":"SKIP","floor":38.0},{"not_picked":["Clash","Sever Soul"],"picked":"Heavy Blade","floor":40.0},{"not_picked":["Pommel Strike","Iron Wave"],"picked":"Immolate","floor":42.0},{"not_picked":["Clothesline+1","Perfected Strike"],"picked":"Bludgeon","floor":44.0},{"not_picked":["Headbutt","Thunderclap","Sword Boomerang"],"picked":"SKIP","floor":46.0},{"not_picked":["Iron Wave","Shockwave+1","Pummel"],"picked":"SKIP","floor":54.0},{"not_picked":["Iron Wave","Shockwave+1","Pummel"],"picked":"SKIP","floor":54.0}],"player_experience":1039083,"relics_obtained":[{"floor":7.0,"key":"Bronze Scales"},{"floor":9.0,"key":"Happy Flower"},{"floor":12.0,"key":"Ginger"},{"floor":24.0,"key":"Juzu Bracelet"},{"floor":26.0,"key":"Potion Belt"},{"floor":27.0,"key":"Turnip"},{"floor":30.0,"key":"Anchor"},{"floor":36.0,"key":"Ice Cream"},{"floor":40.0,"key":"Centennial Puzzle"},{"floor":42.0,"key":"Toxic Egg 2"},{"floor":44.0,"key":"Orichalcum"},{"floor":54.0,"key":"Toy Ornithopter"}],"event_choices":[{"damage_healed":0.0,"max_hp_gain":0.0,"max_hp_loss":0.0,"gold_gain":0.0,"event_name":"Scrap Ooze","player_choice":"Success","floor":2.0,"gold_loss":0.0,"damage_taken":11.0,"relics_obtained":["Strawberry"]},{"damage_healed":0.0,"max_hp_gain":0.0,"max_hp_loss":0.0,"gold_gain":0.0,"event_name":"Liars Game","player_choice":"Ignored","floor":3.0,"gold_loss":0.0,"damage_taken":0.0},{"damage_healed":0.0,"max_hp_gain":0.0,"max_hp_loss":0.0,"gold_gain":0.0,"event_name":"The Mausoleum","player_choice":"Opened","floor":25.0,"gold_loss":0.0,"damage_taken":0.0,"relics_obtained":["Pen Nib"],"cards_obtained":["Writhe"]},{"damage_healed":0.0,"max_hp_gain":0.0,"max_hp_loss":0.0,"gold_gain":50.0,"event_name":"Nest","player_choice":"Stole From Cult","floor":31.0,"gold_loss":0.0,"damage_taken":0.0},{"damage_healed":0.0,"max_hp_gain":0.0,"max_hp_loss":0.0,"gold_gain":0.0,"event_name":"Mysterious Sphere","player_choice":"Fight","floor":36.0,"gold_loss":0.0,"damage_taken":0.0},{"damage_healed":0.0,"max_hp_gain":0.0,"max_hp_loss":0.0,"gold_gain":0.0,"event_name":"SensoryStone","player_choice":"Memory 1","floor":37.0,"gold_loss":0.0,"damage_taken":0.0},{"damage_healed":0.0,"max_hp_gain":0.0,"max_hp_loss":4.0,"gold_gain":0.0,"event_name":"Winding Halls","player_choice":"Max HP","floor":39.0,"gold_loss":0.0,"damage_taken":0.0},{"damage_healed":0.0,"max_hp_gain":0.0,"max_hp_loss":0.0,"gold_gain":0.0,"event_name":"Tomb of Lord Red Mask","player_choice":"Paid","floor":47.0,"gold_loss":25.0,"damage_taken":0.0,"relics_obtained":["Red Mask"]}],"is_beta":false,"boss_relics":[{"not_picked":["Runic Dome","Runic Cube"],"picked":"Snecko Eye"},{"not_picked":["Busted Crown","Astrolabe"],"picked":"Cursed Key"}],"items_purged_floors":[19,45],"is_endless":false,"potions_floor_spawned":[7,11,12,13,14,16,20,24,29,36,42,44],"ascension_level":15}}