{"host":"37ccm3d17clopct7","time":1612692286,"event":{"mods":["BaseMod","Hermit","Lobotomy","Minty Spire (QoL Compilation)","StSLib","The Bug Knight","The Cursed","The Hierophant","The Jungle","The Runesmith"],"gold_per_floor":[113,38,38,38,38,38,50,50,50,65,63,96,23,43,43,143,143,167,23,51,74,74,74,99,24,24,69,69,6,6,6],"floor_reached":30,"language":"KOR","playtime":1056,"items_purged":["hierophant:Strike_Hierophant","Shame","hierophant:Defend_Hierophant"],"score":248,"play_id":"fee35a77-efa8-4602-b524-e31682a4d912","local_time":"20210207190446","is_ascension_mode":false,"campfire_choices":[{"data":"hierophant:Punish","floor":6.0,"key":"SMITH"},{"floor":8.0,"key":"REST"},{"data":"hierophant:Doubloon","floor":15.0,"key":"SMITH"},{"floor":23,"key":"REST"}],"circlet_count":0,"master_deck":["hierophant:Strike_Hierophant+1","hierophant:Strike_Hierophant","hierophant:Strike_Hierophant+1","hierophant:Punish+1","hierophant:Defend_Hierophant","hierophant:Defend_Hierophant","hierophant:Defend_Hierophant+1","hierophant:ChurchCoffers+1","hierophant:Smite+1","hierophant:Zeal","hierophant:FlamingChariot+1","hierophant:OrnateJavelin+1","hierophant:FaithHealing","hierophant:Endure","hierophant:Doubloon+1","hierophant:HolyVerse","hierophant:Doubloon","hierophant:Dazzle","hierophant:Smite+1","hierophant:Upheaval+1"],"relics":["hierophant:PropheticMaskRelic","Whetstone","Molten Egg 2","Oddly Smooth Stone","Membership Card","theJungle:SneckoAutograph","HandDrill","Regal Pillow","Bag of Marbles"],"acts_visited":["Exordium","theJungle:Jungle"],"potions_floor_usage":[21,27,27],"damage_taken":[{"damage":0.0,"enemies":"2 Louse","floor":1.0,"turns":1.0},{"damage":1.0,"enemies":"Jaw Worm","floor":7.0,"turns":2.0},{"damage":0.0,"enemies":"Cultist","floor":10.0,"turns":2.0},{"damage":10.0,"enemies":"Exordium Thugs","floor":11.0,"turns":3.0},{"damage":5.0,"enemies":"3 Sentries","floor":12.0,"turns":5.0},{"damage":0.0,"enemies":"Blue Slaver","floor":14.0,"turns":2.0},{"damage":57.0,"enemies":"The Guardian","floor":16.0,"turns":10.0},{"damage":16,"enemies":"Shell Parasite","floor":18,"turns":5},{"damage":10,"enemies":"theJungle:MUSHROOMGANG","floor":20,"turns":3},{"damage":22,"enemies":"theJungle:JungleHuntersEncounter","floor":21,"turns":6},{"damage":10,"enemies":"theJungle:2_Snecko_Cultists","floor":24,"turns":3},{"damage":48,"enemies":"theJungle:2_Phrogs","floor":27,"turns":7},{"damage":10,"enemies":"theJungle:2_Flameangoes","floor":30,"turns":1}],"seed_played":"-8018653514091078786","potions_obtained":[{"floor":1.0,"key":"BlessingOfTheForge"},{"floor":11.0,"key":"Strength Potion"},{"floor":14.0,"key":"SkillPotion"},{"floor":18,"key":"ColorlessPotion"},{"floor":21,"key":"Regen Potion"},{"floor":24,"key":"AttackPotion"}],"is_trial":false,"path_per_floor":["M","$","?","?","$","R","M","R","T","M","M","E","$","M","R","B",null,"M","$","M","M","?","R","M","$","T","E","?","$","M"],"character_chosen":"HIEROPHANT","items_purchased":["hierophant:Endure","Membership Card","hierophant:Smite+1"],"campfire_rested":2,"item_purchase_floors":[13,19,25],"current_hp_per_floor":[75,75,75,60,60,60,59,75,75,75,65,60,60,60,60,3,75,59,59,49,27,27,49,39,39,39,6,6,6,0,0],"gold":6,"neow_bonus":"RANDOM_COMMON_RELIC","is_daily":false,"chose_seed":false,"campfire_upgraded":2,"win_rate":0.0,"timestamp":1612692286,"path_taken":["M","$","?","?","?","R","M","R","T","M","M","E","$","?","R","BOSS","M","$","M","M","?","R","M","$","T","E","?","?","?"],"items_purchased_type":["Card","Relic","Card"],"build_version":"2020-12-22","purchased_purges":3,"victory":false,"max_hp_per_floor":[75,75,75,75,75,75,75,75,75,75,75,75,75,75,75,75,75,75,75,75,75,75,75,75,75,75,75,75,75,75,75],"card_choices":[{"not_picked":["hierophant:ArchangelShield","hierophant:FlamingChariot"],"picked":"hierophant:Smite","floor":1.0},{"not_picked":["hierophant:Glossolalia","hierophant:Shelter"],"picked":"hierophant:Zeal","floor":7.0},{"not_picked":["hierophant:AuricShield","hierophant:SolarFlare+1"],"picked":"hierophant:FlamingChariot+1","floor":10.0},{"not_picked":["hierophant:Bribe","hierophant:Embezzle"],"picked":"hierophant:OrnateJavelin+1","floor":11.0},{"not_picked":["hierophant:AuricBeam+1","hierophant:Martyrdom"],"picked":"hierophant:FaithHealing","floor":12.0},{"not_picked":["hierophant:Exaltation","hierophant:Prophecy"],"picked":"hierophant:Doubloon","floor":14.0},{"not_picked":["hierophant:RustyCrate","hierophant:SecretStash+1"],"picked":"hierophant:HolyVerse","floor":18},{"not_picked":["hierophant:Kindle","hierophant:Sermon","hierophant:Prophecy"],"picked":"SKIP","floor":20},{"not_picked":["hierophant:AuricBeam+1","hierophant:SolarFlare+1","hierophant:Remorse+1"],"picked":"SKIP","floor":21},{"not_picked":["hierophant:Invocation","hierophant:Encroach"],"picked":"hierophant:Dazzle","floor":24},{"not_picked":["hierophant:HammerAndAnvil","hierophant:Purify+1"],"picked":"hierophant:Upheaval+1","floor":27}],"player_experience":131675,"relics_obtained":[{"floor":9.0,"key":"Molten Egg 2"},{"floor":12.0,"key":"Oddly Smooth Stone"},{"floor":26,"key":"Regal Pillow"},{"floor":27,"key":"Bag of Marbles"}],"event_choices":[{"damage_healed":0.0,"max_hp_gain":0.0,"max_hp_loss":0.0,"gold_gain":0.0,"event_name":"Living Wall","player_choice":"Grow","floor":3.0,"gold_loss":0.0,"damage_taken":0.0,"cards_upgraded":["hierophant:ChurchCoffers"]},{"damage_healed":0.0,"max_hp_gain":0.0,"max_hp_loss":0.0,"gold_gain":0.0,"event_name":"Shining Light","player_choice":"Entered Light","floor":4.0,"gold_loss":0.0,"damage_taken":15.0,"cards_upgraded":["hierophant:Smite","hierophant:Defend_Hierophant"]}],"is_beta":false,"boss_relics":[{"not_picked":["Snecko Eye","Philosopher\u0027s Stone","Runic Pyramid"]}],"items_purged_floors":[2,25,29],"is_endless":false,"potions_floor_spawned":[1,11,14,18,21,24],"killed_by":"theJungle:2_Flameangoes","ascension_level":0}}