{"host":"kzpuingyul43kz0j","time":1612730425,"event":{"mods":["2.2 Compatiblity","BaseMod","Bestiary","Better Skull","BetterRewards","Colored Map","Colored Powertips","Curses Come First","Displayed Cursed Tome","Gold Saver","Highlight Path","Keyboard Shortcuts","Minty Spire (QoL Compilation)","Relic Stats","Remove Card Discount Mod","StSLib","SuperFastMode","Uncapped"],"gold_per_floor":[382,399,399,399,417,452,470,81,81,94,106,106,121,1,1,99,99,116,116,127,127,41,41,41,74,158,203,235,247,292,319,331,438,450,477,499,511,124,139,169,183,183,183,183,195,195,39,67,67,67,67,67,65,92,92,92],"floor_reached":55,"language":"ENG","playtime":3028,"items_purged":["Strike_R","Defend_R","Defend_R","Defend_R","Defend_R","Havoc","Disarm","Strike_R","Strike_R","Strike_R","Writhe","Parasite","Clothesline","Pommel Strike","Combust+1"],"score":812,"play_id":"cdb707c3-c6f5-436e-8358-0223956b4126","local_time":"20210207214025","is_ascension_mode":false,"campfire_choices":[{"data":"Panacea","floor":12,"key":"SMITH"},{"data":"Berserk","floor":15,"key":"SMITH"},{"data":"Feed","floor":23,"key":"SMITH"},{"data":"Barricade","floor":29,"key":"SMITH"},{"data":"Inflame","floor":32,"key":"SMITH"},{"data":"Madness","floor":42,"key":"SMITH"},{"floor":44,"key":"RECALL"},{"data":"Flex","floor":46,"key":"SMITH"},{"floor":49,"key":"REST"},{"data":"Demon Form","floor":52,"key":"SMITH"}],"circlet_count":0,"master_deck":["Berserk+1","Pommel Strike","Cleave","Spot Weakness","Rampage","Shrug It Off","Panacea+1","Twin Strike","Clothesline","Reaper","Shrug It Off","Inflame+1","Shrug It Off","Barricade+1","CurseOfTheBell","Heavy Blade","Feed+1","Metallicize+1","Flex+1","Iron Wave","Exhume","Madness+1","Rage+1","Pommel Strike+1","Demon Form+1","Fire Breathing"],"relics":["Burning Blood","Mummified Hand","Orrery","Magic Flower","Calling Bell","PreservedInsect","Matryoshka","Peace Pipe","Anchor","Lizard Tail","MawBank","Tiny Chest","Kunai","Blood Vial","Bottled Tornado","Empty Cage","ClockworkSouvenir","Red Skull","Toy Ornithopter","Lee\u0027s Waffle","Meat on the Bone","Thread and Needle"],"acts_visited":["Exordium","TheCity","TheBeyond","TheEnding"],"potions_floor_usage":[16,16,16,25,40,40,40,45,50,55],"damage_taken":[{"damage":16,"enemies":"Jaw Worm","floor":1,"turns":4},{"damage":0,"enemies":"Small Slimes","floor":2,"turns":3},{"damage":1,"enemies":"Cultist","floor":5,"turns":4},{"damage":51,"enemies":"3 Sentries","floor":6,"turns":8},{"damage":9,"enemies":"Exordium Thugs","floor":7,"turns":3},{"damage":15,"enemies":"Exordium Wildlife","floor":10,"turns":3},{"damage":14,"enemies":"2 Fungi Beasts","floor":11,"turns":3},{"damage":16,"enemies":"Blue Slaver","floor":13,"turns":4},{"damage":12,"enemies":"Hexaghost","floor":16,"turns":9},{"damage":28,"enemies":"2 Thieves","floor":18,"turns":3},{"damage":44,"enemies":"3 Byrds","floor":20,"turns":6},{"damage":27,"enemies":"Slavers","floor":25,"turns":4},{"damage":19,"enemies":"Gremlin Leader","floor":27,"turns":6},{"damage":9,"enemies":"Cultist and Chosen","floor":28,"turns":6},{"damage":37,"enemies":"Slavers","floor":30,"turns":5},{"damage":26,"enemies":"Snake Plant","floor":31,"turns":4},{"damage":13,"enemies":"Champ","floor":33,"turns":13},{"damage":35,"enemies":"3 Shapes","floor":35,"turns":3},{"damage":13,"enemies":"Orb Walker","floor":36,"turns":4},{"damage":11,"enemies":"Spire Growth","floor":39,"turns":5},{"damage":81,"enemies":"Giant Head","floor":40,"turns":12},{"damage":17,"enemies":"Writhing Mass","floor":41,"turns":6},{"damage":21,"enemies":"3 Darklings","floor":45,"turns":6},{"damage":87,"enemies":"Reptomancer","floor":48,"turns":5},{"damage":160,"enemies":"Awakened One","floor":50,"turns":10},{"damage":118,"enemies":"Shield and Spear","floor":54,"turns":8},{"damage":135,"enemies":"The Heart","floor":55,"turns":9}],"seed_played":"8756979158028566877","potions_obtained":[{"floor":6,"key":"Ancient Potion"},{"floor":10,"key":"LiquidMemories"},{"floor":13,"key":"Block Potion"},{"floor":20,"key":"Ancient Potion"},{"floor":25,"key":"SpeedPotion"},{"floor":33,"key":"SpeedPotion"},{"floor":36,"key":"SpeedPotion"},{"floor":40,"key":"Block Potion"},{"floor":48,"key":"GamblersBrew"},{"floor":54,"key":"FearPotion"}],"is_trial":false,"path_per_floor":["M","M","?","?","M","E","M","$","T","M","M","R","M","$","R","B",null,"M","?","M","T","$","R","?","E","T","E","M","R","E","M","R","B",null,"M","M","?","$","M","E","M","R","T","R","M","R","$","E","R","B",null,"R","$","E","B"],"character_chosen":"IRONCLAD","items_purchased":["Metallicize","Shrug It Off","Panacea","Twin Strike","Orrery","Inflame","Shrug It Off","Feed","ClockworkSouvenir","Red Skull","Madness","Lee\u0027s Waffle"],"campfire_rested":1,"item_purchase_floors":[8,8,8,8,8,14,14,22,38,38,38,47],"current_hp_per_floor":[70,76,76,76,80,35,32,32,32,47,50,50,54,54,54,78,80,75,75,52,52,52,52,52,67,67,74,88,88,77,69,69,86,92,90,94,96,96,100,46,41,41,41,41,85,85,104,26,57,54,108,108,108,55,0,0],"gold":92,"neow_bonus":"ONE_RANDOM_RARE_CARD","is_daily":false,"chose_seed":false,"campfire_upgraded":8,"win_rate":0.0,"timestamp":1612730425,"path_taken":["M","M","?","?","M","E","M","$","T","M","?","R","M","$","R","BOSS","M","?","M","?","$","R","?","E","T","E","M","R","E","?","R","BOSS","M","M","?","$","M","E","M","R","T","R","M","R","$","E","R","BOSS","R","$","E","BOSS"],"items_purchased_type":["Card","Card","Card","Card","Relic","Card","Card","Card","Relic","Relic","Card","Relic"],"build_version":"2020-12-22","purchased_purges":15,"victory":false,"max_hp_per_floor":[80,80,80,80,80,80,80,80,80,80,80,80,80,80,80,80,80,80,80,80,80,80,80,80,84,84,84,88,88,88,92,92,92,92,92,96,96,96,100,100,100,100,100,100,100,100,104,104,104,108,108,108,108,112,112,112],"relic_stats":{"Lee\u0027s Waffle":22,"counters":[27,156],"Magic Flower":[243],"PreservedInsect":378,"MawBank":156,"Burning Blood":216,"Peace Pipe":0,"Blood Vial":23,"Lizard Tail":81,"Mummified Hand":[98],"Tiny Chest":0,"Kunai":[23],"obtain_stats":[{"Lee\u0027s Waffle":47,"Magic Flower":9,"Thread and Needle":54,"PreservedInsect":17,"Bottled Tornado":30,"MawBank":25,"Empty Cage":34,"Burning Blood":0,"ClockworkSouvenir":38,"Calling Bell":17,"Peace Pipe":17,"Blood Vial":27,"Anchor":21,"Lizard Tail":21,"Matryoshka":17,"Mummified Hand":6,"Orrery":8,"Tiny Chest":26,"Kunai":26,"Red Skull":38,"Toy Ornithopter":40,"Meat on the Bone":48},{"Lee\u0027s Waffle":23,"Magic Flower":5,"Thread and Needle":26,"PreservedInsect":9,"Bottled Tornado":15,"MawBank":12,"Empty Cage":17,"Burning Blood":0,"ClockworkSouvenir":19,"Calling Bell":9,"Peace Pipe":9,"Blood Vial":13,"Anchor":11,"Lizard Tail":11,"Matryoshka":9,"Mummified Hand":4,"Orrery":5,"Tiny Chest":12,"Kunai":12,"Red Skull":19,"Toy Ornithopter":21,"Meat on the Bone":24},{"Lee\u0027s Waffle":124,"Magic Flower":22,"Thread and Needle":147,"PreservedInsect":41,"Bottled Tornado":71,"MawBank":54,"Empty Cage":88,"Burning Blood":0,"ClockworkSouvenir":95,"Calling Bell":41,"Peace Pipe":41,"Blood Vial":60,"Anchor":50,"Lizard Tail":50,"Matryoshka":41,"Mummified Hand":19,"Orrery":22,"Tiny Chest":54,"Kunai":54,"Red Skull":95,"Toy Ornithopter":112,"Meat on the Bone":129}],"Toy Ornithopter":24,"Meat on the Bone":36},"card_choices":[{"not_picked":["Body Slam","Shrug It Off"],"picked":"Pommel Strike","floor":1},{"not_picked":["Uppercut","Disarm"],"picked":"Cleave","floor":2},{"not_picked":["Dark Embrace","Sword Boomerang"],"picked":"Clothesline","floor":5},{"not_picked":["Wild Strike","Fiend Fire"],"picked":"Spot Weakness","floor":6},{"not_picked":["Anger","Dark Embrace"],"picked":"Rampage","floor":7},{"not_picked":["Iron Wave","Power Through"],"picked":"Pommel Strike","floor":8},{"not_picked":["Reckless Charge","Sword Boomerang"],"picked":"Clothesline","floor":8},{"not_picked":["Body Slam","Flex"],"picked":"Reaper","floor":8},{"not_picked":["Shockwave","Feel No Pain"],"picked":"Havoc","floor":8},{"not_picked":["Searing Blow","Blood for Blood"],"picked":"Disarm","floor":8},{"not_picked":["Wild Strike","Sentinel","Rampage"],"picked":"SKIP","floor":10},{"not_picked":["Carnage","Cleave","True Grit"],"picked":"SKIP","floor":11},{"not_picked":["Wild Strike","Armaments"],"picked":"Shrug It Off","floor":13},{"not_picked":["Corruption","Fiend Fire"],"picked":"Barricade","floor":16},{"not_picked":["Sever Soul+1","Clash","True Grit"],"picked":"SKIP","floor":18},{"not_picked":["Cleave","Body Slam"],"picked":"Heavy Blade","floor":20},{"not_picked":["Warcry","Body Slam"],"picked":"Combust+1","floor":25},{"not_picked":["Fiend Fire","Armaments+1"],"picked":"Metallicize+1","floor":27},{"not_picked":["Anger+1","Heavy Blade"],"picked":"Flex","floor":28},{"not_picked":["Disarm","Entrench","Clash"],"picked":"SKIP","floor":30},{"not_picked":["Rage","True Grit+1"],"picked":"Iron Wave","floor":31},{"not_picked":["Reaper","Juggernaut"],"picked":"Exhume","floor":33},{"not_picked":["Havoc","Metallicize","Dual Wield"],"picked":"SKIP","floor":35},{"not_picked":["Cleave","Clash+1","True Grit+1"],"picked":"SKIP","floor":36},{"not_picked":["Dark Embrace","Clothesline+1"],"picked":"Rage+1","floor":39},{"not_picked":["Hemokinesis","Rage+1","True Grit+1"],"picked":"SKIP","floor":40},{"not_picked":["Body Slam","Hemokinesis"],"picked":"Pommel Strike+1","floor":41},{"not_picked":["Twin Strike","Burning Pact+1","Shrug It Off"],"picked":"SKIP","floor":45},{"not_picked":["Perfected Strike","Entrench"],"picked":"Demon Form","floor":48},{"not_picked":["Dark Embrace+1","Clothesline+1"],"picked":"Fire Breathing","floor":54}],"player_experience":94885,"relics_obtained":[{"floor":6,"key":"Mummified Hand"},{"floor":9,"key":"Magic Flower"},{"floor":17,"key":"PreservedInsect"},{"floor":17,"key":"Matryoshka"},{"floor":17,"key":"Peace Pipe"},{"floor":21,"key":"Anchor"},{"floor":21,"key":"Lizard Tail"},{"floor":25,"key":"MawBank"},{"floor":26,"key":"Tiny Chest"},{"floor":26,"key":"Kunai"},{"floor":27,"key":"Blood Vial"},{"floor":30,"key":"Bottled Tornado"},{"floor":40,"key":"Toy Ornithopter"},{"floor":48,"key":"Meat on the Bone"},{"floor":54,"key":"Thread and Needle"}],"event_choices":[{"damage_healed":0,"gold_gain":0,"player_choice":"Ignored","damage_taken":0,"max_hp_gain":0,"max_hp_loss":0,"event_name":"Liars Game","floor":3,"gold_loss":0},{"cards_removed":["Strike_R"],"damage_healed":0,"gold_gain":0,"player_choice":"Purged","damage_taken":0,"max_hp_gain":0,"max_hp_loss":0,"event_name":"Purifier","floor":4,"gold_loss":0},{"damage_healed":0,"gold_gain":0,"player_choice":"Ignored","damage_taken":0,"max_hp_gain":0,"max_hp_loss":0,"event_name":"Vampires","floor":19,"gold_loss":0},{"damage_healed":0,"gold_gain":0,"player_choice":"Simplicity","damage_taken":0,"max_hp_gain":0,"max_hp_loss":0,"event_name":"Back to Basics","floor":24,"gold_loss":0,"cards_upgraded":[]},{"damage_healed":24,"gold_gain":0,"player_choice":"Writhe","damage_taken":0,"max_hp_gain":0,"max_hp_loss":0,"event_name":"Winding Halls","floor":37,"gold_loss":0,"cards_obtained":["Writhe"]}],"is_beta":false,"boss_relics":[{"not_picked":["SacredBark","Sozu"],"picked":"Calling Bell"},{"not_picked":["Runic Dome","Velvet Choker"],"picked":"Empty Cage"}],"items_purged_floors":[8,14,14,14,14,14,14,22,22,22,38,47,47,47,53],"is_endless":false,"potions_floor_spawned":[6,10,13,20,25,33,36,40,48,54],"killed_by":"The Heart","ascension_level":0}}