{"host":"jcg2u0j7gsi1hjjn","time":1612723054,"event":{"mods":["AchievementEnabler","BaseMod","Colored Map","Minty Spire (QoL Compilation)","StSLib"],"gold_per_floor":[112,129,139,65,65,92,92,110,110,110,121,151,169,180,180,284,284,304,304,304,403,318,318,337,365,365,365,365],"floor_reached":27,"language":"ENG","playtime":2023,"items_purged":[],"score":297,"play_id":"a4115530-9a29-4d18-8a01-75bba1ddbdf0","local_time":"20210207193734","is_ascension_mode":true,"campfire_choices":[{"floor":7.0,"key":"REST"},{"data":"SashWhip","floor":10.0,"key":"SMITH"},{"floor":15.0,"key":"REST"},{"data":"PathToVictory","floor":23,"key":"SMITH"}],"circlet_count":0,"master_deck":["Strike_P+1","Strike_P+1","Strike_P+1","Strike_P+1","Defend_P+1","Defend_P+1","Defend_P+1","Defend_P+1","Eruption","Vigilance","CarveReality","SashWhip+1","Evaluate","TalkToTheHand","ReachHeaven","BattleHymn","Consecrate","CutThroughFate","PathToVictory+1","Alpha","JustLucky+1"],"relics":["PureWater","Blue Candle","Pocketwatch","FossilizedHelix","VioletLotus","Blood Vial","Mercury Hourglass","MealTicket","Darkstone Periapt"],"acts_visited":["Exordium","TheCity"],"potions_floor_usage":[25,25],"damage_taken":[{"damage":0.0,"enemies":"Small Slimes","floor":1.0,"turns":2.0},{"damage":1.0,"enemies":"Jaw Worm","floor":2.0,"turns":2.0},{"damage":0.0,"enemies":"2 Louse","floor":3.0,"turns":2.0},{"damage":10.0,"enemies":"Lagavulin","floor":6.0,"turns":8.0},{"damage":5.0,"enemies":"Blue Slaver","floor":8.0,"turns":3.0},{"damage":11.0,"enemies":"Exordium Thugs","floor":11.0,"turns":3.0},{"damage":3.0,"enemies":"Large Slime","floor":13.0,"turns":3.0},{"damage":12.0,"enemies":"3 Louse","floor":14.0,"turns":3.0},{"damage":0.0,"enemies":"Slime Boss","floor":16.0,"turns":6.0},{"damage":0,"enemies":"Chosen","floor":18,"turns":4},{"damage":12,"enemies":"2 Thieves","floor":24,"turns":3},{"damage":9,"enemies":"Gremlin Leader","floor":25,"turns":5},{"damage":63,"enemies":"Slavers","floor":27,"turns":4}],"seed_played":"-3749094320621395747","potions_obtained":[{"floor":0.0,"key":"DistilledChaos"},{"floor":0.0,"key":"BlessingOfTheForge"},{"floor":0.0,"key":"FearPotion"},{"floor":18,"key":"Block Potion"},{"floor":24,"key":"CultistPotion"},{"floor":25,"key":"BlessingOfTheForge"}],"is_trial":false,"path_per_floor":["M","M","M","$","?","E","R","M","T","R","M","?","M","M","R","B",null,"M","?","?","?","?","R","M","E","T","E"],"character_chosen":"WATCHER","items_purchased":["TalkToTheHand"],"campfire_rested":2,"item_purchase_floors":[4],"current_hp_per_floor":[72,71,71,71,57,47,68,63,63,63,52,52,49,37,58,58,72,72,72,72,72,72,72,60,53,53,0,0],"gold":365,"neow_bonus":"THREE_SMALL_POTIONS","is_daily":false,"chose_seed":false,"campfire_upgraded":2,"win_rate":0.0,"timestamp":1612723054,"path_taken":["M","M","M","$","?","E","R","M","T","R","M","?","M","M","R","BOSS","M","?","?","?","?","R","M","E","T","E"],"items_purchased_type":["Card"],"build_version":"2020-12-22","purchased_purges":0,"victory":false,"max_hp_per_floor":[72,72,72,72,72,72,72,72,72,72,72,72,72,72,72,72,72,72,72,72,72,72,72,72,72,72,72,72],"card_choices":[{"not_picked":["Fasting2","SashWhip"],"picked":"CarveReality","floor":1.0},{"not_picked":["CrushJoints","LikeWater"],"picked":"SashWhip","floor":2.0},{"not_picked":["BowlingBash","EmptyFist"],"picked":"Evaluate","floor":3.0},{"not_picked":["LikeWater","Blasphemy"],"picked":"ReachHeaven","floor":6.0},{"not_picked":["Weave","MentalFortress"],"picked":"BattleHymn","floor":8.0},{"not_picked":["Swivel","ClearTheMind"],"picked":"Consecrate","floor":11.0},{"not_picked":["Collect","Evaluate"],"picked":"CutThroughFate","floor":13.0},{"not_picked":["ClearTheMind","ThirdEye"],"picked":"PathToVictory","floor":14.0},{"not_picked":["Omniscience","DeusExMachina"],"picked":"Alpha","floor":16.0},{"not_picked":["FlurryOfBlows+1","Protect"],"picked":"JustLucky+1","floor":18},{"not_picked":["FearNoEvil","MentalFortress","FlyingSleeves"],"picked":"SKIP","floor":24},{"not_picked":["Meditate+1","Evaluate","SpiritShield"],"picked":"SKIP","floor":25}],"player_experience":377867,"relics_obtained":[{"floor":6.0,"key":"Blue Candle"},{"floor":9.0,"key":"Pocketwatch"},{"floor":25,"key":"MealTicket"},{"floor":26,"key":"Darkstone Periapt"}],"event_choices":[{"damage_healed":0.0,"max_hp_gain":0.0,"max_hp_loss":0.0,"gold_gain":0.0,"event_name":"Shining Light","player_choice":"Entered Light","floor":5.0,"gold_loss":0.0,"damage_taken":14.0,"cards_upgraded":["Defend_P","Defend_P"]},{"damage_healed":0.0,"max_hp_gain":0.0,"max_hp_loss":0.0,"gold_gain":30.0,"event_name":"Dead Adventurer","player_choice":"Searched \u00272\u0027 times","floor":12.0,"gold_loss":0.0,"damage_taken":0.0,"relics_obtained":["FossilizedHelix"]},{"damage_healed":0,"gold_gain":0,"player_choice":"Opened","damage_taken":0,"relics_obtained":["Blood Vial"],"max_hp_gain":0,"max_hp_loss":0,"event_name":"The Mausoleum","floor":19,"gold_loss":0},{"damage_healed":0,"gold_gain":0,"player_choice":"Simplicity","damage_taken":0,"max_hp_gain":0,"max_hp_loss":0,"event_name":"Back to Basics","floor":20,"gold_loss":0,"cards_upgraded":["Strike_P","Strike_P","Strike_P","Strike_P","Defend_P","Defend_P"]},{"damage_healed":0,"gold_gain":99,"player_choice":"Stole From Cult","damage_taken":0,"max_hp_gain":0,"max_hp_loss":0,"event_name":"Nest","floor":21,"gold_loss":0},{"damage_healed":0,"gold_gain":0,"player_choice":"Obtained Relic","damage_taken":0,"relics_obtained":["Mercury Hourglass"],"max_hp_gain":0,"max_hp_loss":0,"event_name":"Addict","floor":22,"gold_loss":85}],"is_beta":false,"boss_relics":[{"not_picked":["Snecko Eye","Runic Pyramid"],"picked":"VioletLotus"}],"items_purged_floors":[],"is_endless":false,"potions_floor_spawned":[2,3,13,18,24,25],"killed_by":"Slavers","ascension_level":1}}