{"host":"x5w9zppki4gdwvc7","time":1612673268,"event":{"mods":["AchievementEnabler","BaseMod","Colored Powertips","DeckTracker","Minty Spire (QoL Compilation)"],"gold_per_floor":[111,127,142,154,154,179,24,24,24,24,37,50,50,66,66,165,165,177,177,195,209,225,225,245,245,272,297,297,297,313,213,213,317,317,334,31,44,44,5,31,31,41,65,65,65],"floor_reached":44,"language":"ENG","playtime":3143,"items_purged":["Strike_B","Sunder"],"score":462,"play_id":"165cabbf-dc29-4c5d-8983-31b947a94206","local_time":"20210207054748","is_ascension_mode":false,"campfire_choices":[{"floor":10,"key":"REST"},{"data":"Chill","floor":13,"key":"SMITH"},{"data":"Defragment","floor":15,"key":"SMITH"},{"data":"Streamline","floor":23,"key":"SMITH"},{"floor":25,"key":"REST"},{"data":"Fission","floor":29,"key":"SMITH"},{"data":"Creative AI","floor":32,"key":"SMITH"},{"data":"Blizzard","floor":41,"key":"SMITH"}],"circlet_count":0,"master_deck":["Strike_B","Strike_B","Strike_B","Defend_B","Defend_B","Defend_B","Defend_B","Zap","Dualcast","Chill+1","Recycle","Rebound+1","Coolheaded","Streamline+1","Defragment+1","Go for the Eyes","Auto Shields","Echo Form","Lockon+1","Conserve Battery","Sunder+1","Gash+1","Hologram+1","Fission+1","Creative AI+1","Cold Snap","Meteor Strike","Glacier+1","Madness","Madness","Blizzard+1","Cold Snap+1"],"relics":["Cracked Core","FossilizedHelix","Blood Vial","Ornamental Fan","DataDisk","Inserter","Akabeko","Torii","Runic Dome","Whetstone","Art of War","Lantern"],"acts_visited":["Exordium","TheCity","TheBeyond"],"potions_floor_usage":[22,33,44],"damage_taken":[{"damage":10,"enemies":"Cultist","floor":1,"turns":4},{"damage":0,"enemies":"2 Louse","floor":2,"turns":2},{"damage":6,"enemies":"Jaw Worm","floor":3,"turns":4},{"damage":2,"enemies":"Red Slaver","floor":4,"turns":4},{"damage":19,"enemies":"Gremlin Nob","floor":6,"turns":5},{"damage":0,"enemies":"2 Fungi Beasts","floor":11,"turns":3},{"damage":0,"enemies":"Exordium Thugs","floor":12,"turns":5},{"damage":0,"enemies":"Lots of Slimes","floor":14,"turns":4},{"damage":8,"enemies":"The Guardian","floor":16,"turns":10},{"damage":18,"enemies":"3 Byrds","floor":18,"turns":7},{"damage":17,"enemies":"2 Thieves","floor":20,"turns":4},{"damage":0,"enemies":"Centurion and Healer","floor":21,"turns":8},{"damage":21,"enemies":"Snake Plant","floor":22,"turns":7},{"damage":0,"enemies":"Cultist and Chosen","floor":24,"turns":6},{"damage":25,"enemies":"Gremlin Leader","floor":27,"turns":13},{"damage":0,"enemies":"Shelled Parasite and Fungi","floor":30,"turns":7},{"damage":30,"enemies":"Automaton","floor":33,"turns":10},{"damage":16,"enemies":"3 Darklings","floor":35,"turns":8},{"damage":1,"enemies":"3 Shapes","floor":37,"turns":8},{"damage":29,"enemies":"Nemesis","floor":40,"turns":9},{"damage":0,"enemies":"Jaw Worm Horde","floor":42,"turns":5},{"damage":40,"enemies":"Transient","floor":44,"turns":5}],"seed_played":"-172990778624346244","potions_obtained":[{"floor":4,"key":"SteroidPotion"},{"floor":6,"key":"DuplicationPotion"},{"floor":11,"key":"Fire Potion"},{"floor":12,"key":"Regen Potion"},{"floor":24,"key":"Weak Potion"},{"floor":35,"key":"PotionOfCapacity"}],"is_trial":false,"path_per_floor":["M","M","M","M","?","E","$","?","T","R","M","M","R","M","R","B",null,"M","?","M","M","M","R","M","R","T","E","?","R","M","$","R","B",null,"M","$","M","?","$","E","R","M","T","M"],"character_chosen":"DEFECT","items_purchased":["Defragment","Meteor Strike","Whetstone","Blizzard"],"campfire_rested":2,"item_purchase_floors":[7,36,36,39],"current_hp_per_floor":[65,65,59,57,50,31,31,24,24,46,48,50,50,52,52,46,75,57,57,42,44,37,37,39,61,61,38,38,38,40,40,40,12,75,59,59,60,51,51,24,24,26,26,0,0],"gold":65,"neow_bonus":"ONE_RARE_RELIC","is_daily":false,"chose_seed":false,"campfire_upgraded":6,"win_rate":0.0,"timestamp":1612673268,"path_taken":["M","M","M","M","?","E","$","?","T","R","M","M","R","M","R","BOSS","M","?","M","M","M","R","?","R","T","E","?","R","M","?","R","BOSS","M","?","M","?","?","E","R","M","T","M"],"items_purchased_type":["Card","Card","Relic","Card"],"build_version":"2020-12-22","purchased_purges":2,"victory":false,"max_hp_per_floor":[75,75,75,75,75,75,75,75,75,75,75,75,75,75,75,75,75,75,75,75,75,75,75,75,75,75,75,75,75,75,75,75,75,75,75,75,75,75,75,75,75,75,75,75,75],"card_choices":[{"not_picked":["Conserve Battery","Beam Cell"],"picked":"Chill","floor":1},{"not_picked":["Cold Snap","Rip and Tear"],"picked":"Recycle","floor":2},{"not_picked":["Static Discharge","Recycle"],"picked":"Rebound","floor":3},{"not_picked":["Auto Shields","Barrage"],"picked":"Coolheaded","floor":4},{"not_picked":["Darkness","Multi-Cast"],"picked":"Streamline","floor":6},{"not_picked":["Recycle","Leap"],"picked":"Go for the Eyes","floor":11},{"not_picked":["Turbo","Ball Lightning","Double Energy"],"picked":"SKIP","floor":12},{"not_picked":["Conserve Battery","Go for the Eyes"],"picked":"Auto Shields","floor":14},{"not_picked":["Thunder Strike","Machine Learning"],"picked":"Echo Form","floor":16},{"not_picked":["Gash","Beam Cell"],"picked":"Lockon","floor":18},{"not_picked":["Leap","Beam Cell"],"picked":"Conserve Battery","floor":20},{"not_picked":["Sweeping Beam","Aggregate"],"picked":"Sunder+1","floor":21},{"not_picked":["Double Energy+1","White Noise+1"],"picked":"Gash+1","floor":22},{"not_picked":["Redo","Coolheaded"],"picked":"Hologram+1","floor":24},{"not_picked":["Conserve Battery","Ball Lightning","Darkness"],"picked":"SKIP","floor":27},{"not_picked":["Storm","Genetic Algorithm"],"picked":"Creative AI","floor":30},{"not_picked":["Conserve Battery","Auto Shields"],"picked":"Cold Snap","floor":35},{"not_picked":["Rebound","White Noise+1"],"picked":"Glacier+1","floor":37},{"not_picked":["Streamline+1","Doom and Gloom","Beam Cell+1"],"picked":"SKIP","floor":40},{"not_picked":["White Noise","Go for the Eyes"],"picked":"Cold Snap+1","floor":42}],"player_experience":526231,"relics_obtained":[{"floor":6,"key":"Blood Vial"},{"floor":9,"key":"DataDisk"},{"floor":26,"key":"Akabeko"},{"floor":27,"key":"Torii"},{"floor":40,"key":"Art of War"},{"floor":43,"key":"Lantern"}],"event_choices":[{"cards_removed":["Regret"],"damage_healed":0,"gold_gain":0,"player_choice":"Card Removal","damage_taken":7,"max_hp_gain":0,"max_hp_loss":0,"event_name":"Golden Wing","floor":5,"gold_loss":0},{"damage_healed":0,"gold_gain":0,"player_choice":"Success","damage_taken":7,"relics_obtained":["Ornamental Fan"],"max_hp_gain":0,"max_hp_loss":0,"event_name":"Scrap Ooze","floor":8,"gold_loss":0},{"damage_healed":0,"gold_gain":0,"player_choice":"Ignored","damage_taken":0,"max_hp_gain":0,"max_hp_loss":0,"event_name":"NoteForYourself","floor":19,"gold_loss":0},{"damage_healed":0,"gold_gain":0,"player_choice":"2 cards matched","damage_taken":0,"max_hp_gain":0,"max_hp_loss":0,"event_name":"Match and Keep!","floor":28,"gold_loss":0,"cards_obtained":["Sunder","Fission"]},{"damage_healed":0,"gold_gain":0,"player_choice":"Embrace Madness","damage_taken":9,"max_hp_gain":0,"max_hp_loss":0,"event_name":"Winding Halls","floor":38,"gold_loss":0,"cards_obtained":["Madness","Madness"]}],"is_beta":false,"boss_relics":[{"not_picked":["Snecko Eye","Astrolabe"],"picked":"Inserter"},{"not_picked":["Philosopher\u0027s Stone","FrozenCore"],"picked":"Runic Dome"}],"items_purged_floors":[7,31],"is_endless":false,"potions_floor_spawned":[4,6,11,12,16,18,24,27,30,35],"killed_by":"Transient","ascension_level":0}}