{"host":"uzp1tn8qxn9571p9","time":1612677253,"event":{"mods":["BaseMod","Colored Map","Colored Powertips","Downfall","Hermit","Marisa£®ÏF”Í°°ƒß¿Ì…≥£©","Minty Spire (QoL Compilation)","StSLib","The Runesmith"],"gold_per_floor":[112,112,287,308,258,292,292,292,292,315,333,356,63,86,86,86,86],"floor_reached":16,"language":"ZHS","playtime":702,"items_purged":[],"score":102,"play_id":"29117fa5-bbaf-4224-8570-7f2ccfb845b2","local_time":"20210207135413","is_ascension_mode":false,"campfire_choices":[{"data":"hermit:Maintenance","floor":7,"key":"SMITH"},{"floor":15,"key":"REST"}],"circlet_count":0,"master_deck":["hermit:Strike_Hermit","hermit:Strike_Hermit","hermit:Strike_Hermit","hermit:Strike_Hermit+1","hermit:Defend_Hermit","hermit:Defend_Hermit","hermit:Defend_Hermit","hermit:Snapshot","hermit:Covet","hermit:PistolWhip","hermit:Horror","hermit:Maintenance+1","hermit:ItchyTrigger","hermit:Horror","hermit:GoldenBullet","hermit:FullyLoaded","hermit:CalledShot","hermit:Dive"],"relics":["hermit:Momento","Golden Idol","Kunai","Matryoshka","Runesmith:Nanobots"],"acts_visited":["Exordium"],"potions_floor_usage":[14,14,14],"damage_taken":[{"damage":1,"enemies":"Cultist","floor":1,"turns":3},{"damage":5,"enemies":"2 Louse","floor":4,"turns":3},{"damage":14,"enemies":"Gremlin Nob","floor":6,"turns":3},{"damage":0,"enemies":"Small Slimes","floor":10,"turns":2},{"damage":12,"enemies":"Exordium Thugs","floor":11,"turns":3},{"damage":10,"enemies":"Looter","floor":12,"turns":2},{"damage":10,"enemies":"Lots of Slimes","floor":14,"turns":4},{"damage":27,"enemies":"Hexaghost","floor":16,"turns":7}],"seed_played":"8217440320403275415","potions_obtained":[{"floor":4,"key":"SpeedPotion"},{"floor":10,"key":"SkillPotion"},{"floor":11,"key":"Fire Potion"}],"is_trial":false,"path_per_floor":["M","?","?","M","?","E","R","?","T","M","M","M","$","M","R","B"],"character_chosen":"HERMIT","items_purchased":["Runesmith:Nanobots","hermit:CalledShot"],"campfire_rested":1,"item_purchase_floors":[13,13],"current_hp_per_floor":[74,56,56,51,51,37,37,37,37,37,25,15,15,5,27,0,0],"gold":86,"neow_bonus":"UPGRADE_CARD","is_daily":false,"chose_seed":false,"campfire_upgraded":1,"win_rate":0.0,"timestamp":1612677253,"path_taken":["M","?","?","M","?","E","R","?","T","?","M","M","?","M","R","BOSS"],"items_purchased_type":["Relic","Card"],"build_version":"2020-12-22","purchased_purges":0,"victory":false,"max_hp_per_floor":[75,75,75,75,75,75,75,75,75,75,75,75,75,75,75,75,75],"card_choices":[{"not_picked":["hermit:Dive","hermit:Vantage"],"picked":"hermit:PistolWhip","floor":1},{"not_picked":["hermit:Cheat","hermit:HoleUp"],"picked":"hermit:Horror","floor":4},{"not_picked":["hermit:Manifest","hermit:Quickdraw"],"picked":"hermit:Maintenance","floor":6},{"not_picked":["hermit:Gestalt","hermit:Dive"],"picked":"hermit:Horror","floor":10},{"not_picked":["hermit:Horror","hermit:ShadowCloak"],"picked":"hermit:GoldenBullet","floor":11},{"not_picked":["hermit:Manifest","hermit:Horror"],"picked":"hermit:FullyLoaded","floor":12},{"not_picked":["hermit:Desperado","hermit:LuckOfTheDraw"],"picked":"hermit:Dive","floor":14}],"player_experience":398495,"relics_obtained":[{"floor":6,"key":"Kunai"},{"floor":9,"key":"Matryoshka"}],"event_choices":[{"damage_healed":0,"gold_gain":0,"player_choice":"Take Damage","damage_taken":18,"relics_obtained":["Golden Idol"],"max_hp_gain":0,"max_hp_loss":0,"event_name":"Golden Idol","floor":2,"gold_loss":0},{"damage_healed":0,"gold_gain":175,"player_choice":"AGREE","damage_taken":0,"max_hp_gain":0,"max_hp_loss":0,"event_name":"Liars Game","floor":3,"gold_loss":0,"cards_obtained":["Doubt"]},{"cards_removed":["Doubt"],"damage_healed":0,"gold_gain":0,"player_choice":"Card Removal","damage_taken":0,"max_hp_gain":0,"max_hp_loss":0,"event_name":"The Cleric","floor":5,"gold_loss":50},{"damage_healed":0,"gold_gain":0,"cards_transformed":["hermit:Defend_Hermit"],"player_choice":"Transformed","damage_taken":0,"max_hp_gain":0,"max_hp_loss":0,"event_name":"Transmorgrifier","floor":8,"gold_loss":0,"cards_obtained":["hermit:ItchyTrigger"]}],"is_beta":false,"boss_relics":[],"items_purged_floors":[],"is_endless":false,"potions_floor_spawned":[4,10,11,12],"killed_by":"Hexaghost","ascension_level":0}}