{"host":"vr9me2kif8p2xyyc","time":1612679442,"event":{"mods":["2.2 Compatiblity","A Magickal Journey","AchievementEnabler","Act Like it!","Arknights","Aspiration","Astrologer","Bard","Bartender","BaseMod","Beaked The Cultist","Better Match","Better Note","Better Skull","Better Third Choice","BetterRewards","Block Reminder","Booster Modes","CapriCore","Challenge The Spire","ChefMod","Clawfect","Colored Map","Colored Powertips","Conjunction","Conspire","Downfall","Elementarium","Energized Spire","Friendly Minions","GifTheSpireLib","Glutton Mod","Halation","Hallownest","Hermit","Hubris","Jorbs\u0027s Wanderer Trilogy","Kratos Character Expansion","Mad Scientist","Marisa????????","Minty Spire (QoL Compilation)","Pale of the Ancients","Permanent Neow","Potionbrewer","QueenMod","Quick Restart","Random Character Button","Rare Cards Sparkle","Relic Stats","Reliquary","Remilia??????","Replay The Spire","Reworked Bosses","Robot Space Explorer","SCP261 Mod","SIMod","Shade Mod","Shop Mod","Slumbering Mod","Spicy Shops","Spikes Relics","Spire Arcade","StSLib","Stuff the Spire","SuperFastMode","Td1madao Mod","The Alterego","The Animator","The Blackbeard","The Bladedancer","The Blue Laboratory","The Bug Knight","The Caster","The Clintock","The Construct","The Cursed","The Death Knight","The Disciple","The Dragon Tamer","The Druid","The Elementalist","The Exalted","The Extravagant","The Fake Hero","The Florist","The Forsaken","The Gatherer","The Hayseed","The Hierophant","The Immortal","The Judge","The Jungle","The Kombatant","The Marked","The Mystic","The Necromancer","The Poker Player","The Problem Sleuth","The Runesmith","The Sage","The Servant 0.9.4","The Spell Scribe","The Valiant","TheBandit","TheFirefly","TheVacant","TheWitcher","Treasure Hunter","Wandering Minibosses","Yohane!","thorton"],"gold_per_floor":[110,0,0,0,0,30,44,8,8,34,34,34,49,126,126,126,126],"floor_reached":16,"language":"ENG","playtime":886,"items_purged":[],"score":131,"play_id":"1cce483a-688c-4594-a0d8-73bcb64939e0","local_time":"20210207003042","is_ascension_mode":false,"campfire_choices":[{"floor":15,"key":"REST"}],"circlet_count":0,"master_deck":["Strike_S","Strike_S","Defend_S","Defend_S","Defend_S","Defend_S","KidneyShot","Exchange","Hatred","Revamp","Initiator","TimeWarp","Enlightenment","Alleviate","SilverBlades","Potential","Defy","SpecialFormula","TH:ElvenBoots","Gouge","ShatteredReality","Luminosity","Advance","StuffTheSpire:Ambrosia","Ricochet"],"relics":["Uniform","hubris:Towel","TheSimpletonMod:WoodChipper","reliquary:PurpleTingedLeaf","reliquary:IridiumChain","Pear"],"acts_visited":["Exordium"],"potions_floor_usage":[16,16],"damage_taken":[{"damage":9,"enemies":"Cultist","floor":1,"turns":4},{"damage":35,"enemies":"3 Sentries","floor":6,"turns":8},{"damage":8,"enemies":"2 Louse","floor":7,"turns":4},{"damage":28,"enemies":"Gremlin Nob","floor":10,"turns":4},{"damage":0,"enemies":"Jaw Worm","floor":13,"turns":2},{"damage":60,"enemies":"Slime Boss","floor":16,"turns":7}],"seed_played":"-8503329820159589866","potions_obtained":[{"floor":7,"key":"FearPotion"},{"floor":13,"key":"Conjunction:LightningMarble"}],"is_trial":false,"path_per_floor":["M","?","?","?","?","E","M","$","T","E","$","?","M","T","R","B"],"character_chosen":"THE_SERVANT","items_purchased":["Luminosity"],"campfire_rested":1,"item_purchase_floors":[8],"current_hp_per_floor":[56,62,62,62,62,32,29,29,29,2,2,2,4,14,38,0,0],"gold":126,"neow_bonus":"TRANSFORM_TWO_CARDS","is_daily":false,"chose_seed":false,"campfire_upgraded":0,"win_rate":0.0,"timestamp":1612679442,"path_taken":["M","?","?","?","?","E","?","?","T","E","$","?","M","?","R","BOSS"],"items_purchased_type":["Card"],"build_version":"2020-12-22","purchased_purges":0,"victory":false,"max_hp_per_floor":[65,71,71,71,71,71,71,71,71,71,71,71,72,82,82,83,83],"relic_stats":{"counters":[100,556],"obtain_stats":[{"ScarletDevilRocket":9,"TheSimpletonMod:WoodChipper":5,"StuffTheSpire:BottledEssence":8,"Uniform":12,"Ginger":13,"halation:Prosthetics":17,"Bottled Tornado":5,"Boot":13,"Centennial Puzzle":9,"Archangels Feather":4,"Strawberry":0,"aspiration:DSix":0,"MerchantsRug":14,"Pear":14,"reliquary:Sideboard":11,"potionbrewer:MortarAndPestle":21,"Pen Nib":3,"sagemod:Flying_Carpet":5,"Simple Rune":7,"CultistMask":8,"hubris:TenFootPole":6,"Black Star":17,"conspire:BottledYoYo":11,"hubris:Reverence":6,"ReplayFunnel":3,"theForsaken:ScaryMask":3,"theVacant:BrassGoblet":0,"Replay:PocketPolymizer":0,"reliquary:Boomerang":9,"Bromod:ArcaneVictory":10,"Rawhide":9,"Smiling Mask":9,"StuffTheSpire:Experiment12":6,"Replay:Bandana":8,"Dream Catcher":6,"hubris:Icosahedron":2,"Pantograph":9,"elementalistmod:YellowCirclet":3,"reliquary:NewFriend":6,"aspiration:ChemicalBlood":5,"hubris:GlazedTorus":21,"Replay:Towering Pillar of Hats":6,"StuffTheSpire:Saxophone":14,"Frozen Egg 2":2,"hubris:Towel":4,"reliquary:IridiumChain":10,"Strange Spoon":7,"Anchor":8,"StuffTheSpire:Mouthbags":6,"hubris:Spice":0,"betterThird:SlimedRelic":2,"ExplosiveVial":4,"Bag of Marbles":3,"hubris:GrandSneckoEye":17,"reliquary:PurpleTingedLeaf":9},{"ScarletDevilRocket":46,"TheSimpletonMod:WoodChipper":95,"StuffTheSpire:BottledEssence":18,"Uniform":98,"Ginger":59,"halation:Prosthetics":23,"Bottled Tornado":49,"Boot":8,"Centennial Puzzle":58,"Archangels Feather":67,"Strawberry":47,"aspiration:DSix":32,"MerchantsRug":8,"Pear":99,"reliquary:Sideboard":36,"potionbrewer:MortarAndPestle":25,"Pen Nib":67,"sagemod:Flying_Carpet":33,"Simple Rune":57,"CultistMask":78,"hubris:TenFootPole":4,"Black Star":9,"conspire:BottledYoYo":59,"hubris:Reverence":18,"ReplayFunnel":33,"theForsaken:ScaryMask":49,"theVacant:BrassGoblet":0,"Replay:PocketPolymizer":65,"reliquary:Boomerang":92,"Bromod:ArcaneVictory":19,"Rawhide":18,"Smiling Mask":6,"StuffTheSpire:Experiment12":34,"Replay:Bandana":58,"Dream Catcher":96,"hubris:Icosahedron":70,"Pantograph":78,"elementalistmod:YellowCirclet":70,"reliquary:NewFriend":50,"aspiration:ChemicalBlood":33,"hubris:GlazedTorus":64,"Replay:Towering Pillar of Hats":57,"StuffTheSpire:Saxophone":8,"Frozen Egg 2":42,"hubris:Towel":95,"reliquary:IridiumChain":98,"Strange Spoon":34,"Anchor":6,"StuffTheSpire:Mouthbags":30,"hubris:Spice":26,"betterThird:SlimedRelic":38,"ExplosiveVial":49,"Bag of Marbles":42,"hubris:GrandSneckoEye":61,"reliquary:PurpleTingedLeaf":97},{"ScarletDevilRocket":261,"TheSimpletonMod:WoodChipper":531,"StuffTheSpire:BottledEssence":83,"Uniform":547,"Ginger":338,"halation:Prosthetics":108,"Bottled Tornado":278,"Boot":31,"Centennial Puzzle":330,"Archangels Feather":380,"Strawberry":263,"aspiration:DSix":165,"MerchantsRug":31,"Pear":549,"reliquary:Sideboard":205,"potionbrewer:MortarAndPestle":123,"Pen Nib":380,"sagemod:Flying_Carpet":172,"Simple Rune":318,"CultistMask":438,"hubris:TenFootPole":15,"Black Star":39,"conspire:BottledYoYo":338,"hubris:Reverence":83,"ReplayFunnel":172,"theForsaken:ScaryMask":278,"theVacant:BrassGoblet":0,"Replay:PocketPolymizer":369,"reliquary:Boomerang":509,"Bromod:ArcaneVictory":90,"Rawhide":83,"Smiling Mask":21,"StuffTheSpire:Experiment12":191,"Replay:Bandana":330,"Dream Catcher":539,"hubris:Icosahedron":398,"Pantograph":438,"elementalistmod:YellowCirclet":398,"reliquary:NewFriend":283,"aspiration:ChemicalBlood":172,"hubris:GlazedTorus":364,"Replay:Towering Pillar of Hats":318,"StuffTheSpire:Saxophone":31,"Frozen Egg 2":245,"hubris:Towel":531,"reliquary:IridiumChain":547,"Strange Spoon":191,"Anchor":21,"StuffTheSpire:Mouthbags":156,"hubris:Spice":126,"betterThird:SlimedRelic":214,"ExplosiveVial":278,"Bag of Marbles":245,"hubris:GrandSneckoEye":353,"reliquary:PurpleTingedLeaf":543}]},"card_choices":[{"not_picked":["Unruled","StarChef"],"picked":"TimeWarp","floor":1},{"not_picked":["TH:EnergyPotion"],"picked":"TH:ElvenBoots","floor":6},{"not_picked":["RealityMarble","Defy"],"picked":"Gouge","floor":6},{"not_picked":["Revamp","Unruled"],"picked":"ShatteredReality","floor":7},{"not_picked":["TH:EnergyPotion","TH:PixieDust"],"picked":"SKIP","floor":9},{"not_picked":["Collapse","BottledTime"],"picked":"Advance","floor":10},{"not_picked":["TH:BikiniMail","TH:CopperCoins"],"picked":"SKIP","floor":10},{"not_picked":["StuffTheSpire:Brawn","StuffTheSpire:Innocence"],"picked":"StuffTheSpire:Ambrosia","floor":12},{"not_picked":["Deadline","DualDimension"],"picked":"Ricochet","floor":13},{"not_picked":["TH:ElvenBoots","TH:CursedSword"],"picked":"SKIP","floor":14}],"player_experience":1222930,"relics_obtained":[{"floor":6,"key":"Dream Catcher"},{"floor":9,"key":"reliquary:PurpleTingedLeaf"},{"floor":10,"key":"reliquary:IridiumChain"},{"floor":14,"key":"Pear"}],"event_choices":[{"damage_healed":0,"gold_gain":0,"player_choice":"RENOUNCE","damage_taken":110,"max_hp_gain":0,"max_hp_loss":0,"event_name":"betterThird:BetterSerpent","floor":2,"gold_loss":110,"cards_obtained":["Enlightenment"]}],"is_beta":false,"boss_relics":[],"items_purged_floors":[],"is_endless":false,"potions_floor_spawned":[7,13],"killed_by":"Slime Boss","ascension_level":0}}