{"host":"15dd7v8o90xso62x","time":1612713643,"event":{"mods":["BaseMod","Minty Spire (QoL Compilation)","Quick Restart","StSLib","SuperFastMode"],"gold_per_floor":[116,266,281,281,281,281,42,42,42,88,100,128,171,196,208,220,220],"floor_reached":16,"language":"KOR","playtime":331,"items_purged":["Doubt"],"score":196,"play_id":"66816c47-3418-4eb5-a780-02453505d39e","local_time":"20210208010043","is_ascension_mode":true,"campfire_choices":[{"data":"Dagger Spray","floor":6.0,"key":"SMITH"},{"data":"Accuracy","floor":8.0,"key":"SMITH"},{"data":"Neutralize","floor":11.0,"key":"SMITH"},{"floor":15,"key":"REST"}],"circlet_count":0,"master_deck":["AscendersBane","Strike_G","Strike_G","Strike_G","Strike_G","Strike_G","Defend_G","Defend_G","Defend_G","Defend_G","Defend_G","Survivor","Neutralize+1","Accuracy+1","Dagger Spray+1","Dagger Throw","Tactician"],"relics":["Ring of the Snake","Tiny Chest","Regal Pillow","TwistedFunnel","Boot","MawBank","Frozen Egg 2"],"acts_visited":["Exordium"],"potions_floor_usage":[14],"damage_taken":[{"damage":4.0,"enemies":"Small Slimes","floor":1.0,"turns":4.0},{"damage":0.0,"enemies":"Jaw Worm","floor":3.0,"turns":6.0},{"damage":0.0,"enemies":"2 Louse","floor":12.0,"turns":2.0},{"damage":34.0,"enemies":"Lagavulin","floor":13.0,"turns":6.0},{"damage":1,"enemies":"Blue Slaver","floor":14,"turns":4},{"damage":27,"enemies":"The Guardian","floor":16,"turns":5}],"seed_played":"5410458683558483616","potions_obtained":[{"floor":1.0,"key":"SpeedPotion"},{"floor":3.0,"key":"LiquidBronze"}],"is_trial":false,"path_per_floor":["M","?","M","?","?","R","$","R","T","T","R","M","E","M","R","B"],"character_chosen":"THE_SILENT","items_purchased":["TwistedFunnel"],"campfire_rested":1,"item_purchase_floors":[7],"current_hp_per_floor":[55,55,55,55,37,37,37,37,37,37,37,37,3,2,36,9,9],"gold":220,"neow_bonus":"RANDOM_COMMON_RELIC","is_daily":false,"chose_seed":false,"campfire_upgraded":3,"win_rate":0.0,"timestamp":1612713643,"path_taken":["M","?","M","?","?","R","$","R","T","?","R","M","E","M","R","BOSS"],"items_purchased_type":["Relic"],"build_version":"2020-12-22","purchased_purges":1,"victory":false,"max_hp_per_floor":[66,66,66,66,66,66,66,66,66,66,66,66,66,66,66,66,66],"card_choices":[{"not_picked":["Masterful Stab","Bane"],"picked":"Accuracy","floor":1.0},{"not_picked":["Slice","Underhanded Strike"],"picked":"Dagger Spray","floor":3.0},{"not_picked":["Outmaneuver","Poisoned Stab","Caltrops"],"picked":"SKIP","floor":12.0},{"not_picked":["Reflex","Predator"],"picked":"Dagger Throw","floor":13.0},{"not_picked":["Unload","Endless Agony"],"picked":"Tactician","floor":14}],"player_experience":938485,"relics_obtained":[{"floor":9.0,"key":"Boot"},{"floor":10.0,"key":"MawBank"},{"floor":13.0,"key":"Frozen Egg 2"}],"event_choices":[{"damage_healed":0.0,"max_hp_gain":0.0,"max_hp_loss":0.0,"gold_gain":150.0,"event_name":"Liars Game","player_choice":"AGREE","floor":2.0,"gold_loss":0.0,"damage_taken":0.0,"cards_obtained":["Doubt"]},{"damage_healed":0.0,"max_hp_gain":0.0,"max_hp_loss":0.0,"gold_gain":0.0,"event_name":"Shining Light","player_choice":"Ignored","floor":4.0,"gold_loss":0.0,"damage_taken":0.0},{"damage_healed":0.0,"max_hp_gain":0.0,"max_hp_loss":0.0,"gold_gain":0.0,"event_name":"Scrap Ooze","player_choice":"Success","floor":5.0,"gold_loss":0.0,"damage_taken":18.0,"relics_obtained":["Regal Pillow"]}],"is_beta":false,"boss_relics":[],"items_purged_floors":[7],"is_endless":false,"potions_floor_spawned":[1,3],"killed_by":"The Guardian","ascension_level":20}}