{"host":"3fuwgqa6zowkodik","time":1612706167,"event":{"mods":["AchievementEnabler","BaseMod","Colored Map","Colored Powertips","Minty Spire (QoL Compilation)","Random Character Button","Rare Cards Sparkle","Replay The Spire","StSLib"],"gold_per_floor":[110,120,130,130,142,177,177,203,275,375,391,95,95,122,122,122,122],"floor_reached":16,"language":"ENG","playtime":869,"items_purged":[],"score":144,"play_id":"1216e5d2-ccc5-4726-bb2b-725d56dae62e","local_time":"20210207145607","is_ascension_mode":true,"campfire_choices":[{"data":"ReplayTheSpireMod:Speed Training","floor":7,"key":"SMITH"},{"data":"Infinite Blades","floor":13,"key":"SMITH"},{"floor":15,"key":"REST"}],"circlet_count":0,"master_deck":["Strike_G","Strike_G","Strike_G","Strike_G","Strike_G","Defend_G","Defend_G","Defend_G","Defend_G","Defend_G","Survivor","Neutralize","Flying Knee","Sucker Punch","Grand Finale","ReplayTheSpireMod:Speed Training+1","Blade Dance","Blade Dance","Flying Knee","Infinite Blades+1","Blur"],"relics":["Ring of the Snake","NeowsBlessing","Mummified Hand","Byrd Skull","Matryoshka","Replay:Mystery Machine"],"acts_visited":["Exordium"],"potions_floor_usage":[5,6,8,14,16,16],"damage_taken":[{"damage":0,"enemies":"Cultist","floor":1,"turns":1},{"damage":0,"enemies":"Small Slimes","floor":2,"turns":1},{"damage":0,"enemies":"2 Louse","floor":3,"turns":1},{"damage":11,"enemies":"Exordium Wildlife","floor":5,"turns":6},{"damage":10,"enemies":"Lagavulin","floor":6,"turns":8},{"damage":2,"enemies":"Gremlin Nob","floor":8,"turns":3},{"damage":3,"enemies":"Large Slime","floor":11,"turns":7},{"damage":28,"enemies":"Lagavulin","floor":14,"turns":8},{"damage":39,"enemies":"The Guardian","floor":16,"turns":15}],"seed_played":"-625320433898000073","potions_obtained":[{"floor":2,"key":"Ancient Potion"},{"floor":4,"key":"SneckoOil"},{"floor":4,"key":"FearPotion"},{"floor":6,"key":"Elixir"},{"floor":11,"key":"EssenceOfSteel"},{"floor":14,"key":"SpeedPotion"}],"is_trial":false,"path_per_floor":["M","M","M","?","M","E","R","E","T","?","M","$","R","E","R","B"],"character_chosen":"THE_SILENT","items_purchased":["Matryoshka","Infinite Blades"],"campfire_rested":1,"item_purchase_floors":[12,12],"current_hp_per_floor":[70,70,70,70,59,49,49,47,47,47,44,44,44,16,37,0,0],"gold":122,"neow_bonus":"THREE_ENEMY_KILL","is_daily":false,"chose_seed":false,"campfire_upgraded":2,"win_rate":0.0,"timestamp":1612706167,"path_taken":["M","M","?","?","?","E","R","E","T","?","M","$","R","E","R","BOSS"],"items_purchased_type":["Relic","Card"],"build_version":"2020-12-22","purchased_purges":0,"victory":false,"max_hp_per_floor":[70,70,70,70,70,70,70,70,70,70,70,70,70,70,70,70,70],"card_choices":[{"not_picked":["Slice","Dagger Throw"],"picked":"Flying Knee","floor":1},{"not_picked":["Flying Knee","Backflip"],"picked":"Sucker Punch","floor":2},{"not_picked":["Blade Dance","Cloak And Dagger"],"picked":"Grand Finale","floor":3},{"not_picked":["ReplayTheSpireMod:Exploit Weakness","Bane"],"picked":"ReplayTheSpireMod:Speed Training","floor":5},{"not_picked":["Well Laid Plans","Tactician"],"picked":"Blade Dance","floor":6},{"not_picked":["Bane","Dodge and Roll"],"picked":"Blade Dance","floor":8},{"not_picked":["Blade Dance","Dagger Spray"],"picked":"Flying Knee","floor":11},{"not_picked":["Wraith Form v2","Cloak And Dagger"],"picked":"Blur","floor":14}],"player_experience":141614,"relics_obtained":[{"floor":6,"key":"Mummified Hand"},{"floor":8,"key":"Byrd Skull"},{"floor":14,"key":"Replay:Mystery Machine"}],"event_choices":[{"damage_healed":0,"gold_gain":0,"player_choice":"Got Potions","damage_taken":0,"max_hp_gain":0,"max_hp_loss":0,"event_name":"Lab","floor":4,"gold_loss":0},{"damage_healed":0,"gold_gain":100,"player_choice":"Pray","damage_taken":0,"max_hp_gain":0,"max_hp_loss":0,"event_name":"Golden Shrine","floor":10,"gold_loss":0}],"is_beta":false,"boss_relics":[],"items_purged_floors":[],"is_endless":false,"potions_floor_spawned":[2,6,11,14],"killed_by":"The Guardian","ascension_level":4}}