{"host":"gvmmh8a4dbuurnvz","time":1612683849,"event":{"mods":["AchievementEnabler","Aspiration","BaseMod","Better Vampires","BetterRewards","Colored Powertips","Highlight Path","Minty Spire (QoL Compilation)","MostiFishMod","Spicy Shops","StSLib","¡¾ÒÅÎï¿¨ÅÆ¡¿REMEMod"],"gold_per_floor":[112,123,123,142,155,155,182,192,192,206,206,219,247,247,247,370,433,449,474,474,514,595,632,632,632,632,476,578,578,578,604,604,608,608],"floor_reached":33,"language":"ZHS","playtime":1028,"items_purged":["MostiFishMod:DisColor+1","Strike_P"],"score":398,"play_id":"b7c8f1fa-ff35-40f1-ba00-50bce78b2c5b","local_time":"20210207154409","is_ascension_mode":true,"campfire_choices":[{"floor":6,"key":"RECALL"},{"data":"MostiFishMod:KingOfFree","floor":11,"key":"SMITH"},{"data":"MostiFishMod:DisColor","floor":15,"key":"SMITH"},{"data":"MostiFishMod:OutWit","floor":25,"key":"SMITH"},{"data":"EmptyBody","floor":30,"key":"SMITH"},{"data":"MostiFishMod:OutWit","floor":32,"key":"SMITH"}],"circlet_count":0,"master_deck":["Strike_P","Strike_P","Strike_P","Defend_P+1","Defend_P","Defend_P","Defend_P","Eruption+1","Vigilance","MostiFishMod:KingOfFree+1","EmptyBody+1","MostiFishMod:OutWit+1","MostiFishMod:OutWit+1"],"relics":["PureWater","DaveBox","REME_ComplimentaryCards","SentryEyes","NeowsBlessing","SynthV:TestCard","CloakClasp","Anchor","Potion Belt","Bloody Idol","Tiny House","Red Mask","aspiration:SeaSaltIceCream","DaveBox","SentryEyes","Bag of Preparation","DiscerningMonocle","Sundial","Shovel","REME_IWantAll","Gremlin Horn","DaCapo","Tiny Chest"],"acts_visited":["Exordium","TheCity"],"potions_floor_usage":[8,21,23,27,27,28,28,28,28,31,33],"damage_taken":[{"damage":0.0,"enemies":"Jaw Worm","floor":1.0,"turns":1.0},{"damage":0.0,"enemies":"2 Louse","floor":2.0,"turns":1.0},{"damage":0,"enemies":"Small Slimes","floor":4,"turns":1},{"damage":0,"enemies":"Exordium Wildlife","floor":5,"turns":2},{"damage":5,"enemies":"3 Sentries","floor":7,"turns":3},{"damage":0,"enemies":"Exordium Thugs","floor":8,"turns":2},{"damage":0,"enemies":"Large Slime","floor":10,"turns":2},{"damage":0,"enemies":"2 Fungi Beasts","floor":12,"turns":2},{"damage":0,"enemies":"Gremlin Nob","floor":13,"turns":2},{"damage":26,"enemies":"The Guardian","floor":16,"turns":9},{"damage":0,"enemies":"Shell Parasite","floor":18,"turns":4},{"damage":0,"enemies":"2 Thieves","floor":19,"turns":3},{"damage":0,"enemies":"Masked Bandits","floor":21,"turns":1},{"damage":17,"enemies":"Book of Stabbing","floor":23,"turns":3},{"damage":0,"enemies":"Colosseum Slavers","floor":28,"turns":2},{"damage":0,"enemies":"Colosseum Nobs","floor":28,"turns":2},{"damage":14,"enemies":"Gremlin Leader","floor":31,"turns":3},{"damage":104,"enemies":"Champ","floor":33,"turns":8}],"seed_played":"7433893568931275734","potions_obtained":[{"floor":1.0,"key":"Ancient Potion"},{"floor":2.0,"key":"Ambrosia"},{"floor":7,"key":"Regen Potion"},{"floor":8,"key":"Ancient Potion"},{"floor":16,"key":"Weak Potion"},{"floor":23,"key":"Block Potion"}],"is_trial":false,"path_per_floor":["M","M","?","M","M","R","E","M","T","M","R","M","E","?","R","B",null,"M","M","?","?","T","E","?","R","T","$","?","$","R","E","R","B"],"character_chosen":"WATCHER","items_purchased":["DiscerningMonocle","Sundial","REME_GoldPotion","Strength Potion","Shovel","BlessingOfTheForge","DaCapo","BottledMiracle"],"campfire_rested":0,"item_purchase_floors":[27,27,27,27,27,27,29,29],"current_hp_per_floor":[72,72,72,72,72,72,67,72,72,72,72,72,72,54,54,32,67,69,70,70,71,71,55,55,55,55,55,72,72,72,68,68,0,0],"gold":608,"neow_bonus":"THREE_ENEMY_KILL","is_daily":false,"chose_seed":false,"campfire_upgraded":5,"win_rate":0.0,"timestamp":1612683849,"path_taken":["M","M","?","M","M","R","E","M","T","M","R","M","E","?","R","BOSS","M","M","?","?","?","E","?","R","T","$","?","$","R","E","R","BOSS"],"items_purchased_type":["Relic","Relic","Potion","Potion","Relic","Potion","Relic","Potion"],"build_version":"2020-12-22","purchased_purges":2,"victory":false,"max_hp_per_floor":[72,72,72,72,72,72,72,72,72,72,72,72,72,72,72,72,77,77,77,77,77,77,77,77,77,77,77,77,77,77,77,77,77,77],"card_choices":[{"not_picked":["MostiFishMod:Nomercy","CrushJoints","Wallop"],"picked":"SKIP","floor":1.0},{"not_picked":["REME_Repentance","EmptyBody","WheelKick","CrushJoints","ClearTheMind"],"picked":"SKIP","floor":2.0},{"not_picked":["CrushJoints","ThirdEye","Halt","CutThroughFate","Prostrate"],"picked":"SKIP","floor":4},{"not_picked":["FlyingSleeves","Vengeance","ClearTheMind","EmptyMind","MentalFortress"],"picked":"SKIP","floor":5},{"not_picked":["Omniscience","Study","FlyingSleeves","Prostrate","Protect"],"picked":"SKIP","floor":7},{"not_picked":["CutThroughFate","Conclude","Crescendo","CrushJoints","Wallop"],"picked":"SKIP","floor":8},{"not_picked":["Study","Halt","ClearTheMind","Worship","Meditate"],"picked":"SKIP","floor":10},{"not_picked":["WindmillStrike","BattleHymn","Nirvana","ClearTheMind"],"picked":"MostiFishMod:DisColor","floor":12},{"not_picked":["EmptyBody","REME_Repentance","ThirdEye","FlyingSleeves","Worship"],"picked":"SKIP","floor":13},{"not_picked":["EmptyFist","BowlingBash","FlurryOfBlows","Wallop"],"picked":"EmptyBody","floor":17},{"not_picked":["EmptyBody","REME_WorshipGod","REME_Repentance","Consecrate","JustLucky"],"picked":"SKIP","floor":18},{"not_picked":["Crescendo+1","ForeignInfluence","MostiFishMod:PathToVictory","CarveReality","Consecrate+1"],"picked":"SKIP","floor":19},{"not_picked":["Evaluate","EmptyBody","Halt","ClearTheMind"],"picked":"MostiFishMod:OutWit","floor":23},{"not_picked":["ClearTheMind","FollowUp","EmptyFist+1","JustLucky+1"],"picked":"MostiFishMod:OutWit","floor":31}],"player_experience":320561,"relics_obtained":[{"floor":1.0,"key":"SynthV:TestCard"},{"floor":7,"key":"CloakClasp"},{"floor":9,"key":"Anchor"},{"floor":13,"key":"Potion Belt"},{"floor":21,"key":"Red Mask"},{"floor":22,"key":"aspiration:SeaSaltIceCream"},{"floor":23,"key":"Bag of Preparation"},{"floor":28,"key":"REME_IWantAll"},{"floor":28,"key":"Gremlin Horn"},{"floor":31,"key":"Tiny Chest"}],"event_choices":[{"damage_healed":0,"gold_gain":0,"player_choice":"Grow","damage_taken":0,"max_hp_gain":0,"max_hp_loss":0,"event_name":"Living Wall","floor":3,"gold_loss":0,"cards_upgraded":["Eruption"]},{"damage_healed":0,"gold_gain":0,"player_choice":"Take Damage","damage_taken":18,"relics_obtained":["Golden Idol"],"max_hp_gain":0,"max_hp_loss":0,"event_name":"Golden Idol","floor":14,"gold_loss":0},{"damage_healed":0,"gold_gain":0,"player_choice":"Ignored","damage_taken":0,"max_hp_gain":0,"max_hp_loss":0,"event_name":"Vampires","floor":20,"gold_loss":0},{"damage_healed":0,"gold_gain":0,"player_choice":"Fought Bandits","damage_taken":0,"max_hp_gain":0,"max_hp_loss":0,"event_name":"Masked Bandits","floor":21,"gold_loss":0},{"damage_healed":0,"gold_gain":0,"player_choice":"Gave Idol","damage_taken":0,"relics_obtained":["Bloody Idol"],"max_hp_gain":0,"max_hp_loss":0,"event_name":"Forgotten Altar","floor":24,"relics_lost":["Golden Idol"],"gold_loss":0},{"damage_healed":0,"gold_gain":0,"player_choice":"Fight","damage_taken":0,"max_hp_gain":0,"max_hp_loss":0,"event_name":"Colosseum","floor":28,"gold_loss":0},{"damage_healed":0,"gold_gain":0,"player_choice":"Fought Nobs","damage_taken":0,"max_hp_gain":0,"max_hp_loss":0,"event_name":"Colosseum","floor":28,"gold_loss":0}],"is_beta":false,"boss_relics":[{"not_picked":["REME_DemonsWealth","Sozu"],"picked":"Tiny House"}],"items_purged_floors":[27,29],"is_endless":false,"potions_floor_spawned":[1,2,7,8,16,21,23,28],"killed_by":"Champ","ascension_level":5}}