{"host":"ocll6kdfqxraqtza","time":1612715416,"event":{"mods":["2.2 Compatiblity","Act Like it!","Aspiration","BaseMod","Better Third Choice","Gensokyo","Hallownest","Hermit","Hubris","Jorbs\u0027s Wanderer Trilogy","Luminous","Marisa（霧雨　魔理沙）","Minty Spire (QoL Compilation)","Reimu（博??梦）","Replay The Spire","Shade Mod","StSLib","The Alterego","The Bug Knight","The Cursed","The Hierophant","The Marked","The Runesmith","TheBandit","Wandering Minibosses"],"gold_per_floor":[118,118,118,131,141,141,168,168,220,249,265,275,46,69,69,173,173,187,187,187,147,167,200,200,227,227,227,227],"floor_reached":27,"language":"ENG","playtime":800,"items_purged":["Strike_G"],"score":308,"play_id":"96ed5edb-e9e8-4841-9747-3bd2d4dd68c0","local_time":"20210208003016","is_ascension_mode":true,"campfire_choices":[{"data":"A Thousand Cuts","floor":6.0,"key":"SMITH"},{"data":"Footwork","floor":8.0,"key":"SMITH"},{"data":"A Thousand Cuts","floor":24,"key":"SMITH"}],"circlet_count":0,"master_deck":["Strike_G","Strike_G","Strike_G","Strike_G","Defend_G","Defend_G","Defend_G","Defend_G","Defend_G","Survivor","Neutralize+1","Choke","A Thousand Cuts+1","ReplayTheSpireMod:Trickstab","Backstab","Flying Knee","Footwork+1","Acrobatics","Quick Slash","A Thousand Cuts+1","Backflip+1","ReplayTheSpireMod:From All Sides","Bouncing Flask+1","Gensokyo:TekeTeke+1","Expertise","Poison Darts","Expertise+1"],"relics":["Ring of the Snake","NeowsBlessing","Runesmith:AutoHammer","Regal Pillow","aspiration:Nostalgia","m_RuneBlood","Oddly Smooth Stone","hubris:CrackedHourglass","Gensokyo:SongOfSouls","Snake Skull","Byrd Skull","Frozen Egg 2"],"acts_visited":["Exordium","Gensokyo:Gensokyoer"],"potions_floor_usage":[12,12,16,25],"damage_taken":[{"damage":0.0,"enemies":"Cultist","floor":1.0,"turns":1.0},{"damage":0.0,"enemies":"Jaw Worm","floor":4.0,"turns":1.0},{"damage":0.0,"enemies":"2 Louse","floor":5.0,"turns":1.0},{"damage":0.0,"enemies":"HollowMod:MossKnight","floor":7.0,"turns":5.0},{"damage":5,"enemies":"Lagavulin","floor":10,"turns":6},{"damage":0,"enemies":"Large Slime","floor":11,"turns":4},{"damage":14,"enemies":"Exordium Thugs","floor":12,"turns":6},{"damage":18,"enemies":"Slime Boss","floor":16,"turns":7},{"damage":4,"enemies":"Gensokyo:Chomper","floor":18,"turns":4},{"damage":18,"enemies":"Gensokyo:AngelMirror","floor":22,"turns":4},{"damage":28,"enemies":"Gensokyo:Tenshi","floor":23,"turns":5},{"damage":8,"enemies":"Gensokyo:Reisen","floor":25,"turns":5},{"damage":20,"enemies":"Gensokyo:Monolith_and_Dog","floor":27,"turns":4}],"seed_played":"3311275559875750019","potions_obtained":[{"floor":1.0,"key":"Elixir"},{"floor":7.0,"key":"Energy Potion"},{"floor":10,"key":"LifebloodPotion"},{"floor":12,"key":"SkillPotion"},{"floor":16,"key":"Poison Potion"}],"is_trial":false,"path_per_floor":["M","?","?","M","M","R","E","R","T","E","M","M","$","T","R","B",null,"M","?","?","?","M","E","R","E","T","M"],"character_chosen":"THE_SILENT","items_purchased":["aspiration:Nostalgia"],"campfire_rested":0,"item_purchase_floors":[13],"current_hp_per_floor":[70,70,70,70,70,70,70,70,70,65,65,51,51,51,70,55,70,69,63,63,63,48,23,23,18,18,0,0],"gold":227,"neow_bonus":"THREE_ENEMY_KILL","is_daily":false,"chose_seed":false,"campfire_upgraded":3,"win_rate":0.0,"timestamp":1612715416,"path_taken":["M","?","?","M","?","R","E","R","T","E","M","M","$","?","R","BOSS","M","?","?","?","M","E","R","E","T","?"],"items_purchased_type":["Relic"],"build_version":"2020-12-22","purchased_purges":1,"victory":false,"max_hp_per_floor":[70,70,70,70,70,70,70,70,70,70,70,70,70,70,70,70,70,70,63,63,63,63,63,63,63,63,63,63],"card_choices":[{"not_picked":["PiercingWail","Deadly Poison"],"picked":"Choke","floor":1.0},{"not_picked":["Noxious Fumes","Skewer"],"picked":"Flying Knee","floor":4.0},{"not_picked":["Underhanded Strike","Toxin Wave"],"picked":"Footwork","floor":5.0},{"not_picked":["hubris:SlightOfHand","Tactician"],"picked":"Acrobatics","floor":7.0},{"not_picked":["Bane","Dodge and Roll"],"picked":"Quick Slash","floor":10},{"not_picked":["Dodge and Roll","PiercingWail"],"picked":"A Thousand Cuts","floor":11},{"not_picked":["Hidden Blade","Finisher"],"picked":"Backflip","floor":12},{"not_picked":["Die Die Die","Venomology"],"picked":"ReplayTheSpireMod:From All Sides","floor":16},{"not_picked":["Deadly Poison","Infinite Blades"],"picked":"Bouncing Flask+1","floor":18},{"not_picked":["Gensokyo:SlitMouthedWoman","Gensokyo:SpontaneousHumanCombustion"],"picked":"Gensokyo:TekeTeke","floor":19},{"not_picked":["Quick Slash","Dodge and Roll"],"picked":"Expertise","floor":22},{"not_picked":["Deadly Poison","Flying Knee+1"],"picked":"Poison Darts","floor":23},{"not_picked":["Skewer","Leg Sweep"],"picked":"Expertise+1","floor":25}],"player_experience":513243,"relics_obtained":[{"floor":7.0,"key":"Runesmith:AutoHammer"},{"floor":10,"key":"Regal Pillow"},{"floor":14,"key":"Oddly Smooth Stone"},{"floor":23,"key":"Snake Skull"},{"floor":25,"key":"Byrd Skull"},{"floor":26,"key":"Frozen Egg 2"}],"event_choices":[{"damage_healed":0.0,"max_hp_gain":0.0,"max_hp_loss":0.0,"gold_gain":0.0,"event_name":"Match and Keep!","player_choice":"3 cards matched","floor":3.0,"gold_loss":0.0,"damage_taken":0.0,"cards_obtained":["A Thousand Cuts","ReplayTheSpireMod:Trickstab","Backstab"]}],"is_beta":false,"boss_relics":[{"not_picked":["Ring of Chaos","Kintsugi"],"picked":"hubris:CrackedHourglass"}],"items_purged_floors":[13],"is_endless":false,"potions_floor_spawned":[1,7,10,12,16],"killed_by":"Gensokyo:Monolith_and_Dog","ascension_level":2}}