{"host":"jpcy2bclvs7juczu","time":1612671030,"event":{"mods":["Alarm Clock","BaseMod","Bestiary","Block Reminder","Colored Map","Colored Powertips","Current Relic Mod","Curses Come First","Dark Map","Filter the Spire","Minty Spire (QoL Compilation)","Quick Restart","RNG Fix","Relic Stats","Slay the Relics Exporter","Smile Girya","StSLib","everything is the same but u backflip on backflip","ojb\u0027s Better Paths Mod","ojb\u0027s Info Mod","slay the spire mod where everything is the same but ironclad has a cowboy hat"],"gold_per_floor":[111,111,33,50,50,50,93,106,157,170,203,203,71,143,143,237,237,257,297,311,40,40,79,79,79,79],"floor_reached":25,"language":"ENG","playtime":892,"items_purged":["Strike_R"],"score":504,"play_id":"1599dc38-f29d-46c1-8cec-b806321fd145","local_time":"20210206231030","is_ascension_mode":true,"campfire_choices":[{"data":"Hemokinesis","floor":6,"key":"SMITH"},{"data":"Bash","floor":15,"key":"SMITH"}],"circlet_count":0,"master_deck":["AscendersBane","Strike_R","Strike_R","Strike_R","Strike_R","Defend_R","Defend_R","Defend_R","Defend_R","Bash+1","Anger","Hemokinesis+1","Evolve","Shockwave","Barricade+1","Spot Weakness+1","Heavy Blade+1","Armaments+1","Feel No Pain+1"],"relics":["Burning Blood","Orichalcum","Ornamental Fan","Golden Idol","Vajra","Bag of Preparation","Torii","Toxic Egg 2","Coffee Dripper","Red Mask","Question Card","Enchiridion","Turnip"],"acts_visited":["Exordium","TheCity"],"potions_floor_usage":[11,16,18,19,23],"damage_taken":[{"damage":0,"enemies":"Cultist","floor":1,"turns":3},{"damage":8,"enemies":"Jaw Worm","floor":4,"turns":2},{"damage":23,"enemies":"3 Sentries","floor":7,"turns":9},{"damage":12,"enemies":"Small Slimes","floor":8,"turns":3},{"damage":12,"enemies":"3 Louse","floor":10,"turns":4},{"damage":2,"enemies":"Gremlin Nob","floor":11,"turns":2},{"damage":32,"enemies":"Slime Boss","floor":16,"turns":7},{"damage":17,"enemies":"3 Byrds","floor":18,"turns":8},{"damage":3,"enemies":"Masked Bandits","floor":19,"turns":3},{"damage":10,"enemies":"2 Thieves","floor":20,"turns":5},{"damage":34,"enemies":"Book of Stabbing","floor":23,"turns":5},{"damage":25,"enemies":"Gremlin Leader","floor":25,"turns":3}],"seed_played":"6103583853044756713","potions_obtained":[{"floor":1,"key":"Energy Potion"},{"floor":4,"key":"BloodPotion"},{"floor":16,"key":"Regen Potion"},{"floor":18,"key":"DistilledChaos"}],"is_trial":false,"path_per_floor":["M","?","$","M","?","R","E","M","T","M","E","T","$","?","R","B",null,"M","?","M","$","?","E","?","E"],"character_chosen":"IRONCLAD","items_purchased":["Hemokinesis","Energy Potion","Question Card"],"campfire_rested":0,"item_purchase_floors":[3,13,21],"current_hp_per_floor":[74,69,69,67,67,67,50,44,44,38,42,42,42,42,42,16,55,57,60,56,56,35,21,21,0,0],"gold":79,"neow_bonus":"RANDOM_COMMON_RELIC","is_daily":false,"chose_seed":false,"campfire_upgraded":2,"win_rate":0.0,"timestamp":1612671030,"path_taken":["M","?","$","?","?","R","E","M","T","M","E","?","$","?","R","BOSS","M","?","?","$","?","E","?","E"],"items_purchased_type":["Card","Potion","Relic"],"build_version":"2020-12-22","purchased_purges":1,"victory":false,"max_hp_per_floor":[75,75,75,75,68,68,68,68,68,68,68,68,68,68,68,68,68,68,68,68,68,68,68,68,68,68],"relic_stats":{"Torii":30,"counters":[12,54],"Ornamental Fan":[80],"Golden Idol":64,"Turnip":[0],"Bag of Preparation":[16],"Orichalcum":[108],"Question Card":1,"obtain_stats":[{"Torii":11,"Golden Idol":5,"Vajra":7,"Enchiridion":22,"Bag of Preparation":9,"Orichalcum":0,"Question Card":21,"Burning Blood":0,"Ornamental Fan":2,"Turnip":23,"Coffee Dripper":17,"Red Mask":19,"Toxic Egg 2":12},{"Torii":6,"Golden Idol":2,"Vajra":3,"Enchiridion":10,"Bag of Preparation":4,"Orichalcum":0,"Question Card":10,"Burning Blood":0,"Ornamental Fan":1,"Turnip":11,"Coffee Dripper":7,"Red Mask":9,"Toxic Egg 2":6},{"Torii":23,"Golden Idol":5,"Vajra":14,"Enchiridion":46,"Bag of Preparation":17,"Orichalcum":0,"Question Card":46,"Burning Blood":0,"Ornamental Fan":3,"Turnip":51,"Coffee Dripper":30,"Red Mask":41,"Toxic Egg 2":23}],"Burning Blood":66},"card_choices":[{"not_picked":["Wild Strike","Armaments"],"picked":"Anger","floor":1},{"not_picked":["Reckless Charge","Thunderclap","Armaments"],"picked":"SKIP","floor":4},{"not_picked":["Clothesline","Reckless Charge"],"picked":"Evolve","floor":7},{"not_picked":["Flex","Armaments"],"picked":"Shockwave","floor":8},{"not_picked":["Havoc","Shrug It Off","Burning Pact"],"picked":"SKIP","floor":10},{"not_picked":["Berserk","Warcry","Combust"],"picked":"SKIP","floor":11},{"not_picked":["Bludgeon","Juggernaut"],"picked":"Barricade","floor":16},{"not_picked":["Bloodletting+1","Perfected Strike+1"],"picked":"Spot Weakness+1","floor":18},{"not_picked":["Warcry+1","Uppercut+1"],"picked":"Heavy Blade+1","floor":19},{"not_picked":["Shrug It Off+1","Disarm+1"],"picked":"Armaments+1","floor":20},{"not_picked":["Cleave","Warcry+1","Shockwave+1"],"picked":"Feel No Pain+1","floor":23}],"player_experience":1592413,"relics_obtained":[{"floor":7,"key":"Vajra"},{"floor":9,"key":"Bag of Preparation"},{"floor":11,"key":"Torii"},{"floor":12,"key":"Toxic Egg 2"},{"floor":19,"key":"Red Mask"},{"floor":22,"key":"Enchiridion"},{"floor":23,"key":"Turnip"}],"event_choices":[{"damage_healed":0,"gold_gain":0,"player_choice":"Success","damage_taken":5,"relics_obtained":["Ornamental Fan"],"max_hp_gain":0,"max_hp_loss":0,"event_name":"Scrap Ooze","floor":2,"gold_loss":0},{"damage_healed":0,"gold_gain":0,"player_choice":"Lose Max HP","damage_taken":0,"relics_obtained":["Golden Idol"],"max_hp_gain":0,"max_hp_loss":7,"event_name":"Golden Idol","floor":5,"gold_loss":0},{"damage_healed":0,"gold_gain":72,"player_choice":"Gained Gold","damage_taken":0,"max_hp_gain":0,"max_hp_loss":0,"event_name":"Golden Wing","floor":14,"gold_loss":0},{"damage_healed":0,"gold_gain":0,"player_choice":"Fought Bandits","damage_taken":0,"max_hp_gain":0,"max_hp_loss":0,"event_name":"Masked Bandits","floor":19,"gold_loss":0},{"damage_healed":0,"gold_gain":0,"player_choice":"Obtained Book","damage_taken":21,"max_hp_gain":0,"max_hp_loss":0,"event_name":"Cursed Tome","floor":22,"gold_loss":0},{"damage_healed":0,"gold_gain":0,"player_choice":"Upgraded","damage_taken":0,"max_hp_gain":0,"max_hp_loss":0,"event_name":"Upgrade Shrine","floor":24,"gold_loss":0,"cards_upgraded":["Barricade"]}],"is_beta":false,"boss_relics":[{"not_picked":["Runic Dome","Empty Cage"],"picked":"Coffee Dripper"}],"items_purged_floors":[13],"is_endless":false,"potions_floor_spawned":[1,4,16,18],"killed_by":"Gremlin Leader","ascension_level":20}}