{"host":"m1ntkrf87179kmo6","time":1612659416,"event":{"mods":["BaseMod","Better Third Choice","Minty Spire (QoL Compilation)","Shade Mod","StSLib"],"gold_per_floor":[111,123,28,43,60,60,79,33,33,67,67,94,94,111,111,216,216,228,228,247,259,271,271,289,289,316,329,348,360,360,360,360,463,463,475,475,475,475,485,485,99,149,196,129,129,145,165,0,0,0,0,0,0,0,0],"floor_reached":54,"language":"ENG","playtime":6914,"items_purged":["Shade:SanguineRitual"],"score":626,"play_id":"78ced51b-c5a2-43d7-8e0b-dc075708c99c","local_time":"20210206195656","is_ascension_mode":false,"campfire_choices":[{"floor":6,"key":"RECALL"},{"floor":13,"key":"REST"},{"data":"1","floor":15,"key":"LIFT"},{"data":"Shade:TouchOfTheGrave","floor":23,"key":"SMITH"},{"data":"2","floor":25,"key":"LIFT"},{"floor":30,"key":"REST"},{"data":"3","floor":32,"key":"LIFT"},{"floor":40,"key":"REST"},{"data":"Shade:Tombstone","floor":45,"key":"SMITH"},{"floor":49,"key":"REST"},{"data":"Shade:AncientSpear","floor":52,"key":"SMITH"}],"circlet_count":0,"master_deck":["Shade:Strike_Shade","Shade:Strike_Shade","Shade:Defend_Shade","Shade:Defend_Shade","Shade:Defend_Shade","Shade:Defend_Shade","Shade:AnimateDead","Shade:CarefulCut","Shade:FuneraryArmor","Shade:AncientSpear+1","Shade:Bite_Shade","Shade:FleshToFlesh","Shade:Premonition","Shade:RitualOffering","Shade:SensePrey","Shade:TouchOfTheGrave+1","Shade:ExtraLimbs","Shade:FuneraryJewels+1","Shade:ClawBack","Shade:AncientSpear","Shade:Bite_Shade","Shade:GreyBargain+1","Shade:ClawBack","Shade:Tombstone+1"],"relics":["Shade:YorickSkull","Eternal Feather","Girya","SlaversCollar","Toy Ornithopter","CaptainsWheel","StoneCalendar","Boot","Red Mask"],"acts_visited":["Exordium","TheCity","TheBeyond","TheEnding"],"potions_floor_usage":[3,5,10,10,16,20,21,22,33,33,46,50,50,50],"damage_taken":[{"damage":0,"enemies":"Small Slimes","floor":1,"turns":3},{"damage":0,"enemies":"Cultist","floor":2,"turns":3},{"damage":0,"enemies":"2 Louse","floor":4,"turns":3},{"damage":0,"enemies":"Blue Slaver","floor":5,"turns":5},{"damage":21,"enemies":"Large Slime","floor":7,"turns":7},{"damage":4,"enemies":"3 Sentries","floor":10,"turns":8},{"damage":28,"enemies":"Gremlin Nob","floor":12,"turns":5},{"damage":0,"enemies":"2 Fungi Beasts","floor":14,"turns":4},{"damage":60,"enemies":"The Guardian","floor":16,"turns":18},{"damage":11,"enemies":"Spheric Guardian","floor":18,"turns":6},{"damage":2,"enemies":"2 Thieves","floor":20,"turns":4},{"damage":14,"enemies":"Centurion and Healer","floor":21,"turns":11},{"damage":43,"enemies":"Shelled Parasite and Fungi","floor":22,"turns":9},{"damage":0,"enemies":"Snecko","floor":24,"turns":5},{"damage":16,"enemies":"Snake Plant","floor":27,"turns":4},{"damage":0,"enemies":"Chosen and Byrds","floor":28,"turns":6},{"damage":22,"enemies":"Snecko","floor":29,"turns":4},{"damage":39,"enemies":"Champ","floor":33,"turns":12},{"damage":39,"enemies":"3 Shapes","floor":35,"turns":4},{"damage":15,"enemies":"3 Darklings","floor":39,"turns":7},{"damage":13,"enemies":"Mind Bloom Boss Battle","floor":42,"turns":6},{"damage":11,"enemies":"Writhing Mass","floor":46,"turns":6},{"damage":25,"enemies":"4 Shapes","floor":47,"turns":4},{"damage":74,"enemies":"Awakened One","floor":50,"turns":12},{"damage":74,"enemies":"Shield and Spear","floor":54,"turns":5}],"seed_played":"-3610645341224547484","potions_obtained":[{"floor":4,"key":"CultistPotion"},{"floor":7,"key":"Energy Potion"},{"floor":14,"key":"Swift Potion"},{"floor":16,"key":"SkillPotion"},{"floor":18,"key":"Explosive Potion"},{"floor":22,"key":"DistilledChaos"},{"floor":24,"key":"BlessingOfTheForge"},{"floor":29,"key":"DistilledChaos"},{"floor":39,"key":"Strength Potion"},{"floor":42,"key":"ColorlessPotion"},{"floor":47,"key":"ColorlessPotion"}],"is_trial":false,"path_per_floor":["M","M","$","M","M","R","M","$","T","E","?","E","R","M","R","B",null,"M","?","M","M","M","R","M","R","T","M","M","M","R","?","R","B",null,"M","?","?","?","M","R","$","?","T","$","R","M","M","?","R","B",null,"R","$","E"],"character_chosen":"SHADE","items_purchased":["EntropicBrew","Shade:FleshToFlesh","CaptainsWheel","Shade:Tombstone"],"campfire_rested":4,"item_purchase_floors":[3,8,41,44],"current_hp_per_floor":[71,71,71,71,71,71,54,54,54,56,56,30,60,64,71,25,71,62,62,64,56,36,45,47,59,59,45,49,29,62,62,71,45,71,34,34,34,34,27,59,59,52,52,52,64,60,35,35,67,5,67,67,67,0,0],"gold":0,"neow_bonus":"TEN_PERCENT_HP_BONUS","is_daily":false,"chose_seed":false,"campfire_upgraded":3,"win_rate":0.0,"timestamp":1612659416,"path_taken":["M","M","$","M","M","R","M","$","T","E","?","E","R","?","R","BOSS","M","?","M","M","M","R","M","R","T","M","M","M","R","?","R","BOSS","M","?","?","?","M","R","$","?","T","?","R","M","?","?","R","BOSS","R","$","E"],"items_purchased_type":["Potion","Card","Relic","Card"],"build_version":"2020-12-22","purchased_purges":1,"victory":false,"max_hp_per_floor":[71,71,71,71,71,71,71,71,71,71,71,71,71,71,71,71,71,71,71,71,71,71,71,71,71,71,71,71,71,71,71,71,71,71,71,71,67,67,67,67,67,67,67,67,67,67,67,67,67,67,67,67,67,67,67],"card_choices":[{"not_picked":["Shade:FleshOffering","Shade:Brains"],"picked":"Shade:FuneraryArmor","floor":1},{"not_picked":["Shade:PotionOfRestlessness","Shade:GraveStillness"],"picked":"Shade:AncientSpear","floor":2},{"not_picked":["Shade:Trample","Shade:FuneraryArmor"],"picked":"Shade:Bite_Shade","floor":4},{"not_picked":["Shade:ScuttlingHand","Shade:StitchTogether","Shade:CallOfTheGrave"],"picked":"SKIP","floor":5},{"not_picked":["Shade:FeralStrike","Shade:Trample","Shade:SoulToxin"],"picked":"SKIP","floor":7},{"not_picked":["Shade:Coordination","Shade:WallOfFlesh"],"picked":"Shade:Premonition","floor":10},{"not_picked":["Shade:SoulPierce","Shade:CommandSoldier","Shade:Haruspicy"],"picked":"SKIP","floor":12},{"not_picked":["Shade:FreshBones","Shade:StitchTogether"],"picked":"Shade:RitualOffering","floor":14},{"not_picked":["Shade:DangerousRitual","Shade:CoffinDance"],"picked":"Shade:SensePrey","floor":18},{"not_picked":["Shade:GreyBargain","Shade:Excise+1"],"picked":"Shade:TouchOfTheGrave","floor":20},{"not_picked":["Shade:FingerOfDeath+1","Shade:GraveStillness+1","Shade:Bonestorm"],"picked":"SKIP","floor":21},{"not_picked":["Shade:AncientSpear+1","Shade:FleshToFlesh"],"picked":"Shade:ExtraLimbs","floor":22},{"not_picked":["Shade:CommandSoldier","Shade:FleshToFlesh+1"],"picked":"Shade:FuneraryJewels+1","floor":24},{"not_picked":["Shade:MadHubris","Shade:Frenzy+1"],"picked":"Shade:ClawBack","floor":27},{"not_picked":["Shade:FleshToFlesh","Shade:Patience"],"picked":"Shade:AncientSpear","floor":28},{"not_picked":["Shade:SkeletonArmy+1","Shade:PoundOfFlesh"],"picked":"Shade:Bite_Shade","floor":29},{"not_picked":["Shade:BoneShards","Shade:ExtraLimbs","Shade:SensePrey"],"picked":"SKIP","floor":35},{"not_picked":["Shade:LastGasp","Shade:Premonition+1"],"picked":"Shade:GreyBargain+1","floor":39},{"not_picked":["Shade:Frenzy","Shade:FuneraryJewels+1"],"picked":"Shade:ClawBack","floor":42},{"not_picked":["Shade:SensePrey","Shade:DangerousRitual+1","Shade:Trample"],"picked":"SKIP","floor":46},{"not_picked":["Shade:CommandSoldier+1","Shade:FingerOfDeath","Shade:CloudOfShrapnel"],"picked":"SKIP","floor":47}],"player_experience":1173546,"relics_obtained":[{"floor":10,"key":"Eternal Feather"},{"floor":12,"key":"Girya"},{"floor":26,"key":"Toy Ornithopter"},{"floor":42,"key":"StoneCalendar"},{"floor":43,"key":"Boot"}],"event_choices":[{"damage_healed":0,"gold_gain":0,"cards_transformed":["Shade:Strike_Shade"],"player_choice":"Transformed","damage_taken":0,"max_hp_gain":0,"max_hp_loss":0,"event_name":"Transmorgrifier","floor":11,"gold_loss":0,"cards_obtained":["Shade:SanguineRitual"]},{"damage_healed":0,"gold_gain":0,"player_choice":"Ignored","damage_taken":0,"max_hp_gain":0,"max_hp_loss":0,"event_name":"Ghosts","floor":19,"gold_loss":0},{"damage_healed":0,"gold_gain":0,"player_choice":"Ignored","damage_taken":0,"max_hp_gain":0,"max_hp_loss":0,"event_name":"Vampires","floor":31,"gold_loss":0},{"damage_healed":0,"gold_gain":0,"player_choice":"Memory 1","damage_taken":0,"max_hp_gain":0,"max_hp_loss":0,"event_name":"SensoryStone","floor":36,"gold_loss":0},{"damage_healed":0,"gold_gain":0,"player_choice":"Max HP","damage_taken":0,"max_hp_gain":0,"max_hp_loss":4,"event_name":"Winding Halls","floor":37,"gold_loss":0},{"cards_removed":["Shade:Strike_Shade"],"damage_healed":0,"gold_gain":0,"player_choice":"Removed Attack","damage_taken":0,"max_hp_gain":0,"max_hp_loss":0,"event_name":"Falling","floor":38,"gold_loss":0},{"damage_healed":0,"gold_gain":0,"player_choice":"Fight","damage_taken":0,"max_hp_gain":0,"max_hp_loss":0,"event_name":"MindBloom","floor":42,"gold_loss":0},{"damage_healed":0,"gold_gain":0,"player_choice":"Paid","damage_taken":0,"relics_obtained":["Red Mask"],"max_hp_gain":0,"max_hp_loss":0,"event_name":"Tomb of Lord Red Mask","floor":48,"gold_loss":165}],"is_beta":false,"boss_relics":[{"not_picked":["Astrolabe","Velvet Choker"],"picked":"SlaversCollar"},{"not_picked":["Runic Pyramid","Sozu","Busted Crown"]}],"items_purged_floors":[41],"is_endless":false,"potions_floor_spawned":[4,7,14,16,18,22,24,29,39,42,47],"killed_by":"Shield and Spear","ascension_level":0}}