{"host":"e1y4kviho5jwd7e6","time":1612735780,"event":{"mods":["Act Like it!","Aspiration","BaseMod","Better Altar","Better Match","Better Note","Better Skull","Better Synergies","Better Third Choice","BetterRewards","CCEM2","Colored Powertips","Communication Mod","Conjunction","Conspire","Downfall","Energized Spire","Exacting","GifTheSpireLib","Hubris","Hyrulean Relics","Minty Spire (QoL Compilation)","Quarter Circle Forward PUNCH!","Replay The Spire","Small Relic Pack","Spicy Shops","StSLib","Stuff the Spire","The Blue Laboratory","Transform Curses","Uncapped"],"gold_per_floor":[112,125,125,135,135,135,153,153,200,200,56,70,101,113,113,216,216,232,247,100,118,4,4,18,18,18,18,18,28,28,38,38,133,133,148,148,161,212,212,212,225,245,245,262,244,244,244,26,26,26],"floor_reached":51,"language":"ENG","playtime":2366,"items_purged":["hubris:Disease","downfall:Bewildered"],"score":591,"play_id":"dbcbd3f5-94fa-49b2-a284-c48cdf2fbe0e","local_time":"20210207170940","is_ascension_mode":false,"campfire_choices":[{"data":"Bash","floor":6,"key":"SMITH"},{"data":"Anger","floor":10,"key":"SMITH"},{"data":"Power Through","floor":15,"key":"SMITH"},{"data":"Demon Form","floor":23,"key":"SMITH"},{"data":"Defend_R","floor":25,"key":"SMITH"},{"data":"Defend_R","floor":27,"key":"SMITH"},{"data":"Sword Boomerang","floor":32,"key":"SMITH"},{"data":"StuffTheSpire:Pyroclast","floor":40,"key":"SMITH"},{"data":"Fire Breathing","floor":47,"key":"SMITH"}],"circlet_count":0,"master_deck":["Strike_R","Strike_R","Strike_R","Strike_R+1","Defend_R+1","Defend_R+1","Defend_R","Defend_R+1","Bash+1","Anger+1","Power Through+1","Demon Form+1","Havoc+1","Immolate+1","Sword Boomerang+1","Headbutt+1","StuffTheSpire:Pyroclast+1","Writhe","Clothesline+1","Evolve","Shrug It Off+1","Injury","Fire Breathing+1","Exhume","Battle Trance"],"relics":["Burning Blood","conspire:GlowingRock","Ring of Fury","Ring of Searing","CCEMRelics:EnergeticInfuser","Pet Ghost","qcfpunch:Broken_Tusk","bronze:MakeshiftBattery","hubris:EmptyBottle","Meat on the Bone","qcfpunch:Crimson_Sash","Durian","Another Sword","ReplayTheSpireMod:CursedCoin","BargainBundle"],"acts_visited":["Exordium","TheCity","TheBeyond"],"potions_floor_usage":[16,16,19,21,24,29,33,33,33,42,42,50,50,50,50,50,50,50,50,50,50,50,50],"damage_taken":[{"damage":8,"enemies":"Small Slimes","floor":1,"turns":4},{"damage":1,"enemies":"Jaw Worm","floor":2,"turns":3},{"damage":14,"enemies":"conspire:RoseBush","floor":4,"turns":3},{"damage":13,"enemies":"conspire:2 RoseBushes","floor":7,"turns":3},{"damage":8,"enemies":"Exordium Thugs","floor":12,"turns":3},{"damage":10,"enemies":"Gremlin Gang","floor":13,"turns":3},{"damage":0,"enemies":"Looter","floor":14,"turns":1},{"damage":45,"enemies":"Hexaghost","floor":16,"turns":4},{"damage":12,"enemies":"Spheric Guardian","floor":18,"turns":3},{"damage":19,"enemies":"conspire:FuzzyDice","floor":19,"turns":4},{"damage":10,"enemies":"3 Cultists","floor":21,"turns":4},{"damage":3,"enemies":"conspire:HollyBat","floor":24,"turns":5},{"damage":0,"enemies":"Snake Plant","floor":29,"turns":2},{"damage":5,"enemies":"Sentry and Sphere","floor":31,"turns":2},{"damage":21,"enemies":"Collector","floor":33,"turns":8},{"damage":37,"enemies":"3 Darklings","floor":35,"turns":4},{"damage":0,"enemies":"Orb Walker","floor":37,"turns":2},{"damage":12,"enemies":"2 Orb Walkers","floor":38,"turns":3},{"damage":0,"enemies":"3 Darklings","floor":41,"turns":2},{"damage":29,"enemies":"Sphere and 2 Shapes","floor":42,"turns":3},{"damage":0,"enemies":"Maw","floor":44,"turns":4},{"damage":19,"enemies":"Replay:Hell Engine","floor":50,"turns":4}],"seed_played":"3822121868035151300","potions_obtained":[{"floor":1,"key":"AttackPotion"},{"floor":4,"key":"PowerPotion"},{"floor":7,"key":"Block Potion"},{"floor":16,"key":"Block Potion"},{"floor":19,"key":"BloodPotion"},{"floor":21,"key":"FearPotion"},{"floor":29,"key":"Block Potion"},{"floor":35,"key":"Elixir"},{"floor":41,"key":"EntropicBrew"},{"floor":41,"key":"blueLaboratory:BottleOfRum"},{"floor":42,"key":"blueLaboratory:HorrorPotion"}],"is_trial":false,"path_per_floor":["M","M","?","M","T","R","M","?","T","R","$","M","M","M","R","B",null,"M","M","$","M","$","R","M","R","T","R","?","M","$","M","R","B",null,"M","?","M","?","?","R","M","M","T","M","$","?","R","$","R","B",null],"character_chosen":"IRONCLAD","items_purchased":["qcfpunch:Broken_Tusk","hubris:EmptyBottle","Immolate+1","ReplayTheSpireMod:CursedCoin","Fire Breathing","BargainBundle","Battle Trance"],"campfire_rested":0,"item_purchase_floors":[11,20,22,45,45,48,48],"current_hp_per_floor":[78,80,80,72,72,72,65,65,65,65,65,63,71,77,77,38,80,74,61,61,57,57,57,60,60,60,60,60,66,66,67,67,52,80,46,46,49,49,60,60,63,61,61,64,64,64,64,64,64,48],"gold":26,"neow_bonus":"ONE_RARE_RELIC","is_daily":false,"chose_seed":false,"campfire_upgraded":9,"win_rate":0.0,"timestamp":1612735780,"path_taken":["M","M","?","M","?","R","M","?","T","R","?","M","?","M","R","BOSS","M","M","$","M","$","R","M","R","T","R","?","M","?","M","R","BOSS","M","?","M","?","?","R","M","?","T","M","$","?","R","$","R","BOSS"],"items_purchased_type":["Relic","Relic","Card","Relic","Card","Relic","Card"],"build_version":"2020-12-22","purchased_purges":2,"victory":true,"max_hp_per_floor":[80,80,80,80,80,80,80,80,80,80,80,80,80,80,80,80,80,80,80,80,80,80,80,80,80,80,80,80,80,80,80,80,80,80,80,80,80,85,85,85,85,85,85,85,85,85,85,85,85,85],"card_choices":[{"not_picked":["Metallicize","Armaments"],"picked":"Anger","floor":1},{"not_picked":["Heavy Blade","Body Slam","Run Through"],"picked":"SKIP","floor":2},{"not_picked":["Flex","hubris:ReadiedAction","Bloodletting"],"picked":"SKIP","floor":4},{"not_picked":["ReplayTheSpireMod:Limb From Limb","Metallicize"],"picked":"ReplayTheSpireMod:Strike From Hell","floor":7},{"not_picked":["Corruption","ReplayTheSpireMod:Strike From Hell"],"picked":"Power Through","floor":12},{"not_picked":["Spot Weakness","Blood for Blood","Heavy Blade"],"picked":"SKIP","floor":13},{"not_picked":["ReplayTheSpireMod:Stacked","Combust","Clash"],"picked":"SKIP","floor":14},{"not_picked":["Exhume","Berserk"],"picked":"Demon Form","floor":16},{"not_picked":["hubris:ReadiedAction","StuffTheSpire:Incineration"],"picked":"Havoc+1","floor":18},{"not_picked":["Thunderclap","ReplayTheSpireMod:Limb From Limb","hubris:ReadiedAction"],"picked":"SKIP","floor":19},{"not_picked":["Inflame","Shockwave+1","ReplayTheSpireMod:Strike From Hell"],"picked":"SKIP","floor":21},{"not_picked":["Sever Soul","hubris:ReadiedAction+1","Armaments"],"picked":"SKIP","floor":24},{"not_picked":["Power Through+1","Demon Form"],"picked":"Sword Boomerang","floor":29},{"not_picked":["Sword Boomerang","Run Through","StuffTheSpire:RockThrow"],"picked":"SKIP","floor":31},{"not_picked":["StuffTheSpire:Incineration","Second Wind+1"],"picked":"Headbutt+1","floor":35},{"not_picked":["Second Wind+1","hubris:CleavingFinish"],"picked":"StuffTheSpire:Pyroclast","floor":37},{"not_picked":["True Grit","Perfected Strike","Clothesline+1"],"picked":"SKIP","floor":41},{"not_picked":["True Grit","Perfected Strike"],"picked":"Clothesline+1","floor":41},{"not_picked":["Hemogenesis","Flex"],"picked":"Evolve","floor":42},{"not_picked":["Twin Strike","Reaper"],"picked":"Shrug It Off+1","floor":44}],"player_experience":955554,"relics_obtained":[{"floor":3,"key":"Ring of Fury"},{"floor":3,"key":"Ring of Searing"},{"floor":5,"key":"CCEMRelics:EnergeticInfuser"},{"floor":9,"key":"Pet Ghost"},{"floor":26,"key":"Meat on the Bone"},{"floor":38,"key":"Durian"},{"floor":43,"key":"Another Sword"}],"event_choices":[{"damage_healed":0,"gold_gain":0,"player_choice":"Upgraded","damage_taken":0,"max_hp_gain":0,"max_hp_loss":0,"event_name":"Upgrade Shrine","floor":28,"gold_loss":0,"cards_upgraded":["Defend_R"]},{"damage_healed":0,"gold_gain":0,"player_choice":"Fight","damage_taken":0,"max_hp_gain":0,"max_hp_loss":0,"event_name":"Mysterious Sphere","floor":38,"gold_loss":0},{"damage_healed":21,"gold_gain":0,"player_choice":"Writhe","damage_taken":0,"max_hp_gain":0,"max_hp_loss":0,"event_name":"Winding Halls","floor":39,"gold_loss":0,"cards_obtained":["Writhe"]},{"damage_healed":0,"gold_gain":0,"cards_transformed":["ReplayTheSpireMod:Strike From Hell"],"player_choice":"Transformed","damage_taken":0,"max_hp_gain":0,"max_hp_loss":0,"event_name":"Transmorgrifier","floor":46,"gold_loss":0,"cards_obtained":["Exhume"]},{"cards_removed":["Strike_R"],"damage_healed":0,"gold_gain":0,"player_choice":"Card Removal","damage_taken":0,"max_hp_gain":0,"max_hp_loss":0,"event_name":"Wheel of Change","floor":49,"gold_loss":0}],"is_beta":false,"boss_relics":[{"not_picked":["Replay:Bronze Core","CCEMRelics:GreenEgg"],"picked":"bronze:MakeshiftBattery"},{"not_picked":["hubris:BlackHole","relicPack:KazumaCape"],"picked":"qcfpunch:Crimson_Sash"}],"items_purged_floors":[20,45],"is_endless":false,"potions_floor_spawned":[1,7,13,16,19,21,29,35,41,42],"ascension_level":0}}