{"host":"sav7uxregyirlf69","time":1612706493,"event":{"mods":["AchievementEnabler","BaseMod","Colored Map","DeckTracker","Keyboard Shortcuts","Minty Spire (QoL Compilation)","READ ME - Guardian Mod","StSLib","SuperFastMode"],"gold_per_floor":[111,6,6,26,26,53,53,53,53,68,80,92,108,136,136,136,136],"floor_reached":16,"language":"KOR","playtime":186,"items_purged":[],"score":274,"play_id":"d78563ef-b95f-4e8e-bf58-16b110e09f79","local_time":"20210207230133","is_ascension_mode":true,"campfire_choices":[{"data":"Skewer","floor":8,"key":"SMITH"},{"data":"Caltrops","floor":15,"key":"SMITH"}],"circlet_count":0,"master_deck":["AscendersBane","Strike_G","Strike_G","Strike_G","Strike_G","Strike_G","Defend_G","Defend_G","Defend_G","Defend_G","Defend_G","Survivor","Neutralize","Quick Slash","Reflex","Dagger Spray","Skewer+1","Terror","Caltrops+1"],"relics":["Ring of the Snake","NeowsBlessing","Pen Nib","Pantograph","Toy Ornithopter"],"acts_visited":["Exordium"],"potions_floor_usage":[11,14,16],"damage_taken":[{"damage":0,"enemies":"2 Louse","floor":1,"turns":1},{"damage":0,"enemies":"Small Slimes","floor":4,"turns":1},{"damage":0,"enemies":"Lagavulin","floor":6,"turns":1},{"damage":6,"enemies":"Cultist","floor":10,"turns":3},{"damage":0,"enemies":"Large Slime","floor":11,"turns":4},{"damage":2,"enemies":"Exordium Wildlife","floor":12,"turns":3},{"damage":1,"enemies":"Blue Slaver","floor":13,"turns":3},{"damage":27,"enemies":"3 Sentries","floor":14,"turns":5},{"damage":67,"enemies":"Hexaghost","floor":16,"turns":9}],"seed_played":"-8808605763746566835","potions_obtained":[{"floor":7,"key":"Strength Potion"},{"floor":7,"key":"Fruit Juice"},{"floor":11,"key":"Energy Potion"},{"floor":14,"key":"Dexterity Potion"}],"is_trial":false,"path_per_floor":["M","$","?","M","?","E","?","R","T","M","M","M","M","E","R","B"],"character_chosen":"THE_SILENT","items_purchased":["Quick Slash","Reflex"],"campfire_rested":0,"item_purchase_floors":[2,2],"current_hp_per_floor":[59,59,64,64,64,64,64,64,64,58,63,61,60,33,33,0,0],"gold":136,"neow_bonus":"THREE_ENEMY_KILL","is_daily":false,"chose_seed":false,"campfire_upgraded":2,"win_rate":0.0,"timestamp":1612706493,"path_taken":["M","$","?","M","?","E","?","R","T","M","M","M","M","E","R","BOSS"],"items_purchased_type":["Card","Card"],"build_version":"2020-12-22","purchased_purges":0,"victory":false,"max_hp_per_floor":[66,66,71,71,71,71,71,71,71,71,76,76,76,76,76,76,76],"card_choices":[{"not_picked":["Prepared","Expertise","Underhanded Strike"],"picked":"SKIP","floor":1},{"not_picked":["Backflip","Bane"],"picked":"Dagger Spray","floor":4},{"not_picked":["Flying Knee","PiercingWail"],"picked":"Skewer","floor":6},{"not_picked":["Sucker Punch","Blade Dance"],"picked":"Terror","floor":10},{"not_picked":["Endless Agony","Quick Slash","Reflex"],"picked":"SKIP","floor":11},{"not_picked":["Bane","Dodge and Roll","Underhanded Strike"],"picked":"SKIP","floor":12},{"not_picked":["Quick Slash","Dagger Spray","Cloak And Dagger"],"picked":"SKIP","floor":13},{"not_picked":["Grand Finale","Cloak And Dagger"],"picked":"Caltrops","floor":14}],"player_experience":1513936,"relics_obtained":[{"floor":6,"key":"Pen Nib"},{"floor":9,"key":"Pantograph"},{"floor":14,"key":"Toy Ornithopter"}],"event_choices":[{"damage_healed":0,"gold_gain":0,"player_choice":"Donut","damage_taken":0,"max_hp_gain":5,"max_hp_loss":0,"event_name":"Big Fish","floor":3,"gold_loss":0},{"damage_healed":0,"gold_gain":0,"player_choice":"Ignored","damage_taken":0,"max_hp_gain":0,"max_hp_loss":0,"event_name":"Liars Game","floor":5,"gold_loss":0},{"damage_healed":0,"gold_gain":0,"player_choice":"Got Potions","damage_taken":0,"max_hp_gain":0,"max_hp_loss":0,"event_name":"Lab","floor":7,"gold_loss":0}],"is_beta":false,"boss_relics":[],"items_purged_floors":[],"is_endless":false,"potions_floor_spawned":[11,12,13,14],"killed_by":"Hexaghost","ascension_level":20}}