{"host":"v3qphhcqhwfpabne","time":1612708574,"event":{"mods":["100% Spire Juice","2.2 Compatiblity","BaseMod","CapriCore","KinomotoSakuraMod(ÙÊñýÜâ?)","Koishi","Marisa£¨Ùöéë¡¡Øª×âÞÞ£©","Minty Spire (QoL Compilation)","Permanent Neow","Prisma Mod","StSLib","Td1madao Mod","The Bug Knight","The Cursed","The Immortal","The Runesmith","WarShipGirlsR/??á´Ò³R mod"],"gold_per_floor":[109,128,146,165,176,207,207,187,187,201,201,229,248,265,265,368,368,355,372,372,372],"floor_reached":20,"language":"KOR","playtime":1169,"items_purged":[],"score":209,"play_id":"417f60bc-b82c-4f0a-a2d3-3e74e7a6766a","local_time":"20210207233614","is_ascension_mode":true,"campfire_choices":[{"floor":7,"key":"REST"},{"floor":11,"key":"REST"},{"floor":15,"key":"REST"}],"circlet_count":0,"master_deck":["Strike_R","Strike_R","Strike_R","Strike_R","Strike_R","Defend_R","Defend_R","Defend_R","Defend_R","Bash","Injury","Apotheosis","Pommel Strike","Headbutt","Armaments","Barricade","Shrug It Off","Dual Wield","Demon Form","Metallicize+1"],"relics":["Burning Blood","Centennial Puzzle","Incense Burner","StoneCalendar","Runesmith:UraniumAnvil"],"acts_visited":["Exordium","TheCity"],"potions_floor_usage":[3,10,13,16,20],"damage_taken":[{"damage":12,"enemies":"2 Louse","floor":1,"turns":3},{"damage":2,"enemies":"Cultist","floor":2,"turns":4},{"damage":7,"enemies":"Small Slimes","floor":3,"turns":4},{"damage":44,"enemies":"Exordium Wildlife","floor":4,"turns":7},{"damage":22,"enemies":"Exordium Thugs","floor":5,"turns":5},{"damage":27,"enemies":"Gremlin Nob","floor":6,"turns":4},{"damage":29,"enemies":"Gremlin Gang","floor":10,"turns":6},{"damage":26,"enemies":"3 Sentries","floor":12,"turns":9},{"damage":6,"enemies":"Looter","floor":13,"turns":4},{"damage":10,"enemies":"2 Fungi Beasts","floor":14,"turns":6},{"damage":15,"enemies":"Slime Boss","floor":16,"turns":11},{"damage":49,"enemies":"2 Thieves","floor":18,"turns":5},{"damage":37,"enemies":"3 Byrds","floor":19,"turns":7},{"damage":19,"enemies":"Centurion and Healer","floor":20,"turns":3}],"seed_played":"4743257933361580805","potions_obtained":[{"floor":3,"key":"Fruit Juice"},{"floor":8,"key":"Block Potion"},{"floor":12,"key":"Regen Potion"},{"floor":13,"key":"Dexterity Potion"},{"floor":14,"key":"Swift Potion"},{"floor":16,"key":"DuplicationPotion"}],"is_trial":false,"path_per_floor":["M","M","M","M","M","E","R","?","T","M","R","E","M","M","R","B",null,"M","M","M"],"character_chosen":"IRONCLAD","items_purchased":[],"campfire_rested":3,"item_purchase_floors":[],"current_hp_per_floor":[74,78,82,44,28,7,32,32,32,9,34,14,26,22,47,38,85,42,11,0,0],"gold":372,"neow_bonus":"RANDOM_COLORLESS_2","is_daily":false,"chose_seed":false,"campfire_upgraded":0,"win_rate":0.0,"timestamp":1612708574,"path_taken":["M","M","M","M","M","E","R","?","T","M","R","E","?","M","R","BOSS","M","M","M"],"items_purchased_type":[],"build_version":"2020-12-22","purchased_purges":0,"victory":false,"max_hp_per_floor":[80,80,85,85,85,85,85,85,85,85,85,85,85,85,85,85,85,85,85,85,85],"card_choices":[{"not_picked":["Master of Strategy","Magnetism"],"picked":"Apotheosis","floor":0},{"not_picked":["Power Through","Twin Strike","Heavy Blade"],"picked":"SKIP","floor":1},{"not_picked":["Clash","Reckless Charge","Power Through"],"picked":"SKIP","floor":2},{"not_picked":["Thunderclap","Sword Boomerang"],"picked":"Pommel Strike","floor":3},{"not_picked":["Feel No Pain","Clash","Flame Barrier"],"picked":"SKIP","floor":4},{"not_picked":["Disarm","Shrug It Off","Thunderclap"],"picked":"SKIP","floor":5},{"not_picked":["Thunderclap","Limit Break"],"picked":"Headbutt","floor":6},{"not_picked":["Power Through","Fire Breathing"],"picked":"Armaments","floor":10},{"not_picked":["Flame Barrier","Iron Wave"],"picked":"Barricade","floor":12},{"not_picked":["Sword Boomerang","Thunderclap"],"picked":"Shrug It Off","floor":13},{"not_picked":["Warcry","Fire Breathing"],"picked":"Dual Wield","floor":14},{"not_picked":["Barricade","Limit Break"],"picked":"Demon Form","floor":16},{"not_picked":["Evolve","Clash","Perfected Strike"],"picked":"SKIP","floor":18},{"not_picked":["Perfected Strike+1","Dark Embrace"],"picked":"Metallicize+1","floor":19}],"player_experience":97158,"relics_obtained":[{"floor":6,"key":"Centennial Puzzle"},{"floor":9,"key":"Incense Burner"},{"floor":12,"key":"StoneCalendar"}],"event_choices":[{"damage_healed":0,"gold_gain":0,"player_choice":"Bought 1 Potion","damage_taken":0,"max_hp_gain":0,"max_hp_loss":0,"event_name":"The Woman in Blue","floor":8,"gold_loss":0}],"is_beta":false,"boss_relics":[{"not_picked":["Runic Pyramid","Sozu"],"picked":"Runesmith:UraniumAnvil"}],"items_purged_floors":[],"is_endless":false,"potions_floor_spawned":[3,12,13,14,16],"killed_by":"Centurion and Healer","ascension_level":2}}