{"host":"aaqofma31c3gm2hj","time":1612677437,"event":{"mods":["BaseMod","GungeonMod","Minty Spire (QoL Compilation)","Replay The Spire","Spicy Shops","StSLib"],"gold_per_floor":[113,113,113,113,138,151,151,167,191,267,267,85,98,119,142,162,162,162,162,162],"floor_reached":19,"language":"ZHS","playtime":436,"items_purged":["Strike_R"],"score":226,"play_id":"2fe898f2-2e3e-433c-8c61-41d91039da48","local_time":"20210207135717","is_ascension_mode":true,"campfire_choices":[{"data":"Feel No Pain","floor":7.0,"key":"SMITH"},{"data":"Demon Form","floor":17,"key":"SMITH"},{"data":"Immolate","floor":18,"key":"SMITH"}],"circlet_count":0,"master_deck":["AscendersBane","Strike_R","Strike_R","Strike_R","Defend_R","Defend_R","Defend_R","Defend_R","Bash","Feel No Pain+1","Armaments+1","True Grit+1","Immolate+1","ReplayTheSpireMod:Uncanny Aura+1","Warcry+1","Entrench+1","Demon Form+1"],"relics":["Calling Bell","DemoMod:WhiteGuonStone","Toxic Egg 2","Durian","Golden Idol","Singing Bowl","Darkstone Periapt"],"acts_visited":["Exordium"],"potions_floor_usage":[19],"damage_taken":[{"damage":5.0,"enemies":"Jaw Worm","floor":1.0,"turns":4.0},{"damage":2.0,"enemies":"2 Louse","floor":5.0,"turns":3.0},{"damage":5.0,"enemies":"Cultist","floor":6.0,"turns":5.0},{"damage":1.0,"enemies":"2 Fungi Beasts","floor":8.0,"turns":6.0},{"damage":4.0,"enemies":"Blue Slaver","floor":9.0,"turns":6.0},{"damage":4,"enemies":"Looter","floor":13,"turns":3},{"damage":0,"enemies":"2 Fungi Beasts","floor":14,"turns":2},{"damage":0,"enemies":"Exordium Wildlife","floor":15,"turns":3},{"damage":2,"enemies":"Looter","floor":16,"turns":3},{"damage":13,"enemies":"The Guardian","floor":19,"turns":8}],"seed_played":"-8840541120470652783","potions_obtained":[{"floor":5.0,"key":"Swift Potion"},{"floor":6.0,"key":"GamblersBrew"}],"is_trial":false,"path_per_floor":["M","?","?","?","M","M","R","M","M","T","T","$","M","M","M","M","R","R","B"],"character_chosen":"IRONCLAD","items_purchased":["ReplayTheSpireMod:Uncanny Aura+1"],"campfire_rested":0,"item_purchase_floors":[12],"current_hp_per_floor":[68,40,40,40,38,33,33,32,28,28,28,28,24,24,24,24,24,24,11,11],"gold":162,"neow_bonus":"BOSS_RELIC","is_daily":false,"chose_seed":false,"campfire_upgraded":3,"win_rate":0.0,"timestamp":1612677437,"path_taken":["M","?","?","?","M","M","R","M","M","T","T","$","M","M","M","M","R","R","BOSS"],"items_purchased_type":["Card"],"build_version":"2020-12-22","purchased_purges":1,"victory":false,"max_hp_per_floor":[80,80,80,80,80,80,80,80,80,80,80,80,80,80,80,82,82,82,82,82],"card_choices":[{"not_picked":["ReplayTheSpireMod:Strike From Hell","Evolve"],"picked":"Feel No Pain","floor":1.0},{"not_picked":["Sever Soul","Anger"],"picked":"Armaments+1","floor":5.0},{"not_picked":["Replay:Undeath\u0027s Touch","Entrench+1"],"picked":"True Grit+1","floor":6.0},{"not_picked":["Rupture","Wild Strike"],"picked":"Immolate","floor":8.0},{"not_picked":["Rampage","Abandon+1","Headbutt"],"picked":"SKIP","floor":9.0},{"not_picked":["Thunderclap","Headbutt"],"picked":"Warcry+1","floor":13},{"not_picked":["Anger","Pommel Strike"],"picked":"Entrench+1","floor":14},{"not_picked":["Iron Wave","Defy Death+1"],"picked":"Demon Form","floor":15},{"not_picked":["Perfected Strike","True Grit+1","Havoc+1"],"picked":"Singing Bowl","floor":16}],"player_experience":654849,"relics_obtained":[{"floor":0.0,"key":"DemoMod:WhiteGuonStone"},{"floor":0.0,"key":"Toxic Egg 2"},{"floor":0.0,"key":"Durian"},{"floor":10.0,"key":"Singing Bowl"},{"floor":11.0,"key":"Darkstone Periapt"}],"event_choices":[{"damage_healed":0.0,"max_hp_gain":0.0,"max_hp_loss":0.0,"gold_gain":0.0,"event_name":"Golden Idol","player_choice":"Take Damage","floor":2.0,"gold_loss":0.0,"damage_taken":28.0,"relics_obtained":["Golden Idol"]},{"damage_healed":0.0,"max_hp_gain":0.0,"max_hp_loss":0.0,"gold_gain":0.0,"event_name":"Liars Game","player_choice":"Ignored","floor":4.0,"gold_loss":0.0,"damage_taken":0.0}],"is_beta":false,"boss_relics":[],"items_purged_floors":[12],"is_endless":false,"potions_floor_spawned":[5,6,9,15],"killed_by":"The Guardian","ascension_level":20}}