{"host":"utqe55yv0jihe4d6","time":1612735298,"event":{"mods":["2.2 Compatiblity","AchievementEnabler","BaseMod","Block Reminder","Colored Map","Colored Powertips","Minty Spire (QoL Compilation)","Quick Restart","Rare Cards Sparkle","Relic Stats","SuperFastMode"],"gold_per_floor":[369,369,379,48,48,48,76,95,95,95,95],"floor_reached":10,"language":"ENG","playtime":233,"items_purged":["Normality"],"score":132,"play_id":"1e9181d2-fa88-464b-9387-0768319ec962","local_time":"20210207170138","is_ascension_mode":true,"campfire_choices":[{"data":"Neutralize","floor":6,"key":"SMITH"}],"circlet_count":0,"master_deck":["AscendersBane","Strike_G","Strike_G","Strike_G","Strike_G","Strike_G","Defend_G","Defend_G","Defend_G","Defend_G","Defend_G","Survivor","Neutralize+1","Dagger Throw","Poisoned Stab","Poisoned Stab","Ghostly Armor"],"relics":["Ring of the Snake","StrikeDummy","PrismaticShard","Paper Crane","Oddly Smooth Stone"],"acts_visited":["Exordium"],"potions_floor_usage":[7,7],"damage_taken":[{"damage":6,"enemies":"2 Louse","floor":1,"turns":4},{"damage":1,"enemies":"Cultist","floor":3,"turns":3},{"damage":3,"enemies":"Gremlin Nob","floor":7,"turns":3},{"damage":3,"enemies":"Small Slimes","floor":8,"turns":4},{"damage":33,"enemies":"3 Sentries","floor":10,"turns":8}],"seed_played":"-5249333797725443825","potions_obtained":[{"floor":3,"key":"Swift Potion"},{"floor":5,"key":"Weak Potion"}],"is_trial":false,"path_per_floor":["M","?","M","$","?","R","E","M","T","E"],"character_chosen":"THE_SILENT","items_purchased":["AttackPotion","PrismaticShard","Poisoned Stab"],"campfire_rested":0,"item_purchase_floors":[4,4,4],"current_hp_per_floor":[53,35,34,34,34,34,31,28,28,0,0],"gold":95,"neow_bonus":"TWO_FIFTY_GOLD","is_daily":false,"chose_seed":false,"campfire_upgraded":1,"win_rate":0.0,"timestamp":1612735298,"path_taken":["M","?","M","$","?","R","E","M","T","E"],"items_purchased_type":["Potion","Relic","Card"],"build_version":"2020-12-22","purchased_purges":1,"victory":false,"max_hp_per_floor":[66,66,66,66,66,66,66,66,66,66,66],"relic_stats":{"counters":[5,22],"obtain_stats":[{"Oddly Smooth Stone":9,"Paper Crane":7,"StrikeDummy":2,"PrismaticShard":4,"Ring of the Snake":0},{"Oddly Smooth Stone":4,"Paper Crane":3,"StrikeDummy":1,"PrismaticShard":2,"Ring of the Snake":0},{"Oddly Smooth Stone":14,"Paper Crane":10,"StrikeDummy":4,"PrismaticShard":7,"Ring of the Snake":0}],"Ring of the Snake":[10]},"card_choices":[{"not_picked":["Heel Hook","Sucker Punch"],"picked":"Dagger Throw","floor":1},{"not_picked":["Distraction","Acrobatics"],"picked":"Poisoned Stab","floor":3},{"not_picked":["FollowUp","Accuracy"],"picked":"Ghostly Armor","floor":7},{"not_picked":["Underhanded Strike","Perfected Strike","Reinforced Body"],"picked":"SKIP","floor":8}],"player_experience":3050754,"relics_obtained":[{"floor":7,"key":"Paper Crane"},{"floor":9,"key":"Oddly Smooth Stone"}],"event_choices":[{"damage_healed":0,"gold_gain":0,"player_choice":"Success","damage_taken":18,"relics_obtained":["StrikeDummy"],"max_hp_gain":0,"max_hp_loss":0,"event_name":"Scrap Ooze","floor":2,"gold_loss":0},{"damage_healed":0,"gold_gain":0,"player_choice":"Got Potions","damage_taken":0,"max_hp_gain":0,"max_hp_loss":0,"event_name":"Lab","floor":5,"gold_loss":0}],"is_beta":false,"boss_relics":[],"items_purged_floors":[4],"is_endless":false,"potions_floor_spawned":[3],"killed_by":"3 Sentries","ascension_level":20}}