{"host":"mcmflfjoldkjkv7m","time":1612697170,"event":{"mods":["AchievementEnabler","BaseMod","DeckTracker","Minty Spire (QoL Compilation)","SuperFastMode"],"gold_per_floor":[111,61,61,81,81,81,96,96,123,52,67,67,67],"floor_reached":12,"language":"KOR","playtime":334,"items_purged":[],"score":105,"play_id":"5dcdef4f-1944-41ec-ba1a-845787b129ab","local_time":"20210207202610","is_ascension_mode":true,"campfire_choices":[{"data":"Neutralize","floor":6,"key":"SMITH"},{"data":"Purity","floor":8,"key":"SMITH"}],"circlet_count":0,"master_deck":["AscendersBane","Strike_G","Strike_G","Strike_G","Strike_G","Defend_G","Defend_G","Defend_G","Defend_G","Defend_G","Survivor","Neutralize+1","Panacea","PiercingWail","Purity+1","Unload","Venomology"],"relics":["Ring of the Snake","Blood Vial"],"acts_visited":["Exordium"],"potions_floor_usage":[12],"damage_taken":[{"damage":1,"enemies":"Small Slimes","floor":1,"turns":4},{"damage":3,"enemies":"Jaw Worm","floor":4,"turns":7},{"damage":6,"enemies":"Cultist","floor":7,"turns":6},{"damage":22,"enemies":"Large Slime","floor":11,"turns":7},{"damage":35,"enemies":"3 Sentries","floor":12,"turns":8}],"seed_played":"1114167452252643685","potions_obtained":[{"floor":7,"key":"Swift Potion"}],"is_trial":false,"path_per_floor":["M","?","$","M","?","R","M","R","T","$","M","E"],"character_chosen":"THE_SILENT","items_purchased":["Unload"],"campfire_rested":0,"item_purchase_floors":[10],"current_hp_per_floor":[62,62,62,59,59,59,53,53,53,53,33,0,0],"gold":67,"neow_bonus":"RANDOM_COLORLESS","is_daily":false,"chose_seed":false,"campfire_upgraded":2,"win_rate":0.0,"timestamp":1612697170,"path_taken":["M","?","$","M","?","R","M","R","T","$","M","E"],"items_purchased_type":["Card"],"build_version":"2020-12-22","purchased_purges":0,"victory":false,"max_hp_per_floor":[70,70,70,70,70,70,70,70,70,70,70,70,70],"card_choices":[{"not_picked":["Forethought","Enlightenment"],"picked":"Panacea","floor":0},{"not_picked":["Quick Slash","All Out Attack"],"picked":"PiercingWail","floor":1},{"not_picked":["Deflect","Quick Slash","Dagger Spray"],"picked":"SKIP","floor":4},{"not_picked":["Deadly Poison","Backflip","Choke"],"picked":"SKIP","floor":7},{"not_picked":["Sucker Punch","Cloak And Dagger"],"picked":"Venomology","floor":11}],"player_experience":361352,"relics_obtained":[{"floor":9,"key":"Blood Vial"}],"event_choices":[{"cards_removed":["Strike_G"],"damage_healed":0,"gold_gain":0,"player_choice":"Card Removal","damage_taken":0,"max_hp_gain":0,"max_hp_loss":0,"event_name":"The Cleric","floor":2,"gold_loss":50},{"damage_healed":0,"gold_gain":0,"player_choice":"1 cards matched","damage_taken":0,"max_hp_gain":0,"max_hp_loss":0,"event_name":"Match and Keep!","floor":5,"gold_loss":0,"cards_obtained":["Purity"]}],"is_beta":false,"boss_relics":[],"items_purged_floors":[],"is_endless":false,"potions_floor_spawned":[7],"killed_by":"3 Sentries","ascension_level":11}}