{"host":"f9ztaq6figs4snwj","time":1612700810,"event":{"mods":["BaseMod","Bestiary","Colored Map","Colored Powertips","Curses Come First","DeckTracker","Minty Spire (QoL Compilation)","Quick Restart","StSLib"],"gold_per_floor":[114,90,100,20,20,52,52,63,63,78,135,135,210,43,43,147,147,164,179,191,92,111,111,144,155,234,234,268,286,312,339,351,459,471,521,533,545,56,68,96,96,443,443,458,474,484,484,499,499,499,499],"floor_reached":50,"language":"ENG","playtime":2845,"items_purged":[],"score":667,"play_id":"cb137f4d-a8d2-4ef7-896c-23412054a54c","local_time":"20210207132650","is_ascension_mode":true,"campfire_choices":[{"data":"SandsOfTime","floor":7,"key":"SMITH"},{"floor":15,"key":"REST"},{"floor":23,"key":"REST"},{"data":"Mayhem","floor":27,"key":"SMITH"},{"data":"Devotion","floor":32,"key":"SMITH"},{"floor":41,"key":"RECALL"},{"floor":47,"key":"REST"},{"floor":49,"key":"REST"}],"circlet_count":0,"master_deck":["Strike_P","Strike_P","Strike_P","Strike_P","Defend_P","Defend_P","Defend_P","Defend_P","Vigilance","SandsOfTime+1","FollowUp","FollowUp","BattleHymn","FlyingSleeves","Evaluate","Tantrum","Mayhem+1","Devotion+1","CurseOfTheBell","Evaluate+1","Perseverance+1","Wish","Consecrate+1","Devotion","Mayhem+1","Mayhem","FlurryOfBlows+1"],"relics":["PureWater","NeowsBlessing","Meat on the Bone","Mummified Hand","Torii","Calling Bell","Dream Catcher","Pantograph","CaptainsWheel","Bag of Preparation","Singing Bowl","Red Mask","MawBank","Busted Crown","DollysMirror","Happy Flower","Blue Candle","Old Coin"],"acts_visited":["Exordium","TheCity","TheBeyond"],"potions_floor_usage":[10,11,16,20,24,24,29,29,30,30,42,45,48],"damage_taken":[{"damage":0,"enemies":"Jaw Worm","floor":1,"turns":1},{"damage":0,"enemies":"Small Slimes","floor":3,"turns":1},{"damage":0,"enemies":"3 Sentries","floor":6,"turns":1},{"damage":5,"enemies":"2 Louse","floor":8,"turns":3},{"damage":21,"enemies":"Gremlin Gang","floor":10,"turns":3},{"damage":31,"enemies":"3 Sentries","floor":11,"turns":6},{"damage":16,"enemies":"Slime Boss","floor":16,"turns":5},{"damage":11,"enemies":"Shell Parasite","floor":18,"turns":5},{"damage":1,"enemies":"Chosen","floor":19,"turns":4},{"damage":1,"enemies":"Snecko","floor":20,"turns":3},{"damage":9,"enemies":"Centurion and Healer","floor":22,"turns":4},{"damage":8,"enemies":"Book of Stabbing","floor":24,"turns":5},{"damage":1,"enemies":"Sentry and Sphere","floor":25,"turns":3},{"damage":0,"enemies":"Masked Bandits","floor":28,"turns":2},{"damage":15,"enemies":"Snake Plant","floor":29,"turns":4},{"damage":0,"enemies":"Gremlin Leader","floor":30,"turns":5},{"damage":17,"enemies":"Centurion and Healer","floor":31,"turns":5},{"damage":58,"enemies":"Champ","floor":33,"turns":9},{"damage":49,"enemies":"3 Darklings","floor":35,"turns":5},{"damage":12,"enemies":"Orb Walker","floor":39,"turns":5},{"damage":20,"enemies":"Giant Head","floor":40,"turns":7},{"damage":33,"enemies":"2 Orb Walkers","floor":42,"turns":6},{"damage":2,"enemies":"Transient","floor":44,"turns":5},{"damage":10,"enemies":"3 Darklings","floor":45,"turns":6},{"damage":30,"enemies":"Sphere and 2 Shapes","floor":46,"turns":5},{"damage":14,"enemies":"4 Shapes","floor":48,"turns":5},{"damage":113,"enemies":"Awakened One","floor":50,"turns":4}],"seed_played":"-59687648177036150","potions_obtained":[{"floor":1,"key":"DuplicationPotion"},{"floor":6,"key":"StancePotion"},{"floor":11,"key":"AttackPotion"},{"floor":16,"key":"Swift Potion"},{"floor":18,"key":"Weak Potion"},{"floor":29,"key":"Strength Potion"},{"floor":40,"key":"EssenceOfSteel"},{"floor":44,"key":"EssenceOfSteel"},{"floor":45,"key":"PowerPotion"}],"is_trial":false,"path_per_floor":["M","$","M","$","?","E","R","M","T","M","?","?","?","$","R","B",null,"M","M","M","$","M","R","E","M","T","R","?","M","E","M","R","B",null,"M","?","?","$","M","E","R","?","T","M","M","M","R","M","R","B"],"character_chosen":"WATCHER","items_purchased":["FollowUp","BattleHymn","Mayhem","EntropicBrew","DollysMirror","Mayhem","Happy Flower"],"campfire_rested":4,"item_purchase_floors":[2,4,14,21,38,38,38],"current_hp_per_floor":[72,72,72,72,77,77,77,72,72,51,32,32,21,21,44,40,77,66,65,64,64,55,77,69,68,68,68,70,57,59,42,42,21,83,48,48,50,50,52,46,46,27,27,39,41,25,56,56,88,0,0],"gold":499,"neow_bonus":"THREE_ENEMY_KILL","is_daily":false,"chose_seed":false,"campfire_upgraded":3,"win_rate":0.0,"timestamp":1612700810,"path_taken":["M","$","M","$","?","E","R","M","T","M","?","?","?","?","R","BOSS","M","M","?","$","M","R","E","M","T","R","?","M","E","M","R","BOSS","M","?","?","$","M","E","R","?","T","M","M","M","R","M","R","BOSS"],"items_purchased_type":["Card","Card","Card","Potion","Relic","Card","Relic"],"build_version":"2020-12-22","purchased_purges":0,"victory":false,"max_hp_per_floor":[72,72,72,72,77,77,77,77,77,77,77,77,77,77,77,77,77,77,77,77,77,77,77,77,77,77,77,79,81,83,83,83,83,83,85,85,87,87,89,91,91,93,93,95,95,97,99,101,103,103,103],"card_choices":[{"not_picked":["MentalFortress","CrushJoints"],"picked":"SandsOfTime","floor":1},{"not_picked":["ClearTheMind","ReachHeaven"],"picked":"FollowUp","floor":3},{"not_picked":["Indignation","Nirvana"],"picked":"FollowUp","floor":6},{"not_picked":["Halt","PathToVictory","WaveOfTheHand"],"picked":"SKIP","floor":8},{"not_picked":["InnerPeace","SpiritShield"],"picked":"FlyingSleeves","floor":10},{"not_picked":["BowlingBash","ThirdEye"],"picked":"Evaluate","floor":11},{"not_picked":["DevaForm","Omniscience"],"picked":"Devotion","floor":16},{"not_picked":["FlurryOfBlows+1","PathToVictory"],"picked":"Evaluate+1","floor":18},{"not_picked":["ThirdEye","Conclude","Swivel"],"picked":"SKIP","floor":19},{"not_picked":["SashWhip","CutThroughFate","Adaptation"],"picked":"SKIP","floor":20},{"not_picked":["Crescendo+1","BowlingBash"],"picked":"Perseverance+1","floor":22},{"not_picked":["SashWhip","Sanctity+1"],"picked":"Wish","floor":24},{"not_picked":["Nirvana","PathToVictory","Tantrum"],"picked":"SKIP","floor":25},{"not_picked":["WaveOfTheHand","ThirdEye","SignatureMove"],"picked":"Singing Bowl","floor":28},{"not_picked":["Halt","EmptyMind+1","CrushJoints"],"picked":"Singing Bowl","floor":29},{"not_picked":["Scrawl","WheelKick","SignatureMove+1"],"picked":"Singing Bowl","floor":30},{"not_picked":["Halt+1","BowlingBash+1"],"picked":"Consecrate+1","floor":31},{"not_picked":["Alpha","Blasphemy"],"picked":"Devotion","floor":33},{"not_picked":["ReachHeaven"],"picked":"Singing Bowl","floor":35},{"not_picked":["Panache"],"picked":"Singing Bowl","floor":37},{"not_picked":["Tantrum+1"],"picked":"Singing Bowl","floor":39},{"not_picked":["ThirdEye"],"picked":"Singing Bowl","floor":40},{"not_picked":["Halt+1"],"picked":"Singing Bowl","floor":42},{"not_picked":["ThirdEye"],"picked":"Singing Bowl","floor":44},{"not_picked":[],"picked":"FlurryOfBlows+1","floor":45},{"not_picked":["CrushJoints+1"],"picked":"Singing Bowl","floor":46},{"not_picked":["ThirdEye"],"picked":"Singing Bowl","floor":47},{"not_picked":["FlyingSleeves"],"picked":"Singing Bowl","floor":48},{"not_picked":["EmptyFist"],"picked":"Singing Bowl","floor":49}],"player_experience":401916,"relics_obtained":[{"floor":6,"key":"Meat on the Bone"},{"floor":9,"key":"Mummified Hand"},{"floor":11,"key":"Torii"},{"floor":17,"key":"Dream Catcher"},{"floor":17,"key":"Pantograph"},{"floor":17,"key":"CaptainsWheel"},{"floor":24,"key":"Bag of Preparation"},{"floor":26,"key":"Singing Bowl"},{"floor":28,"key":"Red Mask"},{"floor":30,"key":"MawBank"},{"floor":40,"key":"Blue Candle"},{"floor":42,"key":"Old Coin"}],"event_choices":[{"damage_healed":0,"gold_gain":0,"player_choice":"Donut","damage_taken":0,"max_hp_gain":5,"max_hp_loss":0,"event_name":"Big Fish","floor":5,"gold_loss":0},{"damage_healed":0,"gold_gain":0,"player_choice":"Searched \u00271\u0027 times","damage_taken":0,"max_hp_gain":0,"max_hp_loss":0,"event_name":"Dead Adventurer","floor":11,"gold_loss":0},{"damage_healed":0,"gold_gain":0,"cards_transformed":["Eruption"],"player_choice":"Change","damage_taken":0,"max_hp_gain":0,"max_hp_loss":0,"event_name":"Living Wall","floor":12,"gold_loss":0,"cards_obtained":["Tantrum"]},{"damage_healed":0,"gold_gain":75,"player_choice":"Gather Gold","damage_taken":11,"max_hp_gain":0,"max_hp_loss":0,"event_name":"World of Goop","floor":13,"gold_loss":0},{"damage_healed":0,"gold_gain":0,"player_choice":"Fought Bandits","damage_taken":0,"max_hp_gain":0,"max_hp_loss":0,"event_name":"Masked Bandits","floor":28,"gold_loss":0},{"cards_removed":["FollowUp"],"damage_healed":0,"gold_gain":0,"player_choice":"Removed Attack","damage_taken":0,"max_hp_gain":0,"max_hp_loss":0,"event_name":"Falling","floor":36,"gold_loss":0},{"damage_healed":0,"gold_gain":0,"player_choice":"Memory 1","damage_taken":0,"max_hp_gain":0,"max_hp_loss":0,"event_name":"SensoryStone","floor":37,"gold_loss":0},{"damage_healed":0,"gold_gain":0,"player_choice":"Fight","damage_taken":0,"max_hp_gain":0,"max_hp_loss":0,"event_name":"Mysterious Sphere","floor":42,"gold_loss":0}],"is_beta":false,"boss_relics":[{"not_picked":["Empty Cage","SlaversCollar"],"picked":"Calling Bell"},{"not_picked":["VioletLotus","SacredBark"],"picked":"Busted Crown"}],"items_purged_floors":[],"is_endless":false,"potions_floor_spawned":[1,6,11,16,18,28,29,40,44,45],"killed_by":"Awakened One","ascension_level":1}}