{"host":"jh7kh5nqtgzr3auj","time":1612690482,"event":{"mods":["AchievementEnabler","Act Like it!","BaseMod","CapriCore","Colored Powertips","Good Game Mod","Highlight Path","HololiveMod","Minty Spire (QoL Compilation)","Quick Restart","Relic Stats","StSLib","TestMod"],"gold_per_floor":[87,37,59,74,21,54,54,92,92,167,209,226,237,267,267,383,383,408,408,408,507,291,352,752,816,843,893,601,651,651,125,125,294,294,341,422,450,491,532,599,669,728,728,728,728,790,819,819,819,872,872,872,57,111,160],"floor_reached":56,"language":"ZHS","playtime":3307,"items_purged":[],"score":2459,"play_id":"91059038-58f9-4c29-9934-05b02b211ba7","local_time":"20210207173442","is_ascension_mode":true,"campfire_choices":[{"data":"Hololive_OvertimeWork","floor":7.0,"key":"SMITH"},{"data":"Hololive_CallDoris","floor":15.0,"key":"SMITH"},{"data":"Hololive_CallOzoraSubaru","floor":30,"key":"SMITH"},{"data":"Hololive_Rebirth","floor":32,"key":"SMITH"},{"floor":49,"key":"RECALL"},{"data":"Hololive_Yoholoon","floor":52,"key":"SMITH"}],"circlet_count":0,"master_deck":["Hololive_FlyingPonyTail","Hololive_CallRosalyn","Hololive_CallSpadeEcho","Hololive_CallDoris+1","Hololive_CallAkaiHaato","Hololive_CallNatsuiroMatsuri","Hololive_OvertimeWork+1","Hololive_StrengthChampion","Hololive_FlyingPonyTail","Hololive_Trident","Hololive_CallYukihanaLamy","Hololive_FlyingPonyTail","Hololive_CallNakiriAyame","Hololive_CallYozoraMel","Hololive_CallRoboco","Hololive_CallShiroganeNoel","Hololive_Rebirth+1","Hololive_Yoholoon+1","Hololive_FlyingPonyTail","Hololive_CallSakuraMiko","Hololive_CallUsadaPekora","Hololive_CallNekomataOkayu","Hololive_CallOzoraSubaru+1","Hololive_OvertimeWork+1","Hololive_CallOmaruPolka","Hololive_ManjiGathering","Hololive_Spy","Hololive_CallOkamiMio","Hololive_CallYuzukiChoco","testmod-Dream","Hololive_DDD","Hololive_CallAkiRosenthal+1","Hololive_CocoNews+1","Hololive_CallArtia","Hololive_CallYogiri","Hololive_Nanodesu","Madness","Hololive_CallHoushouMarine+1","Hololive_Yoholoon","Hololive_Spy+1","Secret Technique+1"],"relics":["Hololive_TheStar","REME:ComplimentaryCards","testmod-CyclicPeriapt","Oddly Smooth Stone","Dead Branch","testmod-Alchemist","Matryoshka","testmod-DeterminationOfClimber","Orichalcum","testmod-Acrobat","Nunchaku","Bag of Preparation","Pen Nib","testmod-AssaultLearning","Strange Spoon","Tiny Chest","SlaversCollar","testmod-ObsoleteBoomerang","Meat on the Bone","Happy Flower","Dream Catcher","Prayer Wheel","Hololive_FriedShrimpLion","Toxic Egg 2","testmod-TurbochargingSystem","ClockworkSouvenir","HornCleat"],"acts_visited":["Exordium","TheCity","TheBeyond","TheEnding"],"potions_floor_usage":[33,33,33,33,36,36,36,36,36,38,39,41,41,42,42,47,47,47,47,50,50,50,53,54,54,54,55,55,55,55],"damage_taken":[{"damage":0.0,"enemies":"Small Slimes","floor":1.0,"turns":3.0},{"damage":0.0,"enemies":"Jaw Worm","floor":3.0,"turns":3.0},{"damage":0.0,"enemies":"Cultist","floor":4.0,"turns":3.0},{"damage":0.0,"enemies":"Gremlin Nob","floor":6.0,"turns":4.0},{"damage":0.0,"enemies":"Lagavulin","floor":8.0,"turns":5.0},{"damage":0.0,"enemies":"3 Sentries","floor":11.0,"turns":5.0},{"damage":0.0,"enemies":"3 Louse","floor":12.0,"turns":3.0},{"damage":0.0,"enemies":"Exordium Wildlife","floor":13.0,"turns":3.0},{"damage":0.0,"enemies":"Gremlin Nob","floor":14.0,"turns":4.0},{"damage":0.0,"enemies":"The Guardian","floor":16.0,"turns":6.0},{"damage":0,"enemies":"Spheric Guardian","floor":18,"turns":1},{"damage":0,"enemies":"Gremlin Leader","floor":23,"turns":2},{"damage":0,"enemies":"Book of Stabbing","floor":25,"turns":2},{"damage":0,"enemies":"Shell Parasite","floor":27,"turns":1},{"damage":0,"enemies":"Shelled Parasite and Fungi","floor":29,"turns":2},{"damage":0,"enemies":"Collector","floor":33,"turns":4},{"damage":0,"enemies":"Orb Walker","floor":35,"turns":1},{"damage":0,"enemies":"Mind Bloom Boss Battle","floor":36,"turns":2},{"damage":0,"enemies":"3 Shapes","floor":37,"turns":1},{"damage":0,"enemies":"Spire Growth","floor":38,"turns":1},{"damage":0,"enemies":"3 Darklings","floor":39,"turns":1},{"damage":0,"enemies":"Giant Head","floor":40,"turns":1},{"damage":0,"enemies":"Maw","floor":41,"turns":3},{"damage":0,"enemies":"Reptomancer","floor":42,"turns":3},{"damage":0,"enemies":"Giant Head","floor":46,"turns":1},{"damage":0,"enemies":"Jaw Worm Horde","floor":47,"turns":1},{"damage":0,"enemies":"Time Eater","floor":50,"turns":6},{"damage":0,"enemies":"Shield and Spear","floor":54,"turns":1},{"damage":0,"enemies":"The Heart","floor":55,"turns":2}],"seed_played":"-1683657231462193843","potions_obtained":[{"floor":3.0,"key":"Fire Potion"},{"floor":8.0,"key":"SteroidPotion"},{"floor":12.0,"key":"Regen Potion"},{"floor":16.0,"key":"AttackPotion"},{"floor":18,"key":"Block Potion"},{"floor":27,"key":"Dexterity Potion"},{"floor":29,"key":"EntropicBrew"},{"floor":33,"key":"testmod-TimePotion"},{"floor":41,"key":"AttackPotion"},{"floor":42,"key":"Weak Potion"}],"is_trial":false,"path_per_floor":["M","?","M","M","$","E","R","E","T","?","E","M","M","E","R","B",null,"M","?","?","?","$","E","?","E","T","M","$","M","R","$","R","B",null,"M","?","M","M","M","E","M","E","T","?","?","E","M","T","R","B",null,"R","$","E","B",null],"character_chosen":"Hololive_HololiveCharacter","items_purchased":["Hololive_Trident","Hololive_CallNekomataOkayu","Orichalcum","Hololive_ManjiGathering","testmod-AssaultLearning","Hololive_Spy","Hololive_CallYuzukiChoco","testmod-Dream","Strange Spoon","Tiny Chest","Hololive_Yoholoon","Hololive_Spy+1","testmod-TurbochargingSystem","ClockworkSouvenir","testmod-SpacePotion","Energy Potion","Dexterity Potion","Secret Technique+1"],"campfire_rested":0,"item_purchase_floors":[5,22,22,28,28,28,31,31,31,31,53,53,53,53,53,53,53,53],"current_hp_per_floor":[23,23,23,23,23,23,23,23,23,12,12,12,12,12,12,12,29,35,35,35,35,35,35,35,35,35,35,35,35,35,35,35,35,35,35,35,35,35,35,35,35,35,35,31,31,35,35,35,35,35,35,35,35,35,35],"gold":160,"neow_bonus":"REMOVE_TWO","is_daily":false,"chose_seed":false,"campfire_upgraded":5,"win_rate":0.0,"timestamp":1612690482,"path_taken":["M","?","M","M","$","E","R","E","T","?","E","M","M","E","R","BOSS","BOSS","M","?","?","?","$","E","?","E","T","?","?","M","R","$","R","BOSS","M","?","M","M","M","E","M","E","T","?","?","E","M","?","R","BOSS","R","$","E","BOSS"],"items_purchased_type":["Card","Card","Relic","Card","Relic","Card","Card","Card","Relic","Relic","Card","Card","Relic","Relic","Potion","Potion","Potion","Card"],"build_version":"2020-12-22","purchased_purges":0,"victory":true,"max_hp_per_floor":[35,35,35,35,35,35,35,35,35,35,35,35,35,35,35,35,35,35,35,35,35,35,35,35,35,35,35,35,35,35,35,35,35,35,35,35,35,35,35,35,35,35,35,35,35,35,35,35,35,35,35,35,35,35,35],"relic_stats":{"Happy Flower":[3],"counters":[29,75],"Dead Branch":[31],"Pen Nib":[11],"Bag of Preparation":[32],"Orichalcum":[6],"Strange Spoon":[9],"Nunchaku":[11],"Dream Catcher":0,"Tiny Chest":1,"Prayer Wheel":1,"obtain_stats":[{"Bag of Preparation":26,"ClockworkSouvenir":53,"Nunchaku":25,"Dream Catcher":43,"testmod-Alchemist":11,"Matryoshka":14,"HornCleat":54,"Tiny Chest":31,"testmod-ObsoleteBoomerang":36,"Prayer Wheel":43,"testmod-DeterminationOfClimber":17,"Toxic Egg 2":48,"testmod-TestBox":0,"Happy Flower":42,"Dead Branch":8,"Oddly Smooth Stone":6,"testmod-CyclicPeriapt":0,"Pen Nib":26,"testmod-TurbochargingSystem":53,"Orichalcum":22,"Strange Spoon":31,"SlaversCollar":34,"REME:ComplimentaryCards":0,"testmod-Acrobat":23,"testmod-AssaultLearning":28,"Hololive_TheStar":0,"Hololive_FriedShrimpLion":46,"Meat on the Bone":40},{"Bag of Preparation":13,"ClockworkSouvenir":27,"Nunchaku":13,"Dream Catcher":24,"testmod-Alchemist":6,"Matryoshka":9,"HornCleat":28,"Tiny Chest":15,"testmod-ObsoleteBoomerang":18,"Prayer Wheel":24,"testmod-DeterminationOfClimber":10,"Toxic Egg 2":26,"testmod-TestBox":0,"Happy Flower":24,"Dead Branch":5,"Oddly Smooth Stone":4,"testmod-CyclicPeriapt":0,"Pen Nib":13,"testmod-TurbochargingSystem":27,"Orichalcum":11,"Strange Spoon":15,"SlaversCollar":16,"REME:ComplimentaryCards":0,"testmod-Acrobat":12,"testmod-AssaultLearning":14,"Hololive_TheStar":0,"Hololive_FriedShrimpLion":25,"Meat on the Bone":22},{"Bag of Preparation":44,"ClockworkSouvenir":72,"Nunchaku":44,"Dream Catcher":64,"testmod-Alchemist":23,"Matryoshka":33,"HornCleat":73,"Tiny Chest":47,"testmod-ObsoleteBoomerang":54,"Prayer Wheel":64,"testmod-DeterminationOfClimber":39,"Toxic Egg 2":66,"testmod-TestBox":0,"Happy Flower":64,"Dead Branch":18,"Oddly Smooth Stone":13,"testmod-CyclicPeriapt":0,"Pen Nib":44,"testmod-TurbochargingSystem":72,"Orichalcum":40,"Strange Spoon":47,"SlaversCollar":51,"REME:ComplimentaryCards":0,"testmod-Acrobat":42,"testmod-AssaultLearning":45,"Hololive_TheStar":0,"Hololive_FriedShrimpLion":65,"Meat on the Bone":58}],"Meat on the Bone":0},"card_choices":[{"not_picked":["Hololive_CallArtia","Hololive_Rebound","Hololive_HuntDinosaur"],"picked":"Hololive_OvertimeWork","floor":1.0},{"not_picked":["Hololive_OvertimeWork","Hololive_DevilCharm","Hololive_HuntDinosaur"],"picked":"Hololive_StrengthChampion","floor":3.0},{"not_picked":["Hololive_AWSL","Hololive_Rebound","Hololive_CallUruhaRushia"],"picked":"Hololive_FlyingPonyTail","floor":4.0},{"not_picked":["Hololive_LuckPotion","Hololive_HighAtkLowDef","Hololive_RevenueBasedLive"],"picked":"Hololive_CallYukihanaLamy","floor":6.0},{"not_picked":["Hololive_Psychosis","Hololive_Sequa","Hololive_Breathe"],"picked":"Hololive_FlyingPonyTail","floor":8.0},{"not_picked":["Hololive_ASMR","Hololive_LuckPotion","Hololive_Psychosis"],"picked":"Hololive_CallNakiriAyame","floor":11.0},{"not_picked":["Hololive_RevenueBasedLive","Hololive_CallDoris","Hololive_Psychosis"],"picked":"Hololive_CallYozoraMel","floor":12.0},{"not_picked":["Hololive_LuckPotion","Hololive_Sequa","Hololive_CallTokoyamiTowa"],"picked":"Hololive_CallRoboco","floor":13.0},{"not_picked":["Hololive_Trident","Hololive_LuckPotion","Hololive_Breathe"],"picked":"Hololive_CallShiroganeNoel","floor":14.0},{"not_picked":["Hololive_IdolExercise","Hololive_HighAtkLowDef","Hololive_OpenUp"],"picked":"Hololive_Rebirth","floor":16.0},{"not_picked":["Hololive_DevilCharm","Hololive_CallMomosuzuNene","Hololive_CallRoboco"],"picked":"Hololive_Yoholoon","floor":18},{"not_picked":["Hololive_RevenueBasedLive+1","Hololive_CandyCastle","Hololive_FlareMind"],"picked":"Hololive_CallOzoraSubaru","floor":23},{"not_picked":["Hololive_CallShishiroBotan+1","Hololive_FlyingPonyTail","Hololive_StarCraft"],"picked":"Hololive_OvertimeWork+1","floor":25},{"not_picked":["Hololive_CallRoboco","Hololive_CocoNews","Hololive_Sequa"],"picked":"Hololive_CallOmaruPolka","floor":27},{"not_picked":["Hololive_CallTokinoSora","Hololive_Trident","Hololive_Teleport"],"picked":"Hololive_CallOkamiMio","floor":29},{"not_picked":["Hololive_OpenUp","Hololive_DiamondStrike","Hololive_Rebirth"],"picked":"Hololive_DDD","floor":33},{"not_picked":["Hololive_Trident+1","Hololive_Rebound","Hololive_StrengthChampion","Hololive_Breathe"],"picked":"SKIP","floor":35},{"not_picked":["Hololive_Breathe","Hololive_Sequa+1","Hololive_RevenueBasedLive+1"],"picked":"Hololive_CallAkiRosenthal+1","floor":37},{"not_picked":["Hololive_RevenueBasedLive","Hololive_Rebound","Hololive_Breathe+1"],"picked":"Hololive_CocoNews+1","floor":38},{"not_picked":["Hololive_Drill","Hololive_StrengthChampion","Hololive_CallAkaiHaato+1","Hololive_Psychosis"],"picked":"SKIP","floor":39},{"not_picked":["Hololive_ASMR","Hololive_CandyCastle","Hololive_Breathe"],"picked":"Hololive_CallArtia","floor":40},{"not_picked":["Hololive_CallArtia","Hololive_HuntDinosaur","Hololive_Trident+1"],"picked":"Hololive_CallYogiri","floor":41},{"not_picked":["Hololive_AWSL","Hololive_HuntDinosaur","Hololive_CocoNews"],"picked":"Hololive_Nanodesu","floor":42},{"not_picked":["Hololive_FlyingPonyTail+1","Hololive_Breathe","Hololive_CallSakuraMiko+1"],"picked":"Hololive_CallHoushouMarine+1","floor":46},{"not_picked":["Hololive_CocoNews","Hololive_CallYuzukiChoco","Hololive_CallYozoraMel","Hololive_Trident"],"picked":"SKIP","floor":47},{"not_picked":["Hololive_OvertimeWork+1","Hololive_Sequa","Hololive_CallUsadaPekora+1","Hololive_CallAkaiHaato+1"],"picked":"SKIP","floor":47},{"not_picked":["Hololive_Trident+1","Hololive_Drill+1","Hololive_RevenueBasedLive+1","Hololive_CocoNews"],"picked":"SKIP","floor":54}],"player_experience":303507,"relics_obtained":[{"floor":6.0,"key":"Oddly Smooth Stone"},{"floor":8.0,"key":"Dead Branch"},{"floor":11.0,"key":"testmod-Alchemist"},{"floor":14.0,"key":"Matryoshka"},{"floor":23,"key":"testmod-Acrobat"},{"floor":25,"key":"Nunchaku"},{"floor":26,"key":"Bag of Preparation"},{"floor":26,"key":"Pen Nib"},{"floor":36,"key":"testmod-ObsoleteBoomerang"},{"floor":40,"key":"Meat on the Bone"},{"floor":42,"key":"Happy Flower"},{"floor":43,"key":"Dream Catcher"},{"floor":43,"key":"Prayer Wheel"},{"floor":46,"key":"Hololive_FriedShrimpLion"},{"floor":48,"key":"Toxic Egg 2"},{"floor":54,"key":"HornCleat"}],"event_choices":[{"cards_removed":["Hololive_Defend"],"damage_healed":0.0,"max_hp_gain":0.0,"max_hp_loss":0.0,"gold_gain":0.0,"event_name":"The Cleric","player_choice":"Card Removal","floor":2.0,"gold_loss":50.0,"damage_taken":0.0},{"damage_healed":0.0,"max_hp_gain":0.0,"max_hp_loss":0.0,"gold_gain":75.0,"event_name":"World of Goop","player_choice":"Gather Gold","floor":10.0,"gold_loss":0.0,"damage_taken":11.0},{"damage_healed":0,"gold_gain":0,"player_choice":"Read","damage_taken":0,"max_hp_gain":0,"max_hp_loss":0,"event_name":"The Library","floor":19,"gold_loss":0,"cards_obtained":["Hololive_FlyingPonyTail"]},{"damage_healed":0,"gold_gain":0,"cards_transformed":["Hololive_Defend","Hololive_CallAyundaRisu"],"player_choice":"Became Test Subject","damage_taken":0,"max_hp_gain":0,"max_hp_loss":0,"event_name":"Drug Dealer","floor":20,"gold_loss":0,"cards_obtained":["Hololive_CallSakuraMiko","Hololive_CallUsadaPekora"]},{"damage_healed":0,"gold_gain":99,"player_choice":"Stole From Cult","damage_taken":0,"max_hp_gain":0,"max_hp_loss":0,"event_name":"Nest","floor":21,"gold_loss":0},{"damage_healed":0,"gold_gain":400,"player_choice":"Sell","damage_taken":0,"max_hp_gain":0,"max_hp_loss":0,"event_name":"¶÷ÂåË¹µÄÅÌ×Ó","floor":24,"relics_lost":["testmod-TestBox"],"gold_loss":0},{"damage_healed":0,"gold_gain":0,"player_choice":"Fight","damage_taken":0,"max_hp_gain":0,"max_hp_loss":0,"event_name":"MindBloom","floor":36,"gold_loss":0},{"damage_healed":0,"gold_gain":0,"player_choice":"Embrace Madness","damage_taken":4,"max_hp_gain":0,"max_hp_loss":0,"event_name":"Winding Halls","floor":44,"gold_loss":0,"cards_obtained":["Madness","Madness"]},{"cards_removed":["Madness"],"damage_healed":0,"gold_gain":0,"player_choice":"Removed Skill","damage_taken":0,"max_hp_gain":0,"max_hp_loss":0,"event_name":"Falling","floor":45,"gold_loss":0}],"is_beta":false,"boss_relics":[{"not_picked":["testmod-Fanaticism","testmod-HarvestTotem"],"picked":"testmod-DeterminationOfClimber"},{"not_picked":["Hololive_TopUpMoneyS","Runic Pyramid"],"picked":"SlaversCollar"}],"items_purged_floors":[],"is_endless":false,"potions_floor_spawned":[3,8,12,16,18,27,29,33,39,41,42],"ascension_level":8}}