{"host":"i70yit5z0kpl303k","time":1612732891,"event":{"mods":["2.2 Compatiblity","Act Like it!","BaseMod","BetterRewards","Evolution","Infinite Spire","Ironclad Rager","Koishi","Marked Mod","Minty Spire (QoL Compilation)","Relic Stats","Reliquary","Replay The Spire","StSLib","The Blue Laboratory","The Marked"],"gold_per_floor":[15,15,15,15,34,51,51,15,62,97,128,156,187,217,229,338,350,375,402,414,444,456,468,508,520,555,584,615,727,739,777,789,801,801],"floor_reached":33,"language":"ENG","playtime":1217,"items_purged":[],"score":269,"play_id":"585888c4-7456-422c-b17a-ed9d657b320e","local_time":"20210207132131","is_ascension_mode":false,"campfire_choices":[{"floor":7,"key":"REST"},{"floor":15,"key":"REST"},{"data":"infinitespire:Neurotoxin","floor":23,"key":"SMITH"},{"floor":25,"key":"REST"},{"floor":32,"key":"REST"}],"circlet_count":0,"master_deck":["Survivor","Neutralize","Poisoned Stab","Poisoned Stab","Poisoned Stab","Poisoned Stab","Poisoned Stab","Dodge and Roll","Dodge and Roll","Dodge and Roll","Dodge and Roll","Dodge and Roll","Dagger Spray","Doubt","Crescendo","Cloak And Dagger","Accuracy","Venomology","Slice","Infinite Blades","Corpse Explosion","Sucker Punch","infinitespire:Neurotoxin+1","Flying Knee+1","Blade Dance","Leg Sweep+1","Poisoned Stab","Poisoned Stab","Hidden Blade+1"],"relics":["EVO:Axolotl","infinitespire:Cubic Diamond","reliquary:RoseTintedGlasses","MawBank","reliquary:KinkedSpring","Nloth\u0027s Gift","Dead Branch","Akabeko","Replay:Wanted Poster","Onion Ring","MutagenicStrength","Blood Vial"],"acts_visited":["Exordium","TheCity"],"potions_floor_usage":[19,24,24,33,33,33],"damage_taken":[{"damage":4,"enemies":"Jaw Worm","floor":1,"turns":2},{"damage":0,"enemies":"2 Louse","floor":5,"turns":4},{"damage":10,"enemies":"Small Slimes","floor":6,"turns":3},{"damage":15,"enemies":"3 Sentries","floor":10,"turns":8},{"damage":5,"enemies":"Exordium Thugs","floor":11,"turns":4},{"damage":3,"enemies":"Blue Slaver","floor":12,"turns":3},{"damage":0,"enemies":"Large Slime","floor":13,"turns":4},{"damage":9,"enemies":"3 Louse","floor":14,"turns":2},{"damage":28,"enemies":"Hexaghost","floor":16,"turns":8},{"damage":10,"enemies":"Shell Parasite","floor":18,"turns":4},{"damage":0,"enemies":"Chosen","floor":19,"turns":4},{"damage":0,"enemies":"Centurion and Healer","floor":21,"turns":5},{"damage":37,"enemies":"Gremlin Leader","floor":24,"turns":6},{"damage":8,"enemies":"Snecko","floor":27,"turns":4},{"damage":14,"enemies":"Cultist and Chosen","floor":28,"turns":3},{"damage":40,"enemies":"Champ","floor":33,"turns":5}],"seed_played":"2723524421126279785","potions_obtained":[{"floor":5,"key":"blueLaboratory:Moonshine"},{"floor":6,"key":"blueLaboratory:BottledHope"},{"floor":24,"key":"DuplicationPotion"}],"is_trial":false,"path_per_floor":["M","?","?","?","M","M","R","$","T","E","M","M","M","M","R","B",null,"M","M","?","M","$","R","E","R","T","M","M","AVR","?","T","R","B"],"character_chosen":"THE_SILENT","items_purchased":["Accuracy"],"campfire_rested":4,"item_purchase_floors":[8],"current_hp_per_floor":[41,41,41,41,41,31,49,49,49,34,29,26,26,17,35,7,63,53,53,53,53,53,53,18,37,37,29,15,15,15,15,34,0,0],"gold":801,"neow_bonus":"SILENT_ASSASSIN","is_daily":false,"chose_seed":false,"campfire_upgraded":1,"win_rate":0.0,"timestamp":1612732891,"path_taken":["M","?","?","?","M","M","R","$","T","E","M","?","M","M","R","BOSS","M","M","?","M","?","R","E","R","T","M","M","AVR","?","?","R","BOSS"],"items_purchased_type":["Card"],"build_version":"2020-12-22","purchased_purges":0,"victory":false,"max_hp_per_floor":[63,63,63,63,63,63,63,63,63,63,63,63,63,63,63,63,63,63,63,63,63,63,63,65,65,65,65,65,65,65,65,65,65,65],"relic_stats":{"Blood Vial":2,"counters":[16,69],"Dead Branch":[29],"Nloth\u0027s Gift":0,"MawBank":276,"obtain_stats":[{"Replay:M_StaffOfTheSnake":3,"Dead Branch":24,"infinitespire:Cubic Diamond":3,"EVO:Axolotl":0,"MawBank":10,"Akabeko":26,"reliquary:KinkedSpring":17,"Replay:Wanted Poster":29,"Blood Vial":31,"MutagenicStrength":30,"Onion Ring":29,"reliquary:RoseTintedGlasses":9,"Nloth\u0027s Gift":20,"Ring of the Snake":0},{"Replay:M_StaffOfTheSnake":1,"Dead Branch":13,"infinitespire:Cubic Diamond":1,"EVO:Axolotl":0,"MawBank":4,"Akabeko":13,"reliquary:KinkedSpring":9,"Replay:Wanted Poster":15,"Blood Vial":15,"MutagenicStrength":15,"Onion Ring":15,"reliquary:RoseTintedGlasses":3,"Nloth\u0027s Gift":11,"Ring of the Snake":0},{"Replay:M_StaffOfTheSnake":2,"Dead Branch":57,"infinitespire:Cubic Diamond":2,"EVO:Axolotl":0,"MawBank":17,"Akabeko":57,"reliquary:KinkedSpring":38,"Replay:Wanted Poster":64,"Blood Vial":64,"MutagenicStrength":64,"Onion Ring":64,"reliquary:RoseTintedGlasses":9,"Nloth\u0027s Gift":46,"Ring of the Snake":0}]},"card_choices":[{"not_picked":["Dagger Throw","Backflip"],"picked":"Dagger Spray","floor":1},{"not_picked":["Outmaneuver","Choke"],"picked":"Crescendo","floor":5},{"not_picked":["Slice","Crippling Poison"],"picked":"Cloak And Dagger","floor":6},{"not_picked":["Dodge and Roll","JustLucky"],"picked":"Venomology","floor":10},{"not_picked":["Bane","Backflip"],"picked":"Slice","floor":11},{"not_picked":["Crescendo","Sucker Punch"],"picked":"Infinite Blades","floor":12},{"not_picked":["Masterful Stab","Distraction"],"picked":"Corpse Explosion","floor":13},{"not_picked":["Acrobatics","Outmaneuver"],"picked":"Sucker Punch","floor":14},{"not_picked":["Phantasmal Killer","After Image"],"picked":"infinitespire:Neurotoxin","floor":16},{"not_picked":["Calculated Gamble","Sucker Punch"],"picked":"Flying Knee+1","floor":18},{"not_picked":["Skewer","Hidden Blade"],"picked":"Blade Dance","floor":19},{"not_picked":["Tactician","Dodge and Roll"],"picked":"Leg Sweep+1","floor":21},{"not_picked":["Masterful Stab","Dash"],"picked":"Poisoned Stab","floor":24},{"not_picked":["ReplayTheSpireMod:Scrap Shanks","Distraction"],"picked":"Poisoned Stab","floor":27},{"not_picked":["Flying Knee","Outmaneuver"],"picked":"Hidden Blade+1","floor":28}],"player_experience":254605,"relics_obtained":[{"floor":9,"key":"reliquary:RoseTintedGlasses"},{"floor":10,"key":"MawBank"},{"floor":24,"key":"Dead Branch"},{"floor":26,"key":"Akabeko"},{"floor":31,"key":"Blood Vial"}],"event_choices":[{"damage_healed":0,"gold_gain":0,"player_choice":"Traded Relic","damage_taken":0,"relics_obtained":["Nloth\u0027s Gift"],"max_hp_gain":0,"max_hp_loss":0,"event_name":"N\u0027loth","floor":20,"relics_lost":["Replay:M_StaffOfTheSnake"],"gold_loss":0},{"damage_healed":0,"gold_gain":0,"player_choice":"Inject Mutagens","damage_taken":0,"relics_obtained":["MutagenicStrength"],"max_hp_gain":0,"max_hp_loss":0,"event_name":"Drug Dealer","floor":30,"gold_loss":0}],"is_beta":false,"boss_relics":[{"not_picked":["ReplayTheSpireMod:SealedPack","reliquary:RedPaperclip"],"picked":"reliquary:KinkedSpring"}],"items_purged_floors":[],"is_endless":false,"potions_floor_spawned":[5,6,11,16,24],"killed_by":"Champ","ascension_level":0}}