{"host":"hv7yb09uheo1d113","time":1612656892,"event":{"mods":["Act Like it!","Ascension Unlocker","BaseMod","Better Altar","Better Note","Colored Map","Colored Powertips","Conspire","Gensokyo","GifTheSpireLib","Hallownest","Minty Spire (QoL Compilation)","Replay The Spire","Reworked Bosses","Shop Mod","StSLib","Stuff the Spire","Synergy Search"],"gold_per_floor":[115,127,127,143,8,8,38,38,61,61,89,107,119,129,129,203,203,217,217,217,236,236,236],"floor_reached":22,"language":"ENG","playtime":1647,"items_purged":[],"score":372,"play_id":"ed112479-592a-4a46-b4d1-d09ca30b4937","local_time":"20210206181452","is_ascension_mode":true,"campfire_choices":[{"data":"Wallop","floor":6,"key":"SMITH"},{"floor":8,"key":"REST"},{"data":"Adaptation","floor":10,"key":"SMITH"}],"circlet_count":0,"master_deck":["AscendersBane","Eruption","Vigilance","Decay","Injury","Replay:Hum","ConjureBlade","Replay:BluntJabs","Replay:Battleflow","TalkToTheHand","Adaptation+1","Wallop+1","CrushJoints","EmptyBody+1","Replay:Sssssssssshield","EmptyFist","Weave","ClearTheMind","Replay:AllIn","Replay:ManipulateFuture","Worship","DevaForm","StuffTheSpire:CuriosityCurse","Tantrum","LikeWater"],"relics":["PureWater","Pandora\u0027s Box","Hallownest:DreamNailRelic","Akabeko","Strawberry","StuffTheSpire:OldFever","ReplayTheSpireMod:DimensionalGlitch","StuffTheSpire:Mouthbags","Hallownest:WatcherSealRelic"],"acts_visited":["Hallownest:Greenpath","Hallownest:CityofTears"],"potions_floor_usage":[13,16],"damage_taken":[{"damage":5,"enemies":"Hallownest:monsterHuskGuard","floor":1,"turns":3},{"damage":20,"enemies":"2_ Uuma","floor":2,"turns":4},{"damage":0,"enemies":"Hallownest:2_Baldur","floor":4,"turns":2},{"damage":20,"enemies":"Hallownest:eliteCrystalGuardian","floor":7,"turns":4},{"damage":10,"enemies":"Hallownest:eliteMossKnight","floor":11,"turns":2},{"damage":2,"enemies":"Hallownest:monsterMossCharger","floor":12,"turns":3},{"damage":0,"enemies":"Hallownest:Wandering_and_Horned","floor":13,"turns":3},{"damage":0,"enemies":"Hallownest:Guard_and_Warrior","floor":14,"turns":4},{"damage":12,"enemies":"Hallownest:BossFalseKnight","floor":16,"turns":6},{"damage":3,"enemies":"Hallownest:2_Mistakes","floor":18,"turns":3},{"damage":28,"enemies":"Hallownest:3_Youths","floor":21,"turns":4},{"damage":39,"enemies":"Hallownest:monsterShrumalOgre","floor":22,"turns":4}],"seed_played":"697571336684403436","potions_obtained":[{"floor":2,"key":"AttackPotion"},{"floor":4,"key":"AttackPotion"},{"floor":7,"key":"Energy Potion"},{"floor":12,"key":"Regen Potion"},{"floor":14,"key":"BottledMiracle"},{"floor":18,"key":"Ancient Potion"}],"is_trial":false,"path_per_floor":["M","M","?","M","$","R","E","R","T","R","E","M","M","M","R_BF","B",null,"M","?","?","M","M"],"character_chosen":"WATCHER","items_purchased":["EmptyBody+1","Replay:Sssssssssshield"],"campfire_rested":1,"item_purchase_floors":[5,5],"current_hp_per_floor":[56,36,36,36,36,36,16,36,43,43,33,31,31,31,31,33,65,62,62,62,34,0,0],"gold":236,"neow_bonus":"CURSED_BOSS_RELIC","is_daily":false,"chose_seed":false,"campfire_upgraded":2,"win_rate":0.0,"timestamp":1612656892,"path_taken":["M","M","?","?","$","R","E","R","T","R","E","M","M","M","R_BF","BOSS","M","?","?","M","M"],"items_purchased_type":["Card","Card"],"build_version":"2020-12-22","purchased_purges":0,"victory":false,"max_hp_per_floor":[68,68,68,68,68,68,68,68,75,75,75,75,75,75,75,75,75,75,75,75,75,75,75],"card_choices":[{"not_picked":["Replay:Hum","Vengeance","Replay:Battleflow"],"picked":"SKIP","floor":1},{"not_picked":["Prostrate","PathToVictory"],"picked":"Wallop","floor":2},{"not_picked":["SignatureMove","FlyingSleeves"],"picked":"CrushJoints","floor":4},{"not_picked":["Replay:BluntJabs","Consecrate"],"picked":"EmptyFist","floor":7},{"not_picked":["Indignation","FlyingSleeves"],"picked":"Weave","floor":11},{"not_picked":["EmptyBody","Consecrate"],"picked":"ClearTheMind","floor":12},{"not_picked":["Consecrate","ClearTheMind"],"picked":"Replay:AllIn","floor":13},{"not_picked":["Replay:DivineShield","Adaptation"],"picked":"Replay:ManipulateFuture","floor":14},{"not_picked":["Judgement","Scrawl"],"picked":"DevaForm","floor":16},{"not_picked":["Consecrate","Crescendo","FollowUp"],"picked":"SKIP","floor":18},{"not_picked":["Crescendo","FollowUp"],"picked":"LikeWater","floor":21}],"player_experience":216526,"relics_obtained":[{"floor":7,"key":"Akabeko"},{"floor":9,"key":"Strawberry"},{"floor":11,"key":"StuffTheSpire:OldFever"}],"event_choices":[],"is_beta":false,"boss_relics":[{"not_picked":["HolyWater","Replay:Bronze Core"],"picked":"ReplayTheSpireMod:DimensionalGlitch"}],"items_purged_floors":[],"is_endless":false,"potions_floor_spawned":[2,4,7,12,14,18],"killed_by":"Hallownest:monsterShrumalOgre","ascension_level":20}}