{"host":"oopoa2qluour3scl","time":1612685619,"event":{"mods":["2.2 Compatiblity","AchievementEnabler","AlwaysNeverKeys","BaseMod","Better Match","Better Note","Better Sensory Stone","Better Third Choice","Better Vampires","BetterRewards","Colored Powertips","Communication Mod","Minty Spire (QoL Compilation)","Practice Mode","Random Character Button","Relic Stats","StSLib","SuperFastMode","Swap Starting Deck Mod"],"gold_per_floor":[117,117,130,147,66,97,109,109,109,142,162,162,162,0,0,105,105,119,138,155,155,155,155,155],"floor_reached":23,"language":"ENG","playtime":768,"items_purged":[],"score":326,"play_id":"4f682243-b488-4a2d-bec7-48f3676e29a3","local_time":"20210207091339","is_ascension_mode":false,"campfire_choices":[{"data":"Chaos","floor":8,"key":"SMITH"},{"data":"Enlightenment","floor":15,"key":"SMITH"}],"circlet_count":0,"master_deck":["Strike_B","Strike_B","Strike_B","Defend_B","Defend_B","Defend_B","Defend_B","Zap","Dualcast","Panache","FTL","Defragment","Hologram","Chaos+1","Streamline","Tempest","BootSequence","Go for the Eyes","Beam Cell+1","Reprogram+1","Burn","Enlightenment+1","Thunder Strike+1","Hologram+1","Storm","Gash+1","Thunder Strike+1"],"relics":["Cracked Core","Bird Faced Urn","Mango","Toy Ornithopter","Pantograph","Molten Egg 2","Fusion Hammer","Matryoshka"],"acts_visited":["Exordium","TheCity"],"potions_floor_usage":[6,10],"damage_taken":[{"damage":2,"enemies":"Jaw Worm","floor":1,"turns":3},{"damage":0,"enemies":"Cultist","floor":3,"turns":4},{"damage":0,"enemies":"Small Slimes","floor":4,"turns":3},{"damage":28,"enemies":"Gremlin Nob","floor":6,"turns":4},{"damage":0,"enemies":"3 Louse","floor":7,"turns":2},{"damage":9,"enemies":"Lagavulin","floor":10,"turns":6},{"damage":0,"enemies":"Large Slime","floor":11,"turns":4},{"damage":48,"enemies":"Slime Boss","floor":16,"turns":8},{"damage":22,"enemies":"Spheric Guardian","floor":18,"turns":5},{"damage":30,"enemies":"3 Byrds","floor":19,"turns":5},{"damage":27,"enemies":"Centurion and Healer","floor":20,"turns":6},{"damage":32,"enemies":"Gremlin Leader","floor":23,"turns":4}],"seed_played":"7182992058365376185","potions_obtained":[{"floor":1,"key":"ColorlessPotion"},{"floor":4,"key":"Weak Potion"},{"floor":10,"key":"SpeedPotion"},{"floor":18,"key":"Swift Potion"}],"is_trial":false,"path_per_floor":["M","?","M","M","$","E","M","R","T","E","M","?","?","?","R","B",null,"M","M","M","?","T","E"],"character_chosen":"DEFECT","items_purchased":["Mango","Panache","FTL","Tempest"],"campfire_rested":0,"item_purchase_floors":[0,0,0,5],"current_hp_per_floor":[87,87,89,89,89,63,63,63,63,63,67,67,67,73,73,47,95,73,47,26,26,26,0,0],"gold":155,"neow_bonus":"","is_daily":false,"chose_seed":false,"campfire_upgraded":2,"win_rate":0.0,"timestamp":1612685619,"path_taken":["M","?","?","M","$","E","M","R","T","E","M","?","?","?","R","BOSS","M","M","M","?","?","E"],"items_purchased_type":["Relic","Card","Card","Card"],"build_version":"2020-12-22","purchased_purges":0,"victory":false,"max_hp_per_floor":[89,89,89,89,89,89,89,89,89,89,89,89,89,95,95,95,95,95,95,95,95,95,95,95],"relic_stats":{"counters":[135,531],"Bird Faced Urn":[26],"Pantograph":22,"obtain_stats":[{"Calipers":0,"Gremlin Horn":37,"CeramicFish":48,"Vajra":28,"Whetstone":26,"Ginger":54,"Bottled Tornado":43,"Boot":48,"Old Coin":37,"Sozu":0,"Blood Vial":24,"HornCleat":30,"DollysMirror":38,"Sundial":43,"Prayer Wheel":0,"MealTicket":10,"Philosopher\u0027s Stone":17,"Fusion Hammer":34,"Kunai":31,"Girya":37,"Happy Flower":8,"Blue Candle":23,"Oddly Smooth Stone":47,"Eternal Feather":38,"Pen Nib":42,"Letter Opener":53,"Question Card":38,"Akabeko":6,"Cables":0,"Du-Vu Doll":0,"OrangePellets":0,"Bottled Flame":53,"Shuriken":38,"Bronze Scales":0,"Bird Faced Urn":9,"Molten Egg 2":26,"Symbiotic Virus":9,"Pocketwatch":6,"Lantern":54,"Singing Bowl":25,"Mango":0,"Juzu Bracelet":26,"Bag of Preparation":9,"Cursed Key":17,"Smiling Mask":26,"Nunchaku":53,"Matryoshka":22,"Mummified Hand":0,"Pantograph":0,"Tiny Chest":30,"WingedGreaves":27,"Cracked Core":0,"InkBottle":30,"Potion Belt":12,"Golden Idol":0,"Thread and Needle":45,"PreservedInsect":0,"Frozen Egg 2":23,"Orichalcum":12,"Nuclear Battery":34,"Peace Pipe":11,"Calling Bell":34,"DataDisk":40,"CaptainsWheel":46,"Anchor":9,"betterThird:SlimedRelic":2,"Orrery":31,"Ectoplasm":17,"Turnip":13,"Coffee Dripper":34,"Art of War":9,"Bottled Lightning":54,"Membership Card":38,"Toy Ornithopter":23,"TungstenRod":40},{"Calipers":60,"Gremlin Horn":51,"CeramicFish":30,"Vajra":20,"Whetstone":4,"Ginger":59,"Bottled Tornado":28,"Boot":57,"Old Coin":94,"Sozu":0,"Blood Vial":46,"HornCleat":21,"DollysMirror":115,"Sundial":117,"Prayer Wheel":60,"MealTicket":83,"Philosopher\u0027s Stone":85,"Fusion Hammer":50,"Kunai":75,"Girya":25,"Happy Flower":39,"Blue Candle":71,"Oddly Smooth Stone":119,"Eternal Feather":94,"Pen Nib":54,"Letter Opener":121,"Question Card":25,"Akabeko":63,"Cables":0,"Du-Vu Doll":33,"OrangePellets":60,"Bottled Flame":121,"Shuriken":25,"Bronze Scales":0,"Bird Faced Urn":9,"Molten Egg 2":19,"Symbiotic Virus":100,"Pocketwatch":9,"Lantern":122,"Singing Bowl":19,"Mango":123,"Juzu Bracelet":46,"Bag of Preparation":82,"Cursed Key":68,"Smiling Mask":109,"Nunchaku":31,"Matryoshka":134,"Mummified Hand":0,"Pantograph":0,"Tiny Chest":91,"WingedGreaves":47,"Cracked Core":0,"InkBottle":75,"Potion Belt":102,"Golden Idol":0,"Thread and Needle":118,"PreservedInsect":60,"Frozen Egg 2":17,"Orichalcum":66,"Nuclear Battery":92,"Peace Pipe":101,"Calling Bell":113,"DataDisk":27,"CaptainsWheel":57,"Anchor":64,"betterThird:SlimedRelic":61,"Orrery":75,"Ectoplasm":42,"Turnip":66,"Coffee Dripper":23,"Art of War":39,"Bottled Lightning":32,"Membership Card":94,"Toy Ornithopter":3,"TungstenRod":53},{"Calipers":227,"Gremlin Horn":180,"CeramicFish":94,"Vajra":64,"Whetstone":18,"Ginger":219,"Bottled Tornado":90,"Boot":208,"Old Coin":364,"Sozu":0,"Blood Vial":156,"HornCleat":66,"DollysMirror":442,"Sundial":451,"Prayer Wheel":227,"MealTicket":320,"Philosopher\u0027s Stone":329,"Fusion Hammer":176,"Kunai":289,"Girya":81,"Happy Flower":127,"Blue Candle":273,"Oddly Smooth Stone":460,"Eternal Feather":364,"Pen Nib":195,"Letter Opener":471,"Question Card":81,"Akabeko":238,"Cables":0,"Du-Vu Doll":102,"OrangePellets":227,"Bottled Flame":471,"Shuriken":81,"Bronze Scales":0,"Bird Faced Urn":31,"Molten Egg 2":61,"Symbiotic Virus":381,"Pocketwatch":31,"Lantern":475,"Singing Bowl":61,"Mango":477,"Juzu Bracelet":156,"Bag of Preparation":314,"Cursed Key":261,"Smiling Mask":414,"Nunchaku":96,"Matryoshka":527,"Mummified Hand":0,"Pantograph":0,"Tiny Chest":352,"WingedGreaves":158,"Cracked Core":0,"InkBottle":289,"Potion Belt":387,"Golden Idol":0,"Thread and Needle":455,"PreservedInsect":227,"Frozen Egg 2":54,"Orichalcum":249,"Nuclear Battery":357,"Peace Pipe":384,"Calling Bell":435,"DataDisk":86,"CaptainsWheel":208,"Anchor":240,"betterThird:SlimedRelic":230,"Orrery":289,"Ectoplasm":138,"Turnip":249,"Coffee Dripper":73,"Art of War":127,"Bottled Lightning":99,"Membership Card":364,"Toy Ornithopter":14,"TungstenRod":190}],"Toy Ornithopter":5},"card_choices":[{"not_picked":["Undo","Coolheaded"],"picked":"Defragment","floor":1},{"not_picked":["FTL","Hello World"],"picked":"Chaos","floor":3},{"not_picked":["Rebound","Cold Snap"],"picked":"Streamline","floor":4},{"not_picked":["Stack","FTL"],"picked":"BootSequence","floor":6},{"not_picked":["Auto Shields","Doom and Gloom"],"picked":"Go for the Eyes","floor":7},{"not_picked":["Rebound+1","Turbo"],"picked":"Beam Cell+1","floor":10},{"not_picked":["Compile Driver+1","Conserve Battery"],"picked":"Reprogram","floor":11},{"not_picked":["Fission","Core Surge+1"],"picked":"Thunder Strike+1","floor":16},{"not_picked":["Barrage+1","Genetic Algorithm+1"],"picked":"Hologram+1","floor":18},{"not_picked":["Defragment","Steam+1"],"picked":"Storm","floor":19},{"not_picked":["Aggregate+1","Steam"],"picked":"Gash+1","floor":20}],"player_experience":476889,"relics_obtained":[{"floor":6,"key":"Toy Ornithopter"},{"floor":9,"key":"Pantograph"},{"floor":10,"key":"Molten Egg 2"},{"floor":22,"key":"Matryoshka"}],"event_choices":[{"damage_healed":0,"gold_gain":0,"cards_transformed":["Strike_B"],"player_choice":"Transformed","damage_taken":0,"max_hp_gain":0,"max_hp_loss":0,"event_name":"Transmorgrifier","floor":2,"gold_loss":0,"cards_obtained":["Hologram"]},{"damage_healed":0,"gold_gain":0,"player_choice":"Grow","damage_taken":0,"max_hp_gain":0,"max_hp_loss":0,"event_name":"Living Wall","floor":12,"gold_loss":0,"cards_upgraded":["Reprogram"]},{"damage_healed":67,"gold_gain":0,"player_choice":"Embrace Burn","damage_taken":0,"max_hp_gain":0,"max_hp_loss":89,"event_name":"betterThird:BetterShining","floor":13,"gold_loss":0},{"damage_healed":0,"gold_gain":0,"player_choice":"RENOUNCE","damage_taken":162,"max_hp_gain":0,"max_hp_loss":0,"event_name":"betterThird:BetterSerpent","floor":14,"gold_loss":162,"cards_obtained":["Enlightenment"]},{"damage_healed":0,"gold_gain":0,"player_choice":"Copied","damage_taken":0,"max_hp_gain":0,"max_hp_loss":0,"event_name":"Duplicator","floor":21,"gold_loss":0,"cards_obtained":["Thunder Strike"]}],"is_beta":false,"boss_relics":[{"not_picked":["Runic Pyramid","SacredBark"],"picked":"Fusion Hammer"}],"items_purged_floors":[],"is_endless":false,"potions_floor_spawned":[1,4,10,18],"killed_by":"Gremlin Leader","ascension_level":0}}