{"host":"gaqyve1328ta0etl","time":1612697376,"event":{"mods":["BaseMod","Colored Map","Colored Powertips","Duelist Mod","Googly Eyes","Hero for Fun","Minty Spire (QoL Compilation)","Shop Mod","StSLib","SuperFastMode","The Hierophant","The Runesmith"],"gold_per_floor":[113,126,51,63,63,63,79,79,79,105,123,123,123],"floor_reached":12,"language":"ENG","playtime":224,"items_purged":["Strike_B"],"score":120,"play_id":"0811d1b5-0a3b-4025-9b80-0e4b0664dce6","local_time":"20210207032936","is_ascension_mode":true,"campfire_choices":[{"floor":6,"key":"REST"},{"floor":8,"key":"REST"}],"circlet_count":0,"master_deck":["AscendersBane","Defend_B","Defend_B","Defend_B","Defend_B","Zap","Dualcast","Gash","Gash","Beam Cell","Fission","Reinforced Body"],"relics":["Cracked Core","Du-Vu Doll","Shovel"],"acts_visited":["Exordium"],"potions_floor_usage":[10,11],"damage_taken":[{"damage":1,"enemies":"Cultist","floor":1,"turns":4},{"damage":0,"enemies":"2 Louse","floor":2,"turns":2},{"damage":12,"enemies":"Jaw Worm","floor":4,"turns":3},{"damage":9,"enemies":"Red Slaver","floor":7,"turns":4},{"damage":38,"enemies":"Gremlin Nob","floor":10,"turns":4},{"damage":8,"enemies":"3 Louse","floor":11,"turns":3},{"damage":27,"enemies":"Lagavulin","floor":12,"turns":6}],"seed_played":"-6169217557004121771","potions_obtained":[{"floor":4,"key":"LiquidBronze"},{"floor":7,"key":"PowerPotion"},{"floor":11,"key":"SteroidPotion"}],"is_trial":false,"path_per_floor":["M","M","$","M","?","R","M","R","T","E","M","E"],"character_chosen":"DEFECT","items_purchased":[],"campfire_rested":2,"item_purchase_floors":[],"current_hp_per_floor":[49,49,49,37,37,59,50,72,72,34,26,0,0],"gold":123,"neow_bonus":"REMOVE_TWO","is_daily":false,"chose_seed":false,"campfire_upgraded":0,"win_rate":0.0,"timestamp":1612697376,"path_taken":["M","M","$","?","?","R","M","R","T","E","M","E"],"items_purchased_type":[],"build_version":"2020-12-22","purchased_purges":1,"victory":false,"max_hp_per_floor":[75,75,75,75,75,75,75,75,75,75,75,75,75],"card_choices":[{"not_picked":["Self Repair","Conserve Battery"],"picked":"Gash","floor":1},{"not_picked":["Ball Lightning","Lockon"],"picked":"Gash","floor":2},{"not_picked":["Steam","Stack"],"picked":"Beam Cell","floor":4},{"not_picked":["Rebound","Leap","Redo"],"picked":"SKIP","floor":7},{"not_picked":["Heatsinks","Double Energy"],"picked":"Fission","floor":10},{"not_picked":["Recycle","Hello World"],"picked":"Reinforced Body","floor":11}],"player_experience":2099323,"relics_obtained":[{"floor":9,"key":"Du-Vu Doll"},{"floor":10,"key":"Shovel"}],"event_choices":[{"cards_removed":["Strike_B"],"damage_healed":0,"gold_gain":0,"player_choice":"Forget","damage_taken":0,"max_hp_gain":0,"max_hp_loss":0,"event_name":"Living Wall","floor":5,"gold_loss":0}],"is_beta":false,"boss_relics":[],"items_purged_floors":[3],"is_endless":false,"potions_floor_spawned":[4,7,11],"killed_by":"Lagavulin","ascension_level":10}}