{"host":"gk9qdtkqd8dwfeg2","time":1612700598,"event":{"mods":["Act Like it!","Aspiration","BaseMod","Colored Powertips","Gensokyo","Minty Spire (QoL Compilation)","Quick Restart","Replay The Spire","Shop Mod","StSLib","TestMod","The Servant 0.9.4","Waifu the Spire","WarShipGirlsR/战舰少女R mod"],"gold_per_floor":[116,46,63,83,98,130,130,130,130,149,184,184,219,232,232,304,304,315,715,734,127,127,127,154,5,5,5,5,19,50,62,62,141,141,161,173,255,97,97,97,129,129,152,180,180,198,198,212,212,212,212,212,212,112,137,149],"floor_reached":57,"language":"ZHS","playtime":2692,"items_purged":["Strike_G","Strike_G"],"score":3327,"play_id":"6691b588-5c32-4f71-9828-e0f34cb6ec50","local_time":"20210207202318","is_ascension_mode":true,"campfire_choices":[{"data":"Neutralize","floor":7.0,"key":"SMITH"},{"floor":12.0,"key":"REST"},{"data":"Cloak And Dagger","floor":15.0,"key":"SMITH"},{"data":"Prepared","floor":23.0,"key":"SMITH"},{"data":"Gensokyo:MenInBlack","floor":28.0,"key":"SMITH"},{"floor":32.0,"key":"REST"},{"data":"Calculated Gamble","floor":40.0,"key":"SMITH"},{"floor":45,"key":"RECALL"},{"data":"Reflex","floor":49,"key":"SMITH"},{"data":"Acrobatics","floor":53,"key":"SMITH"}],"circlet_count":0,"master_deck":["AscendersBane","Defend_G","Defend_G+1","Defend_G","Survivor","Neutralize+1","Acrobatics+1","Prepared+1","Cloak And Dagger+1","Bane","PiercingWail","Hidden Blade","Grand Finale+1","Gensokyo:MenInBlack+1","Night Terror+1","ReplayTheSpireMod:Scrap Shanks+1","Reflex+1","CurseOfTheBell","Acrobatics+1","Calculated Gamble+1","Venomology+1"],"relics":["Ring of the Snake","testmod-IncinerationGenerator","NeowsBlessing","testmod-RainbowHikingShoes","Bronze Scales","aspiration:FetidBarrel","Akabeko","InkBottle","HoveringKite","BargainBundle","MerchantsRug","Kunai","Bottled Lightning","Guide Book","Gensokyo:MosesMiracle","Boot","Calling Bell","Bag of Preparation","Paper Crane","Mango","Iron Hammer","Medical Kit","Golden Egg","Pear","ReplayTheSpireMod:TigerMarble","Replay:WaspNest","testmod-TheFather"],"acts_visited":["Exordium","Gensokyo:Gensokyo","Gensokyo:Gensokyoer","TheEnding"],"potions_floor_usage":[48,51,55,56,56,56,56,56],"damage_taken":[{"damage":0.0,"enemies":"Gensokyo:Gryphon","floor":1.0,"turns":1.0},{"damage":0.0,"enemies":"Gensokyo:Python","floor":4.0,"turns":1.0},{"damage":0.0,"enemies":"Gensokyo:3_Fairies","floor":5.0,"turns":1.0},{"damage":1.0,"enemies":"Gensokyo:Mamizou","floor":6.0,"turns":8.0},{"damage":0.0,"enemies":"Gensokyo:LivingMonolith","floor":10.0,"turns":3.0},{"damage":3.0,"enemies":"Gensokyo:Cirno","floor":11.0,"turns":6.0},{"damage":0.0,"enemies":"Gensokyo:Aya","floor":13.0,"turns":3.0},{"damage":0.0,"enemies":"Gensokyo:Python_and_Kodama","floor":14.0,"turns":2.0},{"damage":14.0,"enemies":"Gensokyo:Yukari","floor":16.0,"turns":6.0},{"damage":9.0,"enemies":"Gensokyo:3_Dogs","floor":18.0,"turns":3.0},{"damage":0.0,"enemies":"Gensokyo:2_Gloops","floor":20.0,"turns":1.0},{"damage":0.0,"enemies":"Gensokyo:Reisen","floor":24.0,"turns":2.0},{"damage":0.0,"enemies":"Gensokyo:Monolith_and_Dog","floor":29.0,"turns":2.0},{"damage":3.0,"enemies":"Gensokyo:Koishi","floor":30.0,"turns":4.0},{"damage":6.0,"enemies":"Gensokyo:Slime_Group","floor":31.0,"turns":2.0},{"damage":0.0,"enemies":"Gensokyo:Eternal_Rivals","floor":33.0,"turns":4.0},{"damage":1.0,"enemies":"Gensokyo:AncientGuardian","floor":35.0,"turns":3.0},{"damage":0.0,"enemies":"Gensokyo:3_Bats","floor":36.0,"turns":2.0},{"damage":0.0,"enemies":"Gensokyo:Marisa","floor":41.0,"turns":1.0},{"damage":1,"enemies":"Gensokyo:Kasen","floor":44,"turns":3},{"damage":0,"enemies":"Gensokyo:Dusk_and_Dawn","floor":46,"turns":2},{"damage":0,"enemies":"Gensokyo:Sharpion","floor":48,"turns":2},{"damage":0,"enemies":"Gensokyo:Shinki","floor":50,"turns":4},{"damage":0,"enemies":"Gensokyo:Scarlet_Devils","floor":51,"turns":4},{"damage":0,"enemies":"Shield and Spear","floor":55,"turns":1},{"damage":23,"enemies":"The Heart","floor":56,"turns":4}],"seed_played":"-293401793698617987","potions_obtained":[{"floor":1.0,"key":"Poison Potion"},{"floor":4.0,"key":"Languid Potion"},{"floor":13.0,"key":"EntropicBrew"},{"floor":18.0,"key":"DuplicationPotion"}],"is_trial":false,"path_per_floor":["M","?","?","M","M","E","R","?","T","M","E","R","E","M","R","B",null,"M","?","M","$","?","R","E","COS","T","?","R","M","E","M","R","B",null,"M","M","T","COS","?","R","E","T","T","E","R","M","?","M","R","B","B",null,"R","$","E","B",null],"character_chosen":"THE_SILENT","items_purchased":["BargainBundle","MerchantsRug","Kunai","Strength Potion","Ancient Potion","AttackPotion"],"campfire_rested":2,"item_purchase_floors":[21,21,21,21,21,21],"current_hp_per_floor":[59,59,38,38,38,37,37,21,21,21,18,37,37,37,37,23,55,46,46,46,46,46,46,46,46,46,46,46,46,43,37,54,54,72,71,71,71,71,71,71,71,81,81,80,80,80,80,80,80,80,80,82,82,82,82,59],"gold":149,"neow_bonus":"THREE_ENEMY_KILL","is_daily":false,"chose_seed":false,"campfire_upgraded":7,"win_rate":0.0,"timestamp":1612700598,"path_taken":["M","?","?","?","M","E","R","?","T","?","E","R","E","M","R","BOSS","M","?","M","$","?","R","E","COS","T","?","R","M","E","M","R","BOSS","M","M","?","COS","?","R","E","?","T","E","R","?","?","M","R","BOSS","BOSS","R","$","E","BOSS"],"items_purchased_type":["Relic","Relic","Relic","Potion","Potion","Potion"],"build_version":"2020-12-22","purchased_purges":2,"victory":true,"max_hp_per_floor":[66,66,66,66,66,66,66,66,66,66,66,66,66,66,66,66,66,66,66,66,66,59,59,59,59,59,59,59,59,59,59,59,59,73,73,73,73,73,73,73,73,83,83,83,83,83,83,83,83,83,83,83,83,83,83,83],"card_choices":[{"not_picked":["Concentrate","Quick Slash"],"picked":"Acrobatics","floor":1.0},{"not_picked":["Expertise","Poisoned Stab"],"picked":"Prepared","floor":3.0},{"not_picked":["Dagger Spray","ReplayTheSpireMod:The Works"],"picked":"Cloak And Dagger","floor":4.0},{"not_picked":["Prepared","Escape Plan","Underhanded Strike"],"picked":"SKIP","floor":5.0},{"not_picked":["ReplayTheSpireMod:Tripwire","Leg Sweep","Bane"],"picked":"SKIP","floor":6.0},{"not_picked":["Bane","Distraction","Unload"],"picked":"SKIP","floor":10.0},{"not_picked":["Distraction","Unload"],"picked":"Bane","floor":10.0},{"not_picked":["Dagger Throw","Crippling Poison"],"picked":"PiercingWail","floor":11.0},{"not_picked":["Underhanded Strike","Poisoned Stab","ReplayTheSpireMod:The Works"],"picked":"SKIP","floor":13.0},{"not_picked":["Backstab","Dodge and Roll"],"picked":"Hidden Blade","floor":14.0},{"not_picked":["Tools of the Trade","Malaise"],"picked":"Grand Finale","floor":16.0},{"not_picked":["Hidden Blade","Dagger Spray","Dash"],"picked":"SKIP","floor":18.0},{"not_picked":["Cloak And Dagger","Accuracy","Slice"],"picked":"SKIP","floor":20.0},{"not_picked":["Gensokyo:SlitMouthedWoman","Gensokyo:Apocalypse"],"picked":"Gensokyo:MenInBlack","floor":22.0},{"not_picked":["Sucker Punch","Night Terror","Quick Slash"],"picked":"SKIP","floor":24.0},{"not_picked":["Sucker Punch","Quick Slash"],"picked":"Night Terror","floor":24.0},{"not_picked":["Hidden Blade","Quick Slash"],"picked":"ReplayTheSpireMod:Scrap Shanks+1","floor":29.0},{"not_picked":["Outmaneuver","ReplayTheSpireMod:The Works"],"picked":"Reflex","floor":30.0},{"not_picked":["Sucker Punch","Quick Slash","Dodge and Roll+1"],"picked":"SKIP","floor":31.0},{"not_picked":["Bouncing Flask","Underhanded Strike"],"picked":"Acrobatics","floor":35.0},{"not_picked":["Footwork","Distraction"],"picked":"Calculated Gamble","floor":36.0},{"not_picked":["Quick Slash","Noxious Fumes","Dagger Spray+1"],"picked":"SKIP","floor":41.0},{"not_picked":["Predator","Bane","Toxin Wave"],"picked":"SKIP","floor":44},{"not_picked":["Masterful Stab","Cloak And Dagger","Dodge and Roll+1"],"picked":"SKIP","floor":46},{"not_picked":["Poisoned Stab","Bane","ReplayTheSpireMod:The Works"],"picked":"SKIP","floor":48},{"not_picked":["Deflect","Prepared","Bullet Time"],"picked":"SKIP","floor":55}],"player_experience":708953,"relics_obtained":[{"floor":3.0,"key":"testmod-RainbowHikingShoes"},{"floor":6.0,"key":"Bronze Scales"},{"floor":9.0,"key":"aspiration:FetidBarrel"},{"floor":11.0,"key":"Akabeko"},{"floor":13.0,"key":"InkBottle"},{"floor":24.0,"key":"Bottled Lightning"},{"floor":30.0,"key":"Boot"},{"floor":31.0,"key":"Gensokyo:MosesMiracle"},{"floor":34.0,"key":"Bag of Preparation"},{"floor":34.0,"key":"Paper Crane"},{"floor":34.0,"key":"Mango"},{"floor":37.0,"key":"Iron Hammer"},{"floor":41.0,"key":"Golden Egg"},{"floor":42.0,"key":"Pear"},{"floor":43.0,"key":"ReplayTheSpireMod:TigerMarble"},{"floor":44,"key":"Replay:WaspNest"},{"floor":55,"key":"testmod-TheFather"}],"event_choices":[{"damage_healed":0.0,"max_hp_gain":0.0,"max_hp_loss":0.0,"gold_gain":400.0,"event_name":"恩洛斯的盘子","player_choice":"Sell","floor":19.0,"relics_lost":["testmod-TestBox"],"gold_loss":0.0,"damage_taken":0.0}],"is_beta":false,"boss_relics":[{"not_picked":["aspiration:RandomNobGenerator","SlaversCollar"],"picked":"HoveringKite"},{"not_picked":["Philosopher\u0027s Stone","testmod-Prudence"],"picked":"Calling Bell"}],"items_purged_floors":[21,54],"is_endless":false,"potions_floor_spawned":[1,4,13,14,16,18,20,24,35],"ascension_level":20}}