{"host":"6wux4armhsntp4yb","time":1612666411,"event":{"mods":["BaseMod","Colored Map","DeckTracker","Minty Spire (QoL Compilation)","Relic Stats"],"gold_per_floor":[118,132,150,32,32,32,63,43,43,43,53,53,85,1,1,80,80,58,72,72,72,90,90,123,158,183,183,183,183,183],"floor_reached":29,"language":"JPN","playtime":1330,"items_purged":["Strike_G"],"score":498,"play_id":"f00bf60f-14f6-4bb3-94ae-805a10660c37","local_time":"20210207115331","is_ascension_mode":true,"campfire_choices":[{"floor":6.0,"key":"REST"},{"data":"Noxious Fumes","floor":10.0,"key":"SMITH"},{"data":"Catalyst","floor":12.0,"key":"SMITH"},{"data":"Terror","floor":15.0,"key":"SMITH"},{"floor":23.0,"key":"RECALL"},{"floor":28.0,"key":"REST"}],"circlet_count":0,"master_deck":["AscendersBane","Strike_G","Strike_G","Strike_G","Strike_G","Defend_G","Defend_G","Defend_G","Defend_G","Defend_G","Survivor","Neutralize","Sadistic Nature","Dash+1","Terror+1","Skewer+1","Noxious Fumes+1","Catalyst+1","PiercingWail+1","Setup+1","Expertise+1","Malaise+1","Acrobatics+1","Blade Dance+1","Catalyst+1","Neutralize"],"relics":["Ring of the Snake","Turnip","Toxic Egg 2","Nunchaku","Fusion Hammer","Anchor","Red Mask","Orichalcum"],"acts_visited":["Exordium","TheCity"],"potions_floor_usage":[],"damage_taken":[{"damage":7.0,"enemies":"2 Louse","floor":1.0,"turns":3.0},{"damage":0.0,"enemies":"Jaw Worm","floor":2.0,"turns":4.0},{"damage":0.0,"enemies":"Cultist","floor":3.0,"turns":3.0},{"damage":11.0,"enemies":"Gremlin Nob","floor":7.0,"turns":3.0},{"damage":3.0,"enemies":"Large Slime","floor":11.0,"turns":5.0},{"damage":7.0,"enemies":"Lagavulin","floor":13.0,"turns":5.0},{"damage":13.0,"enemies":"The Guardian","floor":16.0,"turns":10.0},{"damage":0.0,"enemies":"2 Thieves","floor":18.0,"turns":4.0},{"damage":0.0,"enemies":"3 Byrds","floor":19.0,"turns":5.0},{"damage":0.0,"enemies":"Snake Plant","floor":22.0,"turns":4.0},{"damage":42.0,"enemies":"Slavers","floor":24.0,"turns":5.0},{"damage":5.0,"enemies":"Masked Bandits","floor":25.0,"turns":4.0},{"damage":25,"enemies":"Gremlin Leader","floor":29,"turns":2}],"seed_played":"6028435346885969983","potions_obtained":[{"floor":2.0,"key":"SpeedPotion"},{"floor":3.0,"key":"LiquidMemories"},{"floor":8.0,"key":"Energy Potion"},{"floor":13.0,"key":"SteroidPotion"},{"floor":16.0,"key":"Swift Potion"},{"floor":22.0,"key":"SneckoOil"},{"floor":24.0,"key":"Explosive Potion"}],"is_trial":false,"path_per_floor":["M","M","M","$","?","R","E","?","T","R","M","R","E","$","R","B",null,"M","M","$","$","M","R","E","?","T","?","R","E"],"character_chosen":"THE_SILENT","items_purchased":["Noxious Fumes","Expertise+1"],"campfire_rested":2,"item_purchase_floors":[4,14],"current_hp_per_floor":[37,37,37,37,17,36,25,25,25,25,22,22,15,15,15,2,50,50,50,50,50,50,50,8,3,3,3,22,0,0],"gold":183,"neow_bonus":"RANDOM_COLORLESS_2","is_daily":false,"chose_seed":false,"campfire_upgraded":3,"win_rate":0.0,"timestamp":1612666411,"path_taken":["M","M","M","$","?","R","E","?","T","R","M","R","E","$","R","BOSS","M","M","?","$","M","R","E","?","T","?","R","E"],"items_purchased_type":["Card","Card"],"build_version":"2020-12-22","purchased_purges":1,"victory":false,"max_hp_per_floor":[66,66,66,66,66,66,66,66,66,66,66,66,66,66,66,66,66,66,66,66,66,66,66,66,66,66,66,66,66,66],"relic_stats":{"Nunchaku":[5],"counters":[13,57],"Turnip":[2],"Orichalcum":[0],"obtain_stats":[{"Nunchaku":13,"Anchor":24,"Turnip":7,"Fusion Hammer":17,"Red Mask":25,"Toxic Egg 2":9,"Orichalcum":26,"Ring of the Snake":0},{"Nunchaku":6,"Anchor":11,"Turnip":4,"Fusion Hammer":7,"Red Mask":12,"Toxic Egg 2":4,"Orichalcum":12,"Ring of the Snake":0},{"Nunchaku":23,"Anchor":51,"Turnip":13,"Fusion Hammer":33,"Red Mask":55,"Toxic Egg 2":13,"Orichalcum":55,"Ring of the Snake":0}],"Ring of the Snake":[26]},"card_choices":[{"not_picked":["Secret Weapon","Mayhem"],"picked":"Sadistic Nature","floor":0.0},{"not_picked":["Blur","Dagger Throw"],"picked":"Dash","floor":1.0},{"not_picked":["PiercingWail","Poisoned Stab"],"picked":"Terror","floor":2.0},{"not_picked":["PiercingWail","Concentrate"],"picked":"Skewer","floor":3.0},{"not_picked":["Poisoned Stab","Noxious Fumes"],"picked":"Catalyst","floor":7.0},{"not_picked":["Riddle With Holes","Choke"],"picked":"PiercingWail+1","floor":11.0},{"not_picked":["Heel Hook","Sucker Punch"],"picked":"Setup+1","floor":13.0},{"not_picked":["Tools of the Trade","Bullet Time+1"],"picked":"Malaise+1","floor":16.0},{"not_picked":["Terror+1","Quick Slash","Poisoned Stab"],"picked":"SKIP","floor":18.0},{"not_picked":["Flying Knee","Finisher"],"picked":"Acrobatics+1","floor":19.0},{"not_picked":["Dagger Spray","Underhanded Strike"],"picked":"Blade Dance+1","floor":22.0},{"not_picked":["Quick Slash+1","Skewer","Bane"],"picked":"SKIP","floor":24.0},{"not_picked":["Bane","Acrobatics+1"],"picked":"Catalyst+1","floor":25.0}],"player_experience":5853554,"relics_obtained":[{"floor":7.0,"key":"Turnip"},{"floor":9.0,"key":"Toxic Egg 2"},{"floor":13.0,"key":"Nunchaku"},{"floor":24.0,"key":"Anchor"},{"floor":25.0,"key":"Red Mask"},{"floor":26.0,"key":"Orichalcum"}],"event_choices":[{"damage_healed":0.0,"max_hp_gain":0.0,"max_hp_loss":0.0,"gold_gain":0.0,"event_name":"Shining Light","player_choice":"Entered Light","floor":5.0,"gold_loss":0.0,"damage_taken":20.0,"cards_upgraded":["Dash","Skewer"]},{"damage_healed":0.0,"max_hp_gain":0.0,"max_hp_loss":0.0,"gold_gain":0.0,"event_name":"The Woman in Blue","player_choice":"Bought 1 Potion","floor":8.0,"gold_loss":0.0,"damage_taken":0.0},{"damage_healed":0.0,"max_hp_gain":0.0,"max_hp_loss":0.0,"gold_gain":0.0,"event_name":"Masked Bandits","player_choice":"Fought Bandits","floor":25.0,"gold_loss":0.0,"damage_taken":0.0},{"damage_healed":0.0,"max_hp_gain":0.0,"max_hp_loss":0.0,"gold_gain":0.0,"event_name":"Match and Keep!","player_choice":"1 cards matched","floor":27.0,"gold_loss":0.0,"damage_taken":0.0,"cards_obtained":["Neutralize"]}],"is_beta":false,"boss_relics":[{"not_picked":["Ectoplasm","SlaversCollar"],"picked":"Fusion Hammer"}],"items_purged_floors":[4],"is_endless":false,"potions_floor_spawned":[2,3,13,16,22,24],"killed_by":"Gremlin Leader","ascension_level":20}}