{"host":"c02dmb09vpgjjjz3","time":1612714674,"event":{"mods":["Act Like it!","BaseMod","CapriCore","Colored Map","Downfall","GifTheSpireLib","Minty Spire (QoL Compilation)","Permanent Neow","Random Character Button","StSLib"],"gold_per_floor":[99,110,126,126,140,140,186,211,211,228,228,228,228,55,69,69,69,69],"floor_reached":16,"language":"ENG","playtime":1037,"items_purged":[],"score":100,"play_id":"24e737e0-eedd-473d-875f-1f6bc9b2cab1","local_time":"20210207101754","is_ascension_mode":false,"campfire_choices":[{"data":"bronze:AlphaBuild","floor":1,"key":"SMITH"},{"data":"bronze:Backtrace","floor":6,"key":"SMITH"},{"floor":9,"key":"REST"},{"data":"bronze:FineTuning","floor":13,"key":"SMITH"}],"circlet_count":0,"master_deck":["bronze:Strike","bronze:Strike","bronze:Strike","bronze:Strike","bronze:Defend","bronze:Defend","bronze:Defend","bronze:Defend","bronze:Replicate","bronze:Goto","bronze:AlphaBuild+1","bronze:Backtrace+1","bronze:Branch","bronze:FineTuning+1","bronze:SpaghettiCode","bronze:DelayedGuard","bronze:Mutator"],"relics":["bronze:BronzeCore","Pen Nib","Ancient Tea Set"],"acts_visited":["Exordium"],"potions_floor_usage":[8,8,16,16],"damage_taken":[{"damage":0,"enemies":"2 Louse","floor":2,"turns":2},{"damage":0,"enemies":"Cultist","floor":3,"turns":2},{"damage":3,"enemies":"Small Slimes","floor":5,"turns":2},{"damage":23,"enemies":"Lagavulin","floor":8,"turns":7},{"damage":0,"enemies":"Blue Slaver","floor":10,"turns":1},{"damage":0,"enemies":"downfall:FleeingMerchant","floor":14,"turns":4},{"damage":0,"enemies":"Exordium Thugs","floor":15,"turns":2},{"damage":68,"enemies":"WA_ARCHETYPE_RETAIN","floor":16,"turns":10}],"seed_played":"-1258440318637007411","potions_obtained":[{"floor":3,"key":"sneckomod:MuddlingPotion"},{"floor":4,"key":"Block Potion"},{"floor":4,"key":"LiquidMemories"},{"floor":4,"key":"Dexterity Potion"},{"floor":10,"key":"Dexterity Potion"}],"is_trial":false,"path_per_floor":["R","M","M","?","M","R","T","E","R","M","?","?","R","$","M","B"],"character_chosen":"THE_AUTOMATON","items_purchased":["bronze:Mutator"],"campfire_rested":1,"item_purchase_floors":[14],"current_hp_per_floor":[49,49,49,49,46,46,46,23,44,44,67,67,67,67,67,0,0,0],"gold":69,"neow_bonus":"THREE_RARE_CARDS","is_daily":false,"chose_seed":false,"campfire_upgraded":3,"win_rate":0.0,"timestamp":1612714674,"path_taken":["R","M","M","?","?","R","T","E","R","M","?","?","R","$","M","BOSS"],"items_purchased_type":["Card"],"build_version":"2020-12-22","purchased_purges":0,"victory":false,"max_hp_per_floor":[70,70,70,70,70,70,70,70,70,70,70,70,70,70,70,70,70,70],"card_choices":[{"not_picked":["bronze:Format","bronze:SpaghettiCode"],"picked":"bronze:AlphaBuild","floor":0},{"not_picked":["bronze:Turbo","bronze:BitShift"],"picked":"bronze:Backtrace","floor":2},{"not_picked":["bronze:Philosophize","bronze:DigitalCarnage"],"picked":"bronze:Branch","floor":3},{"not_picked":["bronze:CutThrough","bronze:Deprecate"],"picked":"bronze:FineTuning","floor":5},{"not_picked":["bronze:MaxOutput","bronze:BuggyMess"],"picked":"bronze:SpaghettiCode","floor":8},{"not_picked":["bronze:Philosophize","bronze:DelayedSlice","bronze:DelayedGuard"],"picked":"SKIP","floor":10},{"not_picked":["bronze:ForLoop","bronze:GetLatest"],"picked":"bronze:DelayedGuard","floor":14},{"not_picked":["bronze:Invalidate","bronze:WildBeam","bronze:Turbo"],"picked":"SKIP","floor":15}],"player_experience":107008,"relics_obtained":[{"floor":7,"key":"Pen Nib"},{"floor":8,"key":"Ancient Tea Set"}],"event_choices":[{"damage_healed":0,"gold_gain":0,"player_choice":"Got Potions","damage_taken":0,"max_hp_gain":0,"max_hp_loss":0,"event_name":"Lab","floor":4,"gold_loss":0},{"damage_healed":23,"gold_gain":0,"player_choice":"Banana","damage_taken":0,"max_hp_gain":0,"max_hp_loss":0,"event_name":"Big Fish","floor":11,"gold_loss":0},{"damage_healed":0,"gold_gain":0,"player_choice":"Ignored","damage_taken":0,"max_hp_gain":0,"max_hp_loss":0,"event_name":"NoteForYourself","floor":12,"gold_loss":0}],"is_beta":false,"boss_relics":[],"items_purged_floors":[],"is_endless":false,"potions_floor_spawned":[3,5,10],"killed_by":"WA_ARCHETYPE_RETAIN","ascension_level":0}}