{"host":"5rnxi6rhaam60akk","time":1612673070,"event":{"mods":["2.2 Compatiblity","AchievementEnabler","BaseMod","Card Forge","Colored Map","Colored Powertips","Custom Start","Friendly Minions","Googly Eyes","Minty Spire (QoL Compilation)","Relic Sorter","Shop Mod","StSLib","everything is the same but u backflip on backflip"],"gold_per_floor":[113,127,138,149,160,193,193,193,193,193,206,218,243,255,255,354,354,369,379,396,415,415,415,425,524,524,536,546,546,560,577,577,678,678,697,710,721,731,748,748,762,776,776,792,792,792,792,792,792,792,792],"floor_reached":50,"language":"ENG","playtime":1657,"items_purged":[],"score":677,"play_id":"748168be-fcde-4eaa-82dc-95190d4b0d0c","local_time":"20210206224430","is_ascension_mode":true,"campfire_choices":[{"floor":10,"key":"REST"},{"floor":15,"key":"RECALL"},{"floor":23,"key":"REST"},{"floor":29,"key":"REST"},{"floor":32,"key":"REST"},{"floor":40,"key":"REST"},{"floor":47,"key":"REST"},{"floor":49,"key":"REST"}],"circlet_count":0,"master_deck":["Dramatic Entrance+1","Offering+1","Double Tap+1","Flex+1","Adrenaline+1","Thunderclap+1","Whirlwind+1","Burst+1","Turbo+1","Limit Break+1","Shrug It Off+1","Shrug It Off+1","Shrug It Off+1"],"relics":["Burning Blood","Anvil of the Gods","Hammer of Thor","Seething Fire"],"acts_visited":["Exordium","TheCity","TheBeyond"],"potions_floor_usage":[13],"damage_taken":[{"damage":0.0,"enemies":"2 Louse","floor":1.0,"turns":2.0},{"damage":0.0,"enemies":"Cultist","floor":2.0,"turns":1.0},{"damage":6.0,"enemies":"Small Slimes","floor":3.0,"turns":1.0},{"damage":10,"enemies":"Looter","floor":4,"turns":2},{"damage":6,"enemies":"Large Slime","floor":5,"turns":1},{"damage":6,"enemies":"Gremlin Nob","floor":6,"turns":2},{"damage":6,"enemies":"2 Fungi Beasts","floor":11,"turns":1},{"damage":6,"enemies":"Blue Slaver","floor":12,"turns":1},{"damage":0,"enemies":"3 Sentries","floor":13,"turns":1},{"damage":0,"enemies":"Gremlin Gang","floor":14,"turns":1},{"damage":6,"enemies":"Hexaghost","floor":16,"turns":1},{"damage":6,"enemies":"Chosen","floor":18,"turns":2},{"damage":6,"enemies":"2 Thieves","floor":19,"turns":1},{"damage":0,"enemies":"Centurion and Healer","floor":20,"turns":1},{"damage":6,"enemies":"Snake Plant","floor":21,"turns":2},{"damage":6,"enemies":"Snecko","floor":24,"turns":1},{"damage":0,"enemies":"Shelled Parasite and Fungi","floor":27,"turns":2},{"damage":12,"enemies":"Snake Plant","floor":28,"turns":1},{"damage":0,"enemies":"Cultist and Chosen","floor":30,"turns":1},{"damage":0,"enemies":"3 Cultists","floor":31,"turns":2},{"damage":6,"enemies":"Automaton","floor":33,"turns":3},{"damage":1,"enemies":"3 Shapes","floor":35,"turns":1},{"damage":6,"enemies":"Orb Walker","floor":36,"turns":1},{"damage":6,"enemies":"Transient","floor":37,"turns":4},{"damage":6,"enemies":"4 Shapes","floor":38,"turns":1},{"damage":6,"enemies":"Jaw Worm Horde","floor":39,"turns":1},{"damage":6,"enemies":"3 Darklings","floor":41,"turns":1},{"damage":12,"enemies":"Sphere and 2 Shapes","floor":42,"turns":1},{"damage":6,"enemies":"Writhing Mass","floor":44,"turns":2},{"damage":82,"enemies":"Time Eater","floor":50,"turns":4}],"seed_played":"7552372378602332915","potions_obtained":[{"floor":2.0,"key":"CultistPotion"},{"floor":3.0,"key":"LiquidBronze"},{"floor":12,"key":"Swift Potion"},{"floor":42,"key":"Regen Potion"}],"is_trial":false,"path_per_floor":["M","M","M","M","M","E","$","?","T","R","M","M","E","M","R","B",null,"M","M","M","M","?","R","M","?","T","M","M","R","M","M","R","B",null,"M","M","M","M","M","R","M","M","T","M","?","$","R","$","R","B"],"character_chosen":"IRONCLAD","items_purchased":[],"campfire_rested":7,"item_purchase_floors":[],"current_hp_per_floor":[80,80,80,76,76,76,76,76,76,80,80,80,80,80,80,80,80,80,80,80,80,80,80,80,80,80,80,74,80,80,80,80,80,80,80,80,80,80,80,80,80,74,74,74,74,74,80,80,80,0,0],"gold":792,"neow_bonus":"RANDOM_COLORLESS","is_daily":false,"chose_seed":false,"campfire_upgraded":0,"win_rate":0.0,"timestamp":1612673070,"path_taken":["M","M","M","M","M","E","$","?","T","R","?","M","E","M","R","BOSS","M","M","M","M","?","R","M","?","T","M","M","R","M","M","R","BOSS","M","M","M","M","M","R","M","M","T","M","?","$","R","$","R","BOSS"],"items_purchased_type":[],"build_version":"2020-12-22","purchased_purges":0,"victory":false,"max_hp_per_floor":[80,80,80,80,80,80,80,80,80,80,80,80,80,80,80,80,80,80,80,80,80,80,80,80,80,80,80,80,80,80,80,80,80,80,80,80,80,80,80,80,80,80,80,80,80,80,80,80,80,80,80],"card_choices":[{"not_picked":["Impatience","Good Instincts"],"picked":"Dramatic Entrance","floor":0.0},{"not_picked":["Perfected Strike","Blood for Blood","Warcry"],"picked":"SKIP","floor":1.0},{"not_picked":["True Grit","Warcry","Headbutt"],"picked":"SKIP","floor":2.0},{"not_picked":["Twin Strike","Headbutt","Clothesline"],"picked":"SKIP","floor":3.0},{"not_picked":["Clash","Infernal Blade","Seeing Red"],"picked":"SKIP","floor":4},{"not_picked":["Iron Wave","Rampage","Rage"],"picked":"SKIP","floor":5},{"not_picked":["Anger","Entrench","Dark Embrace"],"picked":"SKIP","floor":6},{"not_picked":["Heavy Blade","Fire Breathing","Ghostly Armor"],"picked":"SKIP","floor":11},{"not_picked":["Iron Wave","Shrug It Off","Intimidate"],"picked":"SKIP","floor":12},{"not_picked":["Carnage","Dual Wield","Pummel"],"picked":"SKIP","floor":13},{"not_picked":["Carnage","Dual Wield","Pummel"],"picked":"SKIP","floor":13},{"not_picked":["Headbutt","Dropkick","Warcry"],"picked":"SKIP","floor":14},{"not_picked":["Armaments","Battle Trance","Cleave"],"picked":"SKIP","floor":18},{"not_picked":["Shrug It Off","Ghostly Armor","Cleave"],"picked":"SKIP","floor":19},{"not_picked":["Cleave+1","Carnage","Anger"],"picked":"SKIP","floor":20},{"not_picked":["Whirlwind+1","Armaments","Rage+1"],"picked":"SKIP","floor":21},{"not_picked":["Rampage+1","Shrug It Off","Whirlwind"],"picked":"SKIP","floor":24},{"not_picked":["Sentinel","Heavy Blade+1","Hemokinesis"],"picked":"SKIP","floor":27},{"not_picked":["Headbutt","Bloodletting","Exhume"],"picked":"SKIP","floor":28},{"not_picked":["Sentinel","Carnage","Searing Blow"],"picked":"SKIP","floor":30},{"not_picked":["Hemokinesis+1","Clash","Second Wind"],"picked":"SKIP","floor":31},{"not_picked":["Heavy Blade+1","Armaments+1","Cleave+1"],"picked":"SKIP","floor":35},{"not_picked":["Whirlwind+1","Iron Wave","Pommel Strike+1"],"picked":"SKIP","floor":36},{"not_picked":["Pommel Strike+1","Evolve+1","Intimidate"],"picked":"SKIP","floor":37},{"not_picked":["Dual Wield","Fire Breathing+1","Barricade"],"picked":"SKIP","floor":38},{"not_picked":["Burning Pact+1","Cleave","Dropkick"],"picked":"SKIP","floor":39},{"not_picked":["Seeing Red","Anger","Perfected Strike+1"],"picked":"SKIP","floor":41},{"not_picked":["Disarm","Blood for Blood","Uppercut"],"picked":"SKIP","floor":42},{"not_picked":["Bludgeon","True Grit+1","Anger+1"],"picked":"SKIP","floor":44}],"player_experience":1304741,"relics_obtained":[],"event_choices":[{"damage_healed":0,"gold_gain":0,"player_choice":"0 cards matched","damage_taken":0,"max_hp_gain":0,"max_hp_loss":0,"event_name":"Match and Keep!","floor":8,"gold_loss":0,"cards_obtained":[]},{"damage_healed":0,"gold_gain":0,"player_choice":"Ignored","damage_taken":0,"max_hp_gain":0,"max_hp_loss":0,"event_name":"The Mausoleum","floor":22,"gold_loss":0},{"damage_healed":0,"gold_gain":99,"player_choice":"Stole From Cult","damage_taken":0,"max_hp_gain":0,"max_hp_loss":0,"event_name":"Nest","floor":25,"gold_loss":0},{"damage_healed":0,"gold_gain":0,"player_choice":"Ignored","damage_taken":0,"max_hp_gain":0,"max_hp_loss":0,"event_name":"Mysterious Sphere","floor":45,"gold_loss":0}],"is_beta":false,"boss_relics":[{"not_picked":[]},{"not_picked":[]}],"items_purged_floors":[],"is_endless":false,"potions_floor_spawned":[2,3,4,12,16,21,24,28,33,37,39,41,42,44],"killed_by":"Time Eater","ascension_level":1}}