{"host":"3z4ju2qnfrhpg6py","time":1612694586,"event":{"mods":["Arknights","BaseMod","Colored Powertips","Minty Spire (QoL Compilation)","StSLib"],"gold_per_floor":[116,133,144,144,144,144,144,170,170,170,181,281,205,232,232,332,332,350,275,295,315,167,201,201,229,278,119,119,137,168,188,188,289,289,308,321,160,172,187,187,187],"floor_reached":40,"language":"ZHS","playtime":2239,"items_purged":["ats:Defend","ats:Defend","ats:Strike V"],"score":456,"play_id":"ab6c1558-624e-4ebf-a5c7-035497fb8e16","local_time":"20210207184306","is_ascension_mode":false,"campfire_choices":[{"data":"ats:Cat Scratch","floor":6,"key":"SMITH"},{"data":"ats:Healing Drone","floor":10,"key":"SMITH"},{"data":"ats:Overload","floor":15,"key":"SMITH"},{"data":"ats:Poison Spread","floor":24,"key":"SMITH"},{"data":"ats:Support Order","floor":28,"key":"SMITH"},{"data":"ats:Ambush","floor":32,"key":"SMITH"}],"circlet_count":0,"master_deck":["ats:Strike C","ats:Strike G","ats:Strike S","ats:Armor Crushing Shot","ats:Defend","ats:Defend","ats:Emotion Absorption","ats:Serious Mode+1","ats:Leaping Hammer","ats:Cat Scratch+1","ats:Healing Drone+1","Good Instincts","ats:Curse Doll","ats:Soul Absorption","ats:Overload+1","ats:Overload","ats:Ambush+1","ats:Consecutive Shot Auto","ats:Poison Spread+1","ats:Apocalypse","ats:Chain Hook","ats:Support Order+1","ats:Consecutive Shot Auto+1","ats:Spore Proliferation","ats:Flexible Camouflage+1","ats:Explosion Area Strengthen+1","ats:Sashimi Platter","ats:Overload","ats:Curse Doll","ats:Rapid Magazine+1","ats:Sword Rain+1"],"relics":["ats:Sanity","ats:Originium","Boot","Darkstone Periapt","ats:Berate","Coffee Dripper","ats:Rhine Circuitry","Bottled Lightning","Lantern","ats:Emergency Defibrillator","Runic Pyramid"],"acts_visited":["Exordium","TheCity","TheBeyond"],"potions_floor_usage":[40],"damage_taken":[{"damage":0,"enemies":"2 Louse","floor":1,"turns":2},{"damage":12,"enemies":"Small Slimes","floor":2,"turns":4},{"damage":4,"enemies":"Cultist","floor":3,"turns":3},{"damage":26,"enemies":"Lagavulin","floor":8,"turns":6},{"damage":17,"enemies":"3 Louse","floor":11,"turns":4},{"damage":8,"enemies":"Gremlin Nob","floor":14,"turns":3},{"damage":40,"enemies":"The Guardian","floor":16,"turns":7},{"damage":6,"enemies":"3 Byrds","floor":18,"turns":6},{"damage":30,"enemies":"Spheric Guardian","floor":20,"turns":4},{"damage":10,"enemies":"Chosen and Byrds","floor":21,"turns":4},{"damage":34,"enemies":"Book of Stabbing","floor":23,"turns":6},{"damage":9,"enemies":"Gremlin Leader","floor":25,"turns":4},{"damage":0,"enemies":"Cultist and Chosen","floor":29,"turns":3},{"damage":44,"enemies":"Slavers","floor":30,"turns":4},{"damage":0,"enemies":"Snake Plant","floor":31,"turns":3},{"damage":38,"enemies":"Champ","floor":33,"turns":9},{"damage":17,"enemies":"3 Darklings","floor":35,"turns":6},{"damage":40,"enemies":"3 Shapes","floor":36,"turns":5},{"damage":32,"enemies":"Writhing Mass","floor":38,"turns":2},{"damage":17,"enemies":"3 Darklings","floor":39,"turns":4},{"damage":52,"enemies":"Reptomancer","floor":40,"turns":3}],"seed_played":"-6718753551246410169","potions_obtained":[{"floor":1,"key":"DuplicationPotion"},{"floor":2,"key":"FearPotion"},{"floor":8,"key":"SpeedPotion"},{"floor":14,"key":"ColorlessPotion"}],"is_trial":false,"path_per_floor":["M","M","M","?","?","R","?","E","T","R","M","?","$","E","R","B",null,"M","$","M","M","$","E","R","E","T","$","R","M","E","M","R","B",null,"M","M","$","M","M","E"],"character_chosen":"DOCTOR_CLASS","items_purchased":["ats:Overload","ats:Apocalypse","ats:Support Order","ats:Sashimi Platter","ats:Overload","ats:Curse Doll"],"campfire_rested":0,"item_purchase_floors":[13,22,27,37,37,37],"current_hp_per_floor":[79,67,63,68,68,68,68,54,54,54,45,45,45,45,45,21,84,80,80,58,56,56,34,34,33,33,33,33,37,5,51,51,37,84,75,47,47,19,26,0,0],"gold":187,"neow_bonus":"TEN_PERCENT_HP_BONUS","is_daily":false,"chose_seed":false,"campfire_upgraded":6,"win_rate":0.0,"timestamp":1612694586,"path_taken":["M","M","M","?","?","R","?","E","T","R","?","?","$","E","R","BOSS","M","$","M","M","?","E","R","E","T","$","R","M","E","?","R","BOSS","M","M","$","M","M","E"],"items_purchased_type":["Card","Card","Card","Card","Card","Card"],"build_version":"2020-12-22","purchased_purges":3,"victory":false,"max_hp_per_floor":[79,79,79,84,84,84,84,84,84,84,84,84,84,84,84,84,84,84,84,84,84,84,84,84,84,84,84,84,84,84,84,84,84,84,84,84,84,84,84,84,84],"card_choices":[{"not_picked":["ats:Curse Doll","ats:Explosion Area Strengthen"],"picked":"ats:Serious Mode","floor":1},{"not_picked":["ats:Ignite","ats:Flame Of Heaven"],"picked":"ats:Leaping Hammer","floor":2},{"not_picked":["ats:Very Hot Blade","ats:Encircling Forest"],"picked":"ats:Cat Scratch","floor":3},{"not_picked":["ats:Soul Rend","ats:Ignite"],"picked":"ats:Curse Doll","floor":8},{"not_picked":["ats:Defend Order","ats:Directed Diagnosis"],"picked":"ats:Soul Absorption","floor":11},{"not_picked":["ats:Very Hot Blade","ats:Fractured Body"],"picked":"ats:Overload","floor":14},{"not_picked":["ats:Fractured Body","ats:Shadow Assault"],"picked":"ats:Ambush","floor":16},{"not_picked":["ats:Shell Defense","ats:Healing Drone+1"],"picked":"ats:Consecutive Shot Auto","floor":18},{"not_picked":["ats:Revitalization","ats:Leaping Hammer","ats:Cat Scratch+1"],"picked":"SKIP","floor":20},{"not_picked":["ats:Flame Of Heaven","ats:LN2 Cannon+1"],"picked":"ats:Poison Spread","floor":21},{"not_picked":["ats:Guard Mode","ats:Literary Storm"],"picked":"ats:Chain Hook","floor":23},{"not_picked":["ats:Assault Order","ats:Mental Burst","ats:Song Of Battle"],"picked":"SKIP","floor":25},{"not_picked":["ats:Collapsing Strike+1","ats:Powerful Strike"],"picked":"ats:Consecutive Shot Auto+1","floor":29},{"not_picked":["ats:Revitalization","ats:Wolf Pack"],"picked":"ats:Spore Proliferation","floor":30},{"not_picked":["ats:Soul Absorption","ats:Apocalypse"],"picked":"ats:Flexible Camouflage+1","floor":31},{"not_picked":["ats:Part Time Job+1","ats:Support Order+1"],"picked":"ats:Explosion Area Strengthen+1","floor":35},{"not_picked":["ats:Leaping Hammer+1","ats:Shell Defense","ats:Cat Scratch"],"picked":"SKIP","floor":36},{"not_picked":["ats:Assault Order","ats:Shell Defense"],"picked":"ats:Rapid Magazine+1","floor":38},{"not_picked":["ats:Thorns+1","ats:Phantom"],"picked":"ats:Sword Rain+1","floor":39}],"player_experience":505,"relics_obtained":[{"floor":8,"key":"ats:Originium"},{"floor":8,"key":"Boot"},{"floor":9,"key":"Darkstone Periapt"},{"floor":14,"key":"ats:Originium"},{"floor":14,"key":"ats:Berate"},{"floor":23,"key":"ats:Originium"},{"floor":23,"key":"ats:Rhine Circuitry"},{"floor":25,"key":"ats:Originium"},{"floor":25,"key":"Bottled Lightning"},{"floor":26,"key":"Lantern"},{"floor":30,"key":"ats:Emergency Defibrillator"}],"event_choices":[{"damage_healed":0,"gold_gain":0,"player_choice":"Donut","damage_taken":0,"max_hp_gain":5,"max_hp_loss":0,"event_name":"Big Fish","floor":4,"gold_loss":0},{"damage_healed":0,"gold_gain":0,"player_choice":"Grow","damage_taken":0,"max_hp_gain":0,"max_hp_loss":0,"event_name":"Living Wall","floor":5,"gold_loss":0,"cards_upgraded":["ats:Serious Mode"]},{"damage_healed":0,"gold_gain":0,"player_choice":"2 cards matched","damage_taken":0,"max_hp_gain":0,"max_hp_loss":0,"event_name":"Match and Keep!","floor":7,"gold_loss":0,"cards_obtained":["ats:Healing Drone","Good Instincts"]},{"damage_healed":0,"gold_gain":100,"player_choice":"Pray","damage_taken":0,"max_hp_gain":0,"max_hp_loss":0,"event_name":"Golden Shrine","floor":12,"gold_loss":0}],"is_beta":false,"boss_relics":[{"not_picked":["Ectoplasm","ats:Omniscience"],"picked":"Coffee Dripper"},{"not_picked":["Busted Crown","SlaversCollar"],"picked":"Runic Pyramid"}],"items_purged_floors":[19,22,27],"is_endless":false,"potions_floor_spawned":[1,2,8,14,23,25,29,31,33,36],"killed_by":"Reptomancer","ascension_level":0}}