{"host":"a5lz0e76zb3fcwkm","time":1612689547,"event":{"mods":["AchievementEnabler","BaseMod","Colored Map","Colored Powertips","Minty Spire (QoL Compilation)","StSLib","SuperFastMode"],"gold_per_floor":[132,167,219,144,144,210,210,210,233,233,233],"floor_reached":10,"language":"KOR","playtime":193,"items_purged":[],"score":132,"play_id":"caec0f6d-9532-46bd-8310-d349f5bfd8f8","local_time":"20210207181907","is_ascension_mode":true,"campfire_choices":[{"data":"HandOfGreed","floor":7,"key":"SMITH"}],"circlet_count":0,"master_deck":["AscendersBane","Strike_R","Strike_R","Strike_R","Defend_R","Defend_R","Defend_R","Defend_R","Bash","HandOfGreed+1","Inflame","Sword Boomerang"],"relics":["Burning Blood","Centennial Puzzle","MealTicket"],"acts_visited":["Exordium"],"potions_floor_usage":[6,6],"damage_taken":[{"damage":0,"enemies":"Cultist","floor":1,"turns":2},{"damage":3,"enemies":"2 Louse","floor":2,"turns":4},{"damage":11,"enemies":"Small Slimes","floor":3,"turns":5},{"damage":50,"enemies":"3 Sentries","floor":6,"turns":16},{"damage":34,"enemies":"Gremlin Nob","floor":10,"turns":3}],"seed_played":"5697367178839649634","potions_obtained":[{"floor":2,"key":"Block Potion"},{"floor":3,"key":"Block Potion"}],"is_trial":false,"path_per_floor":["M","M","M","?","?","E","R","?","T","E"],"character_chosen":"IRONCLAD","items_purchased":[],"campfire_rested":0,"item_purchase_floors":[],"current_hp_per_floor":[56,59,54,54,59,15,15,8,8,0,0],"gold":233,"neow_bonus":"RANDOM_COLORLESS_2","is_daily":false,"chose_seed":false,"campfire_upgraded":1,"win_rate":0.0,"timestamp":1612689547,"path_taken":["M","M","?","?","?","E","R","?","T","E"],"items_purchased_type":[],"build_version":"2020-12-22","purchased_purges":0,"victory":false,"max_hp_per_floor":[75,75,75,75,80,80,80,80,80,80,80],"card_choices":[{"not_picked":["Magnetism","Panache"],"picked":"HandOfGreed","floor":0.0},{"not_picked":["Bloodletting","Dual Wield"],"picked":"Inflame","floor":1},{"not_picked":["Havoc","True Grit"],"picked":"Sword Boomerang","floor":2},{"not_picked":["Warcry","Sword Boomerang","Infernal Blade"],"picked":"SKIP","floor":3},{"not_picked":["Heavy Blade","Sword Boomerang","Reckless Charge"],"picked":"SKIP","floor":6}],"player_experience":1846711,"relics_obtained":[{"floor":6,"key":"Centennial Puzzle"},{"floor":9,"key":"MealTicket"}],"event_choices":[{"cards_removed":["Strike_R"],"damage_healed":0,"gold_gain":0,"player_choice":"Card Removal","damage_taken":0,"max_hp_gain":0,"max_hp_loss":0,"event_name":"The Cleric","floor":4,"gold_loss":75},{"damage_healed":0,"gold_gain":0,"player_choice":"Donut","damage_taken":0,"max_hp_gain":5,"max_hp_loss":0,"event_name":"Big Fish","floor":5,"gold_loss":0},{"cards_removed":["Strike_R"],"damage_healed":0,"gold_gain":0,"player_choice":"Card Removal","damage_taken":7,"max_hp_gain":0,"max_hp_loss":0,"event_name":"Golden Wing","floor":8,"gold_loss":0}],"is_beta":false,"boss_relics":[],"items_purged_floors":[],"is_endless":false,"potions_floor_spawned":[2,3],"killed_by":"Gremlin Nob","ascension_level":20}}