{"host":"yans4pr1zf0lm9bx","time":1612721172,"event":{"mods":["AchievementEnabler","Act Like it!","BaseMod","Hallownest","Minty Spire (QoL Compilation)","Replay The Spire","StSLib","SuperFastMode","The Bug Knight"],"gold_per_floor":[119,119,0,18,18,53,53,65,119,135,152,152,186,111,111,208,208,225,0,0,10,26,59,59,59],"floor_reached":24,"language":"ENG","playtime":1154,"items_purged":[],"score":235,"play_id":"5b5e432d-7780-48a2-9ed9-d9b759b19c71","local_time":"20210207130612","is_ascension_mode":true,"campfire_choices":[{"floor":12,"key":"RECALL"}],"circlet_count":0,"master_deck":["HollowMod:NailStrikeStart","HollowMod:NailStrikeStart","HollowMod:NailStrikeStart","HollowMod:NailStrikeStart","HollowMod:QuickDashStart","HollowMod:QuickDashStart","HollowMod:QuickDashStart","HollowMod:QuickDashStart","HollowMod:FocusHealStart","HollowMod:PogoStrike","HollowMod:MantisMark","HollowMod:VengefulVoid","HollowMod:DescendingDark","HollowMod:CycloneSlash","HollowMod:NewLittleFool+1","HollowMod:DreamGate","HollowMod:MantisMark","Hallownest:skillGreenpathMap","HollowMod:Hiveblood","HollowMod:NewJinnsSoul","HollowMod:NewLastStag","Pot Of Greed","Pot Of Greed","HollowMod:RecoilStrike+1","HollowMod:ShadowDash+1","HollowMod:WraithStrike","Pot Of Greed"],"relics":["Fusion Hammer","Hallownest:BankAccountRelic","Ring of Hypnosis","HollowMod:PaleOreRelic","Hallownest:DreamNailRelic","Replay:Baseball","Girya","HollowMod:VoidIdolRelic","Grinning Jar","Pondfish Scales"],"acts_visited":["Hallownest:Greenpath","Hallownest:CityofTears"],"potions_floor_usage":[16,22,23,24],"damage_taken":[{"damage":0,"enemies":"Hallownest:monsterHuskWarrior","floor":1,"turns":3},{"damage":0,"enemies":"Hallownest:2_Tiktiks_and_1_Crawlid","floor":4,"turns":2},{"damage":5,"enemies":"Hallownest:eliteVengeflyKing","floor":6,"turns":7},{"damage":0,"enemies":"Hallownest:monsterHuskGuard","floor":8,"turns":2},{"damage":0,"enemies":"Hallownest:monsterFoolEater","floor":10,"turns":2},{"damage":0,"enemies":"Hallownest:2_Tiktiks_1_Baldur_1_Crawlid","floor":11,"turns":2},{"damage":34,"enemies":"Hallownest:eliteCrystalGuardian","floor":13,"turns":4},{"damage":63,"enemies":"Hallownest:BossFalseKnight","floor":16,"turns":7},{"damage":32,"enemies":"Hallownest:Guard_and_Sentry","floor":18,"turns":4},{"damage":10,"enemies":"Hallownest:3_Youths","floor":21,"turns":6},{"damage":49,"enemies":"Hallownest:monsterMisterMushroom","floor":22,"turns":6},{"damage":22,"enemies":"Hallownest:eliteSoulWarrior","floor":23,"turns":10},{"damage":19,"enemies":"Hallownest:3_Mistakes","floor":24,"turns":1}],"seed_played":"-2560055114333600530","potions_obtained":[{"floor":6,"key":"EssenceOfSteel"},{"floor":10,"key":"SteroidPotion"},{"floor":13,"key":"Dexterity Potion"},{"floor":21,"key":"Weak Potion"},{"floor":22,"key":"Venom Potion"},{"floor":23,"key":"Regen Potion"}],"is_trial":false,"path_per_floor":["M","?","?","M","?","E","?","M","T","M","M","R","E","?","R","B",null,"M","?","?","M","M","E","M"],"character_chosen":"THE_BUGKNIGHT","items_purchased":[],"campfire_rested":0,"item_purchase_floors":[],"current_hp_per_floor":[75,75,75,75,75,70,70,70,70,70,70,70,36,36,58,10,75,52,52,52,54,17,10,0,0],"gold":59,"neow_bonus":"BOSS_RELIC","is_daily":false,"chose_seed":false,"campfire_upgraded":0,"win_rate":0.0,"timestamp":1612721172,"path_taken":["M","?","?","M","?","E","?","?","T","M","M","R","E","?","R","BOSS","M","?","?","M","M","E","M"],"items_purchased_type":[],"build_version":"2020-12-22","purchased_purges":0,"victory":false,"max_hp_per_floor":[75,75,75,75,75,75,75,75,75,75,75,75,75,75,75,75,75,75,75,75,75,75,75,75,75],"card_choices":[{"not_picked":["HollowMod:ChannelNail","HollowMod:SoulSplash"],"picked":"HollowMod:MantisMark","floor":1},{"not_picked":["HollowMod:SoulVessel","HollowMod:CrystalDash"],"picked":"HollowMod:VengefulVoid","floor":4},{"not_picked":["HollowMod:SiblingsSouls","HollowMod:AbyssShriek"],"picked":"HollowMod:DescendingDark","floor":6},{"not_picked":["HollowMod:DashSlash","HollowMod:FastStrike"],"picked":"HollowMod:CycloneSlash","floor":8},{"not_picked":["HollowMod:FastStrike","HollowMod:PerfectDash"],"picked":"HollowMod:NewLittleFool","floor":10},{"not_picked":["HollowMod:theNailsmith","HollowMod:NewLittleFool"],"picked":"HollowMod:DreamGate","floor":11},{"not_picked":["HollowMod:HeavyBlow","HollowMod:CornifersMapStart"],"picked":"HollowMod:MantisMark","floor":13},{"not_picked":["HollowMod:LifebloodCore","HollowMod:LordofShades"],"picked":"HollowMod:Hiveblood","floor":16},{"not_picked":["HollowMod:DesolateDive+1","HollowMod:SoulStrike"],"picked":"HollowMod:NewJinnsSoul","floor":18},{"not_picked":["HollowMod:SoulStrike","HollowMod:InfectedAttack"],"picked":"HollowMod:RecoilStrike+1","floor":21},{"not_picked":["HollowMod:HeavyBlow","HollowMod:SoulShaman"],"picked":"HollowMod:ShadowDash+1","floor":22},{"not_picked":["HollowMod:BrokenVessel","HollowMod:MawleksShell"],"picked":"HollowMod:WraithStrike","floor":23}],"player_experience":264900,"relics_obtained":[{"floor":5,"key":"Ring of Hypnosis"},{"floor":6,"key":"HollowMod:PaleOreRelic"},{"floor":9,"key":"Replay:Baseball"},{"floor":13,"key":"Girya"},{"floor":23,"key":"Pondfish Scales"}],"event_choices":[],"is_beta":false,"boss_relics":[{"not_picked":["Astrolabe","Philosopher\u0027s Stone"],"picked":"HollowMod:VoidIdolRelic"}],"items_purged_floors":[],"is_endless":false,"potions_floor_spawned":[6,10,11,13,21,22,23],"killed_by":"Hallownest:3_Mistakes","ascension_level":1}}