{"host":"c35j6tsoy7cxzn43","time":1612718477,"event":{"mods":["BaseMod","Better Third Choice","BetterRewards","Colored Map","Colored Powertips","Conspire","Highlight Path","Hubris","Infinite Spire","Minty Spire (QoL Compilation)","Quick Restart","Replay The Spire","Shop Mod","StSLib"],"gold_per_floor":[214,214,214,234,85,118,128,128,181,201,211,211,211,211],"floor_reached":13,"language":"ENG","playtime":562,"items_purged":[],"score":85,"play_id":"e01f6fcf-6917-4cbc-b1ff-f8ca9f7bb976","local_time":"20210207182117","is_ascension_mode":false,"campfire_choices":[{"data":"hubris:StunningStrike","floor":12,"key":"SMITH"}],"circlet_count":0,"master_deck":["Strike_R","Strike_R","Strike_R+1","Strike_R","Strike_R","Defend_R","Defend_R","Defend_R","Defend_R","Bash+1","Limit Break","hubris:StunningStrike+1","Reaper","Shockwave","Rampage","Sword Boomerang","Thunderclap","Dropkick"],"relics":["Burning Blood","Smiling Mask","Orrery","PreservedInsect","Blue Doll"],"acts_visited":["Exordium"],"potions_floor_usage":[],"damage_taken":[{"damage":10,"enemies":"Jaw Worm","floor":1,"turns":4},{"damage":4,"enemies":"Small Slimes","floor":4,"turns":4},{"damage":61,"enemies":"3 Sentries","floor":6,"turns":13},{"damage":7,"enemies":"2 Louse","floor":7,"turns":2},{"damage":21,"enemies":"Lots of Slimes","floor":10,"turns":4},{"damage":19,"enemies":"3 Louse","floor":11,"turns":4},{"damage":26,"enemies":"Lagavulin","floor":13,"turns":3}],"seed_played":"874547041613226247","potions_obtained":[{"floor":4,"key":"Languid Potion"},{"floor":10,"key":"BlessingOfTheForge"},{"floor":11,"key":"Swift Potion"}],"is_trial":false,"path_per_floor":["M","?","?","M","$","E","M","$","T","M","M","R","E"],"character_chosen":"IRONCLAD","items_purchased":["Orrery"],"campfire_rested":0,"item_purchase_floors":[5],"current_hp_per_floor":[76,60,60,62,62,25,24,24,24,29,25,25,0,0],"gold":211,"neow_bonus":"HUNDRED_GOLD","is_daily":false,"chose_seed":false,"campfire_upgraded":1,"win_rate":0.0,"timestamp":1612718477,"path_taken":["M","?","?","M","$","E","M","$","T","M","M","R","E"],"items_purchased_type":["Relic"],"build_version":"2020-12-22","purchased_purges":0,"victory":false,"max_hp_per_floor":[80,80,80,80,80,80,80,80,80,80,80,80,80,80],"card_choices":[{"not_picked":["Sword Boomerang","hubris:ReadiedAction","Flex"],"picked":"SKIP","floor":1},{"not_picked":["Dual Wield","Flex"],"picked":"Limit Break","floor":4},{"not_picked":["Twin Strike","Perfected Strike"],"picked":"hubris:StunningStrike","floor":5},{"not_picked":["Disarm","Shrug It Off"],"picked":"Reaper","floor":5},{"not_picked":["conspire:ExplosiveBarrier","ReplayReversal"],"picked":"Shockwave","floor":5},{"not_picked":["Twin Strike","Run Through"],"picked":"Rampage","floor":5},{"not_picked":["ReplayTheSpireMod:Strike From Hell","Pommel Strike"],"picked":"Sword Boomerang","floor":5},{"not_picked":["Fire Breathing","ReplayTheSpireMod:Corrosion Curse","Havoc"],"picked":"SKIP","floor":6},{"not_picked":["Clash","Uppercut","Replay:Undeath\u0027s Touch"],"picked":"SKIP","floor":7},{"not_picked":["Havoc","Run Through"],"picked":"Thunderclap","floor":10},{"not_picked":["Life Link","Shockwave"],"picked":"Dropkick","floor":11}],"player_experience":457024,"relics_obtained":[{"floor":3,"key":"Smiling Mask"},{"floor":6,"key":"PreservedInsect"},{"floor":9,"key":"Blue Doll"}],"event_choices":[{"damage_healed":76,"gold_gain":0,"player_choice":"Upgrade","damage_taken":16,"max_hp_gain":0,"max_hp_loss":80,"event_name":"betterThird:BetterShining","floor":2,"gold_loss":0,"cards_upgraded":["Bash","Strike_R"]}],"is_beta":false,"boss_relics":[],"items_purged_floors":[],"is_endless":false,"potions_floor_spawned":[4,10,11],"killed_by":"Lagavulin","ascension_level":0}}