{"host":"stk82ot58bnorhun","time":1612714473,"event":{"mods":["BaseMod","Colored Powertips","Downfall","Energized Spire","Highlight Path","Minty Spire (QoL Compilation)","Replay The Spire","StSLib","SuperFastMode","UnlockEverythingMod"],"gold_per_floor":[99,99,192,203,203,103,103,116,132,143,43,63,96,96,107,107,107,107],"floor_reached":16,"language":"ZHS","playtime":754,"items_purged":[],"score":127,"play_id":"bb33f513-1e41-4305-bd2f-9ed35e2e71e7","local_time":"20210208001433","is_ascension_mode":false,"campfire_choices":[{"floor":1.0,"key":"RECALL"},{"data":"Forethought","floor":6.0,"key":"SMITH"},{"data":"champ:CheapShot","floor":11.0,"key":"SMITH"}],"circlet_count":0,"master_deck":["champ:Strike","champ:Strike","champ:Strike","champ:Strike","champ:Defend","champ:Defend","champ:Defend","champ:Defend","champ:Execute","champ:Taunt","champ:Backstep","champ:CalledShot","champ:SkillfulDodge","champ:CheapShot+1","Forethought+1","champ:Shatter","champ:PreciseThrust","champ:DefensiveShout","champ:Lariat","champ:CheapShot+1","champ:BerserkersShout"],"relics":["champ:ChampionCrown","Oddly Smooth Stone","downfall:HeartBlessingRed","downfall:HeartBlessingBlue","Omamori"],"acts_visited":["Exordium"],"potions_floor_usage":[16],"damage_taken":[{"damage":6.0,"enemies":"2 Louse","floor":4.0,"turns":3.0},{"damage":15.0,"enemies":"Small Slimes","floor":8.0,"turns":4.0},{"damage":10.0,"enemies":"Cultist","floor":9.0,"turns":4.0},{"damage":0.0,"enemies":"2 Fungi Beasts","floor":10.0,"turns":1.0},{"damage":11.0,"enemies":"Red Slaver","floor":12.0,"turns":4.0},{"damage":25.0,"enemies":"Gremlin Nob","floor":13.0,"turns":6.0},{"damage":16.0,"enemies":"3 Louse","floor":15.0,"turns":5.0},{"damage":32,"enemies":"DF_ARCHETYPE_STREAMLINE","floor":16,"turns":3}],"seed_played":"-6852746126126047018","potions_obtained":[{"floor":8.0,"key":"Explosive Potion"},{"floor":9.0,"key":"Fire Potion"},{"floor":15.0,"key":"Cursed Concoction"}],"is_trial":false,"path_per_floor":["R","?","?","M","?","R","T","M","M","M","R","M","E","?","M","B"],"character_chosen":"THE_CHAMP","items_purchased":[],"campfire_rested":0,"item_purchase_floors":[],"current_hp_per_floor":[99,99,60,54,54,54,54,49,49,49,59,58,43,43,32,0,0,0],"gold":107,"neow_bonus":"TEN_PERCENT_HP_BONUS","is_daily":false,"chose_seed":false,"campfire_upgraded":2,"win_rate":0.0,"timestamp":1612714473,"path_taken":["R","?","?","M","?","R","T","?","M","M","R","M","E","?","M","BOSS"],"items_purchased_type":[],"build_version":"2020-12-22","purchased_purges":0,"victory":false,"max_hp_per_floor":[99,99,99,99,99,99,99,99,99,99,109,109,109,109,109,109,109,109],"card_choices":[{"not_picked":["champ:ShieldSigil","champ:SwordSigil"],"picked":"champ:Backstep","floor":3.0},{"not_picked":["champ:GutPunch","champ:ShieldSigil"],"picked":"champ:CalledShot","floor":3.0},{"not_picked":["champ:Encircle","champ:IronFortress"],"picked":"champ:SkillfulDodge","floor":4.0},{"not_picked":["champ:PerfectedStrike","champ:AdrenalArmor"],"picked":"champ:Shatter","floor":8.0},{"not_picked":["champ:CrownThrow","champ:Circumvent"],"picked":"champ:PreciseThrust","floor":9.0},{"not_picked":["champ:PreciseThrust","champ:Circumvent"],"picked":"champ:DefensiveShout","floor":10.0},{"not_picked":["champ:PreemptiveStrike","champ:Devastate","champ:CrownThrow"],"picked":"SKIP","floor":12.0},{"not_picked":["champ:DancingMaster","champ:ArenaPreparation"],"picked":"champ:Lariat","floor":13.0},{"not_picked":["champ:GutPunch","champ:FocusedBerserking"],"picked":"champ:BerserkersShout","floor":15.0}],"player_experience":98752,"relics_obtained":[{"floor":3.0,"key":"Oddly Smooth Stone"},{"floor":13.0,"key":"Omamori"}],"event_choices":[],"is_beta":false,"boss_relics":[],"items_purged_floors":[],"is_endless":false,"potions_floor_spawned":[8,9,15],"killed_by":"DF_ARCHETYPE_STREAMLINE","ascension_level":0}}