{"host":"vgmhxp0kxvybuvcq","time":1612665265,"event":{"mods":["BaseMod","Minty Spire (QoL Compilation)","Replay The Spire","StSLib"],"gold_per_floor":[111,111,111,36,61,61,75,100,100,65,83,121,192,206,206,334,334,358,408,56,45,43,43,43,43,68,68,107,23,23,23],"floor_reached":30,"language":"ENG","playtime":3468,"items_purged":["ReplayTheSpireMod:Splinters","Strike_G"],"score":381,"play_id":"ad9ebd78-0baa-425e-922e-a2c1d27297f5","local_time":"20210206183425","is_ascension_mode":true,"campfire_choices":[{"data":"Riddle With Holes","floor":6,"key":"SMITH"},{"floor":15,"key":"REST"},{"data":"Draining Mist","floor":23,"key":"SMITH"},{"data":"Noxious Fumes","floor":25,"key":"SMITH"},{"floor":27,"key":"REST"}],"circlet_count":0,"master_deck":["AscendersBane","Strike_G","Strike_G","Defend_G","Defend_G","Survivor","Neutralize+1","ReplayTheSpireMod:Tripwire","Riddle With Holes+1","Dodge and Roll","Noxious Fumes+1","Poisoned Stab+1","Slice","Finisher","Fluid Movement","Replay:Bag of Tricks","Deflect","Draining Mist+1","Forethought","Crippling Poison+1","Deflect+1"],"relics":["Kintsugi","Golden Idol","Odd Mushroom","Ancient Tea Set","InkBottle","Blue Doll","Sozu","Membership Card","Whetstone","Replay:Wax Seal","Blood Vial","ReplayTheSpireMod:TigerMarble","Chameleon Ring"],"acts_visited":["Exordium","TheCity"],"potions_floor_usage":[12,13,16,18],"damage_taken":[{"damage":2,"enemies":"2 Louse","floor":1,"turns":4},{"damage":1,"enemies":"Small Slimes","floor":5,"turns":5},{"damage":0,"enemies":"Jaw Worm","floor":7,"turns":3},{"damage":7,"enemies":"The Mushroom Lair","floor":8,"turns":5},{"damage":9,"enemies":"3 Louse","floor":11,"turns":4},{"damage":10,"enemies":"Replay:BlueRogue","floor":12,"turns":7},{"damage":29,"enemies":"Lagavulin Event","floor":13,"turns":7},{"damage":0,"enemies":"2 Fungi Beasts","floor":14,"turns":3},{"damage":28,"enemies":"The Guardian","floor":16,"turns":10},{"damage":2,"enemies":"Spheric Guardian","floor":18,"turns":4},{"damage":24,"enemies":"2 Thieves","floor":21,"turns":4},{"damage":34,"enemies":"Gremlin Leader","floor":28,"turns":8},{"damage":1,"enemies":"Snecko","floor":29,"turns":5},{"damage":25,"enemies":"Slavers","floor":30,"turns":2}],"seed_played":"-2841831710615797611","potions_obtained":[{"floor":1,"key":"FearPotion"},{"floor":7,"key":"Swift Potion"},{"floor":11,"key":"LifebloodPotion"},{"floor":12,"key":"Regen Potion"},{"floor":13,"key":"SteroidPotion"}],"is_trial":false,"path_per_floor":["M","?","?","$","M","R","M","?","T","?","M","E","?","M","R","B",null,"M","?","$","M","$","R","?","R","T","R","E","M","E"],"character_chosen":"THE_SILENT","items_purchased":["Membership Card","Whetstone","Draining Mist","Forethought","Replay:Wax Seal","Blood Vial"],"campfire_rested":2,"item_purchase_floors":[20,20,20,20,22,22],"current_hp_per_floor":[61,44,44,44,43,43,43,36,36,53,44,34,20,20,41,13,56,54,54,54,30,30,30,30,30,30,51,19,20,0,0],"gold":23,"neow_bonus":"BOSS_RELIC","is_daily":false,"chose_seed":false,"campfire_upgraded":3,"win_rate":0.0,"timestamp":1612665265,"path_taken":["M","?","?","$","M","R","?","?","T","?","M","E","?","M","R","BOSS","M","?","$","?","?","R","?","R","T","R","E","M","E"],"items_purchased_type":["Relic","Relic","Card","Card","Relic","Relic"],"build_version":"2020-12-22","purchased_purges":2,"victory":false,"max_hp_per_floor":[70,70,70,70,70,70,70,70,70,70,70,70,70,70,70,70,70,70,70,70,70,70,70,70,70,70,70,70,70,70,70],"card_choices":[{"not_picked":["Dagger Spray","PiercingWail"],"picked":"ReplayTheSpireMod:Tripwire","floor":1},{"not_picked":["Masterful Stab","Cloak And Dagger"],"picked":"Riddle With Holes","floor":5},{"not_picked":["Reflex","Deflect"],"picked":"Dodge and Roll","floor":7},{"not_picked":["Flying Knee","Footwork"],"picked":"Noxious Fumes","floor":8},{"not_picked":["PiercingWail","Flechettes"],"picked":"Poisoned Stab","floor":11},{"not_picked":["Underhanded Strike","Endless Agony"],"picked":"Slice","floor":12},{"not_picked":["Flying Knee","Cloak And Dagger"],"picked":"Finisher","floor":13},{"not_picked":["Dagger Throw","Expertise"],"picked":"Fluid Movement","floor":14},{"not_picked":["Glass Knife","Corpse Explosion"],"picked":"Replay:Bag of Tricks","floor":16},{"not_picked":["Hidden Blade","Cloak And Dagger"],"picked":"Deflect","floor":18},{"not_picked":["Leg Sweep","Concentrate","Dagger Throw"],"picked":"SKIP","floor":21},{"not_picked":["Cloak And Dagger+1","Escape Plan+1"],"picked":"Crippling Poison+1","floor":28},{"not_picked":["Dodge and Roll","Calculated Gamble"],"picked":"Deflect+1","floor":29}],"player_experience":304371,"relics_obtained":[{"floor":8,"key":"Odd Mushroom"},{"floor":9,"key":"Ancient Tea Set"},{"floor":12,"key":"InkBottle"},{"floor":13,"key":"Blue Doll"},{"floor":26,"key":"ReplayTheSpireMod:TigerMarble"},{"floor":28,"key":"Chameleon Ring"}],"event_choices":[{"damage_healed":0,"gold_gain":0,"player_choice":"Take Damage","damage_taken":17,"relics_obtained":["Golden Idol"],"max_hp_gain":0,"max_hp_loss":0,"event_name":"Golden Idol","floor":2,"gold_loss":0},{"cards_removed":["Decay"],"damage_healed":0,"gold_gain":0,"player_choice":"Forget","damage_taken":0,"max_hp_gain":0,"max_hp_loss":0,"event_name":"Living Wall","floor":3,"gold_loss":0},{"damage_healed":0,"gold_gain":0,"player_choice":"Fought Mushrooms","damage_taken":0,"max_hp_gain":0,"max_hp_loss":0,"event_name":"Mushrooms","floor":8,"gold_loss":0},{"damage_healed":17,"gold_gain":0,"player_choice":"Healed","damage_taken":0,"max_hp_gain":0,"max_hp_loss":0,"event_name":"The Cleric","floor":10,"gold_loss":35},{"damage_healed":0,"gold_gain":0,"player_choice":"Searched \u00271\u0027 times","damage_taken":0,"max_hp_gain":0,"max_hp_loss":0,"event_name":"Dead Adventurer","floor":13,"gold_loss":0},{"damage_healed":0,"gold_gain":100,"player_choice":"Bet on Murderer","damage_taken":0,"max_hp_gain":0,"max_hp_loss":0,"event_name":"The Joust","floor":19,"gold_loss":50},{"damage_healed":0,"gold_gain":0,"player_choice":"Ignored","damage_taken":0,"max_hp_gain":0,"max_hp_loss":0,"event_name":"Ghosts","floor":24,"gold_loss":0}],"is_beta":false,"boss_relics":[{"not_picked":["Honey Jar","Ectoplasm"],"picked":"Sozu"}],"items_purged_floors":[4,20],"is_endless":false,"potions_floor_spawned":[1,7,11,12,13,21,29],"killed_by":"Slavers","ascension_level":11}}