{"host":"gk5m6v7zec9neb0j","time":1612688396,"event":{"mods":["AchievementEnabler","AlwaysNeverKeys","BaseMod","BetterRewards","Block Reminder","Minty Spire (QoL Compilation)","Rare Cards Sparkle","Relic Stats","StSLib"],"gold_per_floor":[111,111,111,128,138,138,167,167,240,59,79,79,94,118,118,248,248,273,233,257,65,84,124,138,154,231,231,256,2,21,54,54,173,173,198,222,37,100,113,113,148,168,168,82,415,415,431,236,236,236,236,236,17,47,47],"floor_reached":56,"language":"ENG","playtime":2439,"items_purged":["Strike_G","Strike_G","Strike_G","Strike_G","Flash of Steel"],"score":1346,"play_id":"5365d859-199c-4a0a-97df-0b2753b102ef","local_time":"20210207035956","is_ascension_mode":false,"campfire_choices":[{"floor":6,"key":"REST"},{"data":"Footwork","floor":8,"key":"SMITH"},{"floor":15,"key":"REST"},{"data":"Calculated Gamble","floor":27,"key":"SMITH"},{"data":"Finisher","floor":32,"key":"SMITH"},{"data":"Accuracy","floor":40,"key":"SMITH"},{"data":"Accuracy","floor":49,"key":"SMITH"},{"data":"Footwork","floor":52,"key":"SMITH"}],"circlet_count":0,"master_deck":["Defend_G","Defend_G","Defend_G+1","Defend_G","Survivor","Neutralize+1","Footwork+1","Footwork+1","Blade Dance+1","Escape Plan","Blade Dance","Dodge and Roll","Terror","Infinite Blades","Blade Dance","Burst","Caltrops","Calculated Gamble+1","Deflect+1","Finisher+1","Footwork+1","Blade Dance+1","Accuracy+1","Panache","The Bomb","Accuracy+1","Accuracy","Finesse","Deflect"],"relics":["Ring of the Snake","Membership Card","Singing Bowl","Dream Catcher","Mercury Hourglass","Sozu","Nunchaku","Anchor","Gremlin Horn","Kunai","Question Card","War Paint","Orrery","Unceasing Top","Bronze Scales","Whetstone","HandDrill","Ornamental Fan","Snake Skull"],"acts_visited":["Exordium","TheCity","TheBeyond","TheEnding"],"potions_floor_usage":[20,33,55],"damage_taken":[{"damage":9,"enemies":"Cultist","floor":1,"turns":5},{"damage":0,"enemies":"2 Louse","floor":4,"turns":4},{"damage":4,"enemies":"Jaw Worm","floor":5,"turns":4},{"damage":9,"enemies":"Lagavulin","floor":7,"turns":7},{"damage":0,"enemies":"Looter","floor":11,"turns":3},{"damage":0,"enemies":"Exordium Wildlife","floor":13,"turns":3},{"damage":0,"enemies":"2 Fungi Beasts","floor":14,"turns":2},{"damage":1,"enemies":"The Guardian","floor":16,"turns":11},{"damage":0,"enemies":"Spheric Guardian","floor":18,"turns":4},{"damage":0,"enemies":"3 Byrds","floor":20,"turns":4},{"damage":1,"enemies":"Snecko","floor":22,"turns":5},{"damage":18,"enemies":"Gremlin Leader","floor":23,"turns":6},{"damage":0,"enemies":"Centurion and Healer","floor":24,"turns":6},{"damage":0,"enemies":"Chosen and Byrds","floor":25,"turns":5},{"damage":7,"enemies":"Snake Plant","floor":28,"turns":4},{"damage":0,"enemies":"Snecko","floor":30,"turns":6},{"damage":8,"enemies":"Slavers","floor":31,"turns":7},{"damage":0,"enemies":"Collector","floor":33,"turns":8},{"damage":0,"enemies":"3 Shapes","floor":35,"turns":5},{"damage":0,"enemies":"Orb Walker","floor":36,"turns":4},{"damage":0,"enemies":"Mind Bloom Boss Battle","floor":38,"turns":4},{"damage":0,"enemies":"4 Shapes","floor":39,"turns":5},{"damage":2,"enemies":"Nemesis","floor":41,"turns":5},{"damage":0,"enemies":"3 Darklings","floor":42,"turns":5},{"damage":0,"enemies":"Sphere and 2 Shapes","floor":47,"turns":3},{"damage":98,"enemies":"Time Eater","floor":50,"turns":10},{"damage":40,"enemies":"Shield and Spear","floor":54,"turns":5},{"damage":53,"enemies":"The Heart","floor":55,"turns":8}],"seed_played":"2555599065309803937","potions_obtained":[{"floor":1,"key":"Swift Potion"},{"floor":5,"key":"Ancient Potion"},{"floor":13,"key":"Explosive Potion"}],"is_trial":false,"path_per_floor":["M","?","?","M","M","R","E","R","T","$","M","?","M","M","R","B",null,"M","$","M","$","M","E","M","M","T","R","M","$","M","E","R","B",null,"M","M","$","?","M","R","E","M","T","$","?","?","M","$","R","B",null,"R","$","E","B",null],"character_chosen":"THE_SILENT","items_purchased":["Membership Card","Footwork","Footwork","Singing Bowl","Blade Dance","Flash of Steel","Terror","Infinite Blades","Caltrops","Nunchaku","Calculated Gamble","Kunai","Question Card","Accuracy","Orrery","Panache","Accuracy","Whetstone","HandDrill","Accuracy","Ornamental Fan","Finesse"],"campfire_rested":2,"item_purchase_floors":[0,0,0,0,0,10,10,10,19,21,21,29,29,37,37,44,48,48,48,53,53,53],"current_hp_per_floor":[29,29,22,24,20,41,32,32,32,32,34,34,34,36,59,58,73,75,75,77,77,78,62,62,64,64,64,57,57,59,51,51,53,87,89,89,99,101,103,103,103,105,105,105,105,99,101,101,101,3,113,113,113,73,20],"gold":47,"neow_bonus":"","is_daily":false,"chose_seed":false,"campfire_upgraded":6,"win_rate":0.0,"timestamp":1612688396,"path_taken":["M","?","?","M","M","R","E","R","T","$","M","?","M","M","R","BOSS","M","$","M","$","M","E","M","M","T","R","M","$","M","E","R","BOSS","M","M","$","?","M","R","E","M","T","$","?","?","M","$","R","BOSS","R","$","E","BOSS"],"items_purchased_type":["Relic","Card","Card","Relic","Card","Card","Card","Card","Card","Relic","Card","Relic","Relic","Card","Relic","Card","Card","Relic","Relic","Card","Relic","Card"],"build_version":"2020-12-22","purchased_purges":5,"victory":true,"max_hp_per_floor":[70,70,70,72,72,72,72,72,72,72,74,69,69,71,73,73,73,75,75,77,77,79,81,81,83,83,83,83,83,85,85,85,87,87,89,89,99,101,103,103,105,107,107,107,107,111,113,113,113,113,113,113,113,113,113],"relic_stats":{"Singing Bowl":48,"Gremlin Horn":[17,17],"counters":[494,2798],"Snake Skull":[0],"Whetstone":["Neutralize"],"War Paint":["Defend_G","Blade Dance"],"Question Card":19,"Mercury Hourglass":[527],"Sozu":5,"Dream Catcher":1,"Nunchaku":[40],"Ornamental Fan":[52],"Bronze Scales":[132],"HandDrill":[10],"Kunai":[72],"obtain_stats":[{"TwistedFunnel":0,"Ginger":0,"Whetstone":11,"Bottled Tornado":43,"Old Coin":34,"Blood Vial":17,"Sundial":24,"HandDrill":48,"Kunai":0,"Pear":28,"Blue Candle":54,"Eternal Feather":54,"Tingsha":0,"Pen Nib":11,"Paper Crane":43,"SlaversCollar":17,"MutagenicStrength":19,"Bird Faced Urn":38,"StrikeDummy":27,"Unceasing Top":46,"Ring of the Serpent":17,"Regal Pillow":9,"Lantern":45,"Torii":0,"Singing Bowl":43,"StoneCalendar":42,"Bag of Preparation":26,"Ancient Tea Set":4,"Cursed Key":17,"Smiling Mask":41,"Matryoshka":37,"WristBlade":34,"Ninja Scroll":0,"WingedGreaves":17,"Chemical X":37,"InkBottle":54,"Ring of the Snake":0,"Potion Belt":9,"The Specimen":0,"Golden Idol":3,"Thread and Needle":45,"The Courier":26,"PreservedInsect":38,"Omamori":39,"Frozen Egg 2":43,"MawBank":45,"Ornamental Fan":0,"Bloody Idol":31,"Orrery":0,"Turnip":38,"Art of War":17,"Bottled Lightning":43,"Toy Ornithopter":27,"Ice Cream":7,"Calipers":13,"Gremlin Horn":26,"CeramicFish":0,"HoveringKite":34,"Vajra":43,"Sozu":34,"Centennial Puzzle":6,"Lizard Tail":10,"DollysMirror":4,"Strawberry":26,"Prayer Wheel":38,"Toxic Egg 2":28,"Girya":0,"Happy Flower":13,"Astrolabe":34,"Oddly Smooth Stone":0,"Letter Opener":53,"War Paint":43,"Question Card":48,"Bottled Flame":25,"Shuriken":0,"Bronze Scales":10,"Molten Egg 2":9,"Black Star":17,"Meat on the Bone":17,"Pocketwatch":17,"Darkstone Periapt":23,"SacredBark":17,"Enchiridion":22,"Snake Skull":54,"Juzu Bracelet":43,"Empty Cage":17,"PrismaticShard":53,"ClockworkSouvenir":20,"Tough Bandages":25,"Nunchaku":31,"Dream Catcher":9,"Mummified Hand":30,"Pantograph":12,"Gambling Chip":0,"Tiny Chest":26,"Red Mask":47,"Orichalcum":26,"Medical Kit":37,"White Beast Statue":9,"Mercury Hourglass":54,"Peace Pipe":9,"Calling Bell":17,"Anchor":34,"CaptainsWheel":54,"Bag of Marbles":43,"Membership Card":36,"FossilizedHelix":0,"TungstenRod":26},{"TwistedFunnel":381,"Ginger":97,"Whetstone":100,"Bottled Tornado":52,"Old Coin":338,"Blood Vial":129,"Sundial":44,"HandDrill":491,"Kunai":31,"Pear":315,"Blue Candle":249,"Eternal Feather":146,"Tingsha":274,"Pen Nib":356,"Paper Crane":322,"SlaversCollar":231,"MutagenicStrength":156,"Bird Faced Urn":189,"StrikeDummy":17,"Unceasing Top":193,"Ring of the Serpent":388,"Regal Pillow":36,"Lantern":269,"Torii":31,"Singing Bowl":116,"StoneCalendar":217,"Bag of Preparation":366,"Ancient Tea Set":2,"Cursed Key":281,"Smiling Mask":452,"Matryoshka":137,"WristBlade":112,"Ninja Scroll":172,"WingedGreaves":80,"Chemical X":22,"InkBottle":57,"Ring of the Snake":0,"Potion Belt":3,"The Specimen":274,"Golden Idol":2,"Thread and Needle":245,"The Courier":183,"PreservedInsect":240,"Omamori":189,"Frozen Egg 2":398,"MawBank":245,"Ornamental Fan":72,"Bloody Idol":161,"Orrery":58,"Turnip":116,"Art of War":80,"Bottled Lightning":24,"Toy Ornithopter":17,"Ice Cream":11,"Calipers":154,"Gremlin Horn":480,"CeramicFish":172,"HoveringKite":21,"Vajra":91,"Sozu":136,"Centennial Puzzle":278,"Lizard Tail":329,"DollysMirror":123,"Strawberry":107,"Prayer Wheel":138,"Toxic Egg 2":108,"Girya":250,"Happy Flower":12,"Astrolabe":86,"Oddly Smooth Stone":122,"Letter Opener":272,"War Paint":191,"Question Card":94,"Bottled Flame":16,"Shuriken":97,"Bronze Scales":36,"Molten Egg 2":151,"Black Star":13,"Meat on the Bone":80,"Pocketwatch":129,"Darkstone Periapt":182,"SacredBark":360,"Enchiridion":68,"Snake Skull":273,"Juzu Bracelet":141,"Empty Cage":103,"PrismaticShard":272,"ClockworkSouvenir":41,"Tough Bandages":16,"Nunchaku":85,"Dream Catcher":355,"Mummified Hand":110,"Pantograph":11,"Gambling Chip":197,"Tiny Chest":16,"Red Mask":54,"Orichalcum":235,"Medical Kit":188,"White Beast Statue":11,"Mercury Hourglass":349,"Peace Pipe":62,"Calling Bell":80,"Anchor":338,"CaptainsWheel":349,"Bag of Marbles":267,"Membership Card":163,"FossilizedHelix":250,"TungstenRod":416},{"TwistedFunnel":2158,"Ginger":599,"Whetstone":611,"Bottled Tornado":309,"Old Coin":1918,"Blood Vial":722,"Sundial":249,"HandDrill":2775,"Kunai":183,"Pear":1796,"Blue Candle":1454,"Eternal Feather":781,"Tingsha":1567,"Pen Nib":2009,"Paper Crane":1834,"SlaversCollar":1359,"MutagenicStrength":843,"Bird Faced Urn":1121,"StrikeDummy":100,"Unceasing Top":1141,"Ring of the Serpent":2183,"Regal Pillow":206,"Lantern":1539,"Torii":183,"Singing Bowl":676,"StoneCalendar":1281,"Bag of Preparation":2061,"Ancient Tea Set":5,"Cursed Key":1617,"Smiling Mask":2575,"Matryoshka":750,"WristBlade":661,"Ninja Scroll":996,"WingedGreaves":500,"Chemical X":129,"InkBottle":364,"Ring of the Snake":0,"Potion Belt":9,"The Specimen":1567,"Golden Idol":5,"Thread and Needle":1436,"The Courier":1085,"PreservedInsect":1411,"Omamori":1121,"Frozen Egg 2":2226,"MawBank":1436,"Ornamental Fan":459,"Bloody Idol":873,"Orrery":367,"Turnip":676,"Art of War":500,"Bottled Lightning":139,"Toy Ornithopter":100,"Ice Cream":57,"Calipers":823,"Gremlin Horn":2719,"CeramicFish":996,"HoveringKite":124,"Vajra":558,"Sozu":746,"Centennial Puzzle":1590,"Lizard Tail":1866,"DollysMirror":699,"Strawberry":637,"Prayer Wheel":755,"Toxic Egg 2":643,"Girya":1462,"Happy Flower":68,"Astrolabe":533,"Oddly Smooth Stone":696,"Letter Opener":1557,"War Paint":1131,"Question Card":574,"Bottled Flame":94,"Shuriken":599,"Bronze Scales":206,"Molten Egg 2":801,"Black Star":79,"Meat on the Bone":500,"Pocketwatch":722,"Darkstone Periapt":1075,"SacredBark":2027,"Enchiridion":435,"Snake Skull":1562,"Juzu Bracelet":766,"Empty Cage":621,"PrismaticShard":1557,"ClockworkSouvenir":234,"Tough Bandages":94,"Nunchaku":521,"Dream Catcher":2005,"Mummified Hand":652,"Pantograph":57,"Gambling Chip":1176,"Tiny Chest":94,"Red Mask":329,"Orichalcum":1384,"Medical Kit":1117,"White Beast Statue":57,"Mercury Hourglass":1972,"Peace Pipe":387,"Calling Bell":500,"Anchor":1918,"CaptainsWheel":1972,"Bag of Marbles":1530,"Membership Card":899,"FossilizedHelix":1462,"TungstenRod":2337}],"Unceasing Top":[7],"Ring of the Snake":[181]},"card_choices":[{"not_picked":["Deflect","Cloak And Dagger"],"picked":"Escape Plan","floor":1},{"not_picked":["Quick Slash","Calculated Gamble","Flying Knee"],"picked":"Singing Bowl","floor":4},{"not_picked":["Deadly Poison","Acrobatics"],"picked":"Blade Dance","floor":5},{"not_picked":["Infinite Blades","Cloak And Dagger"],"picked":"Dodge and Roll","floor":7},{"not_picked":["Dash","Prepared","Sucker Punch"],"picked":"Singing Bowl","floor":11},{"not_picked":["Underhanded Strike","Tactician"],"picked":"Blade Dance","floor":13},{"not_picked":["Heel Hook","Grand Finale","Sucker Punch"],"picked":"Singing Bowl","floor":14},{"not_picked":["Sucker Punch","Eviscerate","Dagger Throw"],"picked":"Singing Bowl","floor":15},{"not_picked":["Grand Finale","Malaise"],"picked":"Burst","floor":16},{"not_picked":["Expertise","Choke+1","Noxious Fumes"],"picked":"Singing Bowl","floor":18},{"not_picked":["Dagger Throw","Setup","Dagger Spray"],"picked":"Singing Bowl","floor":20},{"not_picked":["Escape Plan","Expertise","Dodge and Roll"],"picked":"Singing Bowl","floor":22},{"not_picked":["Acrobatics+1","Noxious Fumes","Backflip"],"picked":"Singing Bowl","floor":23},{"not_picked":["Dagger Spray+1","Deadly Poison"],"picked":"Deflect+1","floor":24},{"not_picked":["Quick Slash","Predator","Venomology"],"picked":"Singing Bowl","floor":25},{"not_picked":["Flying Knee","Leg Sweep"],"picked":"Finisher","floor":28},{"not_picked":["Poisoned Stab+1","Eviscerate","Terror","Flechettes+1"],"picked":"Singing Bowl","floor":30},{"not_picked":["Outmaneuver","Flechettes","Quick Slash"],"picked":"Footwork+1","floor":31},{"not_picked":["Tools of the Trade","Bullet Time","Corpse Explosion","Glass Knife"],"picked":"Singing Bowl","floor":33},{"not_picked":["Poisoned Stab","Eviscerate+1","Cloak And Dagger","PiercingWail+1"],"picked":"Singing Bowl","floor":35},{"not_picked":["Bane","Prepared","Dagger Throw+1"],"picked":"Blade Dance+1","floor":36},{"not_picked":["Concentrate+1","Tactician+1","Dash+1","All Out Attack+1"],"picked":"Singing Bowl","floor":37},{"not_picked":["Finisher","Prepared","Poisoned Stab+1","Doppelganger"],"picked":"Singing Bowl","floor":37},{"not_picked":["Predator+1","Dagger Throw+1","Caltrops","Slice+1"],"picked":"Singing Bowl","floor":37},{"not_picked":["Acrobatics+1","Deadly Poison+1","Blur+1","Noxious Fumes"],"picked":"Singing Bowl","floor":37},{"not_picked":["Glass Knife","Heel Hook+1","Deflect+1","Deadly Poison"],"picked":"Singing Bowl","floor":37},{"not_picked":["Cloak And Dagger","Acrobatics+1","Crippling Poison+1","Bane+1"],"picked":"Singing Bowl","floor":38},{"not_picked":["Acrobatics+1","Sucker Punch","Poisoned Stab+1","Blade Dance+1"],"picked":"Singing Bowl","floor":39},{"not_picked":["Deadly Poison+1","Noxious Fumes+1","Poisoned Stab","Doppelganger"],"picked":"Singing Bowl","floor":41},{"not_picked":["Noxious Fumes+1","Riddle With Holes+1","PiercingWail","Poisoned Stab+1"],"picked":"Singing Bowl","floor":42},{"not_picked":["Enlightenment","Purity","Trip","Impatience"],"picked":"Singing Bowl","floor":46},{"not_picked":["Enlightenment","Jack Of All Trades","Sadistic Nature"],"picked":"The Bomb","floor":46},{"not_picked":["Finesse","Transmutation","HandOfGreed","Secret Technique"],"picked":"Singing Bowl","floor":46},{"not_picked":["Deflect+1","Outmaneuver+1","Leg Sweep","Well Laid Plans+1"],"picked":"Singing Bowl","floor":47},{"not_picked":["Well Laid Plans","Escape Plan+1","Acrobatics"],"picked":"Deflect","floor":54}],"player_experience":794236,"relics_obtained":[{"floor":7,"key":"Dream Catcher"},{"floor":9,"key":"Mercury Hourglass"},{"floor":23,"key":"Anchor"},{"floor":26,"key":"Gremlin Horn"},{"floor":31,"key":"War Paint"},{"floor":41,"key":"Unceasing Top"},{"floor":43,"key":"Bronze Scales"},{"floor":54,"key":"Snake Skull"}],"event_choices":[{"cards_removed":["Strike_G"],"damage_healed":0,"gold_gain":0,"player_choice":"Forget","damage_taken":0,"max_hp_gain":0,"max_hp_loss":0,"event_name":"Living Wall","floor":2,"gold_loss":0},{"cards_removed":["Defend_G"],"damage_healed":0,"gold_gain":0,"player_choice":"Card Removal","damage_taken":7,"max_hp_gain":0,"max_hp_loss":0,"event_name":"Golden Wing","floor":3,"gold_loss":0},{"damage_healed":0,"gold_gain":0,"player_choice":"Lose Max HP","damage_taken":0,"relics_obtained":["Golden Idol"],"max_hp_gain":0,"max_hp_loss":5,"event_name":"Golden Idol","floor":12,"gold_loss":0},{"damage_healed":0,"gold_gain":0,"player_choice":"Fight","damage_taken":0,"max_hp_gain":0,"max_hp_loss":0,"event_name":"MindBloom","floor":38,"gold_loss":0},{"damage_healed":0,"gold_gain":333,"player_choice":"Gave Idol","damage_taken":0,"max_hp_gain":0,"max_hp_loss":0,"event_name":"The Moai Head","floor":45,"relics_lost":["Golden Idol"],"gold_loss":0},{"damage_healed":0,"gold_gain":0,"player_choice":"Memory 3","damage_taken":10,"max_hp_gain":0,"max_hp_loss":0,"event_name":"SensoryStone","floor":46,"gold_loss":0}],"is_beta":false,"boss_relics":[{"not_picked":["Philosopher\u0027s Stone","Runic Dome"],"picked":"Sozu"},{"not_picked":["Velvet Choker","Busted Crown","Calling Bell"]}],"items_purged_floors":[0,0,10,21,37],"is_endless":false,"potions_floor_spawned":[1,5,13,14,20,22,25,28,33,39,41],"ascension_level":0}}