{"host":"ypphcgdomtfqpc2w","time":1612702882,"event":{"mods":["BaseMod","DeckTracker","Minty Spire (QoL Compilation)","Relic Stats","StSLib"],"gold_per_floor":[214,232,307,58,8,8,41,41,41,41,70,170,186,196,196,298,298,315,331,66,80,80,80,114,114,114,114,114,64,244,258,258,360,360,374,374,374,374,374,404,422,422,446,474,274,300,300,13,13,13],"floor_reached":51,"language":"ENG","playtime":3320,"items_purged":["Strike_P","Strike_P"],"score":1298,"play_id":"41e0a099-0719-420d-92d2-3bee8e2a1f90","local_time":"20210207220122","is_ascension_mode":true,"campfire_choices":[{"data":"Eruption","floor":6,"key":"SMITH"},{"data":"Fasting2","floor":8,"key":"SMITH"},{"data":"Vigilance","floor":10,"key":"SMITH"},{"data":"Tantrum","floor":15,"key":"SMITH"},{"floor":23,"key":"REST"},{"data":"InnerPeace","floor":25,"key":"SMITH"},{"data":"Consecrate","floor":27,"key":"SMITH"},{"data":"JustLucky","floor":32,"key":"SMITH"},{"floor":42,"key":"REST"},{"data":"Devotion","floor":47,"key":"SMITH"},{"data":"SpiritShield","floor":49,"key":"SMITH"}],"circlet_count":0,"master_deck":["AscendersBane","Strike_P","Strike_P+1","Defend_P+1","Defend_P","Defend_P+1","Eruption+1","Vigilance+1","Fasting2+1","Finesse+1","Prostrate","Tantrum+1","LessonLearned+1","JustLucky+1","EmptyFist+1","Perseverance+1","DeusExMachina","Sanctity","InnerPeace+1","DevaForm","Halt+1","MentalFortress","Evaluate","ClearTheMind+1","WheelKick","SpiritShield+1","EmptyMind+1","DeceiveReality+1","Good Instincts+1","Finesse+1","Flash of Steel","Halt+1","FlurryOfBlows+1","Devotion+1"],"relics":["PureWater","War Paint","Prayer Wheel","White Beast Statue","Bag of Preparation","Philosopher\u0027s Stone","Melange","Happy Flower","Turnip","Smiling Mask","VioletLotus","Bottled Flame","Vajra","Bird Faced Urn","Nunchaku","Blood Vial","Gremlin Horn"],"acts_visited":["Exordium","TheCity","TheBeyond"],"potions_floor_usage":[16,21,24,31,33,35,40,41,50,50],"damage_taken":[{"damage":0,"enemies":"2 Louse","floor":1,"turns":4},{"damage":12,"enemies":"Small Slimes","floor":2,"turns":2},{"damage":4,"enemies":"Lagavulin","floor":7,"turns":7},{"damage":3,"enemies":"3 Sentries","floor":11,"turns":7},{"damage":0,"enemies":"Cultist","floor":13,"turns":2},{"damage":0,"enemies":"Red Slaver","floor":14,"turns":1},{"damage":5,"enemies":"Slime Boss","floor":16,"turns":4},{"damage":0,"enemies":"Chosen","floor":18,"turns":6},{"damage":0,"enemies":"Spheric Guardian","floor":19,"turns":3},{"damage":24,"enemies":"Centurion and Healer","floor":21,"turns":6},{"damage":0,"enemies":"Gremlin Leader","floor":24,"turns":7},{"damage":0,"enemies":"Shelled Parasite and Fungi","floor":31,"turns":4},{"damage":26,"enemies":"Collector","floor":33,"turns":8},{"damage":2,"enemies":"3 Shapes","floor":35,"turns":4},{"damage":0,"enemies":"Nemesis","floor":40,"turns":9},{"damage":9,"enemies":"3 Darklings","floor":41,"turns":12},{"damage":0,"enemies":"Reptomancer","floor":44,"turns":6},{"damage":0,"enemies":"Giant Head","floor":46,"turns":7},{"damage":64,"enemies":"Time Eater","floor":50,"turns":13}],"seed_played":"1374091116874756668","potions_obtained":[{"floor":2,"key":"BottledMiracle"},{"floor":11,"key":"Strength Potion"},{"floor":14,"key":"ColorlessPotion"},{"floor":16,"key":"SneckoOil"},{"floor":18,"key":"Strength Potion"},{"floor":19,"key":"BlessingOfTheForge"},{"floor":21,"key":"Swift Potion"},{"floor":24,"key":"Fire Potion"},{"floor":31,"key":"BlessingOfTheForge"},{"floor":33,"key":"Ancient Potion"},{"floor":35,"key":"PowerPotion"},{"floor":40,"key":"PowerPotion"},{"floor":41,"key":"Energy Potion"}],"is_trial":false,"path_per_floor":["M","M","?","$","?","R","E","R","T","R","E","?","M","M","R","B",null,"M","M","$","M","?","R","E","R","T","R","T","$","?","M","R","B",null,"M","?","?","?","?","E","M","R","T","E","$","E","R","$","R","B",null],"character_chosen":"WATCHER","items_purchased":["Finesse","War Paint","Melange","Halt","MentalFortress","Nunchaku","Gremlin Horn","FearPotion"],"campfire_rested":2,"item_purchase_floors":[4,4,20,20,20,45,48,48],"current_hp_per_floor":[65,53,42,42,42,42,38,38,38,38,35,35,35,35,35,30,62,62,62,62,38,38,59,59,59,59,59,59,59,40,40,40,14,58,56,56,56,56,46,46,37,58,58,58,58,64,64,64,64,10],"gold":13,"neow_bonus":"HUNDRED_GOLD","is_daily":false,"chose_seed":false,"campfire_upgraded":9,"win_rate":0.0,"timestamp":1612702882,"path_taken":["M","M","?","$","?","R","E","R","T","R","E","?","M","M","R","BOSS","M","?","?","M","?","R","E","R","T","R","?","$","?","?","R","BOSS","M","?","?","?","?","E","M","R","T","E","$","E","R","$","R","BOSS"],"items_purchased_type":["Card","Relic","Relic","Card","Card","Relic","Relic","Potion"],"build_version":"2020-12-22","purchased_purges":2,"victory":true,"max_hp_per_floor":[72,72,72,72,72,72,72,72,72,72,72,72,72,72,72,72,72,72,72,72,72,72,72,72,72,72,72,72,72,72,72,72,72,72,72,72,72,72,72,72,72,72,72,72,72,72,72,72,72,72],"relic_stats":{"Happy Flower":[21],"Gremlin Horn":[0,0],"counters":[19,112],"Melange":[51],"Bag of Preparation":[31],"War Paint":["Finesse","Defend_P"],"Smiling Mask":75,"Blood Vial":2,"Nunchaku":[4],"Bird Faced Urn":[14],"Prayer Wheel":8,"Turnip":[3],"VioletLotus":[15],"obtain_stats":[{"Happy Flower":24,"Gremlin Horn":48,"Melange":20,"Vajra":43,"Bag of Preparation":11,"War Paint":4,"Smiling Mask":28,"White Beast Statue":9,"Blood Vial":46,"Bottled Flame":40,"Nunchaku":45,"Bird Faced Urn":44,"Prayer Wheel":7,"Philosopher\u0027s Stone":17,"Turnip":26,"VioletLotus":34,"PureWater":0},{"Happy Flower":11,"Gremlin Horn":18,"Melange":9,"Vajra":16,"Bag of Preparation":4,"War Paint":2,"Smiling Mask":11,"White Beast Statue":3,"Blood Vial":18,"Bottled Flame":15,"Nunchaku":17,"Bird Faced Urn":17,"Prayer Wheel":3,"Philosopher\u0027s Stone":7,"Turnip":11,"VioletLotus":13,"PureWater":0},{"Happy Flower":49,"Gremlin Horn":99,"Melange":36,"Vajra":86,"Bag of Preparation":20,"War Paint":6,"Smiling Mask":49,"White Beast Statue":13,"Blood Vial":99,"Bottled Flame":74,"Nunchaku":92,"Bird Faced Urn":92,"Prayer Wheel":13,"Philosopher\u0027s Stone":27,"Turnip":49,"VioletLotus":61,"PureWater":0}]},"card_choices":[{"not_picked":["Halt","EmptyBody"],"picked":"Consecrate","floor":1},{"not_picked":["FlyingSleeves","SashWhip"],"picked":"Fasting2","floor":2},{"not_picked":["Indignation","BattleHymn"],"picked":"Prostrate","floor":7},{"not_picked":["InnerPeace","WheelKick"],"picked":"Tantrum","floor":11},{"not_picked":["CutThroughFate","EmptyBody"],"picked":"LessonLearned","floor":13},{"not_picked":["ThirdEye","Protect"],"picked":"JustLucky","floor":13},{"not_picked":["Study","Indignation"],"picked":"EmptyFist","floor":14},{"not_picked":["WindmillStrike","Wallop"],"picked":"Perseverance","floor":14},{"not_picked":["LessonLearned","Alpha"],"picked":"DeusExMachina","floor":16},{"not_picked":["EmptyBody","JustLucky+1"],"picked":"Sanctity","floor":18},{"not_picked":["Swivel","FollowUp+1","Crescendo"],"picked":"SKIP","floor":18},{"not_picked":["DeceiveReality","FollowUp"],"picked":"InnerPeace","floor":19},{"not_picked":["ClearTheMind+1","EmptyMind"],"picked":"DevaForm","floor":19},{"not_picked":["Consecrate","WindmillStrike"],"picked":"Evaluate","floor":21},{"not_picked":["PathToVictory","FollowUp","Consecrate"],"picked":"SKIP","floor":21},{"not_picked":["JustLucky","Wallop+1"],"picked":"ClearTheMind+1","floor":24},{"not_picked":["FlurryOfBlows","Protect"],"picked":"WheelKick","floor":31},{"not_picked":["LikeWater+1","Worship","CutThroughFate"],"picked":"SKIP","floor":31},{"not_picked":["DevaForm","Ragnarok"],"picked":"SpiritShield","floor":33},{"not_picked":["ClearTheMind+1","CutThroughFate"],"picked":"EmptyMind+1","floor":35},{"not_picked":["CutThroughFate+1","SignatureMove+1"],"picked":"DeceiveReality+1","floor":35},{"not_picked":["Panacea","PanicButton"],"picked":"Good Instincts","floor":39},{"not_picked":["Panacea","Swift Strike"],"picked":"Finesse","floor":39},{"not_picked":["Madness","Trip"],"picked":"Flash of Steel","floor":39},{"not_picked":["ForeignInfluence+1","Protect"],"picked":"Halt+1","floor":40},{"not_picked":["PathToVictory+1","FollowUp","Indignation+1"],"picked":"SKIP","floor":41},{"not_picked":["EmptyFist","BowlingBash+1","FollowUp"],"picked":"SKIP","floor":41},{"not_picked":["BowlingBash+1","ThirdEye+1"],"picked":"FlurryOfBlows+1","floor":44},{"not_picked":["Meditate","BowlingBash+1"],"picked":"Devotion","floor":46}],"player_experience":2163931,"relics_obtained":[{"floor":7,"key":"Prayer Wheel"},{"floor":9,"key":"White Beast Statue"},{"floor":11,"key":"Bag of Preparation"},{"floor":24,"key":"Happy Flower"},{"floor":26,"key":"Turnip"},{"floor":28,"key":"Smiling Mask"},{"floor":40,"key":"Bottled Flame"},{"floor":43,"key":"Vajra"},{"floor":44,"key":"Bird Faced Urn"},{"floor":46,"key":"Blood Vial"}],"event_choices":[{"damage_healed":0,"gold_gain":75,"player_choice":"Gather Gold","damage_taken":11,"max_hp_gain":0,"max_hp_loss":0,"event_name":"World of Goop","floor":3,"gold_loss":0},{"cards_removed":["Defend_P"],"damage_healed":0,"gold_gain":0,"player_choice":"Card Removal","damage_taken":0,"max_hp_gain":0,"max_hp_loss":0,"event_name":"The Cleric","floor":5,"gold_loss":50},{"damage_healed":0,"gold_gain":100,"player_choice":"Pray","damage_taken":0,"max_hp_gain":0,"max_hp_loss":0,"event_name":"Golden Shrine","floor":12,"gold_loss":0},{"damage_healed":0,"gold_gain":180,"player_choice":"GOLD GOLD ","damage_taken":19,"max_hp_gain":0,"max_hp_loss":0,"event_name":"Knowing Skull","floor":30,"potions_obtained":[],"gold_loss":0,"cards_obtained":[]},{"damage_healed":0,"gold_gain":0,"player_choice":"Ignored","damage_taken":0,"max_hp_gain":0,"max_hp_loss":0,"event_name":"Tomb of Lord Red Mask","floor":36,"gold_loss":0},{"cards_removed":["Consecrate"],"damage_healed":0,"gold_gain":0,"player_choice":"Removed Attack","damage_taken":0,"max_hp_gain":0,"max_hp_loss":0,"event_name":"Falling","floor":37,"gold_loss":0},{"damage_healed":0,"gold_gain":0,"player_choice":"Ignored","damage_taken":0,"max_hp_gain":0,"max_hp_loss":0,"event_name":"Mysterious Sphere","floor":38,"gold_loss":0},{"damage_healed":0,"gold_gain":0,"player_choice":"Memory 3","damage_taken":10,"max_hp_gain":0,"max_hp_loss":0,"event_name":"SensoryStone","floor":39,"gold_loss":0}],"is_beta":false,"boss_relics":[{"not_picked":["Black Star","Snecko Eye"],"picked":"Philosopher\u0027s Stone"},{"not_picked":["Runic Dome","Busted Crown"],"picked":"VioletLotus"}],"items_purged_floors":[29,45],"is_endless":false,"potions_floor_spawned":[2,11,13,14,16,18,19,21,24,31,33,35,40,41,44,46],"ascension_level":11}}