{"host":"bvp2uifzy1c463d9","time":1612659906,"event":{"mods":["AchievementEnabler","BaseMod","Block Reminder","ChefMod","Colored Map","Colored Powertips","Hermit","Highlight Path","Infinite Spire","Minty Spire (QoL Compilation)","Random Character Button","Relic Sorter","Relic Stats","Reliquary","Replay The Spire","StSLib","The Jungle","The Servant 0.9.4"],"gold_per_floor":[109,184,184,36,49,75,92,92,118,118,131,157,174,203,203,300,300,317,140,157,157,173,173,173],"floor_reached":23,"language":"ENG","playtime":1318,"items_purged":["Pain","Strike_R"],"score":271,"play_id":"6f7f6666-1c8d-4699-83ec-e79044672d85","local_time":"20210206190506","is_ascension_mode":true,"campfire_choices":[{"data":"Uppercut","floor":8,"key":"SMITH"},{"data":"Sentinel","floor":10,"key":"SMITH"},{"data":"Defy Death","floor":15,"key":"SMITH"}],"circlet_count":0,"master_deck":["Strike_R","Strike_R","Strike_R","Strike_R","Defend_R","Defend_R","Defend_R","Defend_R","Bash","Sentinel+1","Abandon","Run Through","Uppercut+1","Blood for Blood","Spot Weakness","Defy Death+1","ReplayTheSpireMod:Muscle Training","ReplayTheSpireMod:Limb From Limb","Feed","AbeCurse","Replay:Undeath\u0027s Touch","Dark Embrace","Dropkick","ReplayTheSpireMod:Strike From Hell","True Grit"],"relics":["Burning Blood","NeowsBlessing","WarpedTongs","reliquary:RoseTintedGlasses","infinitespire:PuzzleCube","Blue Doll","reliquary:TatteredRug","Abe\u0027s Treasure"],"acts_visited":["Exordium","TheCity"],"potions_floor_usage":[13,14,22,23,23],"damage_taken":[{"damage":0,"enemies":"2 Louse","floor":1,"turns":1},{"damage":0,"enemies":"Jaw Worm","floor":5,"turns":1},{"damage":0,"enemies":"Lagavulin","floor":6,"turns":1},{"damage":3,"enemies":"Cultist","floor":7,"turns":4},{"damage":3,"enemies":"Exordium Thugs","floor":11,"turns":5},{"damage":19,"enemies":"3 Sentries","floor":12,"turns":6},{"damage":8,"enemies":"Exordium Wildlife","floor":13,"turns":4},{"damage":11,"enemies":"Gremlin Nob","floor":14,"turns":3},{"damage":48,"enemies":"The Guardian","floor":16,"turns":8},{"damage":10,"enemies":"Chosen","floor":18,"turns":4},{"damage":11,"enemies":"Shell Parasite","floor":20,"turns":3},{"damage":54,"enemies":"Sentry and Sphere","floor":22,"turns":5},{"damage":36,"enemies":"Gremlin Leader","floor":23,"turns":3}],"seed_played":"6009395972730759401","potions_obtained":[{"floor":1,"key":"PowerPotion"},{"floor":7,"key":"Venom Potion"},{"floor":12,"key":"Fire Potion"},{"floor":13,"key":"Strength Potion"},{"floor":14,"key":"SkillPotion"}],"is_trial":false,"path_per_floor":["M","?","?","$","M","E","M","R","T","R","M","E","M","E","R","B",null,"M","$","M","?","M","E"],"character_chosen":"IRONCLAD","items_purchased":["Abandon","Dark Embrace"],"campfire_rested":0,"item_purchase_floors":[4,19],"current_hp_per_floor":[80,69,69,69,75,80,80,80,80,80,80,67,65,60,60,18,80,80,80,75,75,30,0,0],"gold":173,"neow_bonus":"THREE_ENEMY_KILL","is_daily":false,"chose_seed":false,"campfire_upgraded":3,"win_rate":0.0,"timestamp":1612659906,"path_taken":["M","?","?","$","M","E","M","R","T","R","?","E","M","E","R","BOSS","M","$","M","?","M","E"],"items_purchased_type":["Card","Card"],"build_version":"2020-12-22","purchased_purges":2,"victory":false,"max_hp_per_floor":[80,80,80,80,80,80,80,80,80,80,80,80,80,80,80,80,80,84,84,84,84,87,87,87],"relic_stats":{"counters":[13,48],"obtain_stats":[{"NeowsBlessing":0,"Blue Doll":12,"reliquary:RoseTintedGlasses":6,"reliquary:TatteredRug":14,"Burning Blood":0,"infinitespire:PuzzleCube":9,"Abe\u0027s Treasure":17,"WarpedTongs":3},{"NeowsBlessing":0,"Blue Doll":6,"reliquary:RoseTintedGlasses":3,"reliquary:TatteredRug":8,"Burning Blood":0,"infinitespire:PuzzleCube":4,"Abe\u0027s Treasure":9,"WarpedTongs":1},{"NeowsBlessing":0,"Blue Doll":18,"reliquary:RoseTintedGlasses":3,"reliquary:TatteredRug":25,"Burning Blood":0,"infinitespire:PuzzleCube":7,"Abe\u0027s Treasure":33,"WarpedTongs":1}],"Burning Blood":59,"WarpedTongs":[46]},"card_choices":[{"not_picked":["Body Slam","Flex"],"picked":"Sentinel","floor":1},{"not_picked":["Life Link","Rupture"],"picked":"Run Through","floor":5},{"not_picked":["Sword Boomerang","Body Slam"],"picked":"Uppercut","floor":6},{"not_picked":["Sword Boomerang","Battle Trance"],"picked":"Blood for Blood","floor":7},{"not_picked":["Cleave","Rupture"],"picked":"Spot Weakness","floor":11},{"not_picked":["Headbutt","Shockwave"],"picked":"Defy Death","floor":12},{"not_picked":["Cleave","Rage"],"picked":"ReplayTheSpireMod:Muscle Training","floor":13},{"not_picked":["Rupture","Barricade"],"picked":"ReplayTheSpireMod:Limb From Limb","floor":14},{"not_picked":["Double Tap","Hemogenesis"],"picked":"Feed","floor":16},{"not_picked":["Wild Strike","infinitespire:OneForAll+1"],"picked":"Replay:Undeath\u0027s Touch","floor":18},{"not_picked":["Clash","infinitespire:OneForAll+1"],"picked":"Dropkick","floor":20},{"not_picked":["Thunderclap+1","Feel No Pain"],"picked":"True Grit","floor":22}],"player_experience":279639,"relics_obtained":[{"floor":6,"key":"reliquary:RoseTintedGlasses"},{"floor":9,"key":"infinitespire:PuzzleCube"},{"floor":12,"key":"Blue Doll"},{"floor":14,"key":"reliquary:TatteredRug"}],"event_choices":[{"damage_healed":0,"gold_gain":75,"player_choice":"Gather Gold","damage_taken":11,"max_hp_gain":0,"max_hp_loss":0,"event_name":"World of Goop","floor":2,"gold_loss":0},{"damage_healed":0,"gold_gain":0,"player_choice":"Rummage","damage_taken":0,"relics_obtained":["WarpedTongs"],"max_hp_gain":0,"max_hp_loss":0,"event_name":"Accursed Blacksmith","floor":3,"gold_loss":0,"cards_obtained":["Pain"]},{"damage_healed":0,"gold_gain":0,"player_choice":"Read","damage_taken":0,"max_hp_gain":0,"max_hp_loss":0,"event_name":"The Library","floor":21,"gold_loss":0,"cards_obtained":["ReplayTheSpireMod:Strike From Hell"]}],"is_beta":false,"boss_relics":[{"not_picked":["infinitespire:Cupcake","reliquary:Craggleroot"],"picked":"Abe\u0027s Treasure"}],"items_purged_floors":[4,19],"is_endless":false,"potions_floor_spawned":[1,7,12,13,14,18,20],"killed_by":"Gremlin Leader","ascension_level":3}}