{"host":"d73an99q9oevilk5","time":1612737951,"event":{"mods":["2.2 Compatiblity","AchievementEnabler","Act Like it!","Aspiration","BaseMod","Beaked The Cultist","Better Third Choice","BetterRewards","Colored Map","Colored Powertips","Conspire","Downfall","GifTheSpireLib","GungeonMod","Halation","Hubris","Infinite Spire","Marisa????????","Mimic Mod","Minty Spire (QoL Compilation)","Quick Restart","Relic Sorter","Reliquary","Replay The Spire","Shop Mod","Spikes Relics","StSLib","Stuff the Spire","The Cursed","The Necromancer","The Saiyan","Waifu the Spire","[IsaacMod]????","egg","slay the spire mod where everything is the same but ironclad has a cowboy hat"],"gold_per_floor":[109,109,109,209,20,45,45,65,147,0,16,16,34,47,47,149,149,163,163,183,216,228,257,257,257,332,332,382,382,142,156,156,267,267,296,296,296,296,327,327,159,159,192,192,233,233,233,283,283,283,283,283],"floor_reached":53,"language":"ENG","playtime":1977,"items_purged":[],"score":1402,"play_id":"05acf0ef-3def-4fe8-bcf8-d1420ec5ac6e","local_time":"20210207154551","is_ascension_mode":false,"campfire_choices":[{"data":"Consume","floor":7.0,"key":"SMITH"},{"data":"BasicCrystalCard","floor":15,"key":"SMITH"},{"floor":25,"key":"REST"},{"data":"BasicCrystalCard","floor":27,"key":"SMITH"},{"data":"Go for the Eyes","floor":29,"key":"SMITH"},{"data":"Fission","floor":40,"key":"SMITH"},{"data":"ReplayTheSpireMod:Calculation Training","floor":42,"key":"SMITH"},{"data":"Capacitor","floor":44,"key":"SMITH"},{"floor":51,"key":"REST"}],"circlet_count":0,"master_deck":["Strike_B","Strike_B","Strike_B","Strike_B","Defend_B","Defend_B","Defend_B","Zap+1","Dualcast","Go for the Eyes+1","StuffTheSpire:Plugnplay+1","Consume+1","Glacier+1","Conserve Battery","BasicCrystalCard+1","BasicCrystalCard+1","Zap","White Noise","Cold Snap","Core Surge","FIFO Queue","Capacitor+1","Chaos","Barrage","Fission+1","BootSequence","ReplayTheSpireMod:Calculation Training+1","Redo","Hologram+1","ReplayTheSpireMod:Calculation Training"],"relics":["Cracked Core","ReplayTheSpireMod:EnergyBall","HushsDoor","WingedGreaves","GuppysTail","Membership Card","StuffTheSpire:HeavyRock","StuffTheSpire:PointBlank","Cables","ChewingGum","DemoMod:GreenGuonStone","White Beast Statue","infinitespire:CheckeredPen","Tiny House","BargainBundle","WizardHat","infinitespire:EvilPickle","Black Star","conspire:SpecialSausage","Boot","Bottled Flame","HornCleat","DemoMod:NanoMachines","MealTicket","Smiling Mask","halation:PinkSoulGem","Blue Candle","StuffTheSpire:Gunfinga","reliquary:FeatherDuster"],"acts_visited":["Exordium","TheCity","TheBeyond"],"potions_floor_usage":[16,21,23,33,33,33,33,35,52,52,52,52,52,52,52],"damage_taken":[{"damage":0.0,"enemies":"Cultist","floor":1.0,"turns":4.0},{"damage":8.0,"enemies":"Replay:BlueRogue","floor":6.0,"turns":5.0},{"damage":0.0,"enemies":"Jaw Worm","floor":8.0,"turns":3.0},{"damage":0.0,"enemies":"2 Louse","floor":11.0,"turns":2.0},{"damage":0,"enemies":"Large Slime","floor":13,"turns":4},{"damage":6,"enemies":"Looter","floor":14,"turns":2},{"damage":0,"enemies":"The Guardian","floor":16,"turns":9},{"damage":15,"enemies":"2 Thieves","floor":18,"turns":4},{"damage":0,"enemies":"3 Byrds","floor":20,"turns":4},{"damage":10,"enemies":"Snake Plant","floor":21,"turns":13},{"damage":7,"enemies":"Snake Plant","floor":22,"turns":3},{"damage":10,"enemies":"Replay:Snechameleon","floor":23,"turns":8},{"damage":4,"enemies":"Shelled Parasite and Fungi","floor":31,"turns":6},{"damage":4,"enemies":"Pondfish","floor":33,"turns":7},{"damage":36,"enemies":"3 Darklings","floor":35,"turns":5},{"damage":0,"enemies":"3 Shapes","floor":39,"turns":5},{"damage":6,"enemies":"Jaw Worm Horde","floor":43,"turns":9},{"damage":0,"enemies":"Reptomancer","floor":45,"turns":5},{"damage":0,"enemies":"beaked:SuperParasite","floor":48,"turns":8},{"damage":47,"enemies":"conspire:OrnateMirror","floor":52,"turns":9}],"seed_played":"5808274633242329421","potions_obtained":[{"floor":13,"key":"LifebloodPotion"},{"floor":14,"key":"AttackPotion"},{"floor":16,"key":"EssenceOfSteel"},{"floor":22,"key":"Dexterity Potion"},{"floor":23,"key":"PowerPotion"},{"floor":28,"key":"Death Potion"},{"floor":33,"key":"Weak Potion"},{"floor":35,"key":"Guardian:BlockOnCardUsePotion"},{"floor":39,"key":"EssenceOfSteel"},{"floor":43,"key":"EntropicBrew"},{"floor":45,"key":"champ:CounterPotion"},{"floor":48,"key":"PowerPotion"}],"is_trial":false,"path_per_floor":["M","?","?","?","$","E","R","M","T","$","M","?","M","M","R","B",null,"M","?","M","MIM","M","E","?","R","T","R","AVR","R","$","M","R_BF","B",null,"M","?","AVR","?","M","R","$","R","MIM","R","E","?","?","E","PTL","PTL","R","B",null],"character_chosen":"DEFECT","items_purchased":["Membership Card","Consume","BasicCrystalCard","Cables","BargainBundle","Chaos","Barrage","WizardHat","Slimebound:ThreeZeroPotion","DemoMod:LeadSkinPotion","ReplayTheSpireMod:Calculation Training","Bottled Flame","Redo"],"campfire_rested":2,"item_purchase_floors":[5,5,10,10,30,30,30,30,30,30,41,41,41],"current_hp_per_floor":[75,75,75,75,75,67,67,67,67,67,67,67,67,61,61,61,75,60,60,60,50,43,45,45,67,67,67,72,72,72,74,74,76,80,44,52,52,52,52,52,52,52,52,52,52,52,52,52,52,52,76,29],"gold":283,"neow_bonus":"","is_daily":false,"chose_seed":false,"campfire_upgraded":7,"win_rate":0.0,"timestamp":1612737951,"path_taken":["M","?","?","?","?","E","R","?","T","$","M","?","?","M","R","BOSS","M","?","M","?","?","E","?","R","T","R","AVR","R","$","?","R_BF","BOSS","M","?","AVR","?","M","R","$","R","MIM","R","E","?","?","E","PTL","PTL","R","BOSS"],"items_purchased_type":["Relic","Card","Card","Relic","Relic","Card","Card","Relic","Potion","Undefined","Card","Relic","Card"],"build_version":"2020-12-22","purchased_purges":0,"victory":true,"max_hp_per_floor":[75,75,75,75,75,75,75,75,75,75,75,75,75,75,75,75,75,75,75,75,75,75,75,75,75,75,75,80,80,80,80,80,80,80,80,80,80,80,80,80,80,80,80,80,80,80,80,80,80,80,80,80],"card_choices":[{"not_picked":["Sweeping Beam","Streamline"],"picked":"Go for the Eyes","floor":1.0},{"not_picked":["StuffTheSpire:NuclearReactor","Stack"],"picked":"Glacier","floor":6.0},{"not_picked":["Barrage","Steam"],"picked":"Conserve Battery","floor":8.0},{"not_picked":["Conserve Battery","Bomb"],"picked":"BasicCrystalCard","floor":11.0},{"not_picked":["Storm","Static Discharge","Sweeping Beam"],"picked":"SKIP","floor":13},{"not_picked":["Recycle","StuffTheSpire:CleanHardDrive"],"picked":"Cold Snap","floor":14},{"not_picked":["Rainbow","ReplayTheSpireMod:Omega Cannon"],"picked":"Core Surge","floor":16},{"not_picked":["Steam","Barrage+1","Ball Lightning"],"picked":"SKIP","floor":18},{"not_picked":["StuffTheSpire:LoadUp+1","Rip and Tear","Turbo"],"picked":"SKIP","floor":20},{"not_picked":["Hologram","Coolheaded+1","Multi-Cast"],"picked":"SKIP","floor":22},{"not_picked":["Panic Button","Stack"],"picked":"FIFO Queue","floor":23},{"not_picked":["Cold Snap","Stack"],"picked":"Capacitor","floor":28},{"not_picked":["Distribution","Panic Button","Cold Snap"],"picked":"SKIP","floor":31},{"not_picked":["hubris:Prefetch","All For One"],"picked":"Fission","floor":33},{"not_picked":["Ball Lightning","Panic Button"],"picked":"BootSequence","floor":35},{"not_picked":["StuffTheSpire:CleanHardDrive","Go for the Eyes+1"],"picked":"Crystallizer+1","floor":39},{"not_picked":["Streamline+1","Genetic Algorithm"],"picked":"Hologram+1","floor":45},{"not_picked":["StuffTheSpire:ForEach","Meteor Strike"],"picked":"ReplayTheSpireMod:Calculation Training","floor":48}],"player_experience":1858025,"relics_obtained":[{"floor":6.0,"key":"StuffTheSpire:HeavyRock"},{"floor":9.0,"key":"StuffTheSpire:PointBlank"},{"floor":21,"key":"DemoMod:GreenGuonStone"},{"floor":23,"key":"White Beast Statue"},{"floor":26,"key":"infinitespire:CheckeredPen"},{"floor":43,"key":"HornCleat"},{"floor":43,"key":"DemoMod:NanoMachines"},{"floor":45,"key":"MealTicket"},{"floor":45,"key":"Smiling Mask"},{"floor":48,"key":"StuffTheSpire:Gunfinga"},{"floor":48,"key":"reliquary:FeatherDuster"}],"event_choices":[{"damage_healed":0.0,"max_hp_gain":0.0,"max_hp_loss":0.0,"gold_gain":0.0,"event_name":"Living Wall","player_choice":"Grow","floor":3.0,"gold_loss":0.0,"damage_taken":0.0,"cards_upgraded":["Zap"]},{"damage_healed":0.0,"max_hp_gain":0.0,"max_hp_loss":0.0,"gold_gain":100.0,"event_name":"Golden Shrine","player_choice":"Pray","floor":4.0,"gold_loss":0.0,"damage_taken":0.0},{"damage_healed":0,"gold_gain":0,"player_choice":"2 cards matched","damage_taken":0,"max_hp_gain":0,"max_hp_loss":0,"event_name":"Match and Keep!","floor":12,"gold_loss":0,"cards_obtained":["Zap","White Noise"]},{"damage_healed":0,"gold_gain":0,"player_choice":"Ignored","damage_taken":0,"max_hp_gain":0,"max_hp_loss":0,"event_name":"Vampires","floor":19,"gold_loss":0},{"damage_healed":0,"gold_gain":0,"player_choice":"Ignored","damage_taken":0,"max_hp_gain":0,"max_hp_loss":0,"event_name":"Mysterious Sphere","floor":38,"gold_loss":0}],"is_beta":false,"boss_relics":[{"not_picked":["reliquary:KinkedSpring","aspiration:RunicSpoon"],"picked":"ChewingGum"},{"not_picked":[]},{"not_picked":["CosmicIsotope","conspire:RunicOctahedron"],"picked":"Black Star"},{"not_picked":[]}],"items_purged_floors":[],"is_endless":false,"potions_floor_spawned":[13,14,16,22,23,31,33,35,39,43,45,48],"ascension_level":0}}