{"host":"pnw33a014vs8wril","time":1612718704,"event":{"mods":["BaseMod","Downfall","Highlight Path","Minty Spire (QoL Compilation)","StSLib"],"gold_per_floor":[99,99,110,110,130,148,175,203,218,218,253,272,272,272,290,390,390,390,402,412,412,428,448,473,573,573,573,603,603,621,621,638,638,638,638],"floor_reached":33,"language":"ENG","playtime":2036,"items_purged":[],"score":293,"play_id":"3fad6264-69f9-4a96-ab2e-d7c66835faef","local_time":"20210207182504","is_ascension_mode":true,"campfire_choices":[{"data":"sneckomod:Rotation","floor":10,"key":"SMITH"},{"floor":13,"key":"REST"},{"data":"sneckomod:UnknownRareAttack","floor":18,"key":"SMITH"},{"floor":27,"key":"REST"}],"circlet_count":0,"master_deck":["sneckomod:Strike","sneckomod:Strike","sneckomod:Strike","sneckomod:Defend","sneckomod:Defend","sneckomod:Defend","sneckomod:TailWhip","sneckomod:SnekBite","sneckomod:Unknown","Flechettes","sneckomod:SnekBite","sneckomod:Rotation+1","sneckomod:UnknownX","sneckomod:QuickBite","sneckomod:UnknownBlock","sneckomod:UnknownExhaust","sneckomod:UnknownRareAttack+1","sneckomod:Nope","sneckomod:SerpentIdol","sneckomod:Mudshield","sneckomod:UnknownClassGUARDIAN","sneckomod:WideSting+1","sneckomod:UnknownX","sneckomod:SnakeSap","sneckomod:UnknownBoss","sneckomod:SnakeSap+1","Pride","sneckomod:MasterEye"],"relics":["sneckomod:SneckoSoul","downfall:ShatteredFragment","Tiny Chest","Unceasing Top","Toy Ornithopter","Sozu","Juzu Bracelet","Smiling Mask","Molten Egg 2","Anchor","Regal Pillow"],"acts_visited":["Exordium","TheCity"],"potions_floor_usage":[8,32,32],"damage_taken":[{"damage":3,"enemies":"Jaw Worm","floor":3,"turns":2},{"damage":0,"enemies":"Cultist","floor":5,"turns":3},{"damage":0,"enemies":"2 Louse","floor":6,"turns":2},{"damage":6,"enemies":"Gremlin Nob","floor":8,"turns":3},{"damage":0,"enemies":"Red Slaver","floor":9,"turns":2},{"damage":10,"enemies":"Lagavulin","floor":11,"turns":6},{"damage":14,"enemies":"2 Fungi Beasts","floor":12,"turns":3},{"damage":11,"enemies":"Lots of Slimes","floor":15,"turns":3},{"damage":13,"enemies":"SI_SHIV_ARCHETYPE","floor":16,"turns":5},{"damage":24,"enemies":"Spheric Guardian","floor":19,"turns":4},{"damage":5,"enemies":"Chosen","floor":20,"turns":5},{"damage":45,"enemies":"Snake Plant","floor":22,"turns":5},{"damage":6,"enemies":"Snecko","floor":23,"turns":4},{"damage":42,"enemies":"Slavers","floor":28,"turns":5},{"damage":4,"enemies":"Centurion and Healer","floor":30,"turns":5},{"damage":12,"enemies":"Sentry and Sphere","floor":32,"turns":4},{"damage":5,"enemies":"WA_ARCHETYPE_CALM","floor":33,"turns":8}],"seed_played":"-2879655233011460188","potions_obtained":[{"floor":5,"key":"champ:CounterPotion"},{"floor":8,"key":"champ:CounterPotion"},{"floor":9,"key":"Swift Potion"},{"floor":16,"key":"FearPotion"}],"is_trial":false,"path_per_floor":["R","?","M","?","M","M","T","E","M","R","E","M","R","?","M","B",null,"R","M","M","T","M","M","T","?","T","R","E","?","M","?","M","B"],"character_chosen":"THE_SNECKO","items_purchased":[],"campfire_rested":2,"item_purchase_floors":[],"current_hp_per_floor":[99,99,96,75,75,75,75,69,69,69,59,48,78,78,67,54,102,102,78,73,73,28,22,22,22,22,52,10,10,6,6,4,0,0,0],"gold":638,"neow_bonus":"TEN_PERCENT_HP_BONUS","is_daily":false,"chose_seed":false,"campfire_upgraded":2,"win_rate":0.0,"timestamp":1612718704,"path_taken":["R","?","?","?","M","M","T","E","M","R","E","M","R","?","M","BOSS","R","M","M","?","M","M","T","?","?","R","E","?","M","?","M","BOSS"],"items_purchased_type":[],"build_version":"2020-12-22","purchased_purges":0,"victory":false,"max_hp_per_floor":[99,99,99,99,99,99,99,99,99,99,99,102,102,102,102,102,102,102,102,102,102,102,102,102,102,102,102,102,102,102,102,102,102,102,102],"card_choices":[{"not_picked":["sneckomod:UnknownDraw","sneckomod:RainOfDice"],"picked":"sneckomod:Rotation","floor":3},{"not_picked":["sneckomod:SoulDraw","sneckomod:Memorize"],"picked":"sneckomod:UnknownX","floor":5},{"not_picked":["sneckomod:SoulRoll","sneckomod:WideSting"],"picked":"sneckomod:QuickBite","floor":6},{"not_picked":["sneckomod:QuickBite","sneckomod:ImprovisedAttack"],"picked":"sneckomod:UnknownBlock","floor":8},{"not_picked":["sneckomod:RainOfDice","sneckomod:SnekBeam"],"picked":"sneckomod:UnknownExhaust","floor":9},{"not_picked":["sneckomod:MasterEye","sneckomod:UnknownUncommonAttack"],"picked":"sneckomod:UnknownRareAttack","floor":11},{"not_picked":["sneckomod:RainOfDice","sneckomod:SoulRoll"],"picked":"sneckomod:Nope","floor":12},{"not_picked":["sneckomod:Nope","sneckomod:MasterEye"],"picked":"sneckomod:SerpentIdol","floor":15},{"not_picked":["sneckomod:Restock","sneckomod:DangerNoodle"],"picked":"sneckomod:Mudshield","floor":16},{"not_picked":["sneckomod:UnknownExhaust","sneckomod:UnknownStrike"],"picked":"sneckomod:UnknownClassGUARDIAN","floor":19},{"not_picked":["sneckomod:UnknownExhaust","sneckomod:DiceBlock"],"picked":"sneckomod:WideSting+1","floor":20},{"not_picked":["sneckomod:SoulRoll","sneckomod:DiceBlock"],"picked":"sneckomod:UnknownX","floor":22},{"not_picked":["sneckomod:UnknownX","sneckomod:DiceBlock"],"picked":"sneckomod:SnakeSap","floor":23},{"not_picked":["sneckomod:SerpentIdol","sneckomod:UnknownVulnerable+1"],"picked":"sneckomod:UnknownBoss","floor":28},{"not_picked":["sneckomod:DiceCrush+1","sneckomod:RainOfDice+1"],"picked":"sneckomod:SnakeSap+1","floor":30},{"not_picked":["sneckomod:Unknown0Cost","sneckomod:QuickBite+1"],"picked":"sneckomod:MasterEye","floor":32}],"player_experience":975234,"relics_obtained":[{"floor":7,"key":"Tiny Chest"},{"floor":8,"key":"Unceasing Top"},{"floor":11,"key":"Toy Ornithopter"},{"floor":21,"key":"Juzu Bracelet"},{"floor":24,"key":"Smiling Mask"},{"floor":26,"key":"Molten Egg 2"},{"floor":28,"key":"Anchor"}],"event_choices":[{"damage_healed":0,"gold_gain":0,"player_choice":"Stole Relic","damage_taken":0,"relics_obtained":["Regal Pillow"],"max_hp_gain":0,"max_hp_loss":0,"event_name":"Addict","floor":31,"gold_loss":0,"cards_obtained":["Pride"]}],"is_beta":false,"boss_relics":[{"not_picked":["Coffee Dripper","Fusion Hammer"],"picked":"Sozu"}],"items_purged_floors":[],"is_endless":false,"potions_floor_spawned":[5,8,9,16,22,23,28],"killed_by":"WA_ARCHETYPE_CALM","ascension_level":1}}