{"host":"i0asdmq0kdsv7cgz","time":1612714156,"event":{"mods":["BaseMod","Colored Map","Downfall","Gold Saver","Hubris","Minty Spire (QoL Compilation)","Replay The Spire","StSLib"],"gold_per_floor":[191,191,191,191,191,191,241,241,19,48,95,80,109,209,240,260,160,190,215,325,325,325,347,377,399,433,465,465,465,489,519,538,538,580,603,645,673,698,801,801,701,701,720,388,388,427,427,450,472,472,472,499,548,569,469,422,468,500,540,540,574,592,616,616,656,136,136,148,158,158,158],"floor_reached":69,"language":"ENG","playtime":6032,"items_purged":["hexamod:Strike","hexamod:Defend","hexamod:Defend"],"score":1525,"play_id":"a50fb7ca-b0e1-4f4b-8019-0de6069ad166","local_time":"20210207170916","is_ascension_mode":true,"campfire_choices":[{"floor":17.0,"key":"REST"},{"data":"hexamod:RainOfEmbers","floor":22.0,"key":"SMITH"},{"floor":33.0,"key":"RECALL"},{"data":"hexamod:TimeOfNeed","floor":41,"key":"SMITH"},{"data":"Pot Of Greed","floor":55,"key":"SMITH"},{"data":"hexamod:Strike","floor":67,"key":"SMITH"}],"circlet_count":0,"master_deck":["hexamod:Strike","hexamod:Defend","hexamod:Defend","hexamod:Sear+1","hexamod:Float+1","hexamod:Hexaguard+1","hexamod:SuperheatedStrike","Hallucinations","Pot Of Greed","Pot Of Greed+1","hexamod:ThirdSeal","hexamod:FlamesFromBeyond","hexamod:VolcanoVisage+1","hexamod:Hexaguard+1","hexamod:GhostOfSpirePast+1","hexamod:RainOfEmbers+1","hexamod:PhantomFireball+1","hexamod:Toasty+1","hexamod:NightmareStrike","hexamod:Haunt+1","hexamod:HexaLevel+1","hexamod:SearingWound+1","Pot Of Greed+1","hexamod:ThirdSeal","hexamod:SpectralAdrenaline+1","hexamod:EmpoweredFlame+1","hexamod:GhostflameInferno","hexamod:NightmareStrike+1","hexamod:NightmareGuise+1","hexamod:CatchUp+1","hexamod:RadiantFlame+1","hexamod:GhostOfSpireFuture+1","hexamod:EmpoweredFlame+1","hexamod:RadiantFlame+1","hexamod:GiftsFromTheDead+1","Pot Of Greed+1","hexamod:FlameSwitch","hexamod:SkipABeat+1","hexamod:WildfireWeapon+1","hexamod:TimeOfNeed+1","hexamod:VolcanoVisage+1","hexamod:SixthSeal","hexamod:GhostOfSpirePast+1","hexamod:GhostOfSpirePast+1","hexamod:Rewind+1","hexamod:GhostOfSpirePast+1","hexamod:PhantomCloak+1","hexamod:Rewind+1","Pot Of Greed+1","hexamod:Hexaguard+1","hexamod:GiftsFromTheDead+1","hexamod:ExtraCrispy+1","hexamod:GhostOfSpirePast+1","hexamod:ExtraCrispy+1","hexamod:GhostOfSpireFuture+1","hexamod:FirstSeal","hexamod:SixthSeal","hexamod:GhostOfSpireFuture+1","hexamod:GhostOfSpirePast+1","hexamod:Rewind+1","hexamod:ThirdSeal","Pot Of Greed","hexamod:ThirdSeal","hexamod:ThirdSeal","Crow Ritual+1"],"relics":["hexamod:SpiritBrand","downfall:HeartsMalice","Ring of Fury","Ring of Hypnosis","hubris:Icosahedron","Grinning Jar","Happy Flower","hexamod:JarOfFuel","Mercury Hourglass","Lantern","Frozen Egg 2","Potion Belt","sneckomod:BlankCard","downfall:HeartBlessingGreen","Replay:Bandana","Coffee Dripper","Ancient Tea Set","Meat on the Bone","Oddly Smooth Stone","Simple Rune","Replay:WaspNest","Black Star","downfall:HeartBlessingRed","Replay:Wax Seal","Replay:Towering Pillar of Hats","ReplayFunnel","Mummified Hand","Replay:Mystery Machine","Bag of Marbles","Strawberry","hubris:DeckOfHolding","downfall:HeartBlessingBlue","Blue Doll","Gremlin Food","Bag of Preparation","Orichalcum","Akabeko","hubris:ToyBattleship","Mango","Toy Ornithopter","Anchor","Bronze Scales","Membership Card","Nunchaku","hubris:BundleOfHerbs"],"acts_visited":["Exordium","TheCity","TheBeyond","TheEnding"],"potions_floor_usage":[35,53,69,69,69,69,69],"damage_taken":[{"damage":0.0,"enemies":"Small Slimes","floor":2.0,"turns":1.0},{"damage":0.0,"enemies":"2 Louse","floor":3.0,"turns":1.0},{"damage":0.0,"enemies":"downfall:FleeingMerchant","floor":9.0,"turns":1.0},{"damage":15.0,"enemies":"3 Sentries","floor":10.0,"turns":7.0},{"damage":0.0,"enemies":"downfall:FleeingMerchant","floor":12.0,"turns":4.0},{"damage":15.0,"enemies":"Gremlin Nob","floor":13.0,"turns":3.0},{"damage":12.0,"enemies":"downfall:LadyInBlue","floor":14.0,"turns":8.0},{"damage":5.0,"enemies":"Lagavulin","floor":15.0,"turns":5.0},{"damage":0.0,"enemies":"Cultist","floor":16.0,"turns":2.0},{"damage":0.0,"enemies":"Gremlin Nob","floor":18.0,"turns":2.0},{"damage":0.0,"enemies":"Red Slaver","floor":19.0,"turns":2.0},{"damage":17.0,"enemies":"DF_ARCHETYPE_STREAMLINE","floor":20.0,"turns":4.0},{"damage":0.0,"enemies":"Spheric Guardian","floor":23.0,"turns":2.0},{"damage":0.0,"enemies":"Chosen","floor":24.0,"turns":2.0},{"damage":6.0,"enemies":"Snake Plant","floor":25.0,"turns":2.0},{"damage":0.0,"enemies":"Centurion and Healer","floor":26.0,"turns":1.0},{"damage":10.0,"enemies":"Sentry and Sphere","floor":27.0,"turns":2.0},{"damage":10.0,"enemies":"3 Cultists","floor":31.0,"turns":3.0},{"damage":0.0,"enemies":"Centurion and Healer","floor":32.0,"turns":4.0},{"damage":24,"enemies":"Slavers","floor":34,"turns":4},{"damage":6,"enemies":"Sentry and Sphere","floor":35,"turns":4},{"damage":3,"enemies":"Book of Stabbing","floor":36,"turns":4},{"damage":0,"enemies":"Snake Plant","floor":37,"turns":1},{"damage":0,"enemies":"Cultist and Chosen","floor":38,"turns":4},{"damage":20,"enemies":"SI_MIRROR_ARCHETYPE","floor":39,"turns":7},{"damage":0,"enemies":"Orb Walker","floor":43,"turns":2},{"damage":0,"enemies":"downfall:FleeingMerchant","floor":44,"turns":4},{"damage":13,"enemies":"Nemesis","floor":46,"turns":5},{"damage":19,"enemies":"3 Darklings","floor":49,"turns":5},{"damage":0,"enemies":"Reptomancer","floor":53,"turns":3},{"damage":19,"enemies":"4 Shapes","floor":54,"turns":5},{"damage":0,"enemies":"downfall:FleeingMerchant","floor":56,"turns":3},{"damage":0,"enemies":"Giant Head","floor":57,"turns":5},{"damage":14,"enemies":"Transient","floor":58,"turns":5},{"damage":28,"enemies":"Reptomancer","floor":59,"turns":4},{"damage":7,"enemies":"R_Hoarder","floor":61,"turns":5},{"damage":7,"enemies":"Jaw Worm Horde","floor":62,"turns":4},{"damage":0,"enemies":"WA_ARCHETYPE_DIVINITY","floor":63,"turns":3},{"damage":0,"enemies":"downfall:CharBossMerchant","floor":65,"turns":5},{"damage":0,"enemies":"downfall:NeowBoss","floor":68,"turns":8},{"damage":163,"enemies":"downfall:NeowBossFinal","floor":69,"turns":5}],"seed_played":"8882264334271951930","potions_obtained":[{"floor":10.0,"key":"Fire Potion"},{"floor":13.0,"key":"FearPotion"},{"floor":14.0,"key":"Languid Potion"},{"floor":14.0,"key":"Languid Potion"},{"floor":14.0,"key":"Toxic Potion"},{"floor":15.0,"key":"Strength Potion"},{"floor":16.0,"key":"Fire Potion"},{"floor":18.0,"key":"SteroidPotion"},{"floor":19.0,"key":"Dexterity Potion"},{"floor":20.0,"key":"Explosive Potion"},{"floor":31.0,"key":"hexamod:EctoCoolerPotion"},{"floor":36,"key":"DuplicationPotion"},{"floor":53,"key":"Elixir"}],"is_trial":false,"path_per_floor":["R_BF","M","M","?","?","?","T","T","$","E","T","$","E","?","E","M","R","E","M","B",null,"R","M","M","M","M","M","T","T","T","M","M","R","E","M","E","M","M","B",null,"R","?","M","$","?","E","T","T","M","PTL","PTL","T","E","M","R","$","E","M","E","?","E","M","B",null,"E","$","R","B","B"],"character_chosen":"THE_SPIRIT","items_purchased":["hexamod:JarOfFuel","Replay:Wax Seal","Replay:Towering Pillar of Hats","Blue Doll","Gremlin Food","Membership Card","Nunchaku","hexamod:ThirdSeal","Crow Ritual+1","hubris:BundleOfHerbs"],"campfire_rested":1,"item_purchase_floors":[9,44,44,56,56,66,66,66,66,66],"current_hp_per_floor":[70,70,70,70,70,70,70,70,70,55,55,55,40,28,23,23,44,44,44,27,70,70,70,70,64,64,54,54,54,54,44,44,44,32,38,47,47,47,39,70,70,70,70,70,70,57,57,57,38,38,38,38,45,38,48,48,48,46,30,30,56,68,68,101,101,101,101,101,0,0,0],"gold":158,"neow_bonus":"THREE_ENEMY_KILL","is_daily":false,"chose_seed":false,"campfire_upgraded":4,"win_rate":0.0,"timestamp":1612714156,"path_taken":["R_BF","M","M","?","?","?","T","T","$","E","?","$","E","?","E","M","R","E","M","BOSS","R","M","M","M","?","M","T","T","?","M","M","R","E","M","E","M","M","BOSS","R","?","?","$","?","E","T","T","?","PTL","PTL","T","E","M","R","?","E","M","E","?","E","M","BOSS","E","$","R","BOSS","BOSS"],"items_purchased_type":["Relic","Relic","Relic","Relic","Relic","Relic","Relic","Card","Card","Relic"],"build_version":"2020-12-22","purchased_purges":3,"victory":false,"max_hp_per_floor":[70,70,70,70,70,70,70,70,70,70,70,70,70,70,70,70,70,70,70,70,70,70,70,70,70,70,70,70,70,70,70,70,70,70,70,70,70,70,70,70,70,70,70,70,70,70,70,70,70,70,70,70,77,77,87,87,87,87,87,87,101,101,101,101,101,101,101,101,101,101,101],"card_choices":[{"not_picked":["hexamod:SwordOfDarkness","hexamod:GhostShield"],"picked":"hexamod:Hexaguard","floor":2.0},{"not_picked":["hexamod:GhostflameBarrier","hexamod:HauntingEcho"],"picked":"hexamod:SuperheatedStrike","floor":3.0},{"not_picked":["hexamod:EtherealExpedition","hexamod:FourthSeal"],"picked":"hexamod:ThirdSeal","floor":9.0},{"not_picked":["hexamod:Firestarter","hexamod:SuperheatedStrike","hexamod:ChargedBarrage"],"picked":"SKIP","floor":10.0},{"not_picked":["hexamod:DynamicBlow","hexamod:Firestarter"],"picked":"hexamod:FlamesFromBeyond","floor":12.0},{"not_picked":["hexamod:Again","hexamod:FlamesFromBeyond"],"picked":"hexamod:VolcanoVisage","floor":12.0},{"not_picked":["hexamod:NecessarySacrifice","hexamod:SuperheatedStrike"],"picked":"hexamod:Hexaguard","floor":13.0},{"not_picked":["hexamod:RecurringNightmare","hexamod:InspiringFlames","hexamod:BurningTouch"],"picked":"SKIP","floor":13.0},{"not_picked":["hexamod:InspiringFlames","hexamod:ShieldOfDarkness"],"picked":"hexamod:GhostOfSpirePast+1","floor":14.0},{"not_picked":["hexamod:Firestarter","hexamod:HeatMetal"],"picked":"hexamod:RainOfEmbers","floor":14.0},{"not_picked":["hexamod:Firestarter","hexamod:RecurringNightmare"],"picked":"hexamod:PhantomFireball","floor":15.0},{"not_picked":["hexamod:EtherealExpedition","hexamod:FlamesFromBeyond"],"picked":"hexamod:Toasty","floor":15.0},{"not_picked":["hexamod:ShieldOfDarkness","hexamod:Firestarter"],"picked":"hexamod:NightmareStrike","floor":16.0},{"not_picked":["hexamod:EtherealExpedition","hexamod:AdvancingGuard"],"picked":"hexamod:Haunt","floor":18.0},{"not_picked":["hexamod:HeatMetal","hexamod:InspiringFlames","hexamod:BacktrackSmack"],"picked":"SKIP","floor":19.0},{"not_picked":["hexamod:SearingWound","hexamod:TimeOfNeed"],"picked":"hexamod:HexaLevel+1","floor":20.0},{"not_picked":["hexamod:TurnItUp","hexamod:Toasty"],"picked":"hexamod:SearingWound","floor":20.0},{"not_picked":["hexamod:GhostShield","hexamod:SpectralSpark"],"picked":"hexamod:ThirdSeal","floor":23.0},{"not_picked":["hexamod:AdvancingGuard","hexamod:ShieldOfDarkness"],"picked":"hexamod:SpectralAdrenaline","floor":23.0},{"not_picked":["hexamod:GhostShield","hexamod:SpectralSpark"],"picked":"hexamod:EmpoweredFlame+1","floor":24.0},{"not_picked":["hexamod:Rewind+1","hexamod:AdvancingGuard"],"picked":"hexamod:GhostflameInferno","floor":24.0},{"not_picked":["hexamod:NightmareGuise","hexamod:PhantomFireball"],"picked":"hexamod:NightmareStrike+1","floor":25.0},{"not_picked":["hexamod:NightmareGuise","hexamod:AdvancingGuard","hexamod:GhostflameBarrier"],"picked":"SKIP","floor":25.0},{"not_picked":["hexamod:GhostflameBarrier","hexamod:SuperheatedStrike","hexamod:SpectersWail"],"picked":"SKIP","floor":25.0},{"not_picked":["hexamod:BurningTouch","hexamod:Firestarter"],"picked":"hexamod:NightmareGuise+1","floor":26.0},{"not_picked":["hexamod:RadiantFlame+1","hexamod:BacktrackSmack+1"],"picked":"hexamod:CatchUp+1","floor":27.0},{"not_picked":["hexamod:UnlimitedPower","hexamod:FlamesFromBeyond"],"picked":"hexamod:RadiantFlame+1","floor":31.0},{"not_picked":["hexamod:FlamesFromBeyond","hexamod:InspiringFlames","hexamod:ThirdSeal"],"picked":"SKIP","floor":31.0},{"not_picked":["hexamod:Hexaguard","hexamod:WildfireWeapon+1"],"picked":"hexamod:GhostOfSpireFuture+1","floor":32.0},{"not_picked":["hexamod:BacktrackSmack+1","hexamod:HauntingEcho"],"picked":"hexamod:EmpoweredFlame+1","floor":32.0},{"not_picked":["hexamod:ShieldOfDarkness","hexamod:GhostShield","hexamod:Hexaguard"],"picked":"SKIP","floor":32.0},{"not_picked":["hexamod:FlamesFromBeyond","hexamod:HeatShield"],"picked":"hexamod:RadiantFlame+1","floor":34},{"not_picked":["hexamod:FlamesFromBeyond","hexamod:HeatMetal"],"picked":"hexamod:GiftsFromTheDead+1","floor":34},{"not_picked":["hexamod:ExtraCrispy+1","hexamod:SuperheatedStrike"],"picked":"hexamod:FlameSwitch","floor":35},{"not_picked":["hexamod:GhostflameBarrier+1","hexamod:NecessarySacrifice","hexamod:HeatMetal"],"picked":"SKIP","floor":35},{"not_picked":["hexamod:AdvancingGuard","hexamod:ThirdSeal","hexamod:GhostLash+1"],"picked":"SKIP","floor":35},{"not_picked":["hexamod:NightmareStrike","hexamod:GhostShield+1"],"picked":"hexamod:SkipABeat+1","floor":36},{"not_picked":["hexamod:InspiringFlames","hexamod:ThermalTransfer+1","hexamod:GhostShield+1"],"picked":"SKIP","floor":36},{"not_picked":["hexamod:DynamicBlow","hexamod:NightmareStrike","hexamod:PowerFromBeyond"],"picked":"SKIP","floor":36},{"not_picked":["hexamod:DynamicBlow","hexamod:SoulSteal","hexamod:ShieldOfDarkness"],"picked":"SKIP","floor":37},{"not_picked":["hexamod:DynamicBlow","hexamod:ThermalTransfer"],"picked":"hexamod:WildfireWeapon+1","floor":38},{"not_picked":["hexamod:ShieldOfDarkness","hexamod:FastForward","hexamod:FlamesFromBeyond"],"picked":"SKIP","floor":38},{"not_picked":["hexamod:SearingWound","hexamod:TimeWarp"],"picked":"hexamod:TimeOfNeed","floor":39},{"not_picked":["hexamod:FlameSwitch","hexamod:TurnItUp"],"picked":"hexamod:VolcanoVisage+1","floor":39},{"not_picked":["hexamod:GhostflameInferno","hexamod:WildfireWeapon+1"],"picked":"hexamod:SixthSeal","floor":39},{"not_picked":["hexamod:FlamesFromBeyond","hexamod:Incineration+1","hexamod:SpectersWail+1"],"picked":"SKIP","floor":43},{"not_picked":["hexamod:RadiantFlame+1","hexamod:FastForward+1"],"picked":"hexamod:GhostOfSpirePast+1","floor":44},{"not_picked":["hexamod:HauntingEcho","hexamod:Haunt"],"picked":"hexamod:GhostOfSpirePast+1","floor":44},{"not_picked":["hexamod:RainOfEmbers+1","hexamod:FlamesFromBeyond"],"picked":"hexamod:Rewind+1","floor":46},{"not_picked":["hexamod:NightmareStrike+1","hexamod:Firestarter"],"picked":"hexamod:GhostOfSpirePast+1","floor":46},{"not_picked":["hexamod:UnlimitedPower","hexamod:SkipABeat+1","hexamod:NightmareStrike"],"picked":"SKIP","floor":46},{"not_picked":["hexamod:ShieldOfDarkness","hexamod:GhostLash"],"picked":"hexamod:PhantomCloak+1","floor":49},{"not_picked":["hexamod:TurnItUp","hexamod:Firestarter+1"],"picked":"hexamod:Rewind+1","floor":49},{"not_picked":["hexamod:HauntingEcho","hexamod:FastForward"],"picked":"hexamod:Hexaguard+1","floor":49},{"not_picked":["hexamod:FastForward","hexamod:AdvancingGuard","hexamod:SpectralSpark+1"],"picked":"SKIP","floor":49},{"not_picked":["hexamod:ThermalTransfer","hexamod:SpectersWail+1","hexamod:BurningTouch"],"picked":"SKIP","floor":53},{"not_picked":["hexamod:BacktrackSmack+1","hexamod:NightmareGuise+1","hexamod:Haunt+1"],"picked":"SKIP","floor":53},{"not_picked":["hexamod:SpectralAdrenaline","hexamod:HauntingEcho+1"],"picked":"hexamod:GiftsFromTheDead+1","floor":54},{"not_picked":["hexamod:RecurringNightmare+1","hexamod:ChargedBarrage+1"],"picked":"hexamod:ExtraCrispy+1","floor":54},{"not_picked":["hexamod:GhostLash","hexamod:HeatMetal+1"],"picked":"hexamod:GhostOfSpirePast+1","floor":54},{"not_picked":["hexamod:SpectersWail","hexamod:GhostLash"],"picked":"hexamod:ExtraCrispy+1","floor":56},{"not_picked":["hexamod:ExtraCrispy+1","hexamod:HeatCrush"],"picked":"hexamod:GhostOfSpireFuture+1","floor":57},{"not_picked":["hexamod:SpectersWail+1","hexamod:AdvancingGuard+1","hexamod:UnleashSpirits"],"picked":"SKIP","floor":57},{"not_picked":["hexamod:NightmareStrike","hexamod:PhantomFireball","hexamod:SwordOfDarkness"],"picked":"SKIP","floor":57},{"not_picked":["hexamod:Firestarter+1","hexamod:HeatMetal"],"picked":"hexamod:FirstSeal","floor":58},{"not_picked":["hexamod:PowerFromBeyond+1","hexamod:FastForward+1","hexamod:ThermalTransfer"],"picked":"SKIP","floor":58},{"not_picked":["hexamod:FastForward+1","hexamod:BurningTouch+1","hexamod:ShieldOfDarkness+1"],"picked":"SKIP","floor":58},{"not_picked":["hexamod:GhostLash+1","hexamod:HeatMetal+1"],"picked":"hexamod:SixthSeal","floor":59},{"not_picked":["hexamod:SkipABeat+1","hexamod:SpectralSpark","hexamod:PhantomFireball"],"picked":"SKIP","floor":59},{"not_picked":["hexamod:TimeWarp","hexamod:SpectersWail+1"],"picked":"hexamod:GhostOfSpireFuture+1","floor":61},{"not_picked":["hexamod:SpectralAdrenaline+1","hexamod:BacktrackSmack+1","hexamod:Incineration+1"],"picked":"SKIP","floor":61},{"not_picked":["hexamod:ShieldOfDarkness+1","hexamod:HeatMetal+1","hexamod:BacktrackSmack+1"],"picked":"SKIP","floor":61},{"not_picked":["hexamod:SkipABeat+1","hexamod:ThermalTransfer+1"],"picked":"hexamod:GhostOfSpirePast+1","floor":62},{"not_picked":["hexamod:SwordOfDarkness+1","hexamod:Again"],"picked":"hexamod:Rewind+1","floor":62},{"not_picked":["hexamod:AdvancingGuard+1","hexamod:SpectersWail"],"picked":"hexamod:ThirdSeal","floor":65},{"not_picked":["hexamod:SkipABeat+1","hexamod:BacktrackSmack","hexamod:Incineration+1"],"picked":"SKIP","floor":65},{"not_picked":["hexamod:ThermalTransfer","hexamod:HeatCrush","hexamod:RainOfEmbers+1"],"picked":"SKIP","floor":65}],"player_experience":504690,"relics_obtained":[{"floor":5.0,"key":"Ring of Fury"},{"floor":5.0,"key":"Ring of Hypnosis"},{"floor":7.0,"key":"Grinning Jar"},{"floor":8.0,"key":"Happy Flower"},{"floor":10.0,"key":"Mercury Hourglass"},{"floor":11.0,"key":"Lantern"},{"floor":13.0,"key":"Frozen Egg 2"},{"floor":14.0,"key":"Potion Belt"},{"floor":15.0,"key":"sneckomod:BlankCard"},{"floor":18.0,"key":"Replay:Bandana"},{"floor":28.0,"key":"Ancient Tea Set"},{"floor":29.0,"key":"Meat on the Bone"},{"floor":30.0,"key":"Oddly Smooth Stone"},{"floor":34,"key":"Simple Rune"},{"floor":36,"key":"Replay:WaspNest"},{"floor":46,"key":"ReplayFunnel"},{"floor":46,"key":"Mummified Hand"},{"floor":48,"key":"Replay:Mystery Machine"},{"floor":52,"key":"Bag of Marbles"},{"floor":53,"key":"Strawberry"},{"floor":53,"key":"hubris:DeckOfHolding"},{"floor":57,"key":"Bag of Preparation"},{"floor":57,"key":"Orichalcum"},{"floor":59,"key":"Akabeko"},{"floor":59,"key":"hubris:ToyBattleship"},{"floor":61,"key":"Mango"},{"floor":61,"key":"Toy Ornithopter"},{"floor":65,"key":"Anchor"},{"floor":65,"key":"Bronze Scales"}],"event_choices":[{"cards_removed":["hexamod:Strike"],"damage_healed":0.0,"max_hp_gain":0.0,"max_hp_loss":0.0,"gold_gain":0.0,"event_name":"The Cleric","player_choice":"Card Removal","floor":4.0,"gold_loss":0.0,"damage_taken":0.0},{"cards_removed":["hexamod:Strike"],"damage_healed":0,"gold_gain":0,"player_choice":"Offered Basic","damage_taken":0,"max_hp_gain":0,"max_hp_loss":0,"event_name":"Bonfire Elementals","floor":42,"gold_loss":0},{"damage_healed":0,"gold_gain":0,"player_choice":"Got Potions","damage_taken":0,"max_hp_gain":0,"max_hp_loss":0,"event_name":"Lab","floor":45,"gold_loss":0}],"is_beta":false,"boss_relics":[{"not_picked":["Pandora\u0027s Box","SacredBark"],"picked":"Coffee Dripper"},{"not_picked":["Replay:Wanted Poster","hubris:HollowSoul"],"picked":"Black Star"}],"items_purged_floors":[9,56,66],"is_endless":false,"potions_floor_spawned":[10,13,15,16,18,19,20,24,31,32,36,37,38,46,53,57,58,59,61,62],"killed_by":"downfall:NeowBossFinal","ascension_level":3}}