{"host":"x3688v8yj57o2b0e","time":1612681063,"event":{"mods":["BaseMod","Minty Spire (QoL Compilation)"],"gold_per_floor":[109,109,109,128,144,172,188,223,246,246,196,211,244,263,263,363,363,376,376,326,41,56,17,17,45,72,102,118,147,165,178,178,178,178],"floor_reached":33,"language":"ENG","playtime":1869,"items_purged":["Strike_P+1"],"score":370,"play_id":"cbcc09ea-0b82-49f5-9668-996cd103b32b","local_time":"20210207015743","is_ascension_mode":true,"campfire_choices":[{"floor":10,"key":"REST"},{"data":"Eruption","floor":15,"key":"SMITH"},{"data":"Wallop","floor":24,"key":"SMITH"},{"data":"Vigilance","floor":32,"key":"SMITH"}],"circlet_count":0,"master_deck":["Strike_P+1","Strike_P+1","Defend_P+1","Defend_P+1","Defend_P+1","Defend_P+1","Eruption+1","Vigilance+1","CurseOfTheBell","Wallop+1","Crescendo+1","WaveOfTheHand","ClearTheMind+1","BowlingBash","EmptyBody","LikeWater+1","Consecrate+1","EmptyBody+1","DevaForm","BattleHymn+1","Halt+1","Fasting2","Wallop+1","LessonLearned+1","FlyingSleeves","ThirdEye","Prostrate","FlurryOfBlows","CrushJoints"],"relics":["Calling Bell","Bag of Preparation","TeardropLocket","Pocketwatch","Vajra","Boot","Lantern","Smiling Mask","Anchor","SlaversCollar","Oddly Smooth Stone","War Paint","Happy Flower","PreservedInsect","Whetstone"],"acts_visited":["Exordium","TheCity"],"potions_floor_usage":[6,16,16,25,30,33],"damage_taken":[{"damage":0,"enemies":"Small Slimes","floor":1,"turns":1},{"damage":0,"enemies":"Jaw Worm","floor":4,"turns":1},{"damage":0,"enemies":"2 Louse","floor":5,"turns":2},{"damage":36,"enemies":"Lagavulin","floor":6,"turns":4},{"damage":0,"enemies":"Gremlin Gang","floor":7,"turns":3},{"damage":0,"enemies":"Gremlin Nob","floor":8,"turns":2},{"damage":4,"enemies":"Blue Slaver","floor":12,"turns":3},{"damage":13,"enemies":"Lagavulin","floor":13,"turns":5},{"damage":0,"enemies":"2 Fungi Beasts","floor":14,"turns":3},{"damage":18,"enemies":"The Guardian","floor":16,"turns":17},{"damage":2,"enemies":"2 Thieves","floor":18,"turns":4},{"damage":0,"enemies":"Spheric Guardian","floor":22,"turns":2},{"damage":6,"enemies":"Slavers","floor":25,"turns":3},{"damage":10,"enemies":"Gremlin Leader","floor":27,"turns":5},{"damage":12,"enemies":"Cultist and Chosen","floor":28,"turns":4},{"damage":2,"enemies":"Slavers","floor":29,"turns":4},{"damage":3,"enemies":"Snecko","floor":30,"turns":5},{"damage":0,"enemies":"Centurion and Healer","floor":31,"turns":4},{"damage":39,"enemies":"Automaton","floor":33,"turns":6}],"seed_played":"-4566479815186012647","potions_obtained":[{"floor":1,"key":"Weak Potion"},{"floor":5,"key":"Strength Potion"},{"floor":6,"key":"Energy Potion"},{"floor":12,"key":"LiquidMemories"},{"floor":18,"key":"BlessingOfTheForge"},{"floor":29,"key":"LiquidBronze"},{"floor":30,"key":"Weak Potion"},{"floor":31,"key":"Ambrosia"}],"is_trial":false,"path_per_floor":["M","?","?","M","M","E","M","E","T","R","?","M","E","M","R","B",null,"M","?","?","$","M","$","R","E","T","E","M","E","M","M","R","B"],"character_chosen":"WATCHER","items_purchased":["Halt","Oddly Smooth Stone","Fasting2","Wallop"],"campfire_rested":1,"item_purchase_floors":[21,21,21,23],"current_hp_per_floor":[72,69,55,55,55,19,19,19,19,40,40,36,23,23,23,5,72,70,70,70,70,70,70,70,64,64,54,42,40,37,37,37,0,0],"gold":178,"neow_bonus":"BOSS_RELIC","is_daily":false,"chose_seed":false,"campfire_upgraded":3,"win_rate":0.0,"timestamp":1612681063,"path_taken":["M","?","?","M","M","E","M","E","T","R","?","M","E","M","R","BOSS","M","?","?","$","M","$","R","E","T","E","?","E","M","M","R","BOSS"],"items_purchased_type":["Card","Relic","Card","Card"],"build_version":"2020-12-22","purchased_purges":1,"victory":false,"max_hp_per_floor":[72,72,72,72,72,72,72,72,72,72,72,72,72,72,72,72,72,72,72,72,72,72,72,72,72,72,72,72,72,72,72,72,72,72],"card_choices":[{"not_picked":["WindmillStrike","SignatureMove"],"picked":"Wallop","floor":1},{"not_picked":["CutThroughFate","FlurryOfBlows"],"picked":"Crescendo","floor":4},{"not_picked":["FollowUp","Pray"],"picked":"WaveOfTheHand","floor":5},{"not_picked":["Crescendo","EmptyBody"],"picked":"ClearTheMind","floor":6},{"not_picked":["CrushJoints","Crescendo"],"picked":"BowlingBash","floor":7},{"not_picked":["JustLucky","Conclude"],"picked":"EmptyBody","floor":8},{"not_picked":["EmptyFist","MasterReality"],"picked":"LikeWater","floor":12},{"not_picked":["Halt","CrushJoints"],"picked":"Consecrate","floor":13},{"not_picked":["Evaluate","ThirdEye"],"picked":"EmptyBody","floor":14},{"not_picked":["Brilliance","SpiritShield"],"picked":"DevaForm","floor":16},{"not_picked":["EmptyBody","CarveReality"],"picked":"BattleHymn+1","floor":18},{"not_picked":["FollowUp","BowlingBash","Consecrate"],"picked":"SKIP","floor":22},{"not_picked":["Crescendo","LikeWater"],"picked":"LessonLearned","floor":25},{"not_picked":["Evaluate+1","Study"],"picked":"FlyingSleeves","floor":27},{"not_picked":["EmptyMind","Consecrate"],"picked":"ThirdEye","floor":28},{"not_picked":["Worship","Nirvana+1"],"picked":"Prostrate","floor":29},{"not_picked":["Adaptation","CutThroughFate"],"picked":"FlurryOfBlows","floor":30},{"not_picked":["Halt","Evaluate"],"picked":"CrushJoints","floor":31}],"player_experience":209066,"relics_obtained":[{"floor":0,"key":"Bag of Preparation"},{"floor":0,"key":"TeardropLocket"},{"floor":0,"key":"Pocketwatch"},{"floor":6,"key":"Boot"},{"floor":8,"key":"Lantern"},{"floor":9,"key":"Smiling Mask"},{"floor":13,"key":"Anchor"},{"floor":25,"key":"War Paint"},{"floor":26,"key":"Happy Flower"},{"floor":27,"key":"PreservedInsect"},{"floor":29,"key":"Whetstone"}],"event_choices":[{"damage_healed":0,"gold_gain":0,"player_choice":"Success","damage_taken":3,"relics_obtained":["Vajra"],"max_hp_gain":0,"max_hp_loss":0,"event_name":"Scrap Ooze","floor":2,"gold_loss":0},{"damage_healed":0,"gold_gain":0,"player_choice":"Entered Light","damage_taken":14,"max_hp_gain":0,"max_hp_loss":0,"event_name":"Shining Light","floor":3,"gold_loss":0,"cards_upgraded":["Defend_P","Strike_P"]},{"cards_removed":["Strike_P"],"damage_healed":0,"gold_gain":0,"player_choice":"Card Removal","damage_taken":0,"max_hp_gain":0,"max_hp_loss":0,"event_name":"The Cleric","floor":11,"gold_loss":50},{"damage_healed":0,"gold_gain":0,"player_choice":"Simplicity","damage_taken":0,"max_hp_gain":0,"max_hp_loss":0,"event_name":"Back to Basics","floor":19,"gold_loss":0,"cards_upgraded":["Strike_P","Strike_P","Defend_P","Defend_P","Defend_P"]},{"damage_healed":0,"gold_gain":0,"player_choice":"Bet on Owner","damage_taken":0,"max_hp_gain":0,"max_hp_loss":0,"event_name":"The Joust","floor":20,"gold_loss":50}],"is_beta":false,"boss_relics":[{"not_picked":["Philosopher\u0027s Stone","Ectoplasm"],"picked":"SlaversCollar"}],"items_purged_floors":[21],"is_endless":false,"potions_floor_spawned":[1,5,6,12,18,29,30,31],"killed_by":"Automaton","ascension_level":1}}