{"host":"lwpvkgc6ydwupigp","time":1612714939,"event":{"mods":["AchievementEnabler","BaseMod","Bestiary","Minty Spire (QoL Compilation)","Quick Restart","Relic Stats"],"gold_per_floor":[115,132,151,151,170,170,170],"floor_reached":6,"language":"ENG","playtime":756,"items_purged":[],"score":38,"play_id":"19381bf6-33c3-448a-b2a4-f7076e5d4ff4","local_time":"20210207172219","is_ascension_mode":false,"campfire_choices":[],"circlet_count":0,"master_deck":["Strike_G","Strike_G","Strike_G","Strike_G","Strike_G","Defend_G","Defend_G","Defend_G","Defend_G","Defend_G","Survivor","Neutralize","Good Instincts","Acrobatics","Endless Agony","Slice","Dagger Spray"],"relics":["Ring of the Snake","Strawberry"],"acts_visited":["Exordium"],"potions_floor_usage":[6],"damage_taken":[{"damage":0,"enemies":"Cultist","floor":1,"turns":4},{"damage":8,"enemies":"2 Louse","floor":2,"turns":3},{"damage":4,"enemies":"Small Slimes","floor":3,"turns":5},{"damage":4,"enemies":"Exordium Wildlife","floor":5,"turns":7},{"damage":40,"enemies":"Lagavulin","floor":6,"turns":11}],"seed_played":"8117012924963280592","potions_obtained":[{"floor":1,"key":"Ancient Potion"},{"floor":3,"key":"BlessingOfTheForge"}],"is_trial":false,"path_per_floor":["M","M","M","?","M","E"],"character_chosen":"THE_SILENT","items_purchased":[],"campfire_rested":0,"item_purchase_floors":[],"current_hp_per_floor":[70,62,58,40,36,0,0],"gold":170,"neow_bonus":"RANDOM_COLORLESS","is_daily":false,"chose_seed":false,"campfire_upgraded":0,"win_rate":0.0,"timestamp":1612714939,"path_taken":["M","M","?","?","M","E"],"items_purchased_type":[],"build_version":"2020-12-22","purchased_purges":0,"victory":false,"max_hp_per_floor":[70,70,70,77,77,77,77],"relic_stats":{"counters":[5,30],"obtain_stats":[{"Strawberry":4,"Ring of the Snake":0},{"Strawberry":3,"Ring of the Snake":0},{"Strawberry":12,"Ring of the Snake":0}],"Ring of the Snake":[11]},"card_choices":[{"not_picked":["Blind","Finesse"],"picked":"Good Instincts","floor":0},{"not_picked":["Bane","Bouncing Flask"],"picked":"Acrobatics","floor":1},{"not_picked":["Prepared","Footwork"],"picked":"Endless Agony","floor":2},{"not_picked":["Blur","Acrobatics"],"picked":"Slice","floor":3},{"not_picked":["Bane","Distraction"],"picked":"Dagger Spray","floor":5}],"player_experience":48069,"relics_obtained":[],"event_choices":[{"damage_healed":0,"gold_gain":0,"player_choice":"Success","damage_taken":25,"relics_obtained":["Strawberry"],"max_hp_gain":0,"max_hp_loss":0,"event_name":"Scrap Ooze","floor":4,"gold_loss":0}],"is_beta":false,"boss_relics":[],"items_purged_floors":[],"is_endless":false,"potions_floor_spawned":[1,3],"killed_by":"Lagavulin","ascension_level":0}}