{"host":"xw7092rw7wabncmm","time":1612726636,"event":{"mods":["AchievementEnabler","BaseMod","Bestiary","Block Reminder","Minty Spire (QoL Compilation)","Quick Restart","Relic Stats","Slay-I","Weighted Paths"],"gold_per_floor":[119,119,194,214,36,71,71,101,101,113,113,124,153,167,167,241,241,258,270,270,281,281,281,281],"floor_reached":23,"language":"ENG","playtime":1061,"items_purged":[],"score":472,"play_id":"de5546a7-fc77-46c6-b8e9-67053971a0ef","local_time":"20210207143716","is_ascension_mode":true,"campfire_choices":[{"data":"Disarm","floor":7,"key":"SMITH"},{"data":"Bloodletting","floor":11,"key":"SMITH"},{"data":"Rupture","floor":15,"key":"SMITH"}],"circlet_count":0,"master_deck":["AscendersBane","Strike_R+1","Strike_R+1","Strike_R+1","Strike_R+1","Defend_R+1","Defend_R+1","Defend_R+1","Defend_R+1","Bash","Disarm+1","Juggernaut","Twin Strike","Immolate","Feel No Pain","Bloodletting+1","Rupture+1","Wild Strike","Spot Weakness","Bludgeon","Clash"],"relics":["Burning Blood","NeowsBlessing","Paper Frog","TungstenRod","Mummified Hand","White Beast Statue","Busted Crown","MutagenicStrength"],"acts_visited":["Exordium","TheCity"],"potions_floor_usage":[8,13,14,16,19,19,21,23],"damage_taken":[{"damage":0,"enemies":"Cultist","floor":1,"turns":1},{"damage":0,"enemies":"Small Slimes","floor":4,"turns":1},{"damage":0,"enemies":"Lagavulin","floor":6,"turns":1},{"damage":15,"enemies":"3 Sentries","floor":8,"turns":5},{"damage":1,"enemies":"Jaw Worm","floor":10,"turns":3},{"damage":11,"enemies":"Blue Slaver","floor":12,"turns":3},{"damage":30,"enemies":"Gremlin Nob","floor":13,"turns":4},{"damage":0,"enemies":"3 Louse","floor":14,"turns":2},{"damage":42,"enemies":"The Guardian","floor":16,"turns":14},{"damage":31,"enemies":"Shell Parasite","floor":18,"turns":5},{"damage":25,"enemies":"2 Thieves","floor":19,"turns":4},{"damage":0,"enemies":"3 Cultists","floor":21,"turns":2},{"damage":44,"enemies":"Slavers","floor":23,"turns":3}],"seed_played":"2791861787452642792","potions_obtained":[{"floor":4,"key":"SkillPotion"},{"floor":13,"key":"EntropicBrew"},{"floor":14,"key":"Strength Potion"},{"floor":16,"key":"Strength Potion"},{"floor":18,"key":"BloodPotion"},{"floor":19,"key":"DuplicationPotion"},{"floor":21,"key":"ElixirPotion"}],"is_trial":false,"path_per_floor":["M","?","?","M","$","E","R","E","T","M","R","M","E","M","R","B",null,"M","M","?","M","?","E"],"character_chosen":"IRONCLAD","items_purchased":["Immolate"],"campfire_rested":0,"item_purchase_floors":[5],"current_hp_per_floor":[74,74,63,69,69,75,75,66,66,71,71,66,42,48,48,12,59,34,30,30,36,36,0,0],"gold":281,"neow_bonus":"THREE_ENEMY_KILL","is_daily":false,"chose_seed":false,"campfire_upgraded":3,"win_rate":0.0,"timestamp":1612726636,"path_taken":["M","?","?","M","$","E","R","E","T","M","R","M","E","M","R","BOSS","M","M","?","M","?","E"],"items_purchased_type":["Card"],"build_version":"2020-12-22","purchased_purges":0,"victory":false,"max_hp_per_floor":[75,75,75,75,75,75,75,75,75,75,75,75,75,75,75,75,75,75,75,75,75,75,75,75],"relic_stats":{"Busted Crown":6,"counters":[13,48],"Mummified Hand":[13],"obtain_stats":[{"Busted Crown":17,"NeowsBlessing":0,"Mummified Hand":9,"MutagenicStrength":20,"Burning Blood":0,"TungstenRod":8,"White Beast Statue":13,"Paper Frog":6},{"Busted Crown":9,"NeowsBlessing":0,"Mummified Hand":4,"MutagenicStrength":11,"Burning Blood":0,"TungstenRod":4,"White Beast Statue":7,"Paper Frog":3},{"Busted Crown":34,"NeowsBlessing":0,"Mummified Hand":8,"MutagenicStrength":43,"Burning Blood":0,"TungstenRod":8,"White Beast Statue":18,"Paper Frog":3}],"Burning Blood":72,"TungstenRod":25},"card_choices":[{"not_picked":["Sword Boomerang","Wild Strike"],"picked":"Disarm","floor":1},{"not_picked":["Uppercut","Cleave"],"picked":"Twin Strike","floor":4},{"not_picked":["Sword Boomerang","Carnage"],"picked":"Feel No Pain","floor":6},{"not_picked":["Heavy Blade","Twin Strike"],"picked":"Bloodletting","floor":8},{"not_picked":["Iron Wave","Thunderclap","Second Wind"],"picked":"SKIP","floor":10},{"not_picked":["Armaments","Clothesline"],"picked":"Rupture","floor":12},{"not_picked":["Pommel Strike","Perfected Strike"],"picked":"Wild Strike","floor":13},{"not_picked":["Burning Pact","Iron Wave"],"picked":"Spot Weakness","floor":14},{"not_picked":["Brutality","Juggernaut"],"picked":"Bludgeon","floor":16},{"not_picked":[],"picked":"Clash","floor":18},{"not_picked":["Iron Wave"],"picked":"SKIP","floor":19},{"not_picked":["Warcry"],"picked":"SKIP","floor":21}],"player_experience":1604163,"relics_obtained":[{"floor":6,"key":"Paper Frog"},{"floor":8,"key":"TungstenRod"},{"floor":9,"key":"Mummified Hand"},{"floor":13,"key":"White Beast Statue"}],"event_choices":[{"damage_healed":0,"gold_gain":0,"cards_transformed":["Strike_R"],"player_choice":"Change","damage_taken":0,"max_hp_gain":0,"max_hp_loss":0,"event_name":"Living Wall","floor":2,"gold_loss":0,"cards_obtained":["Juggernaut"]},{"damage_healed":0,"gold_gain":75,"player_choice":"Gather Gold","damage_taken":11,"max_hp_gain":0,"max_hp_loss":0,"event_name":"World of Goop","floor":3,"gold_loss":0},{"damage_healed":0,"gold_gain":0,"player_choice":"Inject Mutagens","damage_taken":0,"relics_obtained":["MutagenicStrength"],"max_hp_gain":0,"max_hp_loss":0,"event_name":"Drug Dealer","floor":20,"gold_loss":0},{"damage_healed":0,"gold_gain":0,"player_choice":"Simplicity","damage_taken":0,"max_hp_gain":0,"max_hp_loss":0,"event_name":"Back to Basics","floor":22,"gold_loss":0,"cards_upgraded":["Strike_R","Strike_R","Strike_R","Strike_R","Defend_R","Defend_R","Defend_R","Defend_R"]}],"is_beta":false,"boss_relics":[{"not_picked":["Runic Cube","Astrolabe"],"picked":"Busted Crown"}],"items_purged_floors":[],"is_endless":false,"potions_floor_spawned":[4,13,14,16,18,19,21],"killed_by":"Slavers","ascension_level":20}}