{"host":"gaqyve1328ta0etl","time":1612665071,"event":{"mods":["BaseMod","Colored Map","Colored Powertips","Duelist Mod","Googly Eyes","Hero for Fun","Minty Spire (QoL Compilation)","Shop Mod","StSLib","SuperFastMode","The Hierophant","The Runesmith"],"gold_per_floor":[116,134,134,148,0,29,29,44,44,61,61,61],"floor_reached":11,"language":"ENG","playtime":328,"items_purged":[],"score":124,"play_id":"bacac796-6340-4683-a2de-1a9eee12e1bf","local_time":"20210206183111","is_ascension_mode":true,"campfire_choices":[{"data":"Neutralize","floor":7,"key":"SMITH"}],"circlet_count":0,"master_deck":["AscendersBane","Strike_G","Strike_G","Strike_G","Strike_G","Defend_G","Defend_G","Defend_G","Defend_G","Defend_G","Survivor","Neutralize+1","Flying Knee","Dash","Dagger Spray","Heel Hook"],"relics":["Ring of the Snake","NeowsBlessing","Blood Vial","Singing Bowl","Kunai"],"acts_visited":["Exordium"],"potions_floor_usage":[6,11],"damage_taken":[{"damage":0.0,"enemies":"Cultist","floor":1.0,"turns":1.0},{"damage":0.0,"enemies":"Small Slimes","floor":2.0,"turns":1.0},{"damage":0.0,"enemies":"Jaw Worm","floor":4.0,"turns":1.0},{"damage":13,"enemies":"Gremlin Nob","floor":6,"turns":4},{"damage":0,"enemies":"2 Fungi Beasts","floor":8,"turns":2},{"damage":21,"enemies":"Large Slime","floor":10,"turns":7},{"damage":56,"enemies":"Lagavulin","floor":11,"turns":11}],"seed_played":"6473740108556209697","potions_obtained":[{"floor":4.0,"key":"Strength Potion"},{"floor":10,"key":"PowerPotion"}],"is_trial":false,"path_per_floor":["M","M","?","M","$","E","R","M","T","M","E"],"character_chosen":"THE_SILENT","items_purchased":["Blood Vial"],"campfire_rested":0,"item_purchase_floors":[5],"current_hp_per_floor":[63,63,63,63,63,52,52,56,56,39,0,0],"gold":61,"neow_bonus":"THREE_ENEMY_KILL","is_daily":false,"chose_seed":false,"campfire_upgraded":1,"win_rate":0.0,"timestamp":1612665071,"path_taken":["M","M","?","?","$","E","R","M","T","M","E"],"items_purchased_type":["Relic"],"build_version":"2020-12-22","purchased_purges":0,"victory":false,"max_hp_per_floor":[70,70,70,70,70,70,70,72,72,74,74,74],"card_choices":[{"not_picked":["Catalyst","Dagger Spray"],"picked":"Flying Knee","floor":1.0},{"not_picked":["PiercingWail","Poisoned Stab"],"picked":"Dash","floor":2.0},{"not_picked":["Sucker Punch","Poisoned Stab"],"picked":"Dagger Spray","floor":4.0},{"not_picked":["Underhanded Strike","Blade Dance"],"picked":"Heel Hook","floor":6},{"not_picked":["Slice","PiercingWail","Bane"],"picked":"Singing Bowl","floor":8},{"not_picked":["Sucker Punch","Dagger Spray","Deflect"],"picked":"Singing Bowl","floor":10}],"player_experience":2095264,"relics_obtained":[{"floor":6,"key":"Singing Bowl"},{"floor":9,"key":"Kunai"}],"event_choices":[{"cards_removed":["Strike_G"],"damage_healed":0.0,"max_hp_gain":0.0,"max_hp_loss":0.0,"gold_gain":0.0,"event_name":"Bonfire Elementals","player_choice":"Offered Basic","floor":3.0,"gold_loss":0.0,"damage_taken":0.0}],"is_beta":false,"boss_relics":[],"items_purged_floors":[],"is_endless":false,"potions_floor_spawned":[4,10],"killed_by":"Lagavulin","ascension_level":13}}