{"host":"ksbvp3awiitpakcf","time":1612717372,"event":{"mods":["ATMod(∞¢Ë™Mod)","BaseMod","Decade(Õı–°√˜)","FanaticalFans","FutureSeer","Good Game Mod","KinomotoSakuraMod(ƒæ÷Æ±æ”£)","KomeijiMod","Marisa£®ÏF”Í°°ƒß¿Ì…≥£©","Minty Spire (QoL Compilation)","MostiFishMod","Reimu£®≤©¿ˆ¡È√Œ£©","Relic Filter Mod","Remilia£®¿Ÿ√◊¿Ú—«£©","Shop Mod","StSLib","WarShipGirlsR/’ΩΩ¢…Ÿ≈ÆR mod","Youmu£®ªÍ∆«—˝√Œ£©","Yuyuko","noobMod"],"gold_per_floor":[116,131,131,131,141,168,168,194,270,270,281,316,316,461,461,662,662,703,703,21,21,89,89,214,276,299,61,61,129,109,109,109,281,281,326,471],"floor_reached":37,"language":"ZHS","playtime":2664,"items_purged":["Defend_RM"],"score":813,"play_id":"f2002792-6806-4320-8550-a39b0e692754","local_time":"20210208010252","is_ascension_mode":true,"campfire_choices":[{"data":"AT_KneejerkReflex","floor":7,"key":"SMITH"},{"data":"Defend_RM","floor":13,"key":"SMITH"},{"data":"Defend_RM","floor":15,"key":"SMITH"},{"data":"ChaoticDestiny","floor":23,"key":"SMITH"},{"data":"FavorOfDestiny","floor":28,"key":"SMITH"},{"data":"CharismaGuard","floor":32,"key":"SMITH"}],"circlet_count":0,"master_deck":["Strike_RM","Strike_RM","Strike_RM","Strike_RM","Defend_RM","Defend_RM+1","Defend_RM+1","RedMoon","ScarletShoot","AT_KneejerkReflex+1","EternalNight","Impatience","NightLord","BloodyTrap","ChaoticDestiny+1","FavorOfDestiny+1","FavorOfDestiny","RedRainbow","MastersStateliness","ScarletCoffin+1","BloodAndWine","CharismaGuard+1","CurseOfVladTepes+1"],"relics":["ice","AT_ATBox","DaveBox","Fans:FanaticalFans","REME:ComplimentaryCards","Black Star","BirthdayGift-Tetrahedron","SynthV:TestCard","AT_RedNoBalance","AT_RabadonDeathcap","ScarletDevilRocket","Bottled Tornado","AT_ImmortalShieldbow","Tea:ReiMu","AT_MibuBalloonWealth","AT_ArcaneBoots","RhineFirstAidKit","SynthV:C4","Shuriken","MerchantsRug","ImprovedEquipment","AT_BellDemon","Mastiff:ReiMu","AT_GoldPhoenixTree","AT_ArchangelStaff","BrkXgEgg","AT_EbonyIvory","Molten Egg 2","Meat on the Bone","OneHitWonderSystem","RuthlessExorcism:ReiMu"],"acts_visited":["Exordium","TheCity","TheBeyond"],"potions_floor_usage":[],"damage_taken":[{"damage":4,"enemies":"Cultist","floor":1,"turns":3},{"damage":9,"enemies":"Jaw Worm","floor":2,"turns":3},{"damage":3,"enemies":"2 Louse","floor":5,"turns":2},{"damage":21,"enemies":"3 Sentries","floor":6,"turns":4},{"damage":18,"enemies":"Gremlin Nob","floor":8,"turns":4},{"damage":4,"enemies":"Exordium Thugs","floor":11,"turns":3},{"damage":5,"enemies":"3 Sentries","floor":12,"turns":3},{"damage":22,"enemies":"Lots of Slimes","floor":14,"turns":3},{"damage":48,"enemies":"Slime Boss","floor":16,"turns":9},{"damage":6,"enemies":"Shell Parasite","floor":18,"turns":2},{"damage":4,"enemies":"2 Thieves","floor":22,"turns":3},{"damage":13,"enemies":"Slavers","floor":24,"turns":3},{"damage":2,"enemies":"Centurion and Healer","floor":25,"turns":2},{"damage":6,"enemies":"Shelled Parasite and Fungi","floor":29,"turns":2},{"damage":24,"enemies":"Automaton","floor":33,"turns":5},{"damage":0,"enemies":"Orb Walker","floor":35,"turns":2},{"damage":0,"enemies":"Awakened One","floor":36,"turns":7}],"seed_played":"-2222234921650623856","potions_obtained":[{"floor":22,"key":"BlessingOfTheForge"},{"floor":25,"key":"BlessingOfTheForge"},{"floor":25,"key":"GamblersBrew"}],"is_trial":false,"path_per_floor":["M","M","$","$","M","E","R","E","T","?","M","E","R","M","R","B",null,"M","?","$","T","M","R","E","M","T","$","R","M","?","?","R","B",null,"M","B",null],"character_chosen":"REMILIA","items_purchased":["SynthV:C4","Shuriken","MerchantsRug","RedRainbow","BrkXgEgg","AT_EbonyIvory"],"campfire_rested":0,"item_purchase_floors":[20,20,20,20,27,27],"current_hp_per_floor":[73,64,64,64,34,16,16,21,21,21,33,38,38,19,19,8,75,35,35,35,35,31,31,40,40,40,40,40,75,75,59,59,43,1,1,1],"gold":471,"neow_bonus":"BOSS_RELIC","is_daily":false,"chose_seed":false,"campfire_upgraded":6,"win_rate":0.0,"timestamp":1612717372,"path_taken":["M","M","?","$","M","E","R","E","T","?","?","E","R","M","R","BOSS","M","?","$","?","M","R","E","?","T","?","R","M","?","?","R","BOSS","M","BOSS"],"items_purchased_type":["Relic","Relic","Relic","Card","Relic","Relic"],"build_version":"2020-12-22","purchased_purges":1,"victory":true,"max_hp_per_floor":[75,75,75,75,75,75,75,75,75,75,75,75,75,75,75,75,75,75,75,75,75,75,75,75,75,75,75,75,75,75,80,80,80,1,1,1],"card_choices":[{"not_picked":["ScarletGensokyo","UnderTheZenith","UnstableMagic"],"picked":"SKIP","floor":1},{"not_picked":["UnderTheZenith","ScarletImprint","UnstableMagic","Stigmanizer"],"picked":"EternalNight","floor":2},{"not_picked":["BloodyHallows","Ultimatum","MastersStateliness","BloodHunter","UnderTheZenith"],"picked":"SKIP","floor":5},{"not_picked":["DemonKingCradle","EndlessAdversity","EternalNight","UnderTheZenith","UltimateOffering"],"picked":"SKIP","floor":6},{"not_picked":["UnstableMagic","CharismaGuard","UltimateOffering","ScarletDream","KillingBlow"],"picked":"SKIP","floor":8},{"not_picked":["ScarletImprint","CharismaGuard","Stigmanizer","UnderTheZenith","FavorOfDestiny"],"picked":"SKIP","floor":11},{"not_picked":["ScarletGensokyo","RedNightlessCastle","EmergencyRegeneration","MastersStateliness","TransientEternity"],"picked":"SKIP","floor":12},{"not_picked":["NightLord","RedNightlessCastle","RedRainbow","FavorOfDestiny"],"picked":"BloodyTrap","floor":14},{"not_picked":["EquivalentExchange","BloodyHallows","TransientEternity","BloodySeventeenLaser"],"picked":"ChaoticDestiny","floor":16},{"not_picked":["UnderTheZenith+1","CharismaGuard","RedRainbow","Stigmanizer"],"picked":"FavorOfDestiny","floor":18},{"not_picked":["UnstableMagic","Stigmanizer","CharismaGuard+1","UnderTheZenith"],"picked":"MastersStateliness","floor":22},{"not_picked":["UnderTheZenith+1","BloodHunter","UnstableMagic+1","DevilSight+1","AfternoonTea+1"],"picked":"SKIP","floor":24},{"not_picked":["UnderTheZenith","RedRainbow","ReincarnationDial+1","BloodAndWine","BlasphemousPunishment"],"picked":"SKIP","floor":25},{"not_picked":["UnstableMagic+1","MastersStateliness","HunterOfTheNight+1","Maim"],"picked":"ScarletCoffin+1","floor":29},{"not_picked":[],"picked":"BloodAndWine","floor":30},{"not_picked":[],"picked":"CharismaGuard","floor":30},{"not_picked":["HellCatastrophe+1","DemonKingCradle+1","BloodyHallows+1","TransientEternity+1"],"picked":"CurseOfVladTepes+1","floor":33},{"not_picked":["GlobalNightmare+1","CharismaGuard+1","FavorOfDestiny","RedNightlessCastle+1","EmergencyRegeneration+1"],"picked":"SKIP","floor":35}],"player_experience":27582,"relics_obtained":[{"floor":1,"key":"SynthV:TestCard"},{"floor":2,"key":"AT_SilverBalance"},{"floor":6,"key":"AT_RabadonDeathcap"},{"floor":6,"key":"ScarletDevilRocket"},{"floor":8,"key":"Bottled Tornado"},{"floor":8,"key":"AT_ImmortalShieldbow"},{"floor":9,"key":"Tea:ReiMu"},{"floor":12,"key":"AT_MibuBalloonWealth"},{"floor":12,"key":"AT_SpeedBoots"},{"floor":21,"key":"ImprovedEquipment"},{"floor":24,"key":"AT_BellDemon"},{"floor":24,"key":"Mastiff:ReiMu"},{"floor":25,"key":"AT_GoldPhoenixTree"},{"floor":26,"key":"AT_ArchangelStaff"},{"floor":29,"key":"Molten Egg 2"},{"floor":33,"key":"Meat on the Bone"},{"floor":35,"key":"RuthlessExorcism:ReiMu"}],"event_choices":[{"damage_healed":0,"gold_gain":0,"player_choice":"2 cards matched","damage_taken":0,"max_hp_gain":0,"max_hp_loss":0,"event_name":"Match and Keep!","floor":10,"gold_loss":0,"cards_obtained":["Impatience","NightLord"]},{"damage_healed":0,"gold_gain":0,"player_choice":"Copied","damage_taken":0,"max_hp_gain":0,"max_hp_loss":0,"event_name":"Duplicator","floor":19,"gold_loss":0,"cards_obtained":["FavorOfDestiny"]},{"damage_healed":0,"gold_gain":0,"player_choice":"Shed Blood","damage_taken":19,"max_hp_gain":5,"max_hp_loss":0,"event_name":"Forgotten Altar","floor":31,"gold_loss":0}],"is_beta":false,"boss_relics":[{"not_picked":["RedLine:ReiMu","RhineSuit"],"picked":"RhineFirstAidKit"},{"not_picked":["PatriotShield","APieceOfRedMist"],"picked":"OneHitWonderSystem"}],"items_purged_floors":[20],"is_endless":false,"potions_floor_spawned":[5,6,12,16,18,22,24],"ascension_level":1}}