{"host":"6xsbn6ynqlzwllfm","time":1612725101,"event":{"mods":["2.2 Compatiblity","BaseMod","Bestiary","Colored Map","Colored Powertips","Curses Come First","Highlight Path","Keyboard Shortcuts","Minty Spire (QoL Compilation)","Relic Stats","Slay the Relics Exporter","StSLib","SuperFastMode"],"gold_per_floor":[112,112,123,123,134,134,134],"floor_reached":6,"language":"ENG","playtime":236,"items_purged":[],"score":72,"play_id":"02313382-068b-40d1-9716-2446c84707a4","local_time":"20210207141141","is_ascension_mode":true,"campfire_choices":[],"circlet_count":0,"master_deck":["AscendersBane","Strike_G","Strike_G","Strike_G","Strike_G","Strike_G","Defend_G","Defend_G","Defend_G","Defend_G","Defend_G","Survivor","Neutralize","Dagger Spray","Dagger Spray","Caltrops"],"relics":["Ring of the Snake","WingedGreaves"],"acts_visited":["Exordium"],"potions_floor_usage":[6],"damage_taken":[{"damage":0,"enemies":"2 Louse","floor":1,"turns":3},{"damage":2,"enemies":"Cultist","floor":3,"turns":5},{"damage":0,"enemies":"Small Slimes","floor":5,"turns":3},{"damage":77,"enemies":"Lagavulin","floor":6,"turns":11}],"seed_played":"2323131017943733828","potions_obtained":[{"floor":2,"key":"EssenceOfSteel"},{"floor":2,"key":"LiquidBronze"}],"is_trial":false,"path_per_floor":["M","?","M","T","M","E"],"character_chosen":"THE_SILENT","items_purchased":[],"campfire_rested":0,"item_purchase_floors":[],"current_hp_per_floor":[65,65,63,63,63,0,0],"gold":134,"neow_bonus":"TEN_PERCENT_HP_BONUS","is_daily":false,"chose_seed":false,"campfire_upgraded":0,"win_rate":0.0,"timestamp":1612725101,"path_taken":["M","?","?","?","M","E"],"items_purchased_type":[],"build_version":"2020-12-22","purchased_purges":0,"victory":false,"max_hp_per_floor":[72,72,72,72,72,72,72],"relic_stats":{"counters":[4,22],"obtain_stats":[{"WingedGreaves":4,"Ring of the Snake":0},{"WingedGreaves":2,"Ring of the Snake":0},{"WingedGreaves":8,"Ring of the Snake":0}],"Ring of the Snake":[8]},"card_choices":[{"not_picked":["Acrobatics","Deflect"],"picked":"Dagger Spray","floor":1},{"not_picked":["Sucker Punch","Leg Sweep"],"picked":"Dagger Spray","floor":3},{"not_picked":["Expertise","Quick Slash"],"picked":"Caltrops","floor":5}],"player_experience":1397224,"relics_obtained":[{"floor":4,"key":"WingedGreaves"}],"event_choices":[{"damage_healed":0,"gold_gain":0,"player_choice":"Got Potions","damage_taken":0,"max_hp_gain":0,"max_hp_loss":0,"event_name":"Lab","floor":2,"gold_loss":0}],"is_beta":false,"boss_relics":[],"items_purged_floors":[],"is_endless":false,"potions_floor_spawned":[5],"killed_by":"Lagavulin","ascension_level":20}}