{"host":"Bilverbakes","time":1612658932,"event":{"mods":["2.2 Compatiblity","AchievementEnabler","BaseMod","Bestiary","Colored Map","Minty Spire (QoL Compilation)","Relic Stats","StSLib","ojb\u0027s Info Mod"],"gold_per_floor":[115,115,63,81,95,123,137,151,175,186,242,5,5,5,5,88,88,114,127,61,61,61,104,125,125,125],"floor_reached":25,"language":"ENG","playtime":1208,"items_purged":["Strike_P"],"score":496,"play_id":"f8fecc8f-9b9d-4b91-882a-6d66da63d692","local_time":"20210206184852","is_ascension_mode":true,"campfire_choices":[{"data":"BattleHymn","floor":13.0,"key":"SMITH"},{"data":"Wireheading","floor":15.0,"key":"SMITH"}],"circlet_count":0,"master_deck":["AscendersBane","Strike_P+1","Strike_P+1","Strike_P+1","Defend_P+1","Defend_P+1","Defend_P+1","Eruption","Vigilance+1","Metamorphosis","Wireheading+1","FollowUp","BattleHymn+1","Conclude","Weave","EmptyMind","Tantrum","ThirdEye","LessonLearned+1","CutThroughFate","InnerPeace+1","Blasphemy","BowlingBash"],"relics":["PureWater","Thread and Needle","Orichalcum","Happy Flower","CeramicFish","Fusion Hammer","Omamori"],"acts_visited":["Exordium","TheCity"],"potions_floor_usage":[],"damage_taken":[{"damage":0.0,"enemies":"2 Louse","floor":1.0,"turns":3.0},{"damage":0.0,"enemies":"Cultist","floor":4.0,"turns":3.0},{"damage":4.0,"enemies":"Small Slimes","floor":5.0,"turns":3.0},{"damage":0.0,"enemies":"Gremlin Nob","floor":6.0,"turns":2.0},{"damage":0.0,"enemies":"Gremlin Gang","floor":7.0,"turns":1.0},{"damage":11.0,"enemies":"Lots of Slimes","floor":8.0,"turns":4.0},{"damage":0.0,"enemies":"Exordium Wildlife","floor":10.0,"turns":3.0},{"damage":4.0,"enemies":"The Guardian","floor":16.0,"turns":6.0},{"damage":1.0,"enemies":"Spheric Guardian","floor":18.0,"turns":3.0},{"damage":22.0,"enemies":"Shell Parasite","floor":19.0,"turns":7.0},{"damage":16.0,"enemies":"Book of Stabbing","floor":23.0,"turns":4.0},{"damage":12,"enemies":"Snake Plant","floor":24,"turns":3},{"damage":6,"enemies":"Cultist and Chosen","floor":25,"turns":3}],"seed_played":"2853611370332257845","potions_obtained":[{"floor":1.0,"key":"ColorlessPotion"},{"floor":6.0,"key":"SneckoOil"},{"floor":8.0,"key":"Dexterity Potion"},{"floor":16.0,"key":"BottledMiracle"},{"floor":18.0,"key":"CultistPotion"}],"is_trial":false,"path_per_floor":["M","?","$","M","M","E","M","M","T","M","?","$","R","?","R","B",null,"M","M","$","?","$","E","M","M"],"character_chosen":"WATCHER","items_purchased":["FollowUp","Happy Flower","InnerPeace"],"campfire_rested":0,"item_purchase_floors":[3,12,20],"current_hp_per_floor":[43,43,43,43,39,39,39,28,28,28,28,28,28,28,28,24,57,56,34,34,34,34,18,6,0,0],"gold":125,"neow_bonus":"RANDOM_COLORLESS_2","is_daily":false,"chose_seed":false,"campfire_upgraded":2,"win_rate":0.0,"timestamp":1612658932,"path_taken":["M","?","?","M","M","E","?","M","T","M","?","$","R","?","R","BOSS","M","?","?","?","?","E","M","?"],"items_purchased_type":["Card","Relic","Card"],"build_version":"2020-12-18","purchased_purges":1,"victory":false,"max_hp_per_floor":[68,68,68,68,68,68,68,68,68,68,68,68,68,68,68,68,68,68,68,68,68,68,68,68,68,68],"relic_stats":{"Happy Flower":[8],"counters":[13,45],"CeramicFish":45,"Orichalcum":[60],"obtain_stats":[{"Happy Flower":12,"CeramicFish":14,"Thread and Needle":6,"Fusion Hammer":17,"Omamori":23,"PureWater":0,"Orichalcum":9},{"Happy Flower":7,"CeramicFish":7,"Thread and Needle":4,"Fusion Hammer":8,"Omamori":11,"PureWater":0,"Orichalcum":6},{"Happy Flower":19,"CeramicFish":19,"Thread and Needle":11,"Fusion Hammer":25,"Omamori":39,"PureWater":0,"Orichalcum":16}]},"card_choices":[{"not_picked":["Panache","Magnetism"],"picked":"Metamorphosis","floor":0.0},{"not_picked":["Evaluate","Collect"],"picked":"Wireheading","floor":1.0},{"not_picked":["Crescendo","Wireheading"],"picked":"BattleHymn","floor":4.0},{"not_picked":["EmptyFist","WheelKick"],"picked":"Conclude","floor":5.0},{"not_picked":["WreathOfFlame","Nirvana"],"picked":"Weave","floor":6.0},{"not_picked":["Nirvana","EmptyFist"],"picked":"EmptyMind","floor":7.0},{"not_picked":["Protect","BowlingBash"],"picked":"Tantrum","floor":8.0},{"not_picked":["Halt","Protect"],"picked":"ThirdEye","floor":10.0},{"not_picked":["Brilliance","DevaForm"],"picked":"LessonLearned","floor":16.0},{"not_picked":["ForeignInfluence","WaveOfTheHand"],"picked":"CutThroughFate","floor":18.0},{"not_picked":["FollowUp","Halt","FlyingSleeves"],"picked":"SKIP","floor":19.0},{"not_picked":["Protect","Worship"],"picked":"Blasphemy","floor":23.0},{"not_picked":["Consecrate","Indignation"],"picked":"BowlingBash","floor":24}],"player_experience":916945,"relics_obtained":[{"floor":6.0,"key":"Thread and Needle"},{"floor":9.0,"key":"Orichalcum"},{"floor":14.0,"key":"CeramicFish"},{"floor":23.0,"key":"Omamori"}],"event_choices":[{"cards_removed":["Defend_P"],"damage_healed":0.0,"max_hp_gain":0.0,"max_hp_loss":0.0,"gold_gain":0.0,"event_name":"Purifier","player_choice":"Purged","floor":2.0,"gold_loss":0.0,"damage_taken":0.0},{"damage_healed":0.0,"max_hp_gain":0.0,"max_hp_loss":0.0,"gold_gain":56.0,"event_name":"Golden Wing","player_choice":"Gained Gold","floor":11.0,"gold_loss":0.0,"damage_taken":0.0},{"damage_healed":0.0,"max_hp_gain":0.0,"max_hp_loss":0.0,"gold_gain":0.0,"event_name":"Wheel of Change","player_choice":"Relic","floor":14.0,"gold_loss":0.0,"damage_taken":0.0},{"damage_healed":0.0,"max_hp_gain":0.0,"max_hp_loss":0.0,"gold_gain":0.0,"event_name":"Back to Basics","player_choice":"Simplicity","floor":21.0,"gold_loss":0.0,"damage_taken":0.0,"cards_upgraded":["Strike_P","Strike_P","Strike_P","Defend_P","Defend_P","Defend_P"]}],"is_beta":true,"boss_relics":[{"not_picked":["Black Star","Astrolabe"],"picked":"Fusion Hammer"}],"items_purged_floors":[12],"is_endless":false,"potions_floor_spawned":[1,6,8,16,18],"killed_by":"Cultist and Chosen","ascension_level":20}}