{"host":"d73an99q9oevilk5","time":1612695615,"event":{"mods":["2.2 Compatiblity","AchievementEnabler","Act Like it!","Aspiration","BaseMod","Beaked The Cultist","Better Third Choice","BetterRewards","Colored Map","Colored Powertips","Conspire","Downfall","GifTheSpireLib","GungeonMod","Halation","Hubris","Infinite Spire","Marisa????????","Mimic Mod","Minty Spire (QoL Compilation)","Quick Restart","Relic Sorter","Reliquary","Replay The Spire","Shop Mod","Spikes Relics","StSLib","Stuff the Spire","The Cursed","The Necromancer","The Saiyan","Waifu the Spire","[IsaacMod]????","egg","slay the spire mod where everything is the same but ironclad has a cowboy hat"],"gold_per_floor":[113,32,82,99,116,144,319,330,353,382,382,60,72,106,118,232,244,290,330,342,354,221,263,298,361,361,438,514,530,530,556,556,713,713,785,819,872,940,940,940,940,940,940,982,1064,1064,1099,1099,1099,1131],"floor_reached":51,"language":"ENG","playtime":2254,"items_purged":["Doubt","downfall:Bewildered"],"score":758,"play_id":"ae0f7a42-da82-4fd9-b10d-e04551dd76a6","local_time":"20210207040015","is_ascension_mode":false,"campfire_choices":[{"data":"MachineGunSpark","floor":11.0,"key":"SMITH"},{"data":"AsteroidBelt","floor":11.0,"key":"SMITH"},{"floor":15.0,"key":"DIG"},{"data":"MillisecondPulsars","floor":32,"key":"SMITH"},{"data":"OortCloud","floor":32,"key":"SMITH"},{"data":"AsteroidBelt","floor":40,"key":"SMITH"},{"data":"DeepEcoloBomb","floor":40,"key":"SMITH"},{"data":"GalacticHalo","floor":46,"key":"SMITH"},{"data":"MachineGunSpark","floor":46,"key":"SMITH"},{"floor":49,"key":"REST"}],"circlet_count":0,"master_deck":["Strike_MRS","Strike_MRS","Strike_MRS","Strike_MRS","Defend_MRS","Defend_MRS","Defend_MRS","Defend_MRS","MasterSpark","UpSweep","AsteroidBelt","DeepEcoloBomb+1","AsteroidBelt+1","DoubleSpark","MachineGunSpark+1","ShootTheMoon","Robbery","MillisecondPulsars+1","GrandCross+1","OortCloud+1","WitchOfGreed","SporeBomb","WitchOfGreed+1","AsteroidBelt+1","MachineGunSpark+1","StarDustReverie","OrrerysSun+1","GalacticHalo+1","CurseOfTheBell","CurseOfTheBell","Wraith","GalacticHalo+1","Parasite","AsteroidBelt+1"],"relics":["MiniHakkero","YumHeart","DeathBook","DemoMod:MeatBun","HushsDoor","NeowsBlessing","Vajra","halation:PenCase","conspire:TopHat","Counterbalance","MawBank","Anchor","sneckomod:BabySnecko","Shovel","StuffTheSpire:HeavyRock","SlaversCollar","downfall:ExtraCursedBell","hubris:SlimyHat","hubris:Metronome","conspire:GlowingRock","infinitespire:Broken Mirror","aspiration:Lifesprig"],"acts_visited":["Exordium","TheCity","TheBeyond"],"potions_floor_usage":[16,23,25,28,29,35,37,45,45,50,50],"damage_taken":[{"damage":0.0,"enemies":"Cultist","floor":1.0,"turns":1.0},{"damage":0.0,"enemies":"Hiden Room Battle","floor":3.0,"turns":1.0},{"damage":0.0,"enemies":"infinitespire:Voidling","floor":4.0,"turns":1.0},{"damage":2.0,"enemies":"Small Slimes","floor":5.0,"turns":3.0},{"damage":15.0,"enemies":"Gremlin Nob","floor":6.0,"turns":4.0},{"damage":9.0,"enemies":"2 Fungi Beasts","floor":8.0,"turns":3.0},{"damage":24.0,"enemies":"Replay:BlueRogue","floor":10.0,"turns":6.0},{"damage":0.0,"enemies":"Large Slime","floor":13.0,"turns":4.0},{"damage":10.0,"enemies":"conspire:MimicChest","floor":14.0,"turns":5.0},{"damage":41,"enemies":"Hexaghost","floor":16,"turns":10},{"damage":9,"enemies":"Shell Parasite","floor":18,"turns":5},{"damage":0,"enemies":"Chosen","floor":19,"turns":4},{"damage":2,"enemies":"Gremlin Leader","floor":23,"turns":4},{"damage":2,"enemies":"Centurion and Healer","floor":24,"turns":5},{"damage":9,"enemies":"conspire:HollyBat","floor":25,"turns":8},{"damage":1,"enemies":"3 Cultists","floor":28,"turns":5},{"damage":0,"enemies":"Sentry and Sphere","floor":29,"turns":2},{"damage":0,"enemies":"Snecko","floor":31,"turns":4},{"damage":17,"enemies":"Champ","floor":33,"turns":11},{"damage":24,"enemies":"3 Darklings","floor":35,"turns":8},{"damage":0,"enemies":"Orb Walker","floor":36,"turns":4},{"damage":15,"enemies":"3 Darklings","floor":37,"turns":5},{"damage":17,"enemies":"Jaw Worm Horde","floor":38,"turns":6},{"damage":4,"enemies":"Spire Growth","floor":44,"turns":4},{"damage":0,"enemies":"Maw","floor":45,"turns":8},{"damage":6,"enemies":"Writhing Mass","floor":47,"turns":6},{"damage":48,"enemies":"Awakened One","floor":50,"turns":18}],"seed_played":"-5200426679280454982","potions_obtained":[{"floor":4.0,"key":"Guardian:BlockOnCardUsePotion"},{"floor":10.0,"key":"SteroidPotion"},{"floor":16,"key":"Energy Potion"},{"floor":24,"key":"Weak Potion"},{"floor":25,"key":"DistilledChaos"},{"floor":28,"key":"DemoMod:BlankPotion"},{"floor":31,"key":"DuplicationPotion"},{"floor":35,"key":"hexamod:SoulburnPotion"},{"floor":37,"key":"BottledSpark"},{"floor":45,"key":"SpeedPotion"},{"floor":45,"key":"Adrenaline Potion"}],"is_trial":false,"path_per_floor":["M","$","?","M","M","E","?","M","T","E","R","$","M","?","R_BF","B",null,"M","M","?","?","$","E","M","M","T","?","M","M","?","M","R","B",null,"M","M","M","M","?","R","?","T","T","M","M","R","M","?","R","B",null],"character_chosen":"MARISA","items_purchased":["DeepEcoloBomb","DemoMod:MeatBun","SmokeBomb","WitchOfGreed"],"campfire_rested":1,"item_purchase_floors":[2,12,12,22],"current_hp_per_floor":[75,75,75,75,73,58,58,49,49,50,50,64,64,54,54,13,75,66,66,66,66,66,64,62,75,75,60,59,59,59,59,59,42,75,51,51,36,44,44,44,44,44,44,40,40,40,34,34,56,33],"gold":1131,"neow_bonus":"THREE_ENEMY_KILL","is_daily":false,"chose_seed":false,"campfire_upgraded":8,"win_rate":0.0,"timestamp":1612695615,"path_taken":["M","$","?","?","M","E","?","M","T","E","R","$","M","?","R_BF","BOSS","M","?","?","?","$","E","M","?","T","?","?","M","?","M","R","BOSS","M","M","?","?","?","R","?","?","T","?","M","R","M","?","R","BOSS"],"items_purchased_type":["Card","Relic","Potion","Card"],"build_version":"2020-12-22","purchased_purges":2,"victory":true,"max_hp_per_floor":[75,75,75,75,75,75,75,75,75,75,75,75,75,75,75,75,75,75,75,75,75,75,75,75,75,75,75,75,75,75,75,75,75,75,75,75,75,75,75,75,75,75,75,75,75,75,75,75,75,75],"card_choices":[{"not_picked":[],"picked":"Bomb","floor":0.0},{"not_picked":["GravityBeat","PowerUp"],"picked":"AsteroidBelt","floor":1.0},{"not_picked":["UnstableBomb","WitchOfGreed"],"picked":"AsteroidBelt","floor":3.0},{"not_picked":["SporeBomb","IllusionStar","GravityBeat"],"picked":"SKIP","floor":4.0},{"not_picked":["UnstableBomb","BlazingStar","PowerUp"],"picked":"SKIP","floor":5.0},{"not_picked":["WitchOfGreed","DoubleSpark","ChargeUpSpray"],"picked":"SKIP","floor":6.0},{"not_picked":["WitchOfGreed","ChargeUpSpray"],"picked":"DoubleSpark","floor":6.0},{"not_picked":["6A","SporeBomb"],"picked":"MachineGunSpark","floor":8.0},{"not_picked":["WitchOfGreed","SatelliteIllusion"],"picked":"ShootTheMoon","floor":10.0},{"not_picked":["MilkyWay","AlicesGift","UnstableBomb"],"picked":"SKIP","floor":13.0},{"not_picked":["MilkyWay","DoubleSpark"],"picked":"Robbery","floor":14.0},{"not_picked":["EscapeVelocity","StarDustReverie"],"picked":"MillisecondPulsars","floor":16},{"not_picked":["WitchLeyline","PowerUp"],"picked":"GrandCross+1","floor":18},{"not_picked":["EnergyFlow","MachineGunSpark+1"],"picked":"OortCloud","floor":19},{"not_picked":["UnstableBomb","BlazeAway"],"picked":"SporeBomb","floor":23},{"not_picked":["GravityBeat","UnstableBomb"],"picked":"WitchOfGreed+1","floor":24},{"not_picked":["MilkyWay","DoubleSpark"],"picked":"AsteroidBelt","floor":25},{"not_picked":["MagicAbsorber","OpenUniverse"],"picked":"MachineGunSpark","floor":28},{"not_picked":["GasGiant","ShootingEcho","EnergyRecoil+1"],"picked":"SKIP","floor":31},{"not_picked":["AbsoluteMagnitude","CollectingQuirk"],"picked":"StarDustReverie","floor":33},{"not_picked":["NonDirectionalLaser","LuminesStrike","ChargingUp+1"],"picked":"SKIP","floor":35},{"not_picked":["UnstableBomb","OpenUniverse"],"picked":"OrrerysSun+1","floor":36},{"not_picked":["MagicChant","BlazingStar","SporeBomb"],"picked":"SKIP","floor":37},{"not_picked":["MilkyWay+1","ShootTheMoon"],"picked":"GalacticHalo+1","floor":38},{"not_picked":["MysteriousBeam","LuminesStrike+1"],"picked":"GalacticHalo","floor":44},{"not_picked":["Occultation","UnstableBomb","LuminesStrike+1"],"picked":"SKIP","floor":45},{"not_picked":["ManaRampage","OneTimeOff+1"],"picked":"AsteroidBelt+1","floor":47}],"player_experience":1855771,"relics_obtained":[{"floor":3.0,"key":"DeathBook"},{"floor":3.0,"key":"Vajra"},{"floor":6.0,"key":"halation:PenCase"},{"floor":9.0,"key":"conspire:TopHat"},{"floor":10.0,"key":"Counterbalance"},{"floor":14.0,"key":"MawBank"},{"floor":15.0,"key":"Anchor"},{"floor":23,"key":"Shovel"},{"floor":26,"key":"StuffTheSpire:HeavyRock"},{"floor":39,"key":"hubris:SlimyHat"},{"floor":39,"key":"hubris:Metronome"},{"floor":39,"key":"conspire:GlowingRock"},{"floor":42,"key":"infinitespire:Broken Mirror"},{"floor":43,"key":"aspiration:Lifesprig"}],"event_choices":[{"damage_healed":0.0,"max_hp_gain":0.0,"max_hp_loss":0.0,"gold_gain":0.0,"event_name":"HidenRoomEvent","player_choice":"Fight","floor":3.0,"gold_loss":0.0,"damage_taken":0.0},{"damage_healed":0.0,"max_hp_gain":0.0,"max_hp_loss":0.0,"gold_gain":175.0,"event_name":"betterThird:BetterSerpent","player_choice":"AGREE","floor":7.0,"gold_loss":0.0,"damage_taken":144.0},{"damage_healed":0,"gold_gain":0,"player_choice":"Ignored","damage_taken":0,"max_hp_gain":0,"max_hp_loss":0,"event_name":"OrinTheCat","floor":41,"gold_loss":0}],"is_beta":false,"boss_relics":[{"not_picked":["hubris:BlackHole","conspire:SeveredTorchhead","halation:Risk"]},{"not_picked":["Coffee Dripper","bronze:MakeshiftBattery"],"picked":"SlaversCollar"},{"not_picked":[]}],"items_purged_floors":[12,22],"is_endless":false,"potions_floor_spawned":[4,10,13,16,18,24,25,31,33,35,37,44],"ascension_level":0}}