{"host":"miejrq8yypas90n2","time":1612707417,"event":{"mods":["100% Spire Juice","Act Like it!","BaseMod","Bestiary","Colored Powertips","Gensokyo","Marisa£®ÏF”Í°°ƒß¿Ì…≥£©","Minty Spire (QoL Compilation)","Reimu£®≤©¿ˆ¡È√Œ£©","StSLib"],"gold_per_floor":[116,116,139,139,152,152,181,193,203,278,324,324,343,353,181,209,209,286,286,301,313,213,227,72,72,72],"floor_reached":25,"language":"ZHS","playtime":858,"items_purged":["Pain","Strike_R"],"score":482,"play_id":"b6376446-e28c-49b6-9d1c-d8bc28d2482a","local_time":"20210207221657","is_ascension_mode":true,"campfire_choices":[{"data":"Gensokyo:CrescentMoonSlash","floor":6.0,"key":"SMITH"},{"data":"Armaments","floor":17.0,"key":"SMITH"}],"circlet_count":0,"master_deck":["AscendersBane","Strike_R","Strike_R","Strike_R","Strike_R","Defend_R","Defend_R","Defend_R","Defend_R","Bash","Gensokyo:CrescentMoonSlash+1","Shrug It Off","Battle Trance","Armaments+1","Deep Breath","Body Slam","Seeing Red+1","Gensokyo:BlemishedSteel","Gensokyo:RustyChest","Gensokyo:Shovel"],"relics":["Burning Blood","NeowsBlessing","Regal Pillow","Gensokyo:LunaticRedEyes","Gremlin Horn","Self Forming Clay","Anchor","Gensokyo:OccultBall","Ancient Tea Set","Cursed Key","Frozen Eye"],"acts_visited":["Gensokyo:Gensokyo","Gensokyo:Gensokyoer"],"potions_floor_usage":[25],"damage_taken":[{"damage":0.0,"enemies":"Gensokyo:Python","floor":1.0,"turns":1.0},{"damage":0.0,"enemies":"Gensokyo:3_Fairies","floor":5.0,"turns":1.0},{"damage":2.0,"enemies":"Gensokyo:Mamizou","floor":7.0,"turns":2.0},{"damage":3.0,"enemies":"Gensokyo:2_Kodama","floor":8.0,"turns":1.0},{"damage":14.0,"enemies":"Gensokyo:2_Rabbits","floor":9.0,"turns":4.0},{"damage":2.0,"enemies":"Gensokyo:LivingMonolith","floor":13.0,"turns":3.0},{"damage":4.0,"enemies":"Gensokyo:3_Kodama","floor":14.0,"turns":1.0},{"damage":0.0,"enemies":"Gensokyo:Cirno","floor":16.0,"turns":5.0},{"damage":37.0,"enemies":"Gensokyo:Kokoro","floor":18.0,"turns":7.0},{"damage":4,"enemies":"Gensokyo:2_Gloops","floor":20,"turns":3},{"damage":0,"enemies":"Gensokyo:Chomper","floor":21,"turns":3},{"damage":26,"enemies":"Gensokyo:Monolith_and_Dog","floor":23,"turns":8},{"damage":59,"enemies":"Gensokyo:Koishi","floor":25,"turns":6}],"seed_played":"-4773052013535291297","potions_obtained":[{"floor":5.0,"key":"BloodPotion"},{"floor":7.0,"key":"ColorlessPotion"},{"floor":8.0,"key":"ElixirPotion"},{"floor":18.0,"key":"EssenceOfSteel"}],"is_trial":false,"path_per_floor":["M","?","T","?","M","R","E","M","M","T","T","?","M","M","$","E","R","B",null,"M","M","$","M","COS","E"],"character_chosen":"IRONCLAD","items_purchased":["Deep Breath"],"campfire_rested":0,"item_purchase_floors":[15],"current_hp_per_floor":[74,59,59,59,65,65,69,75,67,67,67,67,71,73,73,75,75,44,67,69,75,75,55,55,0,0],"gold":72,"neow_bonus":"THREE_ENEMY_KILL","is_daily":false,"chose_seed":false,"campfire_upgraded":2,"win_rate":0.0,"timestamp":1612707417,"path_taken":["M","?","?","?","M","R","E","?","M","T","T","?","M","M","$","E","R","BOSS","M","M","$","M","COS","E"],"items_purchased_type":["Card"],"build_version":"2020-12-22","purchased_purges":2,"victory":false,"max_hp_per_floor":[75,75,75,75,75,75,75,75,75,75,75,75,75,75,75,75,75,75,75,75,75,75,75,75,75,75],"card_choices":[{"not_picked":["Headbutt","Spot Weakness","Reckless Charge"],"picked":"SKIP","floor":1.0},{"not_picked":["Dual Wield","Cleave","Thunderclap"],"picked":"SKIP","floor":5.0},{"not_picked":["Anger","Brutality","Seeing Red"],"picked":"SKIP","floor":7.0},{"not_picked":["Disarm","Twin Strike"],"picked":"Battle Trance","floor":8.0},{"not_picked":["Headbutt","True Grit"],"picked":"Shrug It Off","floor":9.0},{"not_picked":["Clothesline","Pommel Strike"],"picked":"Battle Trance","floor":13.0},{"not_picked":["Armaments","Clash","Iron Wave"],"picked":"SKIP","floor":14.0},{"not_picked":["Clash","Iron Wave"],"picked":"Armaments","floor":14.0},{"not_picked":["Headbutt","Hemokinesis","Anger"],"picked":"SKIP","floor":16.0},{"not_picked":["Warcry","Wild Strike"],"picked":"Body Slam","floor":20},{"not_picked":["Berserk","Headbutt"],"picked":"Seeing Red+1","floor":21},{"not_picked":["Rampage","Havoc+1","True Grit"],"picked":"SKIP","floor":23}],"player_experience":368141,"relics_obtained":[{"floor":3.0,"key":"Regal Pillow"},{"floor":7.0,"key":"Gremlin Horn"},{"floor":10.0,"key":"Self Forming Clay"},{"floor":11.0,"key":"Anchor"},{"floor":16.0,"key":"Ancient Tea Set"},{"floor":18.0,"key":"Gensokyo:OccultBall"},{"floor":21,"key":"Gensokyo:OccultBall"}],"event_choices":[],"is_beta":false,"boss_relics":[{"not_picked":["Ectoplasm","Sozu"],"picked":"Cursed Key"}],"items_purged_floors":[15,22],"is_endless":false,"potions_floor_spawned":[5,7,8,13,18,23],"killed_by":"Gensokyo:Koishi","ascension_level":18}}