{"host":"dvpvhz1t6etneyb3","time":1612731797,"event":{"mods":["AchievementEnabler","BaseMod","Colored Map","Highlight Path","Minty Spire (QoL Compilation)","Permanent Neow","Quick Restart"],"gold_per_floor":[109,120,138,7,57,57,89,89,165,181,181,214,289,305,305,381,381,399,418,4,4,17,17,52,52,52,79,97,97,109,144,144,144,144],"floor_reached":33,"language":"ENG","playtime":1678,"items_purged":["Strike_G"],"score":590,"play_id":"fb3f17ea-fa12-45da-a8da-d1593599341c","local_time":"20210207160317","is_ascension_mode":true,"campfire_choices":[{"data":"Bouncing Flask","floor":6.0,"key":"SMITH"},{"data":"Noxious Fumes","floor":8.0,"key":"SMITH"},{"data":"After Image","floor":15.0,"key":"SMITH"},{"floor":25,"key":"REST"},{"floor":29,"key":"REST"},{"floor":32,"key":"REST"}],"circlet_count":0,"master_deck":["AscendersBane","Strike_G","Strike_G","Strike_G","Defend_G","Defend_G","Defend_G","Defend_G","Defend_G","Survivor","Neutralize+1","Dash","Endless Agony","Bouncing Flask+1","Noxious Fumes+1","All Out Attack","After Image+1","Acrobatics","Corpse Explosion","Dagger Spray","Dagger Throw","Footwork","Deadly Poison","Blade Dance","Acrobatics","Unload","Tactician"],"relics":["Ring of the Snake","Vajra","Sundial","Blood Vial","HoveringKite","Kunai","Matryoshka","Boot","Gremlin Horn","Red Mask","Meat on the Bone"],"acts_visited":["Exordium","TheCity"],"potions_floor_usage":[19,27,32],"damage_taken":[{"damage":4.0,"enemies":"Small Slimes","floor":1.0,"turns":4.0},{"damage":3.0,"enemies":"Cultist","floor":2.0,"turns":4.0},{"damage":0.0,"enemies":"Jaw Worm","floor":3.0,"turns":4.0},{"damage":7.0,"enemies":"3 Sentries","floor":7.0,"turns":7.0},{"damage":0.0,"enemies":"2 Fungi Beasts","floor":10.0,"turns":2.0},{"damage":7.0,"enemies":"Gremlin Nob","floor":12.0,"turns":4.0},{"damage":0.0,"enemies":"Looter","floor":14.0,"turns":3.0},{"damage":16.0,"enemies":"Hexaghost","floor":16.0,"turns":8.0},{"damage":10.0,"enemies":"Spheric Guardian","floor":18.0,"turns":4.0},{"damage":8,"enemies":"2 Thieves","floor":19,"turns":4},{"damage":0,"enemies":"Snecko","floor":22,"turns":4},{"damage":21,"enemies":"Gremlin Leader","floor":24,"turns":8},{"damage":0,"enemies":"Masked Bandits","floor":27,"turns":4},{"damage":9,"enemies":"Centurion and Healer","floor":28,"turns":5},{"damage":10,"enemies":"Sentry and Sphere","floor":30,"turns":4},{"damage":43,"enemies":"Slavers","floor":31,"turns":4},{"damage":35,"enemies":"Collector","floor":33,"turns":6}],"seed_played":"-5769995632533038848","potions_obtained":[{"floor":2.0,"key":"GamblersBrew"},{"floor":7.0,"key":"Block Potion"},{"floor":12.0,"key":"Fruit Juice"},{"floor":18.0,"key":"SteroidPotion"},{"floor":24,"key":"Fire Potion"}],"is_trial":false,"path_per_floor":["M","M","M","$","?","R","E","R","T","M","?","E","?","M","R","B",null,"M","M","$","?","M","$","E","R","T","?","M","R","M","E","R","B"],"character_chosen":"THE_SILENT","items_purchased":["Noxious Fumes","All Out Attack","Kunai","Footwork"],"campfire_rested":3,"item_purchase_floors":[4,4,20,20],"current_hp_per_floor":[55,52,52,52,46,46,39,39,39,39,39,32,21,23,23,9,52,44,38,38,38,40,40,21,40,40,42,35,54,46,5,31,0,0],"gold":144,"neow_bonus":"UPGRADE_CARD","is_daily":false,"chose_seed":false,"campfire_upgraded":3,"win_rate":0.0,"timestamp":1612731797,"path_taken":["M","M","M","$","?","R","E","R","T","?","?","E","?","M","R","BOSS","BOSS","M","M","$","?","M","?","E","R","T","?","M","R","M","E","R","BOSS"],"items_purchased_type":["Card","Card","Relic","Card"],"build_version":"2020-12-22","purchased_purges":1,"victory":false,"max_hp_per_floor":[66,66,66,66,66,66,66,66,66,66,66,66,66,66,66,66,66,66,66,66,66,66,66,66,66,66,66,66,66,66,66,71,71,71],"card_choices":[{"not_picked":["Sucker Punch","Blade Dance"],"picked":"Dash","floor":1.0},{"not_picked":["Riddle With Holes","Noxious Fumes"],"picked":"Endless Agony","floor":2.0},{"not_picked":["Quick Slash","Sucker Punch"],"picked":"Bouncing Flask","floor":3.0},{"not_picked":["Riddle With Holes","Sucker Punch"],"picked":"After Image","floor":7.0},{"not_picked":["Underhanded Strike","Dagger Throw","Slice"],"picked":"SKIP","floor":10.0},{"not_picked":["Dodge and Roll","Dagger Throw","Concentrate"],"picked":"SKIP","floor":12.0},{"not_picked":["Tactician","Outmaneuver"],"picked":"Acrobatics","floor":14.0},{"not_picked":["Grand Finale","Malaise"],"picked":"Corpse Explosion","floor":16.0},{"not_picked":["Bane+1","Flying Knee"],"picked":"Dagger Spray","floor":18.0},{"not_picked":["Deflect","Blade Dance"],"picked":"Dagger Throw","floor":19},{"not_picked":["Grand Finale","Eviscerate"],"picked":"Blade Dance","floor":22},{"not_picked":["Deflect","Caltrops"],"picked":"Acrobatics","floor":24},{"not_picked":["Deflect","Outmaneuver"],"picked":"Unload","floor":27},{"not_picked":["Deflect","Dagger Throw"],"picked":"Tactician","floor":28},{"not_picked":["Poisoned Stab","Slice+1","Deflect"],"picked":"SKIP","floor":30},{"not_picked":["Distraction","Flying Knee","Eviscerate"],"picked":"SKIP","floor":31}],"player_experience":2168182,"relics_obtained":[{"floor":7.0,"key":"Vajra"},{"floor":9.0,"key":"Sundial"},{"floor":12.0,"key":"Blood Vial"},{"floor":24,"key":"Matryoshka"},{"floor":26,"key":"Boot"},{"floor":26,"key":"Gremlin Horn"},{"floor":27,"key":"Red Mask"},{"floor":31,"key":"Meat on the Bone"}],"event_choices":[{"damage_healed":0.0,"max_hp_gain":0.0,"max_hp_loss":0.0,"gold_gain":50.0,"event_name":"FaceTrader","player_choice":"Touch","floor":5.0,"gold_loss":0.0,"damage_taken":6.0},{"damage_healed":0.0,"max_hp_gain":0.0,"max_hp_loss":0.0,"gold_gain":0.0,"event_name":"Shining Light","player_choice":"Ignored","floor":11.0,"gold_loss":0.0,"damage_taken":0.0},{"damage_healed":0.0,"max_hp_gain":0.0,"max_hp_loss":0.0,"gold_gain":75.0,"event_name":"World of Goop","player_choice":"Gather Gold","floor":13.0,"gold_loss":0.0,"damage_taken":11.0},{"damage_healed":0,"gold_gain":0,"cards_transformed":["Strike_G"],"player_choice":"Transformed","damage_taken":0,"max_hp_gain":0,"max_hp_loss":0,"event_name":"Transmorgrifier","floor":21,"gold_loss":0,"cards_obtained":["Deadly Poison"]},{"damage_healed":0,"gold_gain":0,"player_choice":"Fought Bandits","damage_taken":0,"max_hp_gain":0,"max_hp_loss":0,"event_name":"Masked Bandits","floor":27,"gold_loss":0}],"is_beta":false,"boss_relics":[{"not_picked":["Tiny House","Ring of the Serpent"],"picked":"HoveringKite"}],"items_purged_floors":[20],"is_endless":false,"potions_floor_spawned":[2,7,12,18,24],"killed_by":"Collector","ascension_level":20}}