{"host":"08z5bj28eube4vug","time":1612736265,"event":{"mods":["100% Spire Juice","2.2 Compatiblity","Abigail Mod","Act Like it!","BaseMod","Beaked The Cultist","Bestiary","Friendly Minions","Gensokyo","GungeonMod","Hallownest","Kiyohime????","Koishi","Lobotomy","Marisa????????","Minty Spire (QoL Compilation)","Prisma Mod","Remilia??????","Replay The Spire","Spire Arcade","StSLib","Td1madao Mod","The Alterego","The Bug Knight","The Jungle","The Sage","The Senshi","The Servant 0.9.4","Waifu the Spire","WarShipGirlsR/????R mod","Yuri Mod"],"gold_per_floor":[113,130,50,50,60,60,115,115,115,115,144,144,171,183,183,183,183],"floor_reached":16,"language":"ENG","playtime":859,"items_purged":[],"score":119,"play_id":"9d589341-557e-4538-827f-3b376a2a223b","local_time":"20210208011745","is_ascension_mode":true,"campfire_choices":[{"data":"Moonworks:RagingMadness","floor":6,"key":"SMITH"},{"data":"Moonworks:ImOnFire","floor":8,"key":"SMITH"},{"data":"Moonworks:LongDistanceShot","floor":10,"key":"SMITH"},{"data":"Moonworks:Defend","floor":12,"key":"SMITH"},{"floor":15,"key":"REST"}],"circlet_count":0,"master_deck":["Moonworks:Strike","Moonworks:Strike","Moonworks:Strike","Moonworks:Strike","Moonworks:Defend+1","Moonworks:Defend","Moonworks:Defend","Moonworks:Defend","Moonworks:Ambush+1","Moonworks:LongDistanceShot+1","Moonworks:DevilHand+1","Moonworks:ImOnFire+1","Moonworks:RagingMadness+1","Doubt","Moonworks:ExtendedPhotonRifle","Moonworks:AccelHyper"],"relics":["Moonworks:BrokenBomb","Moonworks:Homemark","ReplayTheSpireMod:Ninjato","theSenshi:SailorFukuRelic","Bottled Flame"],"acts_visited":["Exordium"],"potions_floor_usage":[13,16],"damage_taken":[{"damage":0,"enemies":"Cultist","floor":1,"turns":3},{"damage":1,"enemies":"2 Louse","floor":2,"turns":2},{"damage":6,"enemies":"Jaw Worm","floor":5,"turns":3},{"damage":20,"enemies":"Replay:BlueRogue","floor":11,"turns":4},{"damage":10,"enemies":"Lagavulin","floor":13,"turns":7},{"damage":11,"enemies":"Large Slime","floor":14,"turns":3},{"damage":19,"enemies":"The Guardian","floor":16,"turns":10}],"seed_played":"9013623725189439676","potions_obtained":[{"floor":2,"key":"BlessingOfTheForge"},{"floor":11,"key":"SpeedPotion"}],"is_trial":false,"path_per_floor":["M","M","$","?","M","R","?","R","T","R","E","R","E","M","R","B"],"character_chosen":"THE_STARBREAKER","items_purchased":["Moonworks:RagingMadness"],"campfire_rested":1,"item_purchase_floors":[3],"current_hp_per_floor":[60,59,59,59,53,53,53,53,53,53,33,33,23,12,30,11,11],"gold":183,"neow_bonus":"UPGRADE_CARD","is_daily":false,"chose_seed":false,"campfire_upgraded":4,"win_rate":0.0,"timestamp":1612736265,"path_taken":["M","?","$","?","M","R","?","R","T","R","E","R","E","M","R","BOSS"],"items_purchased_type":["Card"],"build_version":"2020-12-22","purchased_purges":0,"victory":false,"max_hp_per_floor":[60,60,60,60,60,60,60,60,60,60,60,60,60,60,60,60,60],"card_choices":[{"not_picked":["Moonworks:BigMagnum","Moonworks:ForcedRevival"],"picked":"Moonworks:DevilHand","floor":1},{"not_picked":["Moonworks:LuckyCharm","Moonworks:BigMagnum"],"picked":"Moonworks:ImOnFire","floor":2},{"not_picked":["Moonworks:TacticalRetreat","Moonworks:CloudOfSeagulls","Moonworks:RedAndBlue"],"picked":"SKIP","floor":5},{"not_picked":["Moonworks:ReproductionOfRecords","Moonworks:FinalSurgery","Moonworks:BigMagnum"],"picked":"SKIP","floor":11},{"not_picked":["Moonworks:NicePresent","Moonworks:ImOnFire"],"picked":"Moonworks:ExtendedPhotonRifle","floor":13},{"not_picked":["Moonworks:DevilHand","Moonworks:IntelligenceOfficer"],"picked":"Moonworks:AccelHyper","floor":14}],"player_experience":891441,"relics_obtained":[{"floor":9,"key":"ReplayTheSpireMod:Ninjato"},{"floor":11,"key":"theSenshi:SailorFukuRelic"},{"floor":13,"key":"Bottled Flame"}],"event_choices":[{"damage_healed":0,"gold_gain":175,"player_choice":"AGREE","damage_taken":0,"max_hp_gain":0,"max_hp_loss":0,"event_name":"Liars Game","floor":7,"gold_loss":0,"cards_obtained":["Doubt"]}],"is_beta":false,"boss_relics":[],"items_purged_floors":[],"is_endless":false,"potions_floor_spawned":[2,11],"killed_by":"The Guardian","ascension_level":2}}