{"host":"p0hktren06injwdf","time":1612722467,"event":{"mods":["AchievementEnabler","BaseMod","Colored Map","DeckTracker","Minty Spire (QoL Compilation)","Permanent Neow","StSLib","SuperFastMode"],"gold_per_floor":[113,125,142,155,155,155,24,56,56,56,82,101,127,372,372,449,449,465,475,495,95,95,95,121,136,136,136,136,162,177,194,194,272,272,288,25,44,44,44,44,70,89,116,142,142,142,155,174,174,174,174,174],"floor_reached":51,"language":"KOR","playtime":1227,"items_purged":["Defend_P"],"score":1609,"play_id":"966636a9-4fd1-48d3-b202-eb8f8710cc5d","local_time":"20210208032747","is_ascension_mode":true,"campfire_choices":[{"data":"Eruption","floor":6.0,"key":"SMITH"},{"data":"MentalFortress","floor":15.0,"key":"SMITH"},{"data":"InnerPeace","floor":23.0,"key":"SMITH"},{"data":"Adaptation","floor":28.0,"key":"SMITH"},{"data":"Fasting2","floor":32.0,"key":"SMITH"},{"data":"Adaptation","floor":40.0,"key":"SMITH"},{"floor":45.0,"key":"RECALL"},{"floor":49.0,"key":"REST"}],"circlet_count":0,"master_deck":["AscendersBane","Strike_P","Strike_P+1","Strike_P+1","Strike_P","Defend_P","Defend_P","Defend_P","Eruption+1","Vigilance","InnerPeace+1","FollowUp","CutThroughFate","Finesse","MentalFortress+1","Wallop","Adaptation+1","Halt","Fasting2+1","TalkToTheHand+1","Adaptation+1","TalkToTheHand","MentalFortress+1"],"relics":["HolyWater","Whetstone","Akabeko","Mummified Hand","Pocketwatch","Meat on the Bone","Old Coin","Vajra","PreservedInsect","TungstenRod","Gambling Chip","Nunchaku","SlaversCollar","TeardropLocket","Regal Pillow","Sundial"],"acts_visited":["Exordium","TheCity","TheBeyond"],"potions_floor_usage":[],"damage_taken":[{"damage":0.0,"enemies":"Cultist","floor":1.0,"turns":3.0},{"damage":4.0,"enemies":"2 Louse","floor":2.0,"turns":4.0},{"damage":0.0,"enemies":"Small Slimes","floor":3.0,"turns":2.0},{"damage":3.0,"enemies":"2 Fungi Beasts","floor":4.0,"turns":3.0},{"damage":8.0,"enemies":"Lagavulin","floor":8.0,"turns":6.0},{"damage":27.0,"enemies":"Gremlin Nob","floor":11.0,"turns":4.0},{"damage":0.0,"enemies":"Red Slaver","floor":12.0,"turns":2.0},{"damage":0.0,"enemies":"Lagavulin","floor":13.0,"turns":3.0},{"damage":20.0,"enemies":"Slime Boss","floor":16.0,"turns":6.0},{"damage":12.0,"enemies":"Shell Parasite","floor":18.0,"turns":5.0},{"damage":6.0,"enemies":"2 Thieves","floor":19.0,"turns":4.0},{"damage":7.0,"enemies":"Centurion and Healer","floor":20.0,"turns":4.0},{"damage":26.0,"enemies":"Gremlin Leader","floor":24.0,"turns":4.0},{"damage":3.0,"enemies":"Cultist and Chosen","floor":25.0,"turns":3.0},{"damage":14.0,"enemies":"Slavers","floor":29.0,"turns":4.0},{"damage":18.0,"enemies":"Chosen and Byrds","floor":30.0,"turns":4.0},{"damage":0.0,"enemies":"Sentry and Sphere","floor":31.0,"turns":3.0},{"damage":22.0,"enemies":"Automaton","floor":33.0,"turns":7.0},{"damage":0.0,"enemies":"Orb Walker","floor":35.0,"turns":3.0},{"damage":0.0,"enemies":"3 Darklings","floor":37.0,"turns":4.0},{"damage":0.0,"enemies":"Giant Head","floor":41.0,"turns":2.0},{"damage":0.0,"enemies":"4 Shapes","floor":42.0,"turns":4.0},{"damage":0.0,"enemies":"Reptomancer","floor":44.0,"turns":3.0},{"damage":37.0,"enemies":"Transient","floor":47.0,"turns":6.0},{"damage":14.0,"enemies":"Writhing Mass","floor":48.0,"turns":4.0},{"damage":35.0,"enemies":"Donu and Deca","floor":50.0,"turns":9.0},{"damage":56,"enemies":"Awakened One","floor":51,"turns":3}],"seed_played":"8392461567459117677","potions_obtained":[{"floor":2.0,"key":"PowerPotion"},{"floor":3.0,"key":"ColorlessPotion"},{"floor":8.0,"key":"FairyPotion"},{"floor":19.0,"key":"AttackPotion"},{"floor":27.0,"key":"Fruit Juice"},{"floor":27.0,"key":"EntropicBrew"},{"floor":30.0,"key":"Fire Potion"},{"floor":35.0,"key":"DuplicationPotion"},{"floor":37.0,"key":"SneckoOil"}],"is_trial":false,"path_per_floor":["M","M","M","M","?","R","$","E","T","?","E","M","E","?","R","B",null,"M","M","M","$","?","R","E","M","T","?","R","E","M","M","R","B",null,"M","$","M","?","$","R","E","M","T","E","R","?","M","M","R","B","B"],"character_chosen":"WATCHER","items_purchased":["CutThroughFate","Finesse","Vajra","PreservedInsect","TeardropLocket"],"campfire_rested":1,"item_purchase_floors":[7,7,21,21,36],"current_hp_per_floor":[61,57,57,54,54,54,54,46,46,46,19,19,19,19,19,32,59,47,41,46,46,46,46,32,41,41,46,46,44,38,38,38,28,62,62,62,62,62,62,62,62,62,62,62,62,62,37,35,71,48,0,0],"gold":174,"neow_bonus":"RANDOM_COMMON_RELIC","is_daily":false,"chose_seed":false,"campfire_upgraded":6,"win_rate":0.0,"timestamp":1612722467,"path_taken":["M","M","M","?","?","R","$","E","T","?","E","M","E","?","R","BOSS","M","M","M","$","?","R","E","M","T","?","R","E","M","?","R","BOSS","M","$","M","?","$","R","E","?","T","E","R","?","M","M","R","BOSS","BOSS"],"items_purchased_type":["Card","Card","Relic","Relic","Relic"],"build_version":"2020-12-22","purchased_purges":1,"victory":false,"max_hp_per_floor":[68,68,68,68,68,68,68,68,68,68,68,68,68,68,68,68,68,68,68,68,68,68,68,68,68,68,73,73,73,73,73,73,73,73,73,73,73,73,73,73,73,73,73,73,73,73,73,73,73,73,73,73],"card_choices":[{"not_picked":["EmptyBody","Study","Sanctity"],"picked":"SKIP","floor":1.0},{"not_picked":["ClearTheMind","Evaluate"],"picked":"InnerPeace","floor":2.0},{"not_picked":["JustLucky","Wireheading","PathToVictory"],"picked":"SKIP","floor":3.0},{"not_picked":["LikeWater","CrushJoints"],"picked":"FollowUp","floor":4.0},{"not_picked":["EmptyMind","PathToVictory"],"picked":"MentalFortress","floor":8.0},{"not_picked":["Alpha","PathToVictory","CrushJoints"],"picked":"SKIP","floor":11.0},{"not_picked":["ClearTheMind","Wireheading","Collect"],"picked":"SKIP","floor":12.0},{"not_picked":["BowlingBash","PathToVictory"],"picked":"Wallop","floor":13.0},{"not_picked":["ThirdEye","Wireheading","Crescendo"],"picked":"SKIP","floor":18.0},{"not_picked":["BowlingBash","Consecrate"],"picked":"Adaptation","floor":19.0},{"not_picked":["LikeWater","Sanctity","WaveOfTheHand"],"picked":"SKIP","floor":20.0},{"not_picked":["LikeWater+1","CutThroughFate","Evaluate"],"picked":"SKIP","floor":24.0},{"not_picked":["CrushJoints","SandsOfTime","Crescendo"],"picked":"SKIP","floor":25.0},{"not_picked":["FollowUp","Wireheading"],"picked":"Halt","floor":29.0},{"not_picked":["ThirdEye","CutThroughFate","Judgement"],"picked":"SKIP","floor":30.0},{"not_picked":["EmptyBody","PathToVictory"],"picked":"Fasting2","floor":31.0},{"not_picked":["SignatureMove","Weave"],"picked":"TalkToTheHand","floor":35.0},{"not_picked":["EmptyMind","Crescendo"],"picked":"Adaptation","floor":37.0},{"not_picked":["Perseverance","FollowUp"],"picked":"TalkToTheHand","floor":41.0},{"not_picked":["Crescendo+1","SandsOfTime"],"picked":"MentalFortress+1","floor":42.0},{"not_picked":["EmptyFist","FlyingSleeves+1","Prostrate+1"],"picked":"SKIP","floor":44.0},{"not_picked":["CrushJoints+1","Pray+1","DeceiveReality+1"],"picked":"SKIP","floor":47.0},{"not_picked":["ThirdEye","Vengeance","CutThroughFate"],"picked":"SKIP","floor":48.0}],"player_experience":1028239,"relics_obtained":[{"floor":8.0,"key":"Akabeko"},{"floor":9.0,"key":"Mummified Hand"},{"floor":11.0,"key":"Pocketwatch"},{"floor":13.0,"key":"Meat on the Bone"},{"floor":24.0,"key":"TungstenRod"},{"floor":26.0,"key":"Gambling Chip"},{"floor":29.0,"key":"Nunchaku"},{"floor":41.0,"key":"Regal Pillow"},{"floor":44.0,"key":"Sundial"}],"event_choices":[{"damage_healed":0.0,"max_hp_gain":0.0,"max_hp_loss":0.0,"gold_gain":0.0,"event_name":"Shining Light","player_choice":"Ignored","floor":5.0,"gold_loss":0.0,"damage_taken":0.0},{"damage_healed":0.0,"max_hp_gain":0.0,"max_hp_loss":0.0,"gold_gain":0.0,"event_name":"Liars Game","player_choice":"Ignored","floor":10.0,"gold_loss":0.0,"damage_taken":0.0},{"damage_healed":0.0,"max_hp_gain":0.0,"max_hp_loss":0.0,"gold_gain":0.0,"event_name":"WeMeetAgain","player_choice":"Paid Gold","floor":14.0,"gold_loss":55.0,"damage_taken":0.0,"relics_obtained":["Old Coin"]},{"damage_healed":0.0,"max_hp_gain":0.0,"max_hp_loss":0.0,"gold_gain":0.0,"event_name":"Ghosts","player_choice":"Ignored","floor":22.0,"gold_loss":0.0,"damage_taken":0.0},{"damage_healed":0.0,"max_hp_gain":0.0,"max_hp_loss":0.0,"gold_gain":0.0,"event_name":"Lab","player_choice":"Got Potions","floor":27.0,"gold_loss":0.0,"damage_taken":0.0},{"damage_healed":0.0,"max_hp_gain":0.0,"max_hp_loss":0.0,"gold_gain":0.0,"event_name":"Upgrade Shrine","player_choice":"Upgraded","floor":38.0,"gold_loss":0.0,"damage_taken":0.0,"cards_upgraded":["TalkToTheHand"]},{"damage_healed":0.0,"max_hp_gain":0.0,"max_hp_loss":0.0,"gold_gain":0.0,"event_name":"Tomb of Lord Red Mask","player_choice":"Ignored","floor":46.0,"gold_loss":0.0,"damage_taken":0.0}],"is_beta":false,"boss_relics":[{"not_picked":["Sozu","SacredBark"],"picked":"HolyWater"},{"not_picked":["Snecko Eye","Runic Pyramid"],"picked":"SlaversCollar"}],"items_purged_floors":[21],"is_endless":false,"potions_floor_spawned":[2,3,8,19,30,31,35,37,44],"killed_by":"Awakened One","ascension_level":20}}