{"host":"ecsunv2cvp1nq2km","time":1612705978,"event":{"mods":["BaseMod","Downfall","Googly Eyes","Hermit","Minty Spire (QoL Compilation)","Robot Space Explorer","StSLib","The Dragon Tamer"],"gold_per_floor":[99,117,134,134,151,136,136,153,187,87,87,106,163,180,195,294,344,344,361,15,32,43,77,125,154,186,86,122,156,156,156,187,187,187,187],"floor_reached":33,"language":"ZHS","playtime":7474,"items_purged":[],"score":350,"play_id":"d0494d59-27a9-4866-b5b5-d86199dcd8f5","local_time":"20210207215258","is_ascension_mode":false,"campfire_choices":[{"data":"champ:Taunt","floor":1.0,"key":"SMITH"},{"data":"champ:CheapShot","floor":10.0,"key":"SMITH"},{"floor":18,"key":"RECALL"},{"data":"champ:IgnorePain","floor":27,"key":"SMITH"}],"circlet_count":0,"master_deck":["champ:Strike","champ:Strike","champ:Strike","champ:Strike","champ:Defend","champ:Defend","champ:Defend","champ:Defend","champ:Execute+1","champ:Taunt+1","champ:Parry","champ:FocusedDefense+1","Writhe","champ:StanceDance","champ:BringItOn","champ:Duel","champ:CheapShot+1","champ:CrookedStrike","champ:CalledShot","champ:IronFortress","champ:Endure","champ:SwordThrow","champ:CalledShot","champ:MurderStrike+1","champ:EnGarde","champ:AdrenalArmor+1","champ:IgnorePain+1","champ:CrownThrow+1","champ:FalseCounter","champ:StanceDance+1","champ:PreciseThrust","champ:StanceDance","champ:CheapShot","champ:FanOfKnives","champ:DefensiveShout+1","champ:SetATrap+1","champ:TornadoPunch+1","champ:BerserkersShout","champ:CrownThrow","champ:Backstep","champ:MurderStrike","champ:IronFortress","champ:CalledShot","champ:SetATrap"],"relics":["champ:ChampionCrown","StrikeDummy","champ:DefensiveTrainingManual","downfall:HeartBlessingGreen","downfall:ShatteredFragment","Prayer Wheel","Tiny House","Thread and Needle","CeramicFish","MealTicket","downfall:HeartBlessingRed"],"acts_visited":["Exordium","TheCity"],"potions_floor_usage":[19,21,29,33,33],"damage_taken":[{"damage":14.0,"enemies":"Jaw Worm","floor":2.0,"turns":6.0},{"damage":28.0,"enemies":"Cultist","floor":3.0,"turns":5.0},{"damage":20.0,"enemies":"Small Slimes","floor":5.0,"turns":4.0},{"damage":24.0,"enemies":"downfall:FleeingMerchant","floor":6.0,"turns":4.0},{"damage":11.0,"enemies":"2 Fungi Beasts","floor":8.0,"turns":3.0},{"damage":5.0,"enemies":"Gremlin Nob","floor":9.0,"turns":4.0},{"damage":10.0,"enemies":"Large Slime","floor":12.0,"turns":4.0},{"damage":22.0,"enemies":"3 Sentries","floor":13.0,"turns":5.0},{"damage":0.0,"enemies":"Blue Slaver","floor":14.0,"turns":2.0},{"damage":15.0,"enemies":"Gremlin Gang","floor":15.0,"turns":3.0},{"damage":19.0,"enemies":"WA_ARCHETYPE_RETAIN","floor":16.0,"turns":6.0},{"damage":5,"enemies":"3 Byrds","floor":19,"turns":5},{"damage":15,"enemies":"downfall:FleeingMerchant","floor":20,"turns":5},{"damage":10,"enemies":"Snake Plant","floor":21,"turns":6},{"damage":40,"enemies":"3 Cultists","floor":22,"turns":7},{"damage":10,"enemies":"Book of Stabbing","floor":23,"turns":5},{"damage":14,"enemies":"Sentry and Sphere","floor":25,"turns":6},{"damage":15,"enemies":"Shelled Parasite and Fungi","floor":26,"turns":7},{"damage":13,"enemies":"Centurion and Healer","floor":28,"turns":4},{"damage":10,"enemies":"3 Cultists","floor":29,"turns":4},{"damage":15,"enemies":"Snake Plant","floor":32,"turns":4},{"damage":43,"enemies":"IC_MUSHROOM_ARCHETYPE","floor":33,"turns":7}],"seed_played":"6753239992145147989","potions_obtained":[{"floor":5.0,"key":"Fire Potion"},{"floor":9.0,"key":"LiquidBronze"},{"floor":12.0,"key":"SmokeBomb"},{"floor":14.0,"key":"Strength Potion"},{"floor":16.0,"key":"SpeedPotion"},{"floor":17,"key":"Fire Potion"},{"floor":23,"key":"Dexterity Potion"},{"floor":26,"key":"BlessingOfTheForge"},{"floor":28,"key":"Fire Potion"}],"is_trial":false,"path_per_floor":["R","M","M","?","M","$","T","M","E","R","?","M","?","M","M","B",null,"R","M","$","M","M","E","T","M","M","R","M","M","?","?","M","B"],"character_chosen":"THE_CHAMP","items_purchased":["Thread and Needle","champ:FalseCounter"],"campfire_rested":0,"item_purchase_floors":[20,20],"current_hp_per_floor":[99,95,82,82,77,73,73,72,72,72,45,45,33,33,28,19,104,104,104,104,104,69,69,69,55,45,45,42,42,42,42,27,0,0,0],"gold":187,"neow_bonus":"TEN_PERCENT_HP_BONUS","is_daily":false,"chose_seed":false,"campfire_upgraded":3,"win_rate":0.0,"timestamp":1612705978,"path_taken":["R","M","M","?","M","?","T","M","E","R","?","M","?","M","M","BOSS","R","M","$","M","M","E","T","M","M","R","M","M","?","?","M","BOSS"],"items_purchased_type":["Relic","Card"],"build_version":"2020-12-22","purchased_purges":0,"victory":false,"max_hp_per_floor":[99,99,99,99,99,99,99,99,99,99,99,99,99,99,99,99,104,104,104,104,104,104,104,104,104,104,104,104,104,104,104,104,104,104,104],"card_choices":[{"not_picked":["champ:BringItOn","champ:TornadoPunch"],"picked":"champ:Parry","floor":2.0},{"not_picked":["champ:Backstep","champ:EnGarde"],"picked":"champ:FocusedDefense","floor":3.0},{"not_picked":["champ:EnGarde","champ:FanOfKnives"],"picked":"champ:StanceDance","floor":5.0},{"not_picked":["champ:EndlessRage","champ:BladeFlurry"],"picked":"champ:BringItOn","floor":6.0},{"not_picked":["champ:CrownThrow","champ:TornadoPunch"],"picked":"champ:Duel","floor":8.0},{"not_picked":["champ:ShieldSlam","champ:CrownThrow"],"picked":"champ:CheapShot","floor":9.0},{"not_picked":["champ:CrownThrow","champ:TornadoPunch"],"picked":"champ:CrookedStrike","floor":12.0},{"not_picked":["champ:PreciseThrust","champ:Backstep"],"picked":"champ:CalledShot","floor":13.0},{"not_picked":["champ:FlashCut","champ:EndlessRage"],"picked":"champ:IronFortress","floor":14.0},{"not_picked":["champ:AdrenalArmor","champ:FlashCut"],"picked":"champ:Endure","floor":14.0},{"not_picked":["champ:ShieldSlam","champ:ShieldWall"],"picked":"champ:SwordThrow","floor":15.0},{"not_picked":["champ:FanOfKnives","champ:PreciseThrust"],"picked":"champ:CalledShot","floor":15.0},{"not_picked":["champ:IgnorePain","champ:HoldFirm"],"picked":"champ:MurderStrike","floor":16.0},{"not_picked":["champ:RecklessLeap","champ:PreciseThrust"],"picked":"champ:EnGarde","floor":17},{"not_picked":["champ:DefensiveShout","champ:FanOfKnives+1"],"picked":"champ:AdrenalArmor+1","floor":19},{"not_picked":["champ:EndlessRage","champ:PreciseThrust+1"],"picked":"champ:IgnorePain","floor":19},{"not_picked":["champ:EnGarde","champ:FanOfKnives"],"picked":"champ:CrownThrow+1","floor":20},{"not_picked":["champ:DefensiveShout","champ:Shatter"],"picked":"champ:StanceDance+1","floor":21},{"not_picked":["champ:Backstep","champ:DeathBlow"],"picked":"champ:PreciseThrust","floor":21},{"not_picked":["champ:Shatter","champ:DefensiveShout"],"picked":"champ:StanceDance","floor":22},{"not_picked":["champ:FlashCut+1","champ:ShieldSlam"],"picked":"champ:CheapShot","floor":22},{"not_picked":["champ:RisingSlash","champ:Haymaker"],"picked":"champ:FanOfKnives","floor":23},{"not_picked":["champ:GutPunch+1","champ:EnragedBash"],"picked":"champ:DefensiveShout+1","floor":25},{"not_picked":["champ:RisingSlash","champ:FancyFootwork"],"picked":"champ:SetATrap+1","floor":25},{"not_picked":["champ:HeartStrike","champ:PreemptiveStrike"],"picked":"champ:TornadoPunch+1","floor":26},{"not_picked":["champ:Circumvent+1","champ:FanOfKnives"],"picked":"champ:BerserkersShout","floor":26},{"not_picked":["champ:BringItOn","champ:Duel"],"picked":"champ:CrownThrow","floor":28},{"not_picked":["champ:Shatter","champ:RapidStrikes"],"picked":"champ:Backstep","floor":28},{"not_picked":["champ:BringItOn","champ:DefensiveShout"],"picked":"champ:MurderStrike","floor":29},{"not_picked":["champ:TornadoPunch","champ:CrownThrow"],"picked":"champ:IronFortress","floor":29},{"not_picked":["champ:Haymaker","champ:DeathBlow"],"picked":"champ:CalledShot","floor":32},{"not_picked":["champ:Shatter+1","champ:PreciseThrust"],"picked":"champ:SetATrap","floor":32}],"player_experience":376812,"relics_obtained":[{"floor":7.0,"key":"StrikeDummy"},{"floor":9.0,"key":"champ:DefensiveTrainingManual"},{"floor":23,"key":"CeramicFish"},{"floor":24,"key":"MealTicket"}],"event_choices":[{"damage_healed":0,"gold_gain":0,"player_choice":"Ignored","damage_taken":0,"max_hp_gain":0,"max_hp_loss":0,"event_name":"Vampires","floor":31,"gold_loss":0}],"is_beta":false,"boss_relics":[{"not_picked":["Runic Dome","SacredBark"],"picked":"Tiny House"}],"items_purged_floors":[],"is_endless":false,"potions_floor_spawned":[5,9,12,14,16,23,26,28],"killed_by":"IC_MUSHROOM_ARCHETYPE","ascension_level":0}}