{"host":"wuernuywc9gl215o","time":1612728484,"event":{"mods":["AchievementEnabler","BaseMod","Block Reminder","Highlight Path","Key Reminder","Minty Spire (QoL Compilation)","Permanent Neow","Potion Indicator Mod","Quick Restart","Relic Stats"],"gold_per_floor":[117,135,147,147,164,164,182,182,182,194,227,255,255,255],"floor_reached":13,"language":"ENG","playtime":731,"items_purged":[],"score":174,"play_id":"a1a5a28f-9d3c-471b-8b06-fbaa0b6cc302","local_time":"20210207200804","is_ascension_mode":true,"campfire_choices":[{"floor":6.0,"key":"REST"},{"floor":8.0,"key":"REST"}],"circlet_count":0,"master_deck":["AscendersBane","Strike_R","Strike_R","Strike_R","Strike_R","Strike_R","Defend_R","Defend_R","Defend_R","Defend_R","Bash","Pommel Strike","Shrug It Off","Disarm","Spot Weakness","Flame Barrier","Whirlwind","Disarm","Iron Wave","Armaments"],"relics":["Snecko Eye","Dream Catcher","Letter Opener","Ginger","Odd Mushroom"],"acts_visited":["Exordium"],"potions_floor_usage":[13],"damage_taken":[{"damage":7.0,"enemies":"Cultist","floor":1.0,"turns":4.0},{"damage":4.0,"enemies":"Jaw Worm","floor":2.0,"turns":3.0},{"damage":0.0,"enemies":"2 Louse","floor":3.0,"turns":2.0},{"damage":7.0,"enemies":"Looter","floor":5.0,"turns":3.0},{"damage":6.0,"enemies":"Blue Slaver","floor":7.0,"turns":4.0},{"damage":7.0,"enemies":"Exordium Thugs","floor":10.0,"turns":4.0},{"damage":22.0,"enemies":"Gremlin Nob","floor":11.0,"turns":4.0},{"damage":5.0,"enemies":"The Mushroom Lair","floor":12.0,"turns":3.0},{"damage":3,"enemies":"3 Sentries","floor":13,"turns":4}],"seed_played":"-4790156574368265663","potions_obtained":[{"floor":3.0,"key":"Strength Potion"},{"floor":5.0,"key":"SmokeBomb"},{"floor":10.0,"key":"Swift Potion"},{"floor":11.0,"key":"Block Potion"}],"is_trial":false,"path_per_floor":["M","M","M","?","M","R","M","R","T","M","E","?","E"],"character_chosen":"IRONCLAD","items_purchased":[],"campfire_rested":2,"item_purchase_floors":[],"current_hp_per_floor":[61,57,57,12,5,27,21,43,43,36,14,9,6,6],"gold":255,"neow_bonus":"BOSS_RELIC","is_daily":false,"chose_seed":false,"campfire_upgraded":0,"win_rate":0.0,"timestamp":1612728484,"path_taken":["M","M","M","?","M","R","M","R","T","M","E","?","E"],"items_purchased_type":[],"build_version":"2020-12-22","purchased_purges":0,"victory":false,"max_hp_per_floor":[75,75,75,75,75,75,75,75,75,75,75,75,75,75],"relic_stats":{"Dream Catcher":2,"counters":[9,31],"Snecko Eye":[36,63,58,49],"Letter Opener":[15],"Ginger":[0],"obtain_stats":[{"Dream Catcher":4,"Snecko Eye":0,"Letter Opener":9,"Ginger":11,"Odd Mushroom":12,"Burning Blood":0},{"Dream Catcher":3,"Snecko Eye":0,"Letter Opener":5,"Ginger":7,"Odd Mushroom":8,"Burning Blood":0},{"Dream Catcher":9,"Snecko Eye":0,"Letter Opener":16,"Ginger":24,"Odd Mushroom":27,"Burning Blood":0}]},"card_choices":[{"not_picked":["Infernal Blade","Perfected Strike"],"picked":"Pommel Strike","floor":1.0},{"not_picked":["Flex","Wild Strike"],"picked":"Shrug It Off","floor":2.0},{"not_picked":["Flex","Havoc"],"picked":"Disarm","floor":3.0},{"not_picked":["Reckless Charge","Wild Strike"],"picked":"Spot Weakness","floor":5.0},{"not_picked":["Twin Strike","Armaments"],"picked":"Flame Barrier","floor":6.0},{"not_picked":["Warcry","Armaments"],"picked":"Whirlwind","floor":7.0},{"not_picked":["Feel No Pain","Wild Strike"],"picked":"Disarm","floor":10.0},{"not_picked":["Combust","Heavy Blade"],"picked":"Iron Wave","floor":11.0},{"not_picked":["Thunderclap","Fire Breathing"],"picked":"Armaments","floor":12.0}],"player_experience":861585,"relics_obtained":[{"floor":9.0,"key":"Letter Opener"},{"floor":11.0,"key":"Ginger"},{"floor":12.0,"key":"Odd Mushroom"}],"event_choices":[{"damage_healed":0.0,"max_hp_gain":0.0,"max_hp_loss":0.0,"gold_gain":0.0,"event_name":"Scrap Ooze","player_choice":"Success","floor":4.0,"gold_loss":0.0,"damage_taken":45.0,"relics_obtained":["Dream Catcher"]},{"damage_healed":0.0,"max_hp_gain":0.0,"max_hp_loss":0.0,"gold_gain":0.0,"event_name":"Mushrooms","player_choice":"Fought Mushrooms","floor":12.0,"gold_loss":0.0,"damage_taken":0.0}],"is_beta":false,"boss_relics":[],"items_purged_floors":[],"is_endless":false,"potions_floor_spawned":[3,5,10,11],"killed_by":"3 Sentries","ascension_level":20}}