{"host":"0ueeacaatm8t6jyh","time":1612723960,"event":{"mods":["AchievementEnabler","BaseMod","Colored Powertips","Minty Spire (QoL Compilation)","Quick Restart","Rare Cards Sparkle","Shop Mod","StSLib"],"gold_per_floor":[111,111,111,131,131,157,157,171,171,171,203,218,236,263,320,320,320,425,425,436,448,448,460,460,460,493,382,230,230,244,244,261,261,186,186,217,217,316,316,330,376,376,181,199,199,232,232,286,286,297,297,317,317,342,360,360,360,360,360,360,60,91,91],"floor_reached":64,"language":"ZHS","playtime":2760,"items_purged":["Strike_B","Defend_B","Defend_B+1","Strike_B+1"],"score":2053,"play_id":"015b838b-ed06-4b49-accf-b57430d33cb5","local_time":"20210208025240","is_ascension_mode":true,"campfire_choices":[{"data":"Defragment","floor":7.0,"key":"SMITH"},{"data":"Recycle","floor":16.0,"key":"SMITH"},{"data":"Dualcast","floor":17.0,"key":"SMITH"},{"data":"Coolheaded","floor":29.0,"key":"SMITH"},{"data":"Amplify","floor":33.0,"key":"SMITH"},{"data":"Capacitor","floor":35.0,"key":"SMITH"},{"floor":37.0,"key":"REST"},{"floor":45.0,"key":"RECALL"},{"data":"Seek","floor":47.0,"key":"SMITH"},{"floor":51.0,"key":"REST"},{"floor":53,"key":"REST"},{"data":"Echo Form","floor":56,"key":"SMITH"},{"data":"Ball Lightning","floor":57,"key":"SMITH"},{"data":"Glacier","floor":60,"key":"SMITH"}],"circlet_count":0,"master_deck":["AscendersBane","Zap","Dualcast+1","Defragment+1","Ball Lightning","Ball Lightning+1","Hologram","Glacier+1","Amplify+1","Recycle+1","Ball Lightning+1","Biased Cognition+1","Stack+1","Chill","Capacitor+1","Coolheaded+1","Core Surge","Seek+1","Defragment+1","Echo Form+1"],"relics":["Cracked Core","NeowsBlessing","Incense Burner","Singing Bowl","Omamori","Sundial","Nunchaku","HornCleat","Astrolabe","Pantograph","Happy Flower","Strawberry","Bronze Scales","Nuclear Battery","TungstenRod","Smiling Mask","DataDisk","Mango","Mercury Hourglass","Mummified Hand","Cables","Anchor"],"acts_visited":["Exordium","TheCity","TheBeyond","TheEnding"],"potions_floor_usage":[],"damage_taken":[{"damage":0.0,"enemies":"2 Louse","floor":1.0,"turns":1.0},{"damage":0.0,"enemies":"Small Slimes","floor":4.0,"turns":1.0},{"damage":0.0,"enemies":"Gremlin Nob","floor":6.0,"turns":1.0},{"damage":2.0,"enemies":"Jaw Worm","floor":8.0,"turns":3.0},{"damage":5.0,"enemies":"Lagavulin","floor":11.0,"turns":5.0},{"damage":0.0,"enemies":"Large Slime","floor":12.0,"turns":3.0},{"damage":5.0,"enemies":"Blue Slaver","floor":13.0,"turns":3.0},{"damage":8.0,"enemies":"3 Sentries","floor":14.0,"turns":7.0},{"damage":5.0,"enemies":"Lagavulin Event","floor":15.0,"turns":7.0},{"damage":0.0,"enemies":"Hexaghost","floor":18.0,"turns":9.0},{"damage":9.0,"enemies":"Chosen","floor":20.0,"turns":6.0},{"damage":0.0,"enemies":"Shell Parasite","floor":21.0,"turns":4.0},{"damage":17.0,"enemies":"3 Cultists","floor":23.0,"turns":6.0},{"damage":2.0,"enemies":"Slavers","floor":26.0,"turns":6.0},{"damage":0.0,"enemies":"Centurion and Healer","floor":30.0,"turns":6.0},{"damage":10.0,"enemies":"Snake Plant","floor":32.0,"turns":4.0},{"damage":17.0,"enemies":"Gremlin Leader","floor":36.0,"turns":6.0},{"damage":62.0,"enemies":"Automaton","floor":38.0,"turns":10.0},{"damage":11.0,"enemies":"Orb Walker","floor":40.0,"turns":3.0},{"damage":1.0,"enemies":"2 Orb Walkers","floor":41.0,"turns":5.0},{"damage":0.0,"enemies":"3 Darklings","floor":44.0,"turns":3.0},{"damage":24.0,"enemies":"Nemesis","floor":46.0,"turns":9.0},{"damage":44.0,"enemies":"4 Shapes","floor":50.0,"turns":3.0},{"damage":0,"enemies":"Maw","floor":52,"turns":5},{"damage":0,"enemies":"Reptomancer","floor":54,"turns":5},{"damage":0,"enemies":"Transient","floor":55,"turns":5},{"damage":50,"enemies":"Donu and Deca","floor":58,"turns":9},{"damage":35,"enemies":"Shield and Spear","floor":62,"turns":7},{"damage":88,"enemies":"The Heart","floor":63,"turns":11}],"seed_played":"1120012724533399782","potions_obtained":[{"floor":4.0,"key":"Fire Potion"},{"floor":6.0,"key":"DistilledChaos"},{"floor":13.0,"key":"FairyPotion"},{"floor":14.0,"key":"PotionOfCapacity"},{"floor":20.0,"key":"SpeedPotion"},{"floor":21.0,"key":"EntropicBrew"}],"is_trial":false,"path_per_floor":["M","$","?","M","?","E","R","M","T","?","E","M","M","E","?","R","R","B",null,"M","M","?","M","?","?","E","$","$","R","M","T","M","R","?","R","E","R","B",null,"M","?","T","$","M","R","E","R","T","T","M","R","M","R","E","M","R","R","B",null,"R","$","E","B",null],"character_chosen":"DEFECT","items_purchased":["Capacitor","Coolheaded","DataDisk","Cables"],"campfire_rested":3,"item_purchase_floors":[27,28,43,61],"current_hp_per_floor":[68,68,68,68,53,53,53,51,51,33,30,30,25,17,12,12,12,12,61,54,56,56,41,25,25,25,25,25,25,27,34,26,26,26,26,11,41,4,78,69,70,70,70,72,72,62,62,62,62,18,54,56,93,95,95,95,95,70,113,113,113,80,17],"gold":91,"neow_bonus":"THREE_ENEMY_KILL","is_daily":false,"chose_seed":false,"campfire_upgraded":10,"win_rate":0.0,"timestamp":1612723960,"path_taken":["M","$","?","M","?","E","R","M","T","?","E","M","M","E","?","R","R","BOSS","M","M","?","M","?","?","E","?","$","R","?","T","M","R","?","R","E","R","BOSS","M","?","?","?","M","R","E","R","T","T","M","R","M","R","E","M","R","R","BOSS","R","$","E","BOSS"],"items_purchased_type":["Card","Card","Relic","Relic"],"build_version":"2020-12-22","purchased_purges":4,"victory":true,"max_hp_per_floor":[75,75,75,75,75,75,75,75,75,75,77,77,77,77,77,77,77,77,77,79,81,81,83,88,88,90,90,90,90,92,99,101,101,101,101,103,103,103,103,105,107,107,107,109,109,123,123,123,123,123,123,125,125,127,127,127,127,127,127,127,127,129,129],"card_choices":[{"not_picked":["Sweeping Beam","Doom and Gloom","Chaos"],"picked":"SKIP","floor":1.0},{"not_picked":["Streamline","Stack"],"picked":"Defragment","floor":4.0},{"not_picked":["Stack","Gash"],"picked":"Ball Lightning","floor":6.0},{"not_picked":["Scrape","Steam Power"],"picked":"Ball Lightning","floor":8.0},{"not_picked":["Aggregate","Leap","Sweeping Beam"],"picked":"Singing Bowl","floor":11.0},{"not_picked":["Leap","Double Energy"],"picked":"Hologram","floor":12.0},{"not_picked":["Sweeping Beam","Compile Driver"],"picked":"Glacier","floor":13.0},{"not_picked":["Chaos","Melter"],"picked":"Amplify","floor":14.0},{"not_picked":["Cold Snap","Lockon"],"picked":"Recycle","floor":15.0},{"not_picked":["Buffer","Meteor Strike"],"picked":"Biased Cognition","floor":18.0},{"not_picked":["Doom and Gloom","Chaos","Ball Lightning+1"],"picked":"Singing Bowl","floor":20.0},{"not_picked":["Barrage+1","Force Field","Heatsinks"],"picked":"Singing Bowl","floor":21.0},{"not_picked":["Steam","Double Energy","Doom and Gloom"],"picked":"Singing Bowl","floor":23.0},{"not_picked":["Stack","Lockon","Rebound"],"picked":"Singing Bowl","floor":26.0},{"not_picked":["Storm","Glacier","Double Energy"],"picked":"Singing Bowl","floor":30.0},{"not_picked":["Tempest","Reinforced Body","Fusion+1"],"picked":"Singing Bowl","floor":32.0},{"not_picked":["Reinforced Body","Streamline","Conserve Battery"],"picked":"Singing Bowl","floor":36.0},{"not_picked":["Biased Cognition","Electrodynamics"],"picked":"Core Surge","floor":38.0},{"not_picked":["Conserve Battery","Auto Shields+1","Fusion"],"picked":"Singing Bowl","floor":40.0},{"not_picked":["Chaos+1","Hologram","Go for the Eyes"],"picked":"Singing Bowl","floor":41.0},{"not_picked":["Go for the Eyes","Streamline","Hologram"],"picked":"Singing Bowl","floor":44.0},{"not_picked":["Lockon+1","Streamline"],"picked":"Seek","floor":46.0},{"not_picked":["Scrape","Barrage+1"],"picked":"Defragment+1","floor":50.0},{"not_picked":["Gash","Go for the Eyes","Beam Cell"],"picked":"Singing Bowl","floor":52},{"not_picked":["Go for the Eyes","Recycle","Compile Driver"],"picked":"Singing Bowl","floor":54},{"not_picked":["Barrage","Streamline+1"],"picked":"Echo Form","floor":55},{"not_picked":["Streamline","Rip and Tear","Sweeping Beam"],"picked":"Singing Bowl","floor":62}],"player_experience":510642,"relics_obtained":[{"floor":6.0,"key":"Incense Burner"},{"floor":9.0,"key":"Singing Bowl"},{"floor":11.0,"key":"Sundial"},{"floor":14.0,"key":"Nunchaku"},{"floor":15.0,"key":"HornCleat"},{"floor":26.0,"key":"Happy Flower"},{"floor":31.0,"key":"Strawberry"},{"floor":36.0,"key":"Bronze Scales"},{"floor":41.0,"key":"TungstenRod"},{"floor":42.0,"key":"Smiling Mask"},{"floor":46.0,"key":"Mango"},{"floor":49.0,"key":"Mercury Hourglass"},{"floor":54,"key":"Mummified Hand"},{"floor":62,"key":"Anchor"}],"event_choices":[{"cards_removed":["Strike_B"],"damage_healed":0.0,"max_hp_gain":0.0,"max_hp_loss":0.0,"gold_gain":0.0,"event_name":"Living Wall","player_choice":"Forget","floor":3.0,"gold_loss":0.0,"damage_taken":0.0},{"damage_healed":0.0,"max_hp_gain":0.0,"max_hp_loss":0.0,"gold_gain":0.0,"event_name":"Shining Light","player_choice":"Entered Light","floor":5.0,"gold_loss":0.0,"damage_taken":15.0,"cards_upgraded":["Defend_B","Strike_B"]},{"damage_healed":0.0,"max_hp_gain":0.0,"max_hp_loss":0.0,"gold_gain":0.0,"event_name":"Scrap Ooze","player_choice":"Success","floor":10.0,"gold_loss":0.0,"damage_taken":18.0,"relics_obtained":["Omamori"]},{"damage_healed":0.0,"max_hp_gain":0.0,"max_hp_loss":0.0,"gold_gain":0.0,"event_name":"Dead Adventurer","player_choice":"Searched \u00271\u0027 times","floor":15.0,"gold_loss":0.0,"damage_taken":0.0},{"damage_healed":0.0,"max_hp_gain":0.0,"max_hp_loss":0.0,"gold_gain":0.0,"event_name":"The Library","player_choice":"Read","floor":22.0,"gold_loss":0.0,"damage_taken":0.0,"cards_obtained":["Chill"]},{"damage_healed":0.0,"max_hp_gain":5.0,"max_hp_loss":0.0,"gold_gain":0.0,"event_name":"Forgotten Altar","player_choice":"Shed Blood","floor":24.0,"gold_loss":0.0,"damage_taken":21.0},{"damage_healed":0.0,"max_hp_gain":0.0,"max_hp_loss":0.0,"gold_gain":0.0,"event_name":"The Mausoleum","player_choice":"Opened","floor":25.0,"gold_loss":0.0,"damage_taken":0.0,"relics_obtained":["Pantograph"],"cards_obtained":["Writhe"]},{"cards_removed":["Defend_B"],"damage_healed":0.0,"max_hp_gain":0.0,"max_hp_loss":0.0,"gold_gain":0.0,"event_name":"Beggar","player_choice":"Gave Gold","floor":34.0,"gold_loss":75.0,"damage_taken":0.0},{"damage_healed":0.0,"max_hp_gain":0.0,"max_hp_loss":0.0,"gold_gain":0.0,"event_name":"Mysterious Sphere","player_choice":"Fight","floor":41.0,"gold_loss":0.0,"damage_taken":0.0}],"is_beta":false,"boss_relics":[{"not_picked":["SacredBark","Sozu"],"picked":"Astrolabe"},{"not_picked":["Philosopher\u0027s Stone","Velvet Choker"],"picked":"Nuclear Battery"}],"items_purged_floors":[27,28,43,61],"is_endless":false,"potions_floor_spawned":[4,6,13,14,20,21,32,36,41,44,54,62],"ascension_level":12}}