{"host":"knspyp6dy614fx6e","time":1612667850,"event":{"mods":["ATMod(°¢èªMod)","Aspiration","BaseMod","Bestiary","Better Altar","Better Skull","Better Third Choice","Block Reminder","Card Filter","Conspire","DeckTracker","Dota2Spire","Energized Spire","Jedi Mod","Minty Spire (QoL Compilation)","Monster B Gone","Quick Restart","Relic Filter Mod","Relic Stats","Reliquary","Replay The Spire","Shop Mod","Spicy Shops","StSLib","TestMod","Waifu the Spire","Weighted Paths","¡¾ÒÅÎï¿¨ÅÆ¡¿REMEMod"],"gold_per_floor":[115,115,265,34,48,48,79,79,79,79,119,119,140,202,202,314,314,363,363,57,57,102,102,170,170,250,250,301,301,301,301,322,40,40,163,163,174,174,174,231,280,322,322,390,390,425,477,2,37,83,83,118,118,118,118,155,190],"floor_reached":58,"language":"ZHS","playtime":2416,"items_purged":["Doubt","Strike_G","Strike_G","Strike_G"],"score":2310,"play_id":"a74f82c7-45cd-414a-bbad-39573143bf08","local_time":"20210207111730","is_ascension_mode":true,"campfire_choices":[{"data":"Deadly Poison","floor":6.0,"key":"SMITH"},{"floor":8.0,"key":"REST"},{"floor":12.0,"key":"REST"},{"data":"AT_TinkerSharpsword","floor":15.0,"key":"SMITH"},{"data":"Calculated Gamble","floor":23.0,"key":"SMITH"},{"data":"Acrobatics","floor":25.0,"key":"SMITH"},{"data":"AT_KingSlayer","floor":34.0,"key":"SMITH"},{"data":"Tactician","floor":43.0,"key":"SMITH"},{"floor":51.0,"key":"RECALL"},{"data":"jedi:studypoison","floor":54.0,"key":"SMITH"}],"circlet_count":1,"master_deck":["AscendersBane","Defend_G","Defend_G+1","Defend_G","Defend_G+1","Defend_G","Survivor","Neutralize+1","AT_KingSlayer+1","Deadly Poison+1","Tactician+1","Deflect","Calculated Gamble+1","Acrobatics+1","Flying Knee","AT_TinkerSharpsword+1","Night Terror","Footwork+1","Predator+1","jedi:studypoison+1","Backflip+1","Acrobatics+1","Adrenaline","Reflex"],"relics":["AT_ATBox","testmod-TestBox","REME_ComplimentaryCards","testmod-TheFather","Akabeko","Sizzling Blood","Dota2Spire:HandOfMidas","energizedSpire:PogoStick","Circlet","Dota2Spire:OrchidMalevolence","REME_CardOfGreed","conspire:SpecialSausage","Nunchaku","testmod-Justice","Calipers","Snake Skull","MerchantsRug","aspiration:Lifesprig","conspire:TopHat","Simple Rune"],"acts_visited":["Exordium","TheCity","TheBeyond","TheEnding"],"potions_floor_usage":[],"damage_taken":[{"damage":1.0,"enemies":"Small Slimes","floor":1.0,"turns":4.0},{"damage":10.0,"enemies":"Jaw Worm","floor":5.0,"turns":5.0},{"damage":30.0,"enemies":"Lagavulin","floor":7.0,"turns":8.0},{"damage":28.0,"enemies":"Gremlin Nob","floor":11.0,"turns":4.0},{"damage":0.0,"enemies":"2 Louse","floor":13.0,"turns":3.0},{"damage":16.0,"enemies":"Lagavulin","floor":14.0,"turns":6.0},{"damage":29.0,"enemies":"The Guardian","floor":16.0,"turns":10.0},{"damage":21.0,"enemies":"Spheric Guardian","floor":18.0,"turns":5.0},{"damage":7.0,"enemies":"Shell Parasite","floor":22.0,"turns":8.0},{"damage":33.0,"enemies":"Slavers","floor":24.0,"turns":6.0},{"damage":0.0,"enemies":"Centurion and Healer","floor":28.0,"turns":6.0},{"damage":3.0,"enemies":"Sentry and Sphere","floor":32.0,"turns":3.0},{"damage":31.0,"enemies":"Collector","floor":35.0,"turns":7.0},{"damage":2.0,"enemies":"Orb Walker","floor":37.0,"turns":2.0},{"damage":15.0,"enemies":"3 Darklings","floor":40.0,"turns":4.0},{"damage":15.0,"enemies":"Writhing Mass","floor":41.0,"turns":4.0},{"damage":0.0,"enemies":"Reptomancer","floor":42.0,"turns":3.0},{"damage":0.0,"enemies":"Giant Head","floor":44.0,"turns":6.0},{"damage":0.0,"enemies":"R_Hoarder","floor":46.0,"turns":3.0},{"damage":0.0,"enemies":"Spire Growth","floor":47.0,"turns":2.0},{"damage":0.0,"enemies":"Giant Head","floor":49.0,"turns":4.0},{"damage":0.0,"enemies":"Jaw Worm Horde","floor":50.0,"turns":2.0},{"damage":1.0,"enemies":"Donu and Deca","floor":52.0,"turns":6.0},{"damage":0.0,"enemies":"Shield and Spear","floor":56.0,"turns":3.0},{"damage":118,"enemies":"The Heart","floor":57,"turns":7}],"seed_played":"-610983712611276666","potions_obtained":[{"floor":13.0,"key":"REME_GoldPotion"},{"floor":14.0,"key":"Dota2Spire:Clarity"},{"floor":16.0,"key":"FairyPotion"}],"is_trial":false,"path_per_floor":["M","?","?","$","M","R","E","R","T","?","E","R","M","E","R","B",null,"M","?","$","?","M","R","E","R","T","?","M","PTL","PTL","?","M","$","R","B",null,"M","?","?","M","M","E","R","E","T","E","M","$","E","M","R","B",null,"R","$","E","B",null],"character_chosen":"THE_SILENT","items_purchased":["Tactician","testmod-TheFather","DollysMirror","Footwork+1","REME_CardOfGreed","Snake Skull","MerchantsRug","aspiration:Lifesprig"],"campfire_rested":2,"item_purchase_floors":[4,4,20,20,33,48,48,48],"current_hp_per_floor":[58,58,58,58,48,48,18,37,37,41,17,38,42,30,30,5,54,37,37,37,37,34,34,5,5,5,5,24,24,24,80,80,80,80,53,73,75,75,75,64,53,57,57,71,71,75,76,76,76,76,76,76,76,76,76,76,24],"gold":190,"neow_bonus":"ONE_RANDOM_RARE_CARD","is_daily":false,"chose_seed":false,"campfire_upgraded":7,"win_rate":0.0,"timestamp":1612667850,"path_taken":["M","?","?","?","M","R","E","R","T","?","E","R","?","E","R","BOSS","M","?","$","?","M","R","E","R","T","?","?","PTL","PTL","?","?","?","R","BOSS","M","?","?","M","M","E","R","E","T","E","M","$","E","M","R","BOSS","R","$","E","BOSS"],"items_purchased_type":["Card","Relic","Relic","Card","Relic","Relic","Relic","Relic"],"build_version":"2020-12-22","purchased_purges":4,"victory":true,"max_hp_per_floor":[66,66,66,66,66,66,66,66,66,70,70,70,70,70,70,70,70,70,70,70,70,70,70,70,70,70,70,70,70,70,80,80,80,80,80,80,80,76,76,76,76,76,76,76,76,76,76,76,76,76,76,76,76,76,76,76,76],"relic_stats":{"Nunchaku":[5],"counters":[25,121],"Snake Skull":[26],"obtain_stats":[{"energizedSpire:PogoStick":17,"jedi:ghostblades":11,"aspiration:Lifesprig":48,"AT_ATBox":0,"Calipers":46,"Dota2Spire:OrchidMalevolence":26,"conspire:SpecialSausage":36,"Snake Skull":48,"Sizzling Blood":10,"conspire:TopHat":49,"BranchBurnRelic":25,"Nunchaku":42,"DollysMirror":20,"testmod-TheFather":4,"Ring of the Snake":0,"Dota2Spire:HandOfMidas":14,"MerchantsRug":48,"testmod-TestBox":0,"Dead Branch":24,"Circlet":0,"testmod-Justice":44,"Akabeko":7,"reliquary:JackalopeAntler":9,"Simple Rune":56,"REME_CardOfGreed":33,"REME_ComplimentaryCards":0},{"energizedSpire:PogoStick":7,"jedi:ghostblades":4,"aspiration:Lifesprig":20,"AT_ATBox":0,"Calipers":19,"Dota2Spire:OrchidMalevolence":10,"conspire:SpecialSausage":13,"Snake Skull":20,"Sizzling Blood":3,"conspire:TopHat":21,"BranchBurnRelic":10,"Nunchaku":17,"DollysMirror":8,"testmod-TheFather":1,"Ring of the Snake":0,"Dota2Spire:HandOfMidas":6,"MerchantsRug":20,"testmod-TestBox":0,"Dead Branch":10,"Circlet":0,"testmod-Justice":18,"Akabeko":3,"reliquary:JackalopeAntler":3,"Simple Rune":24,"REME_CardOfGreed":12,"REME_ComplimentaryCards":0},{"energizedSpire:PogoStick":40,"jedi:ghostblades":21,"aspiration:Lifesprig":99,"AT_ATBox":0,"Calipers":97,"Dota2Spire:OrchidMalevolence":59,"conspire:SpecialSausage":75,"Snake Skull":99,"Sizzling Blood":17,"conspire:TopHat":103,"BranchBurnRelic":59,"Nunchaku":88,"DollysMirror":45,"testmod-TheFather":4,"Ring of the Snake":0,"Dota2Spire:HandOfMidas":30,"MerchantsRug":99,"testmod-TestBox":0,"Dead Branch":59,"Circlet":0,"testmod-Justice":94,"Akabeko":17,"reliquary:JackalopeAntler":17,"Simple Rune":114,"REME_CardOfGreed":68,"REME_ComplimentaryCards":0}]},"card_choices":[{"not_picked":["Poisoned Stab","Underhanded Strike"],"picked":"Deadly Poison","floor":1.0},{"not_picked":["Cloak And Dagger","Dagger Throw"],"picked":"Deflect","floor":5.0},{"not_picked":["conspire:PoisonWeapons","All Out Attack"],"picked":"Calculated Gamble","floor":7.0},{"not_picked":["Slice","Outmaneuver"],"picked":"Acrobatics","floor":11.0},{"not_picked":["Deadly Poison","Underhanded Strike"],"picked":"Flying Knee","floor":13.0},{"not_picked":["AT_ShadowStep","AT_MyraUnstableElement"],"picked":"AT_TinkerSharpsword","floor":14.0},{"not_picked":["Bullet Time","Doppelganger"],"picked":"Night Terror","floor":16.0},{"not_picked":["Dagger Throw","Deadly Poison","Cloak And Dagger"],"picked":"SKIP","floor":18.0},{"not_picked":["PiercingWail+1","Quick Slash","Footwork"],"picked":"SKIP","floor":22.0},{"not_picked":["Finisher","Prepared","AT_WindFlip"],"picked":"SKIP","floor":24.0},{"not_picked":["Blade Dance","Poisoned Stab","Distraction"],"picked":"SKIP","floor":28.0},{"not_picked":["Riddle With Holes+1","Acrobatics"],"picked":"Predator+1","floor":32.0},{"not_picked":["Wraith Form v2","REME_CopyPotion"],"picked":"jedi:studypoison","floor":35.0},{"not_picked":["PiercingWail","AT_WindFlip+1","Outmaneuver"],"picked":"SKIP","floor":37.0},{"not_picked":["Prepared","Dagger Spray"],"picked":"Backflip+1","floor":40.0},{"not_picked":["Eviscerate","Cloak And Dagger","Prepared"],"picked":"SKIP","floor":41.0},{"not_picked":["Poisoned Stab","AT_WindFlip+1","AT_TinkerSharpsword"],"picked":"SKIP","floor":42.0},{"not_picked":["Setup","Heel Hook","REME_ShadowStrike"],"picked":"SKIP","floor":44.0},{"not_picked":["Concentrate","PiercingWail"],"picked":"Acrobatics+1","floor":46.0},{"not_picked":["Dodge and Roll+1","Outmaneuver+1"],"picked":"Adrenaline","floor":47.0},{"not_picked":["Deadly Poison+1","Blur","Distraction"],"picked":"SKIP","floor":49.0},{"not_picked":["Deadly Poison","Caltrops+1","Predator"],"picked":"SKIP","floor":50.0},{"not_picked":["REME_GreenPollution","Bullet Time"],"picked":"Reflex","floor":56.0}],"player_experience":338627,"relics_obtained":[{"floor":7.0,"key":"Akabeko"},{"floor":9.0,"key":"reliquary:JackalopeAntler"},{"floor":11.0,"key":"jedi:ghostblades"},{"floor":14.0,"key":"Dota2Spire:HandOfMidas"},{"floor":24.0,"key":"Dead Branch"},{"floor":26.0,"key":"Dota2Spire:OrchidMalevolence"},{"floor":42.0,"key":"Nunchaku"},{"floor":44.0,"key":"testmod-Justice"},{"floor":46.0,"key":"Calipers"},{"floor":49.0,"key":"conspire:TopHat"},{"floor":56.0,"key":"Simple Rune"}],"event_choices":[{"damage_healed":0.0,"max_hp_gain":0.0,"max_hp_loss":0.0,"gold_gain":0.0,"event_name":"Living Wall","player_choice":"Grow","floor":2.0,"gold_loss":0.0,"damage_taken":0.0,"cards_upgraded":["Neutralize"]},{"damage_healed":0.0,"max_hp_gain":0.0,"max_hp_loss":0.0,"gold_gain":150.0,"event_name":"Liars Game","player_choice":"AGREE","floor":3.0,"gold_loss":0.0,"damage_taken":0.0,"cards_obtained":["Doubt"]},{"damage_healed":0.0,"max_hp_gain":0.0,"max_hp_loss":0.0,"gold_gain":0.0,"event_name":"Ghosts","player_choice":"Ignored","floor":21.0,"gold_loss":0.0,"damage_taken":0.0},{"cards_removed":["Strike_G"],"damage_healed":0.0,"max_hp_gain":0.0,"max_hp_loss":0.0,"gold_gain":0.0,"event_name":"betterThird:BetterWriting","player_choice":"Elegance","floor":27.0,"gold_loss":0.0,"damage_taken":0.0},{"cards_removed":["AT_KingSlayer"],"damage_healed":46.0,"max_hp_gain":10.0,"max_hp_loss":0.0,"gold_gain":0.0,"event_name":"Bonfire Elementals","player_choice":"Offered Rare","floor":31.0,"gold_loss":0.0,"damage_taken":0.0},{"damage_healed":0.0,"max_hp_gain":0.0,"max_hp_loss":4.0,"gold_gain":0.0,"event_name":"Winding Halls","player_choice":"Max HP","floor":38.0,"gold_loss":0.0,"damage_taken":0.0},{"cards_removed":["Strike_G"],"damage_healed":0.0,"max_hp_gain":0.0,"max_hp_loss":0.0,"gold_gain":0.0,"event_name":"Falling","player_choice":"Removed Attack","floor":39.0,"gold_loss":0.0,"damage_taken":0.0}],"is_beta":false,"boss_relics":[{"not_picked":["Painkiller Herb","Replay:Bronze Core"],"picked":"energizedSpire:PogoStick"},{"not_picked":["reliquary:Craggleroot","SacredBark"],"picked":"conspire:SpecialSausage"}],"items_purged_floors":[4,20,33,48],"is_endless":false,"potions_floor_spawned":[13,14,16,22,28,37,42,46,50,56],"ascension_level":15}}