{"host":"fj97s2ebyjeio3oc","time":1612718487,"event":{"mods":["AchievementEnabler","BaseMod","Colored Map","Colored Powertips","Hermit","Hubris","Infinite Spire","Koishi","Minty Spire (QoL Compilation)","StSLib","The Animator","The Bug Knight","The Cursed","The Disciple","The Jungle","The Necromancer"],"gold_per_floor":[114,129,129,144,144,144,69,84,159,174,189,189,219,234,234,334,334,349,364,364,364,379,379,394,409,409,409,409,439,454,469,469,569,569,584,584,599,874,889,889,889],"floor_reached":40,"language":"ENG","playtime":3356,"items_purged":["Bash"],"score":414,"play_id":"0607be56-a219-4db5-982a-af9025e39242","local_time":"20210207182127","daily_mods":["Heirloom","Uncertain Future","Lethality"],"is_ascension_mode":false,"campfire_choices":[{"data":"Shrug It Off","floor":6.0,"key":"SMITH"},{"floor":12.0,"key":"REST"},{"data":"Metallicize","floor":15.0,"key":"SMITH"},{"data":"Iron Wave","floor":23,"key":"SMITH"},{"floor":28,"key":"REST"},{"data":"Heavy Blade","floor":32,"key":"SMITH"}],"circlet_count":0,"master_deck":["Strike_R","Strike_R","Strike_R","Strike_R","Strike_R","Defend_R","Defend_R","Iron Wave","Shrug It Off+1","infinitespire:FutureSight","Pommel Strike","Power Through","Pommel Strike","Metallicize+1","Iron Wave","Reaper","hubris:DuctTapeCard","Iron Wave+1","Metallicize+1","True Grit+1","Clash+1","Shrug It Off","infinitespire:Starlight","infinitespire:Punishment","infinitespire:FutureSight","Heavy Blade+1","Anger+1","Metallicize+1","Clash","Regret","Intimidate"],"relics":["Burning Blood","Calipers","hubris:DuctTape","hubris:TenFootPole","Philosopher\u0027s Stone","hubris:Towel","Darkstone Periapt","infinitespire:Lychee Nut","infinitespire:Cupcake","Toy Ornithopter"],"acts_visited":["Exordium","TheCity","TheBeyond"],"potions_floor_usage":[19,24,33,39],"damage_taken":[{"damage":7.0,"enemies":"2 Louse","floor":1.0,"turns":4.0},{"damage":9.0,"enemies":"Jaw Worm","floor":2.0,"turns":2.0},{"damage":9.0,"enemies":"Cultist","floor":4.0,"turns":3.0},{"damage":7.0,"enemies":"Exordium Wildlife","floor":8.0,"turns":5.0},{"damage":22.0,"enemies":"Large Slime","floor":10.0,"turns":5.0},{"damage":2.0,"enemies":"Lots of Slimes","floor":11.0,"turns":4.0},{"damage":15.0,"enemies":"HollowMod:MossKnight","floor":13.0,"turns":8.0},{"damage":2.0,"enemies":"Looter","floor":14.0,"turns":3.0},{"damage":43.0,"enemies":"Hexaghost","floor":16.0,"turns":8.0},{"damage":0,"enemies":"Spheric Guardian","floor":18,"turns":3},{"damage":20,"enemies":"Snecko","floor":19,"turns":8},{"damage":15,"enemies":"Shelled Parasite and Fungi","floor":22,"turns":7},{"damage":17,"enemies":"Centurion and Healer","floor":24,"turns":7},{"damage":52,"enemies":"Snake Plant","floor":25,"turns":7},{"damage":10,"enemies":"Nightmare","floor":29,"turns":11},{"damage":7,"enemies":"3 Cultists","floor":30,"turns":4},{"damage":4,"enemies":"Centurion and Healer","floor":31,"turns":2},{"damage":65,"enemies":"hubris:MusketHawk","floor":33,"turns":8},{"damage":21,"enemies":"3 Shapes","floor":35,"turns":3},{"damage":8,"enemies":"Orb Walker","floor":37,"turns":5},{"damage":40,"enemies":"Sphere and 2 Shapes","floor":39,"turns":5},{"damage":81,"enemies":"Nightmare","floor":40,"turns":10}],"seed_played":"8884597751285247366","potions_obtained":[{"floor":2.0,"key":"CultistPotion"},{"floor":10.0,"key":"ColorlessPotion"},{"floor":11.0,"key":"EssenceOfSteel"},{"floor":14.0,"key":"Strength Potion"},{"floor":18,"key":"EssenceOfSteel"},{"floor":24,"key":"Fruit Juice"},{"floor":31,"key":"Swift Potion"},{"floor":37,"key":"SkillPotion"}],"is_trial":false,"path_per_floor":["M","M","?","M","?","R","$","M","T","M","M","R","E","M","R","B",null,"M","M","?","?","M","R","M","M","T","AVR","R","NM","M","M","R","B",null,"M","AVR","M","?","M","NM"],"character_chosen":"IRONCLAD","items_purchased":[],"campfire_rested":2,"item_purchase_floors":[],"current_hp_per_floor":[79,76,76,73,53,53,53,52,52,36,40,64,55,59,59,22,80,80,73,73,73,71,71,74,33,33,33,58,63,63,63,63,24,63,63,63,63,69,54,0,0],"gold":889,"neow_bonus":"","is_daily":true,"chose_seed":false,"campfire_upgraded":4,"win_rate":0.0,"timestamp":1612718487,"path_taken":["M","M","?","M","?","R","$","M","T","M","?","R","E","M","R","BOSS","M","M","?","?","?","R","M","M","T","AVR","R","NM","M","M","R","BOSS","M","AVR","M","?","M","NM"],"items_purchased_type":[],"build_version":"2020-12-22","purchased_purges":1,"victory":false,"max_hp_per_floor":[80,80,80,80,80,80,80,80,80,80,80,80,80,80,80,80,80,80,80,80,80,80,80,85,85,85,85,85,63,63,63,63,63,63,63,63,63,69,69,69,69],"card_choices":[{"not_picked":["Perfected Strike","Clothesline"],"picked":"Iron Wave","floor":1.0},{"not_picked":["Pommel Strike","Clash"],"picked":"Shrug It Off","floor":2.0},{"not_picked":["Combust","Wild Strike","Dark Embrace"],"picked":"SKIP","floor":4.0},{"not_picked":["hubris:InfiniteBlow","hubris:Rewind"],"picked":"infinitespire:FutureSight","floor":5.0},{"not_picked":["Sword Boomerang","Thunderclap"],"picked":"Pommel Strike","floor":8.0},{"not_picked":["True Grit","Body Slam"],"picked":"Power Through","floor":10.0},{"not_picked":["True Grit","hubris:CleavingFinish"],"picked":"Pommel Strike","floor":11.0},{"not_picked":["Heavy Blade","Perfected Strike"],"picked":"Metallicize","floor":13.0},{"not_picked":["Pummel","Sword Boomerang"],"picked":"Iron Wave","floor":14.0},{"not_picked":["Brutality","Corruption"],"picked":"Reaper","floor":16.0},{"not_picked":["Bloodletting","Perfected Strike","Thunderclap"],"picked":"SKIP","floor":18},{"not_picked":["Wild Strike","Thunderclap"],"picked":"Iron Wave","floor":19},{"not_picked":["Body Slam","Wild Strike"],"picked":"True Grit+1","floor":22},{"not_picked":["Hemokinesis+1","Intimidate"],"picked":"Clash+1","floor":24},{"not_picked":["Headbutt+1","Wild Strike+1"],"picked":"Shrug It Off","floor":25},{"not_picked":["infinitespire:Collect","hubris:Fate"],"picked":"infinitespire:FutureSight","floor":29},{"not_picked":["Dark Embrace","Reckless Charge"],"picked":"Heavy Blade","floor":29},{"not_picked":["Berserk","Rampage"],"picked":"Anger+1","floor":30},{"not_picked":["Headbutt+1","Clothesline+1","Dropkick+1"],"picked":"SKIP","floor":31},{"not_picked":["Power Through+1","Seeing Red"],"picked":"Metallicize+1","floor":35},{"not_picked":["Wild Strike","Bloodletting+1"],"picked":"Clash","floor":37},{"not_picked":["Pommel Strike","Ghostly Armor+1"],"picked":"Intimidate","floor":39}],"player_experience":464844,"relics_obtained":[{"floor":9.0,"key":"hubris:DuctTape"},{"floor":13.0,"key":"hubris:TenFootPole"},{"floor":26,"key":"Darkstone Periapt"},{"floor":29,"key":"infinitespire:Lychee Nut"}],"event_choices":[{"damage_healed":0,"gold_gain":0,"player_choice":"Copied","damage_taken":0,"max_hp_gain":0,"max_hp_loss":0,"event_name":"Duplicator","floor":21,"gold_loss":0,"cards_obtained":["Metallicize"]},{"damage_healed":0,"gold_gain":275,"player_choice":"Desecrate","damage_taken":0,"max_hp_gain":0,"max_hp_loss":0,"event_name":"Golden Shrine","floor":38,"gold_loss":0,"cards_obtained":["Regret"]}],"is_beta":false,"boss_relics":[{"not_picked":["Runic Pyramid","Calling Bell"],"picked":"Philosopher\u0027s Stone"},{"not_picked":["Astrolabe","hubris:GrandSneckoEye"],"picked":"infinitespire:Cupcake"}],"items_purged_floors":[7],"is_endless":true,"potions_floor_spawned":[2,10,11,14,18,24,31,37],"killed_by":"Nightmare","ascension_level":0}}