{"host":"gjbmv0wqve0qfw94","time":1612676633,"event":{"mods":["BaseMod","Colored Map","Colored Powertips","DeckTracker","Googly Eyes","Minty Spire (QoL Compilation)","StSLib"],"gold_per_floor":[114,132,132,142,152,152,183,183,210,210,210,237,237,237],"floor_reached":13,"language":"ENG","playtime":322,"items_purged":[],"score":166,"play_id":"1d149f3c-c270-4da3-bbb7-4c2a38d6c465","local_time":"20210207064353","is_ascension_mode":true,"campfire_choices":[{"data":"Crippling Poison","floor":6.0,"key":"SMITH"},{"data":"Noxious Fumes","floor":8.0,"key":"SMITH"}],"circlet_count":0,"master_deck":["AscendersBane","Strike_G","Strike_G","Strike_G","Strike_G","Defend_G","Defend_G","Defend_G","Defend_G","Survivor","Neutralize","Crippling Poison+1","Bane","Noxious Fumes+1","Crippling Poison","Poisoned Stab","Escape Plan"],"relics":["Ring of the Snake","Happy Flower","Bronze Scales","Odd Mushroom"],"acts_visited":["Exordium"],"potions_floor_usage":[],"damage_taken":[{"damage":1.0,"enemies":"Small Slimes","floor":1.0,"turns":3.0},{"damage":0.0,"enemies":"2 Louse","floor":2.0,"turns":4.0},{"damage":4.0,"enemies":"Cultist","floor":4.0,"turns":3.0},{"damage":8.0,"enemies":"3 Louse","floor":5.0,"turns":4.0},{"damage":27.0,"enemies":"Gremlin Nob","floor":7.0,"turns":4.0},{"damage":15.0,"enemies":"The Mushroom Lair","floor":12.0,"turns":3.0},{"damage":10,"enemies":"Lagavulin","floor":13,"turns":3}],"seed_played":"5712316228996090342","potions_obtained":[{"floor":1.0,"key":"LiquidBronze"},{"floor":12.0,"key":"SteroidPotion"}],"is_trial":false,"path_per_floor":["M","M","?","M","M","R","E","R","T","?","?","?","E"],"character_chosen":"THE_SILENT","items_purchased":[],"campfire_rested":0,"item_purchase_floors":[],"current_hp_per_floor":[58,58,63,59,51,51,24,24,24,17,17,2,0,0],"gold":237,"neow_bonus":"REMOVE_CARD","is_daily":false,"chose_seed":false,"campfire_upgraded":2,"win_rate":0.0,"timestamp":1612676633,"path_taken":["M","M","?","M","M","R","E","R","T","?","?","?","E"],"items_purchased_type":[],"build_version":"2020-12-22","purchased_purges":0,"victory":false,"max_hp_per_floor":[66,66,71,71,71,71,71,71,71,71,71,71,71,71],"card_choices":[{"not_picked":["Infinite Blades","Bane"],"picked":"Crippling Poison","floor":1.0},{"not_picked":["Dodge and Roll","Dagger Spray"],"picked":"Bane","floor":2.0},{"not_picked":["Deflect","Calculated Gamble"],"picked":"Noxious Fumes","floor":4.0},{"not_picked":["Terror","Escape Plan"],"picked":"Crippling Poison","floor":5.0},{"not_picked":["Endless Agony","Prepared"],"picked":"Poisoned Stab","floor":7.0},{"not_picked":["Dodge and Roll","Skewer"],"picked":"Escape Plan","floor":12.0}],"player_experience":1211964,"relics_obtained":[{"floor":7.0,"key":"Happy Flower"},{"floor":9.0,"key":"Bronze Scales"},{"floor":12.0,"key":"Odd Mushroom"}],"event_choices":[{"damage_healed":0.0,"max_hp_gain":5.0,"max_hp_loss":0.0,"gold_gain":0.0,"event_name":"Big Fish","player_choice":"Donut","floor":3.0,"gold_loss":0.0,"damage_taken":0.0},{"cards_removed":["Strike_G"],"damage_healed":0.0,"max_hp_gain":0.0,"max_hp_loss":0.0,"gold_gain":0.0,"event_name":"Golden Wing","player_choice":"Card Removal","floor":10.0,"gold_loss":0.0,"damage_taken":7.0},{"damage_healed":0.0,"max_hp_gain":0.0,"max_hp_loss":0.0,"gold_gain":0.0,"event_name":"Dead Adventurer","player_choice":"Searched \u00270\u0027 times","floor":11.0,"gold_loss":0.0,"damage_taken":0.0},{"damage_healed":0.0,"max_hp_gain":0.0,"max_hp_loss":0.0,"gold_gain":0.0,"event_name":"Mushrooms","player_choice":"Fought Mushrooms","floor":12.0,"gold_loss":0.0,"damage_taken":0.0}],"is_beta":false,"boss_relics":[],"items_purged_floors":[],"is_endless":false,"potions_floor_spawned":[1,12],"killed_by":"Lagavulin","ascension_level":20}}