{"host":"dl909bjyolgrn2uw","time":1612720027,"event":{"mods":["2.2 Compatiblity","AlwaysNeverKeys","BaseMod","Bestiary","Better Altar","Better Note","Better Sensory Stone","Better Skull","Better Vampires","Better-Laid Plans","BetterRewards","Colored Powertips","Curses Come First","Disable Question Mark Monsters","Displayed Cursed Tome","Emptier Cage","Evolution","Minty Spire (QoL Compilation)","Permanent Neow","Quick Restart","Rare Cards Sparkle","Relic Stats","Shop Mod","Spicy Shops","StSLib","SuperFastMode","Transform Curses"],"gold_per_floor":[112,131,147,147,164,196,196,226,253,253,253,288,288,288,288,365,365,379,394,12,26,37,72,72,100,100,112,147,176,204,238,238,310,310,323,348,368,385,352,352,369,399,435,474,226,226,226,246,246,246,246,246,246,10,38,38],"floor_reached":57,"language":"ENG","playtime":3483,"items_purged":["Masterful Stab+1"],"score":4646,"play_id":"36442a00-6689-4f8c-8740-ad0556cabf65","local_time":"20210207114707","is_ascension_mode":true,"campfire_choices":[{"data":"Well Laid Plans","floor":7.0,"key":"SMITH"},{"data":"Adrenaline","floor":10.0,"key":"SMITH"},{"data":"Survivor","floor":15.0,"key":"SMITH"},{"data":"Accuracy","floor":24.0,"key":"SMITH"},{"data":"After Image","floor":32.0,"key":"SMITH"},{"data":"1","floor":40.0,"key":"LIFT"},{"data":"2","floor":46.0,"key":"LIFT"},{"floor":49.0,"key":"RECALL"},{"data":"3","floor":53.0,"key":"LIFT"}],"circlet_count":0,"master_deck":["AscendersBane","Flying Knee","Bane+1","Flying Knee","Bane+1","Flying Knee","Defend_G","Defend_G+1","Defend_G","Defend_G","Defend_G+1","Survivor+1","Neutralize+1","Adrenaline+1","Well Laid Plans+1","Backflip+1","Acrobatics+1","Backflip+1","Blade Dance+1","Outmaneuver+1","Dagger Throw+1","Cloak And Dagger+1","Quick Slash+1","Predator+1","Blade Dance+1","Bouncing Flask+1","Malaise+1","Cloak And Dagger+1","Blade Dance+1","Outmaneuver+1","Prepared+1","Sucker Punch+1","Accuracy+1","Burst+1","Prepared+1","Blur+1","Outmaneuver+1","After Image+1","PiercingWail+1","Acrobatics+1","Backflip+1","Acrobatics+1","Calculated Gamble+1","Backflip+1","Backflip+1","Envenom","Blade Dance+1","Backflip+1","Cloak And Dagger+1","Acrobatics+1","Prepared+1","Backflip+1"],"relics":["Ring of the Snake","EVO:Axolotl","Membership Card","Ninja Scroll","White Beast Statue","Ornamental Fan","InkBottle","Ice Cream","Torii","Toxic Egg 2","Whetstone","Lantern","Question Card","Shuriken","DollysMirror","Molten Egg 2","Potion Belt","Calipers","Du-Vu Doll","Akabeko","Strawberry","Regal Pillow","The Courier","Philosopher\u0027s Stone","OrangePellets","Toy Ornithopter","Mummified Hand","Pen Nib","Bag of Marbles","Anchor","Art of War","WingedGreaves","Darkstone Periapt","Letter Opener","The Specimen","WristBlade","Girya","MawBank","Vajra","FossilizedHelix","Lizard Tail","Bottled Tornado","Turnip","Paper Crane"],"acts_visited":["Exordium","TheCity","TheBeyond","TheEnding"],"potions_floor_usage":[56,56,56,56],"damage_taken":[{"damage":0.0,"enemies":"Small Slimes","floor":1.0,"turns":1.0},{"damage":0.0,"enemies":"2 Louse","floor":2.0,"turns":1.0},{"damage":0.0,"enemies":"Cultist","floor":3.0,"turns":2.0},{"damage":0.0,"enemies":"3 Louse","floor":5.0,"turns":3.0},{"damage":0.0,"enemies":"3 Sentries","floor":6.0,"turns":3.0},{"damage":0.0,"enemies":"Lagavulin","floor":8.0,"turns":2.0},{"damage":0.0,"enemies":"Gremlin Nob","floor":12.0,"turns":1.0},{"damage":5.0,"enemies":"The Guardian","floor":16.0,"turns":5.0},{"damage":0.0,"enemies":"2 Thieves","floor":18.0,"turns":1.0},{"damage":0.0,"enemies":"Shell Parasite","floor":19.0,"turns":1.0},{"damage":0.0,"enemies":"Snake Plant","floor":21.0,"turns":2.0},{"damage":0.0,"enemies":"Centurion and Healer","floor":22.0,"turns":1.0},{"damage":0.0,"enemies":"Book of Stabbing","floor":23.0,"turns":1.0},{"damage":0.0,"enemies":"Slavers","floor":25.0,"turns":1.0},{"damage":0.0,"enemies":"Sentry and Sphere","floor":27.0,"turns":1.0},{"damage":0.0,"enemies":"Gremlin Leader","floor":28.0,"turns":2.0},{"damage":0.0,"enemies":"Slavers","floor":29.0,"turns":1.0},{"damage":0.0,"enemies":"Book of Stabbing","floor":30.0,"turns":5.0},{"damage":0.0,"enemies":"Slavers","floor":31.0,"turns":2.0},{"damage":0.0,"enemies":"Champ","floor":33.0,"turns":4.0},{"damage":0.0,"enemies":"Orb Walker","floor":35.0,"turns":1.0},{"damage":0.0,"enemies":"Mind Bloom Boss Battle","floor":36.0,"turns":2.0},{"damage":0.0,"enemies":"3 Shapes","floor":37.0,"turns":1.0},{"damage":0.0,"enemies":"Jaw Worm Horde","floor":38.0,"turns":1.0},{"damage":0.0,"enemies":"Maw","floor":41.0,"turns":1.0},{"damage":0.0,"enemies":"Reptomancer","floor":42.0,"turns":2.0},{"damage":0.0,"enemies":"Nemesis","floor":44.0,"turns":3.0},{"damage":0.0,"enemies":"Writhing Mass","floor":48.0,"turns":2.0},{"damage":0.0,"enemies":"Donu and Deca","floor":50.0,"turns":2.0},{"damage":0.0,"enemies":"Awakened One","floor":51.0,"turns":4.0},{"damage":0,"enemies":"Shield and Spear","floor":55,"turns":2},{"damage":2,"enemies":"The Heart","floor":56,"turns":5}],"seed_played":"-8690509434159415107","potions_obtained":[{"floor":1.0,"key":"BlessingOfTheForge"},{"floor":2.0,"key":"DistilledChaos"},{"floor":3.0,"key":"SneckoOil"},{"floor":5.0,"key":"Regen Potion"},{"floor":6.0,"key":"Weak Potion"},{"floor":16.0,"key":"Strength Potion"},{"floor":22.0,"key":"Dexterity Potion"},{"floor":25.0,"key":"CunningPotion"},{"floor":31.0,"key":"PowerPotion"},{"floor":36.0,"key":"SteroidPotion"},{"floor":44.0,"key":"Strength Potion"},{"floor":55,"key":"Ancient Potion"}],"is_trial":false,"path_per_floor":["M","M","M","?","M","E","R","E","T","R","?","E","?","T","R","B",null,"M","M","$","M","M","E","R","E","T","M","E","E","E","E","R","B",null,"M","?","M","M","$","R","M","E","T","E","$","R","$","M","R","B","B",null,"R","$","E","B",null],"character_chosen":"THE_SILENT","items_purchased":["Membership Card","Ninja Scroll","White Beast Statue","Ornamental Fan","InkBottle","Adrenaline","Ice Cream","Torii","Toxic Egg 2","Whetstone","Well Laid Plans","Backflip+1","Acrobatics+1","Lantern","Question Card","Shuriken","DollysMirror","Molten Egg 2","Blade Dance+1","Potion Belt","OrangePellets","Toy Ornithopter","Mummified Hand","Pen Nib","Bag of Marbles","Outmaneuver+1","Calculated Gamble+1","Lizard Tail","Blade Dance+1","Backflip+1","Cloak And Dagger+1","Acrobatics+1","Bottled Tornado","Turnip"],"campfire_rested":0,"item_purchase_floors":[0,0,0,0,0,0,0,0,0,0,0,0,0,0,0,0,0,0,0,0,20,20,20,20,20,20,39,45,45,45,45,45,54,54],"current_hp_per_floor":[59,59,59,39,39,39,39,39,46,46,46,46,51,51,51,61,74,74,74,74,74,74,74,74,74,74,74,74,74,74,74,74,74,77,77,77,77,77,77,77,77,77,77,77,77,77,77,77,77,77,77,78,78,78,78,76],"gold":38,"neow_bonus":"","is_daily":false,"chose_seed":false,"campfire_upgraded":5,"win_rate":0.0,"timestamp":1612720027,"path_taken":["M","M","M","?","M","E","R","E","T","R","?","E","?","?","R","BOSS","M","M","$","?","M","E","R","E","T","M","E","E","E","E","R","BOSS","M","?","M","M","$","R","M","E","T","E","$","R","$","M","R","BOSS","BOSS","R","$","E","BOSS"],"items_purchased_type":["Relic","Relic","Relic","Relic","Relic","Card","Relic","Relic","Relic","Relic","Card","Card","Card","Relic","Relic","Relic","Relic","Relic","Card","Relic","Relic","Relic","Relic","Relic","Relic","Card","Card","Relic","Card","Card","Card","Card","Relic","Relic"],"build_version":"2020-12-22","purchased_purges":1,"victory":true,"max_hp_per_floor":[66,66,66,66,66,66,66,66,73,73,73,73,78,78,78,78,78,78,78,78,78,78,78,78,78,78,78,78,78,78,78,78,78,78,78,78,78,78,78,78,78,78,78,78,78,78,78,78,78,78,78,78,78,78,78,78],"relic_stats":{"Darkstone Periapt":0,"Regal Pillow":0,"Torii":0,"counters":[297,1115],"Pen Nib":[31],"Whetstone":["Bane","Bane"],"Letter Opener":[267],"Question Card":29,"MawBank":36,"OrangePellets":[12],"Lizard Tail":0,"Ornamental Fan":[868],"Shuriken":[229],"Mummified Hand":[141],"Turnip":[19],"Art of War":[1],"obtain_stats":[{"TwistedFunnel":0,"Whetstone":46,"Ginger":45,"Bottled Tornado":54,"Boot":48,"Sling":37,"Old Coin":40,"Blood Vial":9,"Sundial":7,"MealTicket":7,"Necronomicon":20,"Kunai":48,"Tingsha":8,"Eternal Feather":9,"Pen Nib":24,"Paper Crane":12,"Akabeko":42,"Runic Dome":0,"SlaversCollar":34,"MutagenicStrength":22,"Pandora\u0027s Box":17,"StrikeDummy":31,"Regal Pillow":11,"Lantern":0,"Singing Bowl":9,"Torii":0,"StoneCalendar":28,"Bag of Preparation":46,"Ancient Tea Set":0,"Cursed Key":34,"Smiling Mask":7,"Shovel":45,"WristBlade":34,"Ninja Scroll":25,"WingedGreaves":36,"InkBottle":43,"Ring of the Snake":0,"Potion Belt":26,"Inserter":17,"The Specimen":31,"Golden Idol":3,"Thread and Needle":43,"PreservedInsect":0,"The Courier":14,"Omamori":23,"Frozen Egg 2":29,"MawBank":12,"Busted Crown":34,"Ornamental Fan":47,"Bloody Idol":19,"Orrery":0,"Turnip":40,"Art of War":27,"Bottled Lightning":25,"Toy Ornithopter":48,"Ice Cream":19,"Mark of the Bloom":37,"Calipers":0,"Gremlin Horn":9,"CeramicFish":25,"Vajra":6,"HoveringKite":34,"EVO:Axolotl":0,"Centennial Puzzle":43,"Lizard Tail":45,"HornCleat":29,"DollysMirror":47,"Strawberry":27,"Prayer Wheel":0,"Philosopher\u0027s Stone":17,"Toxic Egg 2":37,"Girya":36,"Happy Flower":36,"Astrolabe":17,"Dead Branch":27,"Oddly Smooth Stone":0,"Letter Opener":26,"War Paint":12,"Question Card":12,"Du-Vu Doll":12,"OrangePellets":0,"Bottled Flame":47,"Shuriken":46,"Bronze Scales":26,"Molten Egg 2":43,"Meat on the Bone":47,"Darkstone Periapt":24,"Mango":14,"Snake Skull":19,"Juzu Bracelet":8,"ClockworkSouvenir":47,"Dream Catcher":12,"Nunchaku":37,"Tough Bandages":54,"TheAbacus":36,"Mummified Hand":6,"Pantograph":6,"Gambling Chip":0,"Tiny Chest":27,"Red Mask":30,"Cracked Core":0,"Runic Pyramid":17,"Orichalcum":31,"Medical Kit":48,"White Beast Statue":40,"Mercury Hourglass":31,"Peace Pipe":44,"CaptainsWheel":42,"Anchor":26,"Coffee Dripper":0,"Bag of Marbles":0,"Membership Card":19,"FossilizedHelix":37},{"TwistedFunnel":143,"Whetstone":86,"Ginger":201,"Bottled Tornado":295,"Boot":87,"Sling":106,"Old Coin":138,"Blood Vial":148,"Sundial":208,"MealTicket":6,"Necronomicon":12,"Kunai":142,"Tingsha":118,"Eternal Feather":209,"Pen Nib":14,"Paper Crane":68,"Akabeko":85,"Runic Dome":1,"SlaversCollar":224,"MutagenicStrength":156,"Pandora\u0027s Box":97,"StrikeDummy":79,"Regal Pillow":95,"Lantern":265,"Singing Bowl":6,"Torii":265,"StoneCalendar":78,"Bag of Preparation":202,"Ancient Tea Set":18,"Cursed Key":163,"Smiling Mask":177,"Shovel":110,"WristBlade":285,"Ninja Scroll":49,"WingedGreaves":82,"InkBottle":139,"Ring of the Snake":0,"Potion Belt":49,"Inserter":28,"The Specimen":284,"Golden Idol":62,"Thread and Needle":108,"PreservedInsect":33,"The Courier":272,"Omamori":47,"Frozen Egg 2":192,"MawBank":181,"Busted Crown":52,"Ornamental Fan":59,"Bloody Idol":125,"Orrery":60,"Turnip":228,"Art of War":15,"Bottled Lightning":77,"Toy Ornithopter":142,"Ice Cream":12,"Mark of the Bloom":225,"Calipers":265,"Gremlin Horn":24,"CeramicFish":248,"Vajra":65,"HoveringKite":195,"EVO:Axolotl":0,"Centennial Puzzle":57,"Lizard Tail":292,"HornCleat":102,"DollysMirror":59,"Strawberry":101,"Prayer Wheel":88,"Philosopher\u0027s Stone":273,"Toxic Egg 2":165,"Girya":287,"Happy Flower":196,"Astrolabe":70,"Dead Branch":129,"Oddly Smooth Stone":60,"Letter Opener":14,"War Paint":41,"Question Card":211,"Du-Vu Doll":8,"OrangePellets":33,"Bottled Flame":202,"Shuriken":86,"Bronze Scales":219,"Molten Egg 2":85,"Meat on the Bone":59,"Darkstone Periapt":128,"Mango":27,"Snake Skull":98,"Juzu Bracelet":24,"ClockworkSouvenir":59,"Dream Catcher":26,"Nunchaku":82,"Tough Bandages":263,"TheAbacus":196,"Mummified Hand":239,"Pantograph":38,"Gambling Chip":88,"Tiny Chest":159,"Red Mask":50,"Cracked Core":0,"Runic Pyramid":43,"Orichalcum":17,"Medical Kit":142,"White Beast Statue":56,"Mercury Hourglass":51,"Peace Pipe":58,"CaptainsWheel":57,"Anchor":77,"Coffee Dripper":0,"Bag of Marbles":173,"Membership Card":12,"FossilizedHelix":106},{"TwistedFunnel":611,"Whetstone":410,"Ginger":815,"Bottled Tornado":1108,"Boot":415,"Sling":499,"Old Coin":596,"Blood Vial":628,"Sundial":838,"MealTicket":19,"Necronomicon":38,"Kunai":608,"Tingsha":545,"Eternal Feather":841,"Pen Nib":45,"Paper Crane":298,"Akabeko":405,"Runic Dome":1,"SlaversCollar":902,"MutagenicStrength":656,"Pandora\u0027s Box":462,"StrikeDummy":361,"Regal Pillow":453,"Lantern":1049,"Singing Bowl":19,"Torii":1049,"StoneCalendar":352,"Bag of Preparation":818,"Ancient Tea Set":58,"Cursed Key":683,"Smiling Mask":743,"Shovel":515,"WristBlade":1089,"Ninja Scroll":216,"WingedGreaves":386,"InkBottle":601,"Ring of the Snake":0,"Potion Belt":216,"Inserter":101,"The Specimen":1085,"Golden Idol":283,"Thread and Needle":503,"PreservedInsect":129,"The Courier":1062,"Omamori":203,"Frozen Egg 2":789,"MawBank":755,"Busted Crown":236,"Ornamental Fan":275,"Bloody Idol":561,"Orrery":280,"Turnip":926,"Art of War":48,"Bottled Lightning":347,"Toy Ornithopter":608,"Ice Cream":38,"Mark of the Bloom":913,"Calipers":1049,"Gremlin Horn":75,"CeramicFish":996,"Vajra":292,"HoveringKite":801,"EVO:Axolotl":0,"Centennial Puzzle":264,"Lizard Tail":1100,"HornCleat":482,"DollysMirror":275,"Strawberry":479,"Prayer Wheel":422,"Philosopher\u0027s Stone":1067,"Toxic Egg 2":689,"Girya":1092,"Happy Flower":802,"Astrolabe":312,"Dead Branch":574,"Oddly Smooth Stone":280,"Letter Opener":45,"War Paint":165,"Question Card":848,"Du-Vu Doll":23,"OrangePellets":129,"Bottled Flame":818,"Shuriken":410,"Bronze Scales":878,"Molten Egg 2":405,"Meat on the Bone":275,"Darkstone Periapt":568,"Mango":90,"Snake Skull":468,"Juzu Bracelet":75,"ClockworkSouvenir":275,"Dream Catcher":86,"Nunchaku":386,"Tough Bandages":1040,"TheAbacus":802,"Mummified Hand":971,"Pantograph":148,"Gambling Chip":422,"Tiny Chest":665,"Red Mask":221,"Cracked Core":0,"Runic Pyramid":178,"Orichalcum":55,"Medical Kit":608,"White Beast Statue":258,"Mercury Hourglass":229,"Peace Pipe":270,"CaptainsWheel":264,"Anchor":347,"Coffee Dripper":0,"Bag of Marbles":735,"Membership Card":38,"FossilizedHelix":499}],"InkBottle":[71],"Toy Ornithopter":0,"Ring of the Snake":[526]},"card_choices":[{"not_picked":["Underhanded Strike+1","Heel Hook+1","Catalyst+1"],"picked":"Outmaneuver+1","floor":1.0},{"not_picked":["Poisoned Stab+1","Masterful Stab+1","Deadly Poison+1"],"picked":"Dagger Throw+1","floor":2.0},{"not_picked":["Acrobatics+1","Skewer+1","Dagger Spray+1"],"picked":"Cloak And Dagger+1","floor":3.0},{"not_picked":["Flying Knee+1","Dodge and Roll+1","Caltrops"],"picked":"Quick Slash+1","floor":5.0},{"not_picked":["Deflect+1","Finisher+1","Dagger Throw+1"],"picked":"Predator+1","floor":6.0},{"not_picked":["Dodge and Roll+1","Outmaneuver+1","Catalyst+1"],"picked":"Blade Dance+1","floor":8.0},{"not_picked":["Heel Hook+1","Flying Knee+1","Catalyst+1"],"picked":"Bouncing Flask+1","floor":12.0},{"not_picked":["Adrenaline+1","Tools of the Trade","Corpse Explosion+1"],"picked":"Malaise+1","floor":16.0},{"not_picked":["Outmaneuver+1","Dagger Spray+1","Deflect+1"],"picked":"Cloak And Dagger+1","floor":18.0},{"not_picked":["Bane+1","Backflip+1","Accuracy+1"],"picked":"Blade Dance+1","floor":19.0},{"not_picked":["Dodge and Roll+1","Flechettes+1","Dagger Spray+1"],"picked":"Prepared+1","floor":21.0},{"not_picked":["Slice+1","Tools of the Trade","Endless Agony+1"],"picked":"Sucker Punch+1","floor":22.0},{"not_picked":["Concentrate+1","Prepared+1","Slice+1"],"picked":"Accuracy","floor":23.0},{"not_picked":["Accuracy","Endless Agony+1","Bouncing Flask+1"],"picked":"Burst+1","floor":25.0},{"not_picked":["Underhanded Strike+1","Dagger Spray+1","Outmaneuver+1"],"picked":"Prepared+1","floor":27.0},{"not_picked":["Outmaneuver+1","Infinite Blades","Envenom","Bane+1"],"picked":"SKIP","floor":28.0},{"not_picked":["Deflect+1","Riddle With Holes+1","Backstab+1"],"picked":"Blur+1","floor":29.0},{"not_picked":["Dodge and Roll+1","Slice+1","Glass Knife+1"],"picked":"Outmaneuver+1","floor":30.0},{"not_picked":["Flying Knee+1","Cloak And Dagger+1","Accuracy"],"picked":"After Image","floor":31.0},{"not_picked":["Poisoned Stab+1","Prepared+1","Flying Knee+1"],"picked":"PiercingWail+1","floor":35.0},{"not_picked":["Die Die Die+1","All Out Attack+1","Finisher+1"],"picked":"Acrobatics+1","floor":36.0},{"not_picked":["Bouncing Flask+1","Endless Agony+1","Expertise+1"],"picked":"Backflip+1","floor":37.0},{"not_picked":["Deadly Poison+1","Expertise+1","Prepared+1"],"picked":"Acrobatics+1","floor":38.0},{"not_picked":["Outmaneuver+1","Masterful Stab+1","Sucker Punch+1"],"picked":"Backflip+1","floor":41.0},{"not_picked":["Catalyst+1","Underhanded Strike+1","Deadly Poison+1"],"picked":"Backflip+1","floor":42.0},{"not_picked":["Endless Agony+1","Outmaneuver+1","Catalyst+1"],"picked":"Envenom","floor":44.0},{"not_picked":["Poisoned Stab+1","Flying Knee+1","All Out Attack+1"],"picked":"Prepared+1","floor":48.0},{"not_picked":["Sucker Punch+1","Acrobatics+1","Corpse Explosion+1"],"picked":"Backflip+1","floor":55}],"player_experience":353804,"relics_obtained":[{"floor":6.0,"key":"Du-Vu Doll"},{"floor":8.0,"key":"Akabeko"},{"floor":9.0,"key":"Strawberry"},{"floor":12.0,"key":"Regal Pillow"},{"floor":14.0,"key":"The Courier"},{"floor":23.0,"key":"Anchor"},{"floor":25.0,"key":"Art of War"},{"floor":28.0,"key":"WingedGreaves"},{"floor":29.0,"key":"Darkstone Periapt"},{"floor":30.0,"key":"Letter Opener"},{"floor":31.0,"key":"The Specimen"},{"floor":36.0,"key":"Girya"},{"floor":42.0,"key":"MawBank"},{"floor":43.0,"key":"Vajra"},{"floor":44.0,"key":"FossilizedHelix"},{"floor":55,"key":"Paper Crane"}],"event_choices":[{"damage_healed":0.0,"max_hp_gain":0.0,"max_hp_loss":0.0,"gold_gain":0.0,"event_name":"Shining Light","player_choice":"Entered Light","floor":4.0,"gold_loss":0.0,"damage_taken":20.0,"cards_upgraded":["Defend_G","Defend_G"]},{"damage_healed":0.0,"max_hp_gain":0.0,"max_hp_loss":0.0,"gold_gain":0.0,"event_name":"Living Wall","player_choice":"Grow","floor":11.0,"gold_loss":0.0,"damage_taken":0.0,"cards_upgraded":["Neutralize"]},{"damage_healed":0.0,"max_hp_gain":5.0,"max_hp_loss":0.0,"gold_gain":0.0,"event_name":"Big Fish","player_choice":"Donut","floor":13.0,"gold_loss":0.0,"damage_taken":0.0},{"damage_healed":0.0,"max_hp_gain":0.0,"max_hp_loss":0.0,"gold_gain":0.0,"event_name":"MindBloom","player_choice":"Fight","floor":36.0,"gold_loss":0.0,"damage_taken":0.0}],"is_beta":false,"boss_relics":[{"not_picked":["Sozu","Ring of the Serpent"],"picked":"Philosopher\u0027s Stone"},{"not_picked":["SacredBark","Tiny House"],"picked":"WristBlade"}],"items_purged_floors":[45],"is_endless":false,"potions_floor_spawned":[1,2,3,5,6,8,12,16,18,19,21,22,23,25,27,28,29,30,31,33,35,36,37,38,41,42,44,48,55],"ascension_level":20}}