{"host":"eaiphzh066bwqdh7","time":1612739944,"event":{"mods":["BaseMod","Better Note","Halation","Hubris","Minty Spire (QoL Compilation)","Reliquary","Replay The Spire","StSLib"],"gold_per_floor":[113,113,123,26,42,71,85,85,85,85,85,98,98,118,118,221,221,233,143,158,158,83,83,99,113,113,13,27,27,27,44,44,139,139,152,152,162,162,181,181,38,70,70,70,89,100,100,100,100,100,100],"floor_reached":50,"language":"ENG","playtime":1763,"items_purged":["Strike_G","Strike_G"],"score":593,"play_id":"21eb29f6-9d21-41f7-a84c-0345cddea521","local_time":"20210207181904","is_ascension_mode":true,"campfire_choices":[{"floor":8,"key":"REST"},{"data":"Unload","floor":10,"key":"SMITH"},{"data":"Noxious Fumes","floor":13,"key":"SMITH"},{"data":"Neutralize","floor":15,"key":"SMITH"},{"floor":23,"key":"REST"},{"floor":29,"key":"REST"},{"floor":32,"key":"REST"},{"floor":40,"key":"REST"},{"floor":44,"key":"REST"},{"floor":49,"key":"REST"}],"circlet_count":0,"master_deck":["Defend_G","Defend_G","Defend_G+1","Survivor","Neutralize+1","Unload+1","Backflip+1","Slice","Slice","Slice","Noxious Fumes+1","Adrenaline","Draining Mist+1","Deadly Poison+1","After Image+1","Adrenaline+1"],"relics":["Ring of the Snake","Spirit Poop","Snake Skull","hubris:Potato","Empty Cage","halation:EternalFortune","Eternal Feather","hubris:ScarierMask","Juzu Bracelet","hubris:AncientText","Blue Candle"],"acts_visited":["Exordium","TheCity","TheBeyond"],"potions_floor_usage":[7,16,28,33,33,37,42,45,50],"damage_taken":[{"damage":0,"enemies":"Small Slimes","floor":1,"turns":3},{"damage":0,"enemies":"Cultist","floor":3,"turns":3},{"damage":0,"enemies":"Jaw Worm","floor":5,"turns":2},{"damage":12,"enemies":"3 Sentries","floor":6,"turns":8},{"damage":1,"enemies":"Gremlin Gang","floor":7,"turns":5},{"damage":0,"enemies":"Looter","floor":12,"turns":2},{"damage":0,"enemies":"Exordium Wildlife","floor":14,"turns":3},{"damage":10,"enemies":"Hexaghost","floor":16,"turns":9},{"damage":21,"enemies":"Spheric Guardian","floor":18,"turns":4},{"damage":0,"enemies":"Chosen","floor":20,"turns":4},{"damage":15,"enemies":"Snecko","floor":24,"turns":5},{"damage":23,"enemies":"Centurion and Healer","floor":25,"turns":7},{"damage":14,"enemies":"Snake Plant","floor":28,"turns":4},{"damage":4,"enemies":"Cultist and Chosen","floor":31,"turns":5},{"damage":20,"enemies":"Pondfish","floor":33,"turns":8},{"damage":13,"enemies":"3 Darklings","floor":35,"turns":4},{"damage":0,"enemies":"3 Shapes","floor":37,"turns":3},{"damage":12,"enemies":"Maw","floor":39,"turns":8},{"damage":37,"enemies":"Nemesis","floor":42,"turns":7},{"damage":17,"enemies":"Jaw Worm Horde","floor":45,"turns":3},{"damage":10,"enemies":"3 Darklings","floor":46,"turns":6},{"damage":81,"enemies":"Awakened One","floor":50,"turns":13}],"seed_played":"-7375481659961468030","potions_obtained":[{"floor":3,"key":"LifebloodPotion"},{"floor":6,"key":"BlessingOfTheForge"},{"floor":16,"key":"Explosive Potion"},{"floor":24,"key":"SpeedPotion"},{"floor":25,"key":"PowerPotion"},{"floor":31,"key":"Flashbang"},{"floor":35,"key":"Block Potion"},{"floor":37,"key":"Elixir"},{"floor":39,"key":"Poison Potion"},{"floor":46,"key":"AttackPotion"}],"is_trial":false,"path_per_floor":["M","?","M","$","M","E","M","R","T","R","?","M","R","M","R","B",null,"M","?","M","?","?","R","M","M","T","$","M","R","$","M","R","B",null,"M","?","M","?","M","R","$","E","T","R","M","M","?","?","R","B"],"character_chosen":"THE_SILENT","items_purchased":["Slice","Juzu Bracelet"],"campfire_rested":7,"item_purchase_floors":[4,41],"current_hp_per_floor":[70,70,70,70,70,58,57,70,70,70,70,70,70,70,70,60,70,49,49,49,52,52,73,58,35,35,35,21,48,48,44,73,56,76,63,63,63,63,51,76,76,39,39,70,53,43,43,43,74,0,0],"gold":100,"neow_bonus":"THREE_RARE_CARDS","is_daily":false,"chose_seed":false,"campfire_upgraded":3,"win_rate":0.0,"timestamp":1612739944,"path_taken":["M","?","?","$","M","E","M","R","T","R","?","?","R","M","R","BOSS","M","?","?","?","?","R","M","M","T","$","M","R","?","M","R","BOSS","M","?","?","?","M","R","?","E","T","R","M","M","?","?","R","BOSS"],"items_purchased_type":["Card","Relic"],"build_version":"2020-12-22","purchased_purges":2,"victory":false,"max_hp_per_floor":[70,70,70,70,70,70,70,70,70,70,70,70,70,70,70,70,70,70,70,70,73,73,73,73,73,73,73,73,73,73,73,73,76,76,76,76,76,76,76,76,76,76,76,76,76,76,76,76,76,76,76],"card_choices":[{"not_picked":["Malaise","A Thousand Cuts"],"picked":"Unload","floor":0},{"not_picked":["Dagger Spray","ReplayTheSpireMod:The Works","PiercingWail"],"picked":"SKIP","floor":1},{"not_picked":["Replay:Poison Smokescreen","Well Laid Plans"],"picked":"Backflip","floor":3},{"not_picked":["ReplayTheSpireMod:Scrap Shanks","Bane"],"picked":"Slice","floor":5},{"not_picked":["Dagger Throw","Dodge and Roll"],"picked":"Slice","floor":6},{"not_picked":["Quick Slash","Riddle With Holes","Dagger Throw"],"picked":"SKIP","floor":7},{"not_picked":["Blur","Deflect"],"picked":"Noxious Fumes","floor":12},{"not_picked":["hubris:SlightOfHand","Flying Knee","Choke"],"picked":"SKIP","floor":14},{"not_picked":["Grand Finale","Phantasmal Killer"],"picked":"Adrenaline","floor":16},{"not_picked":["Endless Agony+1","Flying Knee","Prepared"],"picked":"SKIP","floor":18},{"not_picked":["hubris:Counter","Outmaneuver","ReplayTheSpireMod:The Works+1"],"picked":"SKIP","floor":20},{"not_picked":["Setup","Heel Hook+1","Quick Slash"],"picked":"SKIP","floor":24},{"not_picked":["Flechettes","hubris:SlightOfHand","Sucker Punch+1"],"picked":"SKIP","floor":25},{"not_picked":["Poisoned Stab","hubris:Counter"],"picked":"Draining Mist+1","floor":28},{"not_picked":["Sucker Punch","Deflect"],"picked":"Deadly Poison+1","floor":31},{"not_picked":["Glass Knife","Burst"],"picked":"After Image","floor":33},{"not_picked":["Quick Slash","Flying Knee+1","Setup+1"],"picked":"SKIP","floor":35},{"not_picked":["Dodge and Roll+1","hubris:Counter+1","Fluid Movement"],"picked":"SKIP","floor":37},{"not_picked":["Replay:Poison Smokescreen","hubris:Counter+1","Dagger Throw+1"],"picked":"SKIP","floor":39},{"not_picked":["Deflect","Blade Dance","hubris:Counter"],"picked":"SKIP","floor":42},{"not_picked":["Predator","Outmaneuver+1","ReplayTheSpireMod:Exploit Weakness+1"],"picked":"SKIP","floor":45},{"not_picked":["PiercingWail+1","Flying Knee+1","Dagger Spray"],"picked":"SKIP","floor":46}],"player_experience":276126,"relics_obtained":[{"floor":6,"key":"Snake Skull"},{"floor":9,"key":"hubris:Potato"},{"floor":26,"key":"Eternal Feather"},{"floor":33,"key":"halation:EternalFortune"},{"floor":42,"key":"hubris:AncientText"},{"floor":43,"key":"Blue Candle"}],"event_choices":[{"cards_removed":["Clumsy"],"damage_healed":0,"gold_gain":0,"player_choice":"Offered Curse","damage_taken":0,"relics_obtained":["Spirit Poop"],"max_hp_gain":0,"max_hp_loss":0,"event_name":"Bonfire Elementals","floor":2,"gold_loss":0},{"damage_healed":0,"gold_gain":0,"player_choice":"Upgraded","damage_taken":0,"max_hp_gain":0,"max_hp_loss":0,"event_name":"Upgrade Shrine","floor":11,"gold_loss":0,"cards_upgraded":["Backflip"]},{"cards_removed":["Strike_G"],"damage_healed":0,"gold_gain":0,"player_choice":"Upgrade and Remove","damage_taken":0,"max_hp_gain":0,"max_hp_loss":0,"event_name":"Designer","floor":19,"gold_loss":90,"cards_upgraded":["Defend_G"]},{"cards_removed":["Defend_G"],"damage_healed":0,"gold_gain":0,"player_choice":"Gave Gold","damage_taken":0,"max_hp_gain":0,"max_hp_loss":0,"event_name":"Beggar","floor":22,"gold_loss":75},{"cards_removed":["Strike_G"],"damage_healed":0,"gold_gain":0,"player_choice":"Purged","damage_taken":0,"max_hp_gain":0,"max_hp_loss":0,"event_name":"Purifier","floor":36,"gold_loss":0},{"damage_healed":0,"gold_gain":0,"player_choice":"Copied","damage_taken":0,"max_hp_gain":0,"max_hp_loss":0,"event_name":"Duplicator","floor":38,"gold_loss":0,"cards_obtained":["Adrenaline"]},{"damage_healed":0,"gold_gain":0,"player_choice":"Forge","damage_taken":0,"max_hp_gain":0,"max_hp_loss":0,"event_name":"Accursed Blacksmith","floor":47,"gold_loss":0,"cards_upgraded":["After Image"]}],"is_beta":false,"boss_relics":[{"not_picked":["halation:Prosthetics","Runic Pyramid"],"picked":"Empty Cage"},{"not_picked":["reliquary:Craggleroot","halation:HeavySnake"],"picked":"hubris:ScarierMask"}],"items_purged_floors":[4,27],"is_endless":false,"potions_floor_spawned":[3,6,16,24,25,31,35,37,39,46],"killed_by":"Awakened One","ascension_level":4}}