{"host":"aapp7ew3jk5k1bvd","time":1612702773,"event":{"mods":["AchievementEnabler","BaseMod","Colored Map","Minty Spire (QoL Compilation)","Permanent Neow","StSLib","SuperFastMode"],"gold_per_floor":[116,41,41,57,7,7,26,26,73,100,118,118,145,28,28,133,133,146,171,171,182,193,193,193],"floor_reached":23,"language":"KOR","playtime":605,"items_purged":["Strike_B"],"score":189,"play_id":"23bae24e-4d32-4001-b301-ba42d0ebd9d9","local_time":"20210207215933","is_ascension_mode":false,"campfire_choices":[{"data":"Dualcast","floor":6,"key":"SMITH"},{"data":"Blizzard","floor":12,"key":"SMITH"},{"floor":15,"key":"REST"}],"circlet_count":0,"master_deck":["Strike_B","Strike_B","Strike_B","Defend_B","Defend_B","Defend_B","Defend_B","Zap+1","Dualcast+1","Coolheaded","Coolheaded","Blizzard+1","Cold Snap","Cold Snap","Defragment"],"relics":["Inserter","Gremlin Horn","Bronze Scales","Odd Mushroom","The Courier","DataDisk","Black Star","Nloth\u0027s Gift"],"acts_visited":["Exordium","TheCity"],"potions_floor_usage":[13,19],"damage_taken":[{"damage":2.0,"enemies":"2 Louse","floor":1.0,"turns":3.0},{"damage":6,"enemies":"Jaw Worm","floor":4,"turns":3},{"damage":0,"enemies":"Small Slimes","floor":7,"turns":5},{"damage":9,"enemies":"The Mushroom Lair","floor":10,"turns":4},{"damage":2,"enemies":"2 Fungi Beasts","floor":11,"turns":4},{"damage":14,"enemies":"Gremlin Nob","floor":13,"turns":4},{"damage":22,"enemies":"Hexaghost","floor":16,"turns":11},{"damage":0,"enemies":"3 Byrds","floor":18,"turns":3},{"damage":31,"enemies":"Masked Bandits","floor":19,"turns":5},{"damage":12,"enemies":"2 Thieves","floor":21,"turns":5},{"damage":18,"enemies":"Snake Plant","floor":22,"turns":5},{"damage":21,"enemies":"Slavers","floor":23,"turns":1}],"seed_played":"-2890347204072448904","potions_obtained":[{"floor":1.0,"key":"Swift Potion"},{"floor":10,"key":"LiquidMemories"},{"floor":11,"key":"AttackPotion"},{"floor":21,"key":"AttackPotion"}],"is_trial":false,"path_per_floor":["M","$","?","M","$","R","M","T","T","?","M","R","E","$","R","B",null,"M","?","?","M","M","E"],"character_chosen":"DEFECT","items_purchased":["Coolheaded","DataDisk"],"campfire_rested":1,"item_purchase_floors":[5,14],"current_hp_per_floor":[73,73,73,67,67,67,67,67,67,58,56,56,42,42,64,42,75,75,44,44,32,14,0,0],"gold":193,"neow_bonus":"BOSS_RELIC","is_daily":false,"chose_seed":false,"campfire_upgraded":2,"win_rate":0.0,"timestamp":1612702773,"path_taken":["M","$","?","M","$","R","M","?","T","?","M","R","E","$","R","BOSS","M","?","?","?","M","E"],"items_purchased_type":["Card","Relic"],"build_version":"2020-12-22","purchased_purges":1,"victory":false,"max_hp_per_floor":[75,75,75,75,75,75,75,75,75,75,75,75,75,75,75,75,75,75,75,75,75,75,75,75],"card_choices":[{"not_picked":["Storm","Go for the Eyes","Hologram"],"picked":"SKIP","floor":1.0},{"not_picked":["Beam Cell","Streamline","Chaos"],"picked":"SKIP","floor":4},{"not_picked":["Rebound","Beam Cell"],"picked":"Coolheaded","floor":7},{"not_picked":["Cold Snap","Skim"],"picked":"Blizzard","floor":10},{"not_picked":["Steam","Darkness"],"picked":"Cold Snap","floor":11},{"not_picked":["Go for the Eyes","Undo","White Noise"],"picked":"SKIP","floor":13},{"not_picked":["Ball Lightning","Steam+1"],"picked":"Cold Snap","floor":18},{"not_picked":["Hyperbeam","Sweeping Beam+1","Gash"],"picked":"SKIP","floor":21},{"not_picked":["Lockon","Beam Cell"],"picked":"Defragment","floor":22}],"player_experience":1339595,"relics_obtained":[{"floor":8,"key":"Gremlin Horn"},{"floor":9,"key":"Bronze Scales"},{"floor":10,"key":"Odd Mushroom"},{"floor":13,"key":"The Courier"},{"floor":19,"key":"Red Mask"}],"event_choices":[{"damage_healed":0,"gold_gain":0,"player_choice":"Grow","damage_taken":0,"max_hp_gain":0,"max_hp_loss":0,"event_name":"Living Wall","floor":3,"gold_loss":0,"cards_upgraded":["Zap"]},{"damage_healed":0,"gold_gain":0,"player_choice":"Fought Mushrooms","damage_taken":0,"max_hp_gain":0,"max_hp_loss":0,"event_name":"Mushrooms","floor":10,"gold_loss":0},{"damage_healed":0,"gold_gain":0,"player_choice":"Fought Bandits","damage_taken":0,"max_hp_gain":0,"max_hp_loss":0,"event_name":"Masked Bandits","floor":19,"gold_loss":0},{"damage_healed":0,"gold_gain":0,"player_choice":"Traded Relic","damage_taken":0,"relics_obtained":["Nloth\u0027s Gift"],"max_hp_gain":0,"max_hp_loss":0,"event_name":"N\u0027loth","floor":20,"relics_lost":["Red Mask"],"gold_loss":0}],"is_beta":false,"boss_relics":[{"not_picked":["Calling Bell","Runic Dome"],"picked":"Black Star"}],"items_purged_floors":[2],"is_endless":false,"potions_floor_spawned":[1,10,11,21],"killed_by":"Slavers","ascension_level":0}}