{"host":"ao4lxi9bhtts409i","time":1612716659,"event":{"mods":["AchievementEnabler","BaseMod","Colored Map","Colored Powertips","Minty Spire (QoL Compilation)","SuperFastMode"],"gold_per_floor":[110,130,143,157,122,122,156,156,156,156,185,185,185,210,210,315,315,327,242,258,289,300,300,328,328,328,359,373,373,221,252,252,348,348,364,364,132,145,157,187,187,211,211,224,238,249,275,275,275,275],"floor_reached":51,"language":"ENG","playtime":2234,"items_purged":[],"score":1035,"play_id":"f1db9871-efd6-4bf0-bbe6-8c45a0ff3c96","local_time":"20210207175059","is_ascension_mode":true,"campfire_choices":[{"floor":6,"key":"REST"},{"data":"Armaments","floor":8,"key":"SMITH"},{"data":"Perfected Strike","floor":10,"key":"SMITH"},{"floor":12,"key":"REST"},{"floor":15,"key":"REST"},{"data":"Perfected Strike","floor":23,"key":"SMITH"},{"data":"Combust","floor":25,"key":"SMITH"},{"data":"Rage","floor":29,"key":"SMITH"},{"floor":32,"key":"REST"},{"floor":41,"key":"REST"},{"data":"Demon Form","floor":49,"key":"SMITH"}],"circlet_count":0,"master_deck":["Strike_R","Strike_R","Strike_R","Defend_R+1","Defend_R","Defend_R","Defend_R+1","Bash","Cleave","Wild Strike","Double Tap","Perfected Strike+1","Armaments+1","Metallicize","Twin Strike","Impervious","Clothesline","Uppercut","Perfected Strike+1","Clothesline","Rage+1","Bludgeon","Heavy Blade","Decay","Dual Wield+1","Carnage","True Grit+1","Demon Form+1","Carnage+1","Parasite","Perfected Strike","Fire Breathing+1"],"relics":["Black Star","Letter Opener","Paper Frog","Blue Candle","War Paint","Bag of Marbles","Strawberry","Meat on the Bone","Regal Pillow","Snecko Eye","Matryoshka","Red Mask","Mummified Hand","Blood Vial","Tiny Chest","Pantograph","Lantern","Nunchaku","Strange Spoon","Red Skull","Toxic Egg 2","Empty Cage","OrangePellets","Pear","Shuriken","Toy Ornithopter","Incense Burner","Omamori","Frozen Egg 2"],"acts_visited":["Exordium","TheCity","TheBeyond"],"potions_floor_usage":[16,16,21,47,50],"damage_taken":[{"damage":11,"enemies":"Jaw Worm","floor":1,"turns":4},{"damage":0,"enemies":"2 Louse","floor":2,"turns":2},{"damage":0,"enemies":"Small Slimes","floor":3,"turns":2},{"damage":37,"enemies":"Exordium Thugs","floor":4,"turns":5},{"damage":35,"enemies":"3 Sentries","floor":7,"turns":7},{"damage":32,"enemies":"Lagavulin","floor":11,"turns":5},{"damage":16,"enemies":"Gremlin Nob","floor":14,"turns":3},{"damage":32,"enemies":"Slime Boss","floor":16,"turns":10},{"damage":5,"enemies":"Shell Parasite","floor":18,"turns":4},{"damage":7,"enemies":"3 Byrds","floor":20,"turns":5},{"damage":21,"enemies":"Masked Bandits","floor":21,"turns":5},{"damage":0,"enemies":"Centurion and Healer","floor":22,"turns":5},{"damage":0,"enemies":"Gremlin Leader","floor":24,"turns":3},{"damage":16,"enemies":"Slavers","floor":27,"turns":4},{"damage":0,"enemies":"Snecko","floor":28,"turns":2},{"damage":23,"enemies":"Book of Stabbing","floor":31,"turns":5},{"damage":76,"enemies":"Collector","floor":33,"turns":8},{"damage":15,"enemies":"Orb Walker","floor":35,"turns":3},{"damage":30,"enemies":"3 Darklings","floor":38,"turns":4},{"damage":22,"enemies":"Spire Growth","floor":39,"turns":4},{"damage":27,"enemies":"Nemesis","floor":40,"turns":5},{"damage":19,"enemies":"4 Shapes","floor":44,"turns":3},{"damage":0,"enemies":"Jaw Worm Horde","floor":45,"turns":1},{"damage":17,"enemies":"Writhing Mass","floor":46,"turns":6},{"damage":5,"enemies":"Reptomancer","floor":47,"turns":7},{"damage":69,"enemies":"Time Eater","floor":50,"turns":12}],"seed_played":"4210299550895683356","potions_obtained":[{"floor":4,"key":"Explosive Potion"},{"floor":7,"key":"Explosive Potion"},{"floor":11,"key":"BloodPotion"},{"floor":18,"key":"Strength Potion"},{"floor":20,"key":"DistilledChaos"},{"floor":21,"key":"ElixirPotion"},{"floor":31,"key":"Strength Potion"},{"floor":45,"key":"LiquidMemories"},{"floor":47,"key":"ColorlessPotion"}],"is_trial":false,"path_per_floor":["M","M","M","M","?","R","E","R","T","R","E","R","?","E","R","B",null,"M","?","M","?","M","R","E","R","T","E","M","R","$","E","R","B",null,"M","?","$","M","M","E","R","T","T","M","M","M","E","?","R","B",null],"character_chosen":"IRONCLAD","items_purchased":["Strange Spoon","OrangePellets","Dual Wield+1"],"campfire_rested":5,"item_purchase_floors":[30,37,37],"current_hp_per_floor":[69,69,69,32,52,76,41,41,41,41,9,33,40,24,65,45,87,82,82,75,54,54,54,54,54,54,52,54,54,54,45,86,23,87,72,72,72,44,36,33,77,77,77,60,62,59,61,61,61,36],"gold":275,"neow_bonus":"BOSS_RELIC","is_daily":false,"chose_seed":false,"campfire_upgraded":6,"win_rate":0.0,"timestamp":1612716659,"path_taken":["M","M","M","M","?","R","E","R","T","R","E","R","?","E","R","BOSS","M","?","M","?","M","R","E","R","T","E","M","R","$","E","R","BOSS","M","?","?","?","M","E","R","?","T","M","M","M","E","?","R","BOSS"],"items_purchased_type":["Relic","Relic","Card"],"build_version":"2020-12-22","purchased_purges":0,"victory":true,"max_hp_per_floor":[80,80,80,80,80,80,80,80,80,80,80,80,87,87,87,87,87,87,87,87,87,87,87,87,87,87,87,87,87,87,87,87,87,87,87,87,87,87,87,97,97,97,97,97,97,97,97,97,97,97],"card_choices":[{"not_picked":["Warcry","Battle Trance"],"picked":"Cleave","floor":1},{"not_picked":["Warcry","Perfected Strike"],"picked":"Wild Strike","floor":2},{"not_picked":["Heavy Blade","Clash"],"picked":"Double Tap","floor":3},{"not_picked":["Battle Trance","Dropkick"],"picked":"Perfected Strike","floor":4},{"not_picked":["Warcry","Body Slam"],"picked":"Armaments","floor":7},{"not_picked":["Hemokinesis","Perfected Strike"],"picked":"Metallicize","floor":11},{"not_picked":["Clash","Power Through"],"picked":"Twin Strike","floor":14},{"not_picked":["Exhume","Double Tap"],"picked":"Impervious","floor":16},{"not_picked":["Thunderclap","Evolve+1"],"picked":"Clothesline","floor":18},{"not_picked":["Pommel Strike","Clash"],"picked":"Uppercut","floor":20},{"not_picked":["Heavy Blade","Feel No Pain"],"picked":"Perfected Strike","floor":21},{"not_picked":["Perfected Strike","Clash+1"],"picked":"Clothesline","floor":22},{"not_picked":["Sword Boomerang","Pommel Strike+1"],"picked":"Combust","floor":24},{"not_picked":["Headbutt","Armaments","Havoc"],"picked":"SKIP","floor":27},{"not_picked":["Heavy Blade","Headbutt"],"picked":"Rage","floor":28},{"not_picked":["Ghostly Armor+1","Feel No Pain","Entrench+1"],"picked":"SKIP","floor":31},{"not_picked":["Brutality","Immolate"],"picked":"Bludgeon","floor":33},{"not_picked":["Body Slam","Havoc+1"],"picked":"Heavy Blade","floor":35},{"not_picked":["Thunderclap+1","Entrench+1"],"picked":"Carnage","floor":38},{"not_picked":["Anger+1","Body Slam+1","Wild Strike+1"],"picked":"SKIP","floor":39},{"not_picked":["Wild Strike+1","Heavy Blade+1"],"picked":"True Grit+1","floor":40},{"not_picked":["Wild Strike+1","Warcry+1"],"picked":"Demon Form","floor":44},{"not_picked":["Combust","Pommel Strike"],"picked":"Carnage+1","floor":45},{"not_picked":["Battle Trance+1","Sword Boomerang"],"picked":"Perfected Strike","floor":46},{"not_picked":["Dark Embrace+1","Clash"],"picked":"Fire Breathing+1","floor":47}],"player_experience":278167,"relics_obtained":[{"floor":7,"key":"Letter Opener"},{"floor":7,"key":"Paper Frog"},{"floor":9,"key":"Blue Candle"},{"floor":11,"key":"War Paint"},{"floor":11,"key":"Bag of Marbles"},{"floor":14,"key":"Meat on the Bone"},{"floor":14,"key":"Regal Pillow"},{"floor":21,"key":"Red Mask"},{"floor":24,"key":"Mummified Hand"},{"floor":24,"key":"Blood Vial"},{"floor":26,"key":"Tiny Chest"},{"floor":26,"key":"Pantograph"},{"floor":27,"key":"Lantern"},{"floor":27,"key":"Nunchaku"},{"floor":31,"key":"Red Skull"},{"floor":31,"key":"Toxic Egg 2"},{"floor":40,"key":"Pear"},{"floor":40,"key":"Shuriken"},{"floor":42,"key":"Toy Ornithopter"},{"floor":43,"key":"Incense Burner"},{"floor":47,"key":"Omamori"},{"floor":47,"key":"Frozen Egg 2"}],"event_choices":[{"damage_healed":20,"gold_gain":0,"player_choice":"Healed","damage_taken":0,"max_hp_gain":0,"max_hp_loss":0,"event_name":"The Cleric","floor":5,"gold_loss":35},{"damage_healed":0,"gold_gain":0,"player_choice":"Searched \u00272\u0027 times","damage_taken":0,"relics_obtained":["Strawberry"],"max_hp_gain":0,"max_hp_loss":0,"event_name":"Dead Adventurer","floor":13,"gold_loss":0},{"damage_healed":0,"gold_gain":0,"player_choice":"Obtained Relic","damage_taken":0,"relics_obtained":["Matryoshka"],"max_hp_gain":0,"max_hp_loss":0,"event_name":"Addict","floor":19,"gold_loss":85},{"damage_healed":0,"gold_gain":0,"player_choice":"Fought Bandits","damage_taken":0,"max_hp_gain":0,"max_hp_loss":0,"event_name":"Masked Bandits","floor":21,"gold_loss":0},{"damage_healed":0,"gold_gain":0,"player_choice":"Cursed","damage_taken":0,"max_hp_gain":0,"max_hp_loss":0,"event_name":"Wheel of Change","floor":36,"gold_loss":0,"cards_obtained":["Decay"]},{"cards_removed":["Combust"],"damage_healed":0,"gold_gain":0,"player_choice":"Removed Power","damage_taken":0,"max_hp_gain":0,"max_hp_loss":0,"event_name":"Falling","floor":48,"gold_loss":0}],"is_beta":false,"boss_relics":[{"not_picked":["Philosopher\u0027s Stone","Runic Dome"],"picked":"Snecko Eye"},{"not_picked":["Calling Bell","Tiny House"],"picked":"Empty Cage"}],"items_purged_floors":[],"is_endless":false,"potions_floor_spawned":[4,7,11,14,18,20,21,31,38,40,45,47],"ascension_level":4}}