{"host":"q5l3nirlejh5mn15","time":1612671666,"event":{"mods":["100% Spire Juice","BaseMod","Downfall","Energized Spire","Hermit","Koishi","Marisa£®ÏF”Í°°ƒß¿Ì…≥£©","Minty Spire (QoL Compilation)","MostiFishMod","Reimu£®≤©¿ˆ¡È√Œ£©","Relic Filter Mod","Reliquary","Remilia£®¿Ÿ√◊¿Ú—«£©","RumiaBox-¬∂√◊Ê´µƒ…Ò√ÿ∫–◊”","Spicy Shops","StSLib","The Hierophant","The Servant 0.9.4","Warlord Emblem","[IsaacMod]“‘»ˆº‚À˛","°æπ¶ƒ‹Mod°øªÏ„Á÷Æª∑–ﬁ∏¥≤π∂°"],"gold_per_floor":[99,113,126,137,137,137,137,168,187,87,107,124,124,35,50,151,151,151,165,165,184,197,197,197,212,212,212],"floor_reached":26,"language":"ZHS","playtime":1127,"items_purged":["WarlordEmblem:RuneStrike"],"score":287,"play_id":"5907b444-d2b3-492f-85d8-c26dd04403e9","local_time":"20210207122106","is_ascension_mode":false,"campfire_choices":[{"data":"WarlordEmblem:DiseaseStrike","floor":1.0,"key":"SMITH"},{"data":"WarlordEmblem:DarkSimulation","floor":6.0,"key":"SMITH"},{"data":"WarlordEmblem:HeartOfDeath","floor":10.0,"key":"SMITH"},{"data":"WarlordEmblem:RuneBlade","floor":13.0,"key":"SMITH"},{"data":"WarlordEmblem:Potential","floor":18.0,"key":"SMITH"},{"data":"Ghostly","floor":23.0,"key":"SMITH"}],"circlet_count":0,"master_deck":["WarlordEmblem:RuneStrike","WarlordEmblem:RuneStrike","WarlordEmblem:RuneStrike","WarlordEmblem:Defend_DK","WarlordEmblem:Defend_DK","WarlordEmblem:Defend_DK","WarlordEmblem:Defend_DK","WarlordEmblem:RuneDefend","WarlordEmblem:DiseaseStrike+1","WarlordEmblem:DarkSimulation+1","WarlordEmblem:RuneFocus","WarlordEmblem:CurseStrike","WarlordEmblem:BloodSacrifice","WarlordEmblem:HeartOfDeath+1","WarlordEmblem:RuneBlade+1","WarlordEmblem:EvilStrike","WarlordEmblem:Potential+1","WarlordEmblem:SwordWave","WarlordEmblem:Hanging","WarlordEmblem:DeathContract+1","Ghostly","Ghostly","Ghostly","Ghostly+1","Ghostly","WarlordEmblem:EvilWorm+1"],"relics":["WarlordEmblem:RuneSword","WarlordEmblem:EvilRealm","HushsDoor","DaveBox","Membership Card","GuppysHead","GodSword6","GodSword4","downfall:HeartBlessingGreen","BelialBook","WarlordEmblem:DKHelm","GuppysCollar","reliquary:IridiumChain"],"acts_visited":["Exordium","TheCity"],"potions_floor_usage":[],"damage_taken":[{"damage":5.0,"enemies":"2 Louse","floor":2.0,"turns":2.0},{"damage":0.0,"enemies":"Cultist","floor":3.0,"turns":2.0},{"damage":1.0,"enemies":"Small Slimes","floor":4.0,"turns":3.0},{"damage":12.0,"enemies":"3 Sentries","floor":8.0,"turns":8.0},{"damage":0.0,"enemies":"2 Fungi Beasts","floor":9.0,"turns":3.0},{"damage":0.0,"enemies":"Gremlin Gang","floor":11.0,"turns":3.0},{"damage":0.0,"enemies":"Large Slime","floor":12.0,"turns":3.0},{"damage":0.0,"enemies":"downfall:FleeingMerchant","floor":14.0,"turns":4.0},{"damage":14.0,"enemies":"Exordium Thugs","floor":15.0,"turns":2.0},{"damage":0.0,"enemies":"SI_SHIV_ARCHETYPE","floor":16.0,"turns":5.0},{"damage":14.0,"enemies":"3 Byrds","floor":19.0,"turns":6.0},{"damage":19.0,"enemies":"Chosen","floor":21.0,"turns":5.0},{"damage":0.0,"enemies":"Snecko","floor":22.0,"turns":4.0},{"damage":5.0,"enemies":"Chosen and Byrds","floor":25.0,"turns":6.0},{"damage":0,"enemies":"Shelled Parasite and Fungi","floor":26,"turns":1}],"seed_played":"-8264911042943612857","potions_obtained":[{"floor":3.0,"key":"Block Potion"},{"floor":8.0,"key":"WarlordEmblem:DKPoisonPotion"},{"floor":12.0,"key":"LiquidBronze"}],"is_trial":false,"path_per_floor":["R","M","M","M","?","R","T","E","M","R","M","M","R","$","M","B",null,"R","M","?","M","M","R","T","M","M"],"character_chosen":"DeathKnight","items_purchased":["BelialBook","GuppysCollar"],"campfire_rested":0,"item_purchase_floors":[14,17],"current_hp_per_floor":[88,83,83,82,67,67,67,55,55,55,55,55,55,55,41,41,75,75,61,37,18,18,18,18,16,16,16],"gold":212,"neow_bonus":"TEN_PERCENT_HP_BONUS","is_daily":false,"chose_seed":false,"campfire_upgraded":6,"win_rate":0.0,"timestamp":1612671666,"path_taken":["R","M","M","M","?","R","T","E","?","R","M","M","R","$","M","BOSS","R","M","?","M","M","R","T","M","M"],"items_purchased_type":["Relic","Relic"],"build_version":"2020-12-22","purchased_purges":1,"victory":false,"max_hp_per_floor":[88,88,88,88,88,88,88,88,88,88,88,88,88,88,88,88,75,75,75,37,37,37,37,37,39,39,39],"card_choices":[{"not_picked":["Bomb","WarlordEmblem:LichBody"],"picked":"WarlordEmblem:DarkSimulation","floor":2.0},{"not_picked":["WarlordEmblem:BloodMask","WarlordEmblem:FrozenDeath"],"picked":"WarlordEmblem:RuneFocus","floor":3.0},{"not_picked":["WarlordEmblem:RuneRecast","WarlordEmblem:VoidDefend"],"picked":"WarlordEmblem:CurseStrike","floor":4.0},{"not_picked":["WarlordEmblem:CurseStrike","WarlordEmblem:SevereWinter"],"picked":"WarlordEmblem:BloodSacrifice","floor":8.0},{"not_picked":["WarlordEmblem:DeathStrike","WarlordEmblem:Execute"],"picked":"WarlordEmblem:HeartOfDeath","floor":9.0},{"not_picked":["WarlordEmblem:RuneDiffer","WarlordEmblem:VoidDefend"],"picked":"WarlordEmblem:RuneBlade","floor":11.0},{"not_picked":["WarlordEmblem:BloodSacrifice","WarlordEmblem:RuneFocus"],"picked":"WarlordEmblem:EvilStrike","floor":12.0},{"not_picked":["WarlordEmblem:FrostbiteStrike","WarlordEmblem:RuneRecast"],"picked":"WarlordEmblem:Potential","floor":14.0},{"not_picked":["WarlordEmblem:DeathCoil","WarlordEmblem:FrozenWill"],"picked":"WarlordEmblem:SwordWave","floor":15.0},{"not_picked":["WarlordEmblem:HungeringCold","WarlordEmblem:CondemnStrike"],"picked":"WarlordEmblem:Hanging","floor":16.0},{"not_picked":["WarlordEmblem:EvilSee","WarlordEmblem:BodyStrike"],"picked":"WarlordEmblem:DeathContract+1","floor":19.0},{"not_picked":["WarlordEmblem:BodyStrike","WarlordEmblem:RuneDiffer"],"picked":"WarlordEmblem:EvilWorm+1","floor":21.0},{"not_picked":["WarlordEmblem:FrostbiteStrike","WarlordEmblem:RuneRecast","WarlordEmblem:BodyStrike"],"picked":"SKIP","floor":22.0},{"not_picked":["WarlordEmblem:WindStrike+1","WarlordEmblem:CurseStrike","WarlordEmblem:DeathShake"],"picked":"SKIP","floor":25.0}],"player_experience":244390,"relics_obtained":[{"floor":7.0,"key":"GodSword6"},{"floor":8.0,"key":"GodSword4"},{"floor":24.0,"key":"reliquary:IridiumChain"}],"event_choices":[{"damage_healed":0.0,"max_hp_gain":0.0,"max_hp_loss":38.0,"gold_gain":0.0,"event_name":"Ghosts","player_choice":"Became a Ghost","floor":20.0,"gold_loss":0.0,"damage_taken":0.0,"cards_obtained":["Ghostly","Ghostly","Ghostly","Ghostly","Ghostly"]}],"is_beta":false,"boss_relics":[{"not_picked":["energizedSpire:MagnifyingGlass","FixedStarFall"],"picked":"WarlordEmblem:DKHelm"},{"not_picked":[]}],"items_purged_floors":[14],"is_endless":false,"potions_floor_spawned":[3,8,12,15,19],"killed_by":"Shelled Parasite and Fungi","ascension_level":0}}