{"host":"j4nfyhit1dl35m08","time":1612679337,"event":{"mods":["BaseMod","Downfall","Highlight Path","Minty Spire (QoL Compilation)","StSLib"],"gold_per_floor":[99,119,129,129,129,129,154,54,83,1,17,31,50,50,61,162,162,162,182,200,212,228,228,277,288,318,318,318,1,1,1,14,111,111,111,161,178,178,178,190,190,208,208,208,238,238,1,13,30,30],"floor_reached":51,"language":"ENG","playtime":6549,"items_purged":["downfall:Malfunctioning"],"score":1087,"play_id":"55bea37b-9b23-45e0-8abc-8ccb6949c0dc","local_time":"20210207002857","is_ascension_mode":true,"campfire_choices":[{"data":"bronze:Verify","floor":1,"key":"SMITH"},{"floor":6,"key":"RECALL"},{"floor":8,"key":"REST"},{"data":"bronze:Constructor","floor":18,"key":"SMITH"},{"floor":23,"key":"REST"},{"data":"bronze:ClassDefault","floor":28,"key":"SMITH"},{"data":"bronze:Optimize","floor":30,"key":"SMITH"},{"data":"bronze:Turbo","floor":35,"key":"SMITH"},{"floor":44,"key":"REST"}],"circlet_count":0,"master_deck":["AscendersBane","bronze:Goto","bronze:ItsAFeature","bronze:BuggyMess+1","bronze:Branch+1","bronze:Verify+1","bronze:FindAndReplace+1","bronze:RecursiveStrike","bronze:BuggyMess+1","bronze:WhirlingStrike+1","bronze:Flail","bronze:ClassDefault+1","bronze:Turbo+1","bronze:Shell","bronze:Branch","bronze:Optimize+1","bronze:Constructor+1","bronze:Verify","bronze:Terminator+1","bronze:BronzeArmor","bronze:ChildClass","bronze:Deprecate","bronze:MaxOutput","CurseOfTheBell","bronze:Terminator","bronze:Boost","expansioncontent:AwakenDeath","bronze:Library","bronze:Repulsor","bronze:Repulsor","bronze:Iterate+1"],"relics":["Pandora\u0027s Box","War Paint","Strawberry","downfall:HeartBlessingRed","Bird Faced Urn","Spirit Poop","Sozu","Dream Catcher","Singing Bowl","Anchor","Calling Bell","Calipers","bronze:CableSpool","Vajra","Girya","Letter Opener","Bottled Flame","ClockworkSouvenir"],"acts_visited":["Exordium","TheCity","TheBeyond"],"potions_floor_usage":[13,16,50],"damage_taken":[{"damage":12,"enemies":"Jaw Worm","floor":2,"turns":3},{"damage":7,"enemies":"Small Slimes","floor":3,"turns":4},{"damage":58,"enemies":"Gremlin Nob","floor":9,"turns":5},{"damage":9,"enemies":"downfall:FleeingMerchant","floor":10,"turns":4},{"damage":0,"enemies":"Cultist","floor":11,"turns":2},{"damage":0,"enemies":"Blue Slaver","floor":12,"turns":2},{"damage":0,"enemies":"Gremlin Gang","floor":13,"turns":3},{"damage":20,"enemies":"Exordium Thugs","floor":15,"turns":3},{"damage":1,"enemies":"WA_ARCHETYPE_RETAIN","floor":16,"turns":10},{"damage":2,"enemies":"Chosen","floor":19,"turns":6},{"damage":14,"enemies":"Shell Parasite","floor":20,"turns":7},{"damage":32,"enemies":"Cultist and Chosen","floor":21,"turns":7},{"damage":6,"enemies":"Centurion and Healer","floor":22,"turns":8},{"damage":10,"enemies":"3 Cultists","floor":25,"turns":3},{"damage":50,"enemies":"Slavers","floor":26,"turns":7},{"damage":10,"enemies":"downfall:FleeingMerchant","floor":29,"turns":4},{"damage":4,"enemies":"Cultist and Chosen","floor":32,"turns":7},{"damage":30,"enemies":"SI_MIRROR_ARCHETYPE","floor":33,"turns":8},{"damage":0,"enemies":"SI_MIRROR_ARCHETYPE","floor":36,"turns":7},{"damage":27,"enemies":"Orb Walker","floor":37,"turns":7},{"damage":0,"enemies":"3 Darklings","floor":40,"turns":7},{"damage":44,"enemies":"Spire Growth","floor":42,"turns":8},{"damage":76,"enemies":"Reptomancer","floor":45,"turns":8},{"damage":0,"enemies":"downfall:FleeingMerchant","floor":47,"turns":4},{"damage":3,"enemies":"Sphere and 2 Shapes","floor":48,"turns":6},{"damage":12,"enemies":"3 Darklings","floor":49,"turns":3},{"damage":67,"enemies":"DF_ARCHETYPE_ORBS","floor":50,"turns":10}],"seed_played":"-6379128252124628930","potions_obtained":[{"floor":3,"key":"bronze:FreeFunctionsPotion"},{"floor":9,"key":"Fire Potion"},{"floor":11,"key":"GamblersBrew"},{"floor":13,"key":"bronze:CleanCodePotion"}],"is_trial":false,"path_per_floor":["R","M","M","?","?","R","T","R","E","$","M","M","M","?","M","B",null,"R","M","M","M","M","R","T","M","E","?","R","$","R","?","M","B",null,"R","?","M","?","?","M","T","M","?","R","E","?","$","M","M","B",null],"character_chosen":"THE_AUTOMATON","items_purchased":["bronze:Shell","Anchor","bronze:MaxOutput","bronze:Repulsor","ClockworkSouvenir"],"campfire_rested":3,"item_purchase_floors":[10,29,29,47,47],"current_hp_per_floor":[63,51,44,44,44,44,51,74,16,11,11,11,17,17,5,12,61,61,69,65,39,43,66,66,60,20,89,89,83,83,83,91,67,87,87,93,70,67,67,85,85,55,55,86,26,26,38,53,51,28],"gold":30,"neow_bonus":"BOSS_RELIC","is_daily":false,"chose_seed":false,"campfire_upgraded":5,"win_rate":0.0,"timestamp":1612679337,"path_taken":["R","M","M","?","?","R","T","R","E","?","?","M","M","?","M","BOSS","R","M","M","?","M","R","T","M","E","?","R","$","R","?","M","BOSS","R","?","M","?","?","?","T","M","?","R","E","?","$","M","M","BOSS"],"items_purchased_type":["Card","Relic","Card","Card","Relic"],"build_version":"2020-12-22","purchased_purges":1,"victory":true,"max_hp_per_floor":[70,70,70,70,70,70,77,77,77,77,77,77,77,77,77,77,77,77,77,77,77,77,77,77,77,79,89,89,89,89,89,91,93,93,93,93,93,95,95,97,97,97,97,99,99,99,101,103,103,103],"card_choices":[{"not_picked":["bronze:Invalidate","bronze:Backtrace"],"picked":"bronze:WhirlingStrike","floor":2},{"not_picked":["bronze:CutThrough","bronze:MaxOutput"],"picked":"bronze:Flail","floor":3},{"not_picked":["bronze:BugBarrage","bronze:Overheat"],"picked":"bronze:ClassDefault","floor":9},{"not_picked":["bronze:DelayedSlice","bronze:Invalidate"],"picked":"bronze:Turbo","floor":10},{"not_picked":["bronze:Refactor","bronze:Overload"],"picked":"bronze:Branch","floor":11},{"not_picked":["bronze:Refactor","bronze:Verify"],"picked":"bronze:Optimize","floor":12},{"not_picked":["bronze:Overheat","bronze:Separator","bronze:FineTuning"],"picked":"SKIP","floor":13},{"not_picked":["bronze:BitShift","bronze:Philosophize"],"picked":"bronze:Constructor","floor":15},{"not_picked":["bronze:Mutator","bronze:InfiniteLoop"],"picked":"bronze:Verify","floor":16},{"not_picked":["bronze:Overheat","bronze:Constructor"],"picked":"bronze:Terminator+1","floor":19},{"not_picked":["bronze:BugBarrage+1","bronze:Virus"],"picked":"bronze:BronzeArmor","floor":20},{"not_picked":["bronze:ForLoop","bronze:WhirlingStrike"],"picked":"bronze:ChildClass","floor":21},{"not_picked":["bronze:Shell","bronze:ItsAFeature"],"picked":"bronze:Fortify","floor":22},{"not_picked":["bronze:Return+1","bronze:BugBarrage"],"picked":"bronze:Deprecate","floor":25},{"not_picked":["bronze:WhirlingStrike","bronze:DelayedGuard","bronze:NullPointer"],"picked":"Singing Bowl","floor":26},{"not_picked":["bronze:Invalidate+1","bronze:Boost"],"picked":"bronze:Hardcode","floor":29},{"not_picked":["bronze:DelayedGuard","bronze:InfiniteBeams","bronze:ClassDefault+1"],"picked":"Singing Bowl","floor":32},{"not_picked":["bronze:ShipIt","bronze:ThunderWave","bronze:AlphaBuild"],"picked":"Singing Bowl","floor":33},{"not_picked":["bronze:BugBarrage","bronze:Shield+1"],"picked":"bronze:Terminator","floor":36},{"not_picked":["bronze:InfiniteBeams","bronze:BronzeOrb"],"picked":"bronze:Boost","floor":37},{"not_picked":["expansioncontent:YouAreMine","expansioncontent:Chronoboost"],"picked":"expansioncontent:AwakenDeath","floor":38},{"not_picked":["expansioncontent:LastStand","expansioncontent:PolyBeam","expansioncontent:PrepareCrush"],"picked":"Singing Bowl","floor":38},{"not_picked":["bronze:Iterate","bronze:ForLoop+1","bronze:ChosenStrike"],"picked":"Singing Bowl","floor":40},{"not_picked":["bronze:Frontload","bronze:Invalidate"],"picked":"bronze:Library","floor":42},{"not_picked":["bronze:Constructor","bronze:OilSpill","bronze:FineTuning"],"picked":"Singing Bowl","floor":44},{"not_picked":["bronze:ItsAFeature","bronze:Iterate"],"picked":"bronze:Repulsor","floor":45},{"not_picked":["bronze:DelayedGuard","bronze:Shield","bronze:BitShift"],"picked":"Singing Bowl","floor":47},{"not_picked":["bronze:Deprecate","bronze:Shield","bronze:WhirlingStrike"],"picked":"Singing Bowl","floor":48},{"not_picked":["bronze:CloningBeam","bronze:GetLatest"],"picked":"bronze:Iterate+1","floor":49}],"player_experience":469850,"relics_obtained":[{"floor":7,"key":"Strawberry"},{"floor":9,"key":"Bird Faced Urn"},{"floor":24,"key":"Dream Catcher"},{"floor":26,"key":"Singing Bowl"},{"floor":34,"key":"Calipers"},{"floor":34,"key":"bronze:CableSpool"},{"floor":34,"key":"Vajra"},{"floor":36,"key":"Girya"},{"floor":41,"key":"Letter Opener"},{"floor":45,"key":"Bottled Flame"}],"event_choices":[{"damage_healed":0,"gold_gain":0,"player_choice":"Box","damage_taken":0,"relics_obtained":["War Paint"],"max_hp_gain":0,"max_hp_loss":0,"event_name":"Big Fish","floor":4,"gold_loss":0,"cards_obtained":["Regret"]},{"cards_removed":["Regret"],"damage_healed":0,"gold_gain":0,"player_choice":"Offered Curse","damage_taken":0,"relics_obtained":["Spirit Poop"],"max_hp_gain":0,"max_hp_loss":0,"event_name":"Bonfire Elementals","floor":14,"gold_loss":0},{"damage_healed":0,"gold_gain":0,"player_choice":"Ignored","damage_taken":0,"max_hp_gain":0,"max_hp_loss":0,"event_name":"Ghosts","floor":31,"gold_loss":0},{"cards_removed":["bronze:Fortify"],"damage_healed":0,"gold_gain":0,"player_choice":"Removed Attack","damage_taken":0,"max_hp_gain":0,"max_hp_loss":0,"event_name":"Falling","floor":43,"gold_loss":0}],"is_beta":false,"boss_relics":[{"not_picked":["Busted Crown","Velvet Choker"],"picked":"Sozu"},{"not_picked":["Black Star","Coffee Dripper"],"picked":"Calling Bell"}],"items_purged_floors":[29],"is_endless":false,"potions_floor_spawned":[3,9,11,13,20,26,32,40,48,49],"ascension_level":12}}