{"host":"27wa8ufp4ryspt1p","time":1612680949,"event":{"mods":["2.2 Compatiblity","A Penny For Your Troubles","Abigail Mod","Act Like it!","Aspiration","BaseMod","Better Altar","Better Match","Better Note","Better Skull","Better Third Choice","Colored Map","Conspire","Curses Come First","Dota2Spire","Downfall-Rebalance","Elementarium","Energized Spire","Fox Events","Friendly Minions","Gensokyo","GifTheSpireLib","Gold Saver","Halation","Hallownest","HololiveMod","Hubris","Humility","Infinite Spire","Keyboard Shortcuts","Menagerie","Mimic Mod","Minty Spire (QoL Compilation)","Pale of the Ancients","Poor People Problems","Quarter Circle Forward PUNCH!","Reimu??????","Relic Filter Mod","Relic Sorter","Relic Stats","Reliquary","Replay The Spire","Reworked Bosses","Shop Mod","Spicy Shops","Spikes Relics","Spire Arcade","StSLib","Stuff the Spire","SuperFastMode","The Cursed","The Exalted","The Judge","The Necromancer","Trackpad","Waifu the Spire","Wandering Minibosses","[IsaacMod]????","??????REMEMod","????"],"gold_per_floor":[1466,1480,1510,1510,1524,1524,1558,1558,1558,1593,1627,1556,1570,1570,1600,1613,1613,1687,1727,1743,1743,1369,1244,1140,1140,1169,1169,1209,1239,1239,1254,1151,1186,1186,1262,1262,1274,1227,1240,1256,1271,1271,1271],"floor_reached":42,"language":"SPA","playtime":1717,"items_purged":["Bone_Bullets","Negative_Energy_Sphere","infinitespire:Pacifist"],"score":885,"play_id":"a5c97ff2-fac2-421b-964a-e62fc6022bdb","local_time":"20210207005549","daily_mods":["SealedDeck","Colorless Cards","Heirloom","Elite Swarm","Lethality"],"is_ascension_mode":true,"campfire_choices":[{"data":"Specialist","floor":6.0,"key":"SMITH"},{"data":"Summon_Undead_Army","floor":14.0,"key":"SMITH"},{"floor":17.0,"key":"RECALL"},{"data":"ReplayUltimateDefense","floor":25,"key":"SMITH"},{"data":"Specialist","floor":27,"key":"SMITH"},{"data":"DoctorFetus","floor":30,"key":"SMITH"},{"data":"Summon_Undead_Army","floor":34,"key":"SMITH"}],"circlet_count":0,"master_deck":["AscendersBane","Bone_Armor","Plague_Bolt","Bone_Armor","Bones_to_Steel","Specialist+1","Vampiric_Strike","Discovery","Summon_Undead_Army+1","AbbyMod:PrayerOfFaith","Negative_Energy_Burst","Cloudkill","expansioncontent:DefensiveMode","Sadistic Nature","ReplayUltimateDefense+1","Blood_Curse","Summon_Lich","Acid_Javelin","Poisoned Strike","REME_Flogging","Bones_to_Steel+1","Spectral_Armor","Specialist+1","Summon_Death_Knight+1","Replay:Bootleg Shield Generator+1","DoctorFetus+1","Summon_Undead_Army+1","REME_AllRoundStrike","REME_HeartOfCthun","Summon_Death_Knight","expansioncontent:DashGenerateEvil","Scare","Blood_Curse"],"relics":["Vampire_Amulet","HushsDoor","REME_ComplimentaryCards","SteamSale","Bromod:ArcaneUltimatum","halation:Toothbrush","hubris:Icosahedron","Ginger","MerchantsRug","reliquary:HotPoker","qcfpunch:Crimson_Sash","MyShadow","Replay:Bottled Snecko","Prayer Wheel","Replay:PocketPolymizer","PokeGo","Dota2Spire:DrumOfEndurance","CherryCoatedStake","hubris:BundleOfHerbs","Elementarium:ElementariumTrophy","reliquary:RedPaperclip","ReplayTheSpireMod:CursedCoin"],"acts_visited":["Hallownest:Greenpath","Elementarium:Elementarium","TheBeyond"],"potions_floor_usage":[26,28,29,29,35,35,35,35,41],"damage_taken":[{"damage":0.0,"enemies":"Hallownest:monsterHuskWarrior","floor":2.0,"turns":1.0},{"damage":11.0,"enemies":"Hallownest:eliteMossKnight","floor":3.0,"turns":4.0},{"damage":6.0,"enemies":"Hallownest:2_Tiktiks_and_1_Crawlid","floor":5.0,"turns":1.0},{"damage":9.0,"enemies":"Hallownest:eliteCrystalGuardian","floor":7.0,"turns":4.0},{"damage":4.0,"enemies":"Hallownest:eliteVengeflyKing","floor":10.0,"turns":4.0},{"damage":12.0,"enemies":"Hallownest:2_MossCreeps","floor":11.0,"turns":6.0},{"damage":8.0,"enemies":"Hallownest:2_MossCreeps","floor":13.0,"turns":3.0},{"damage":19.0,"enemies":"Hallownest:eliteMossKnight","floor":15.0,"turns":4.0},{"damage":1.0,"enemies":"Hallownest:1_Ooma_and_2_Uuma","floor":16.0,"turns":3.0},{"damage":31.0,"enemies":"Hallownest:BossBrokenVessel","floor":18.0,"turns":5.0},{"damage":9.0,"enemies":"Elementarium:MUD_AND_TAR_GOLEMS","floor":20.0,"turns":2.0},{"damage":23,"enemies":"Elementarium:WarGolem","floor":26,"turns":4},{"damage":0,"enemies":"Elementarium:Cyclone","floor":28,"turns":4},{"damage":4,"enemies":"Elementarium:FIRE_NOBILITY","floor":29,"turns":3},{"damage":2,"enemies":"Elementarium:Cyclone","floor":31,"turns":2},{"damage":11,"enemies":"Elementarium:ElementalPortal","floor":33,"turns":4},{"damage":37,"enemies":"Elementarium:PHOENIXES","floor":35,"turns":6},{"damage":2,"enemies":"3 Shapes","floor":37,"turns":6},{"damage":9,"enemies":"Orb Walker","floor":39,"turns":2},{"damage":0,"enemies":"Transient","floor":40,"turns":7},{"damage":36,"enemies":"4 Shapes","floor":41,"turns":2},{"damage":15,"enemies":"R_Hoarder","floor":42,"turns":2}],"seed_played":"8332900415846709097","potions_obtained":[{"floor":7.0,"key":"Dota2Spire:Clarity"},{"floor":10.0,"key":"Toxic Potion"},{"floor":13.0,"key":"Swift Potion"},{"floor":15.0,"key":"GamblersBrew"},{"floor":20.0,"key":"Block Potion"},{"floor":29,"key":"sneckomod:MuddlingPotion"},{"floor":33,"key":"Languid Potion"},{"floor":35,"key":"Energy Potion"},{"floor":39,"key":"Elixir"},{"floor":40,"key":"SkillPotion"}],"is_trial":true,"path_per_floor":["?","M","?","?","M","R","E","PTL","PTL","E","MIM","$","M","R","E","M","R","B",null,"M","?","$","?","$","R","E","R","MIM","E","R","M","R","E","R","B",null,"M","$","M","M","M","E"],"character_chosen":"NECROMANCER","items_purchased":["MerchantsRug","Summon_Lich","MyShadow","aspiration:ChemicalBlood","Bones_to_Steel+1","Spectral_Armor","Specialist","Replay:Bottled Snecko","trackpad:GuardianSpirit","Prayer Wheel","Summon_Undead_Army","Old Coin","Dota2Spire:DrumOfEndurance","CherryCoatedStake","trackpad:AdjectivePendant","ReplayTheSpireMod:CursedCoin","Summon_Death_Knight","expansioncontent:DashGenerateEvil","Scare"],"campfire_rested":0,"item_purchase_floors":[12,12,19,22,22,22,22,22,24,24,32,32,32,32,32,38,38,38,38],"current_hp_per_floor":[64,66,59,59,59,59,52,52,52,58,50,50,46,46,32,37,37,19,34,28,36,38,38,40,40,21,21,23,21,21,20,20,25,25,16,36,48,50,42,45,14,0,0],"gold":1271,"neow_bonus":"","is_daily":false,"chose_seed":false,"campfire_upgraded":6,"win_rate":0.0,"timestamp":1612680949,"path_taken":["?","M","?","?","M","R","E","PTL","PTL","E","MIM","$","?","R","E","M","R","BOSS","M","?","$","?","$","R","E","R","MIM","E","R","M","R","E","R","BOSS","M","$","M","?","M","E"],"items_purchased_type":["Relic","Card","Relic","Relic","Card","Card","Card","Relic","Relic","Relic","Card","Relic","Relic","Relic","Relic","Relic","Card","Card","Card"],"build_version":"2020-12-22","purchased_purges":3,"victory":false,"max_hp_per_floor":[71,71,71,71,71,71,71,71,71,71,71,71,71,71,71,71,71,71,59,59,59,62,62,65,65,68,68,68,68,68,68,68,68,68,68,68,68,71,71,71,71,71,71],"relic_stats":{"counters":[22,79],"Prayer Wheel":5,"Ginger":[8],"obtain_stats":[{"Bromod:ArcaneUltimatum":0,"Replay:PocketPolymizer":26,"Dota2Spire:DrumOfEndurance":32,"Ginger":7,"qcfpunch:Crimson_Sash":19,"Old Coin":32,"reliquary:HotPoker":15,"hubris:Icosahedron":4,"PokeGo":29,"Prayer Wheel":24,"Vampire_Amulet":0,"halation:Toothbrush":3,"MyShadow":19,"Replay:Bottled Snecko":22,"trackpad:AdjectivePendant":32,"aspiration:ChemicalBlood":22,"KeepersGift":0,"Potion Belt":11,"trackpad:GuardianSpirit":24,"MerchantsRug":12,"CherryCoatedStake":32,"infinitespire:CursedDice":10,"ReplayTheSpireMod:CursedCoin":38,"SteamSale":0,"reliquary:RedPaperclip":36,"Elementarium:ElementariumTrophy":35,"hubris:BundleOfHerbs":33,"HushsDoor":0,"REME_ComplimentaryCards":0},{"Bromod:ArcaneUltimatum":0,"Replay:PocketPolymizer":12,"Dota2Spire:DrumOfEndurance":15,"Ginger":4,"qcfpunch:Crimson_Sash":10,"Old Coin":15,"reliquary:HotPoker":8,"hubris:Icosahedron":2,"PokeGo":14,"Prayer Wheel":11,"Vampire_Amulet":0,"halation:Toothbrush":2,"MyShadow":10,"Replay:Bottled Snecko":11,"trackpad:AdjectivePendant":15,"aspiration:ChemicalBlood":11,"KeepersGift":0,"Potion Belt":6,"trackpad:GuardianSpirit":11,"MerchantsRug":6,"CherryCoatedStake":15,"infinitespire:CursedDice":5,"ReplayTheSpireMod:CursedCoin":18,"SteamSale":0,"reliquary:RedPaperclip":17,"Elementarium:ElementariumTrophy":17,"hubris:BundleOfHerbs":16,"HushsDoor":0,"REME_ComplimentaryCards":0},{"Bromod:ArcaneUltimatum":0,"Replay:PocketPolymizer":41,"Dota2Spire:DrumOfEndurance":50,"Ginger":10,"qcfpunch:Crimson_Sash":35,"Old Coin":50,"reliquary:HotPoker":27,"hubris:Icosahedron":5,"PokeGo":48,"Prayer Wheel":37,"Vampire_Amulet":0,"halation:Toothbrush":5,"MyShadow":35,"Replay:Bottled Snecko":37,"trackpad:AdjectivePendant":50,"aspiration:ChemicalBlood":37,"KeepersGift":0,"Potion Belt":20,"trackpad:GuardianSpirit":37,"MerchantsRug":20,"CherryCoatedStake":50,"infinitespire:CursedDice":14,"ReplayTheSpireMod:CursedCoin":66,"SteamSale":0,"reliquary:RedPaperclip":60,"Elementarium:ElementariumTrophy":60,"hubris:BundleOfHerbs":54,"HushsDoor":0,"REME_ComplimentaryCards":0}]},"card_choices":[{"not_picked":["Bone_Shift","Acid_Javelin"],"picked":"Negative_Energy_Burst","floor":2.0},{"not_picked":["Violence","expansioncontent:QuickStudy"],"picked":"Cloudkill","floor":3.0},{"not_picked":["Degenerate","Blood_Curse"],"picked":"expansioncontent:DefensiveMode","floor":5.0},{"not_picked":["Panache","Feint"],"picked":"Sadistic Nature","floor":7.0},{"not_picked":["HandOfGreed","REME_HeartOfCthun"],"picked":"ReplayUltimateDefense","floor":10.0},{"not_picked":["Chill_Blood","Bones_to_Steel"],"picked":"Blood_Curse","floor":11.0},{"not_picked":["Finesse","Death_March_Dance"],"picked":"Acid_Javelin","floor":13.0},{"not_picked":["REME_WheelOfFate","Master of Strategy"],"picked":"Poisoned Strike","floor":15.0},{"not_picked":["Negative_Energy_Javelin","Scare","Vampiric_Strike"],"picked":"SKIP","floor":16.0},{"not_picked":["Reforge","Detonate_Bones"],"picked":"REME_Flogging","floor":18.0},{"not_picked":["Degenerate","Negative_Energy_Mist","Violent_Necrosis"],"picked":"SKIP","floor":20.0},{"not_picked":["REME_BattleFury+1","The Bomb+1"],"picked":"Summon_Death_Knight+1","floor":23.0},{"not_picked":["Purity+1","Assess+1"],"picked":"Replay:Bootleg Shield Generator+1","floor":23.0},{"not_picked":["BloodyBrimstone","Chrysalis","Thinking Ahead"],"picked":"SKIP","floor":26},{"not_picked":["expansioncontent:Corrupt","Requiem"],"picked":"DoctorFetus","floor":29},{"not_picked":["BettingIsNotGood","Epidemic+1","Vampiric_Strike"],"picked":"SKIP","floor":31},{"not_picked":["expansioncontent:PolyBeam","Negative_Energy_Mist","Bone_Shift"],"picked":"SKIP","floor":31},{"not_picked":["EpicFetus","The Bomb"],"picked":"REME_AllRoundStrike","floor":33},{"not_picked":["StuffTheSpire:Recharge","SuicideKing"],"picked":"REME_HeartOfCthun","floor":35},{"not_picked":["Chill_Blood","Death_March_Dance","Bones_to_Steel"],"picked":"SKIP","floor":37},{"not_picked":["Scare","Death_March_Dance","Death_Coil"],"picked":"SKIP","floor":37},{"not_picked":["Scare+1","Necrotic_Claws","Negative_Energy_Javelin"],"picked":"SKIP","floor":39},{"not_picked":["Metamorphosis","Scare+1","expansioncontent:PolyBeam"],"picked":"SKIP","floor":39},{"not_picked":["Blood_Whip","Plague_Bolt"],"picked":"Blood_Curse","floor":40},{"not_picked":["Scare+1","Mind Blast","Death_March_Dance"],"picked":"SKIP","floor":40},{"not_picked":["Shackles_Of_Pain","Blood_Shield+1","Negative_Energy_Mist"],"picked":"SKIP","floor":41},{"not_picked":["Degenerate","Finger_Of_Death","Negative_Energy_Mist+1"],"picked":"SKIP","floor":41}],"player_experience":3991908,"relics_obtained":[{"floor":3.0,"key":"halation:Toothbrush"},{"floor":7.0,"key":"Ginger"},{"floor":10.0,"key":"infinitespire:CursedDice"},{"floor":11.0,"key":"Potion Belt"},{"floor":15.0,"key":"reliquary:HotPoker"},{"floor":26,"key":"Replay:PocketPolymizer"},{"floor":29,"key":"PokeGo"},{"floor":33,"key":"hubris:BundleOfHerbs"}],"event_choices":[{"damage_healed":15.0,"max_hp_gain":0.0,"max_hp_loss":0.0,"gold_gain":0.0,"event_name":"Elementarium:StickySituation","player_choice":"Drink","floor":21.0,"gold_loss":0.0,"damage_taken":0.0,"cards_obtained":["Elementarium:StickyTar"]},{"damage_healed":0.0,"max_hp_gain":0.0,"max_hp_loss":0.0,"gold_gain":0.0,"event_name":"betterMatch:BetterMatch","player_choice":"2","floor":23.0,"gold_loss":0.0,"damage_taken":0.0,"cards_obtained":["betterMatch:RareCard","betterMatch:UncommonCard"]}],"is_beta":false,"boss_relics":[{"not_picked":["Sozu","hubris:RunicObelisk"],"picked":"qcfpunch:Crimson_Sash"},{"not_picked":[]},{"not_picked":["SlaversCollar","conspire:SlowCooker"],"picked":"reliquary:RedPaperclip"},{"not_picked":[]}],"items_purged_floors":[22,24,38],"is_endless":false,"potions_floor_spawned":[7,10,13,15,20,29,33,35,39,40],"killed_by":"R_Hoarder","ascension_level":20,"is_humility":true}}