{"host":"d52brwsy6af8zvaq","time":1612669577,"event":{"mods":["AchievementEnabler","BaseMod","Bestiary","Highlight Path","Minty Spire (QoL Compilation)","Quick Restart","Relic Stats","ojb\u0027s Better Paths Mod"],"gold_per_floor":[117,12,12,12,24,50,61,61,86,96,96,110,138,199,199,273,273,290,190,190,190,105,105,105],"floor_reached":23,"language":"ENG","playtime":697,"items_purged":["Strike_B"],"score":394,"play_id":"95dcc255-3b32-41da-9f1c-c6141466e758","local_time":"20210206204617","is_ascension_mode":true,"campfire_choices":[{"data":"Dualcast","floor":8.0,"key":"SMITH"},{"data":"White Noise","floor":11.0,"key":"SMITH"},{"floor":15.0,"key":"REST"}],"circlet_count":0,"master_deck":["AscendersBane","Defend_B","Defend_B","Defend_B","Defend_B","Zap+1","Dualcast+1","Coolheaded","Ball Lightning","Chaos","Chill","Sweeping Beam","White Noise+1","Self Repair","Core Surge","Echo Form","Defragment+1","Recycle+1","Compile Driver+1","Self Repair","Stack","Loop"],"relics":["Cracked Core","Ancient Tea Set","Juzu Bracelet","Bronze Scales","Astrolabe","Frozen Egg 2","Sundial"],"acts_visited":["Exordium","TheCity"],"potions_floor_usage":[],"damage_taken":[{"damage":1.0,"enemies":"Small Slimes","floor":1.0,"turns":3.0},{"damage":9.0,"enemies":"2 Louse","floor":5.0,"turns":3.0},{"damage":27.0,"enemies":"Gremlin Nob","floor":6.0,"turns":4.0},{"damage":3.0,"enemies":"Jaw Worm","floor":7.0,"turns":3.0},{"damage":0.0,"enemies":"Looter","floor":10.0,"turns":3.0},{"damage":5.0,"enemies":"Red Slaver","floor":12.0,"turns":3.0},{"damage":18.0,"enemies":"Lagavulin","floor":13.0,"turns":9.0},{"damage":40.0,"enemies":"Hexaghost","floor":16.0,"turns":9.0},{"damage":34,"enemies":"2 Thieves","floor":18,"turns":4},{"damage":54,"enemies":"Book of Stabbing","floor":23,"turns":5}],"seed_played":"2038014250252005593","potions_obtained":[{"floor":1.0,"key":"CultistPotion"},{"floor":6.0,"key":"Block Potion"},{"floor":7.0,"key":"Strength Potion"}],"is_trial":false,"path_per_floor":["M","$","?","?","M","E","M","R","T","M","R","M","E","?","R","B",null,"M","$","?","T","?","E"],"character_chosen":"DEFECT","items_purchased":["Ball Lightning","Stack","Loop"],"campfire_rested":1,"item_purchase_floors":[2,19,19],"current_hp_per_floor":[70,70,75,75,66,39,36,36,36,36,36,31,20,20,44,11,65,31,31,48,48,48,0,0],"gold":105,"neow_bonus":"TEN_PERCENT_HP_BONUS","is_daily":false,"chose_seed":false,"campfire_upgraded":2,"win_rate":0.0,"timestamp":1612669577,"path_taken":["M","$","?","?","M","E","M","R","T","M","R","M","E","?","R","BOSS","M","$","?","?","?","E"],"items_purchased_type":["Card","Card","Card"],"build_version":"2020-12-22","purchased_purges":1,"victory":false,"max_hp_per_floor":[78,78,83,83,83,83,83,83,83,83,83,83,83,83,83,83,83,83,83,83,83,83,83,83],"relic_stats":{"counters":[10,46],"Sundial":[0],"Bronze Scales":[93],"Astrolabe":["Defragment","Recycle","Compile Driver"],"Juzu Bracelet":0,"obtain_stats":[{"Sundial":22,"Bronze Scales":13,"Astrolabe":17,"Juzu Bracelet":9,"Frozen Egg 2":21,"Cracked Core":0,"Ancient Tea Set":6},{"Sundial":9,"Bronze Scales":7,"Astrolabe":8,"Juzu Bracelet":4,"Frozen Egg 2":9,"Cracked Core":0,"Ancient Tea Set":3},{"Sundial":41,"Bronze Scales":28,"Astrolabe":37,"Juzu Bracelet":13,"Frozen Egg 2":41,"Cracked Core":0,"Ancient Tea Set":10}]},"card_choices":[{"not_picked":["Steam Power","Force Field"],"picked":"Coolheaded","floor":1.0},{"not_picked":["Tempest","Beam Cell"],"picked":"Chaos","floor":5.0},{"not_picked":["Rebound","Coolheaded"],"picked":"Chill","floor":6.0},{"not_picked":["Streamline","Stack"],"picked":"Sweeping Beam","floor":7.0},{"not_picked":["Gash","Reinforced Body"],"picked":"White Noise","floor":10.0},{"not_picked":["Hologram","Gash"],"picked":"Self Repair","floor":12.0},{"not_picked":["Coolheaded","Loop"],"picked":"Core Surge","floor":13.0},{"not_picked":["Creative AI","Core Surge"],"picked":"Echo Form","floor":16.0},{"not_picked":["Go for the Eyes","Rebound"],"picked":"Self Repair","floor":18}],"player_experience":2175553,"relics_obtained":[{"floor":6.0,"key":"Ancient Tea Set"},{"floor":9.0,"key":"Juzu Bracelet"},{"floor":13.0,"key":"Bronze Scales"},{"floor":21,"key":"Frozen Egg 2"}],"event_choices":[{"damage_healed":0.0,"max_hp_gain":5.0,"max_hp_loss":0.0,"gold_gain":0.0,"event_name":"Big Fish","player_choice":"Donut","floor":3.0,"gold_loss":0.0,"damage_taken":0.0},{"damage_healed":0.0,"max_hp_gain":0.0,"max_hp_loss":0.0,"gold_gain":0.0,"event_name":"Living Wall","player_choice":"Grow","floor":4.0,"gold_loss":0.0,"damage_taken":0.0,"cards_upgraded":["Zap"]},{"damage_healed":0.0,"max_hp_gain":0.0,"max_hp_loss":0.0,"gold_gain":61.0,"event_name":"Golden Wing","player_choice":"Gained Gold","floor":14.0,"gold_loss":0.0,"damage_taken":0.0},{"damage_healed":17,"gold_gain":0,"player_choice":"Heal","damage_taken":0,"max_hp_gain":0,"max_hp_loss":0,"event_name":"The Library","floor":20,"gold_loss":0},{"damage_healed":0,"gold_gain":0,"player_choice":"Obtained Relic","damage_taken":0,"relics_obtained":["Sundial"],"max_hp_gain":0,"max_hp_loss":0,"event_name":"Addict","floor":22,"gold_loss":85}],"is_beta":false,"boss_relics":[{"not_picked":["SlaversCollar","Fusion Hammer"],"picked":"Astrolabe"}],"items_purged_floors":[2],"is_endless":false,"potions_floor_spawned":[1,6,7,12],"killed_by":"Book of Stabbing","ascension_level":20}}