{"host":"mi5q6ofoqrk3twea","time":1612730933,"event":{"mods":["AchievementEnabler","BaseMod","Colored Powertips","Googly Eyes","Minty Spire (QoL Compilation)","StSLib","The IronCluck","Unceasing Turn Reminder","slay the spire mod where everything is the same but ironclad has a cowboy hat"],"gold_per_floor":[110,127,147,222,222,222,252,264,341,351,370,380,405,285,285,390,390,400,400,315,240,47,73,73,89,89,101,117,117,136,136,136,238,238,254,264,264,278,292,292,292,292],"floor_reached":41,"language":"ENG","playtime":5992,"items_purged":["Strike_P"],"score":477,"play_id":"b437ab67-d90a-4d50-93c3-bb1ac01de3dd","local_time":"20210207214853","is_ascension_mode":false,"campfire_choices":[{"data":"CutThroughFate","floor":6,"key":"SMITH"},{"floor":15,"key":"REST"},{"floor":24,"key":"REST"},{"data":"Apotheosis","floor":29,"key":"SMITH"},{"floor":32,"key":"REST"},{"floor":40,"key":"RECALL"}],"circlet_count":0,"master_deck":["Strike_P","Strike_P","Strike_P","Defend_P","Defend_P","Eruption+1","Vigilance","CutThroughFate+1","WheelKick","ReachHeaven","Perseverance","Nirvana","FollowUp","DeceiveReality","Swivel","CutThroughFate","DeusExMachina","Collect+1","Apotheosis+1","EmptyBody+1","WindmillStrike","CutThroughFate","EmptyFist+1","Judgement","JustLucky","CutThroughFate"],"relics":["PureWater","NeowsBlessing","Pocketwatch","Omamori","Philosopher\u0027s Stone","MutagenicStrength","Peace Pipe","Bag of Marbles","Vajra","Incense Burner","Velvet Choker"],"acts_visited":["Exordium","TheCity","TheBeyond"],"potions_floor_usage":[10,16,16,33],"damage_taken":[{"damage":0,"enemies":"Cultist","floor":1,"turns":1},{"damage":0,"enemies":"Small Slimes","floor":2,"turns":1},{"damage":0,"enemies":"Jaw Worm","floor":3,"turns":1},{"damage":36,"enemies":"3 Sentries","floor":7,"turns":8},{"damage":2,"enemies":"Looter","floor":8,"turns":3},{"damage":2,"enemies":"Blue Slaver","floor":10,"turns":4},{"damage":10,"enemies":"Gremlin Gang","floor":11,"turns":6},{"damage":4,"enemies":"Large Slime","floor":12,"turns":4},{"damage":0,"enemies":"Gremlin Nob","floor":13,"turns":2},{"damage":61,"enemies":"The Guardian","floor":16,"turns":6},{"damage":0,"enemies":"Spheric Guardian","floor":18,"turns":2},{"damage":54,"enemies":"Gremlin Leader","floor":23,"turns":6},{"damage":0,"enemies":"2 Thieves","floor":25,"turns":1},{"damage":0,"enemies":"Cultist and Chosen","floor":27,"turns":4},{"damage":4,"enemies":"Snake Plant","floor":28,"turns":4},{"damage":15,"enemies":"Shelled Parasite and Fungi","floor":30,"turns":3},{"damage":29,"enemies":"Champ","floor":33,"turns":9},{"damage":10,"enemies":"3 Darklings","floor":35,"turns":6},{"damage":0,"enemies":"Orb Walker","floor":36,"turns":2},{"damage":0,"enemies":"Jaw Worm Horde","floor":38,"turns":2},{"damage":10,"enemies":"4 Shapes","floor":39,"turns":4},{"damage":59,"enemies":"Maw","floor":41,"turns":5}],"seed_played":"-3609025773947565082","potions_obtained":[{"floor":1,"key":"DuplicationPotion"},{"floor":7,"key":"Fruit Juice"},{"floor":10,"key":"Dexterity Potion"},{"floor":12,"key":"EssenceOfSteel"},{"floor":13,"key":"FairyPotion"},{"floor":23,"key":"EssenceOfSteel"},{"floor":25,"key":"Regen Potion"},{"floor":36,"key":"Ancient Potion"},{"floor":38,"key":"FearPotion"}],"is_trial":false,"path_per_floor":["M","M","M","?","?","R","E","M","T","M","M","M","E","$","R","B",null,"M","?","?","?","$","E","R","M","T","M","M","R","M","?","R","B",null,"M","M","?","M","M","R","M"],"character_chosen":"WATCHER","items_purchased":["CutThroughFate","Apotheosis"],"campfire_rested":3,"item_purchase_floors":[14,22],"current_hp_per_floor":[72,72,72,61,61,61,25,23,23,26,16,12,12,12,35,7,77,77,77,77,77,77,23,46,46,46,46,42,42,27,27,50,36,77,67,67,67,67,57,57,0,0],"gold":292,"neow_bonus":"THREE_ENEMY_KILL","is_daily":false,"chose_seed":false,"campfire_upgraded":2,"win_rate":0.0,"timestamp":1612730933,"path_taken":["M","M","?","?","?","R","E","M","T","M","M","?","E","?","R","BOSS","M","?","?","?","?","E","R","M","T","M","?","R","M","?","R","BOSS","M","M","?","?","M","R","M"],"items_purchased_type":["Card","Card"],"build_version":"2020-12-22","purchased_purges":1,"victory":false,"max_hp_per_floor":[72,72,72,72,72,72,72,72,72,77,77,77,77,77,77,77,77,77,77,77,77,77,77,77,77,77,77,77,77,77,77,77,77,77,77,77,77,77,77,77,77,77],"card_choices":[{"not_picked":["Collect","Indignation"],"picked":"CutThroughFate","floor":1},{"not_picked":["FlurryOfBlows","Protect"],"picked":"WheelKick","floor":2},{"not_picked":["Consecrate","ThirdEye"],"picked":"ReachHeaven","floor":3},{"not_picked":["Adaptation","EmptyFist"],"picked":"Perseverance","floor":7},{"not_picked":["ReachHeaven","Wallop"],"picked":"Nirvana","floor":8},{"not_picked":["FlurryOfBlows","Scrawl"],"picked":"FollowUp","floor":10},{"not_picked":["InnerPeace","PathToVictory","ClearTheMind"],"picked":"SKIP","floor":11},{"not_picked":["Crescendo","Nirvana"],"picked":"DeceiveReality","floor":12},{"not_picked":["FlyingSleeves","Protect"],"picked":"Swivel","floor":13},{"not_picked":["Scrawl","Brilliance"],"picked":"DeusExMachina","floor":16},{"not_picked":["Protect","FollowUp"],"picked":"Collect+1","floor":18},{"not_picked":["Halt","Study"],"picked":"EmptyBody+1","floor":23},{"not_picked":["EmptyFist","Pray"],"picked":"WindmillStrike","floor":25},{"not_picked":["Vault","BowlingBash"],"picked":"CutThroughFate","floor":27},{"not_picked":["SashWhip","Indignation"],"picked":"EmptyFist+1","floor":28},{"not_picked":["FlyingSleeves","Brilliance","BattleHymn"],"picked":"SKIP","floor":30},{"not_picked":["DeusExMachina","Omniscience"],"picked":"Judgement","floor":33},{"not_picked":["WheelKick+1","BattleHymn+1"],"picked":"JustLucky","floor":35},{"not_picked":["Evaluate+1","Crescendo","EmptyBody+1"],"picked":"SKIP","floor":36},{"not_picked":["EmptyFist+1","Collect+1"],"picked":"CutThroughFate","floor":38},{"not_picked":["EmptyFist","EmptyBody","Study"],"picked":"SKIP","floor":39}],"player_experience":193775,"relics_obtained":[{"floor":7,"key":"Pocketwatch"},{"floor":13,"key":"Omamori"},{"floor":23,"key":"Bag of Marbles"},{"floor":26,"key":"Vajra"}],"event_choices":[{"damage_healed":0,"gold_gain":75,"player_choice":"Gather Gold","damage_taken":11,"max_hp_gain":0,"max_hp_loss":0,"event_name":"World of Goop","floor":4,"gold_loss":0},{"damage_healed":0,"gold_gain":0,"player_choice":"Upgraded","damage_taken":0,"max_hp_gain":0,"max_hp_loss":0,"event_name":"Upgrade Shrine","floor":5,"gold_loss":0,"cards_upgraded":["Eruption"]},{"damage_healed":0,"gold_gain":0,"player_choice":"Inject Mutagens","damage_taken":0,"relics_obtained":["MutagenicStrength"],"max_hp_gain":0,"max_hp_loss":0,"event_name":"Drug Dealer","floor":19,"gold_loss":0},{"damage_healed":0,"gold_gain":0,"player_choice":"Obtained Relic","damage_taken":0,"relics_obtained":["Peace Pipe"],"max_hp_gain":0,"max_hp_loss":0,"event_name":"Addict","floor":20,"gold_loss":85},{"cards_removed":["Defend_P"],"damage_healed":0,"gold_gain":0,"player_choice":"Gave Gold","damage_taken":0,"max_hp_gain":0,"max_hp_loss":0,"event_name":"Beggar","floor":21,"gold_loss":75},{"damage_healed":0,"gold_gain":0,"player_choice":"Opened","damage_taken":0,"relics_obtained":["Incense Burner"],"max_hp_gain":0,"max_hp_loss":0,"event_name":"The Mausoleum","floor":31,"gold_loss":0},{"cards_removed":["Defend_P"],"damage_healed":0,"gold_gain":0,"player_choice":"Offered Basic","damage_taken":0,"max_hp_gain":0,"max_hp_loss":0,"event_name":"Bonfire Elementals","floor":37,"gold_loss":0}],"is_beta":false,"boss_relics":[{"not_picked":["Runic Pyramid","Astrolabe"],"picked":"Philosopher\u0027s Stone"},{"not_picked":["Pandora\u0027s Box","VioletLotus"],"picked":"Velvet Choker"}],"items_purged_floors":[14],"is_endless":false,"potions_floor_spawned":[1,7,10,12,13,23,25,36,38],"killed_by":"Maw","ascension_level":0}}