{"host":"yrtk68ixj64vhhh3","time":1612740681,"event":{"mods":["2.2 Compatiblity","AchievementEnabler","Aspiration","BaseMod","Better Altar","Better Match","Better Note","Better Silent Start","Better Skull","Better Third Choice","Colored Map","Colored Powertips","Conspire","Dio Mod","Downfall","Energized Spire","Hubris","Infinite Spire","Minty Spire (QoL Compilation)","Prisma Mod","RNG Fix","StSLib","Steal the Spire","Td1madao Mod","The Animator","The Poker Player","The Wild Card","TheBandit","TheHero"],"gold_per_floor":[112,112,112,124,224,224,254,254,304,314,330,346,346,377,377,474,474,502,514,544,24,24,24,124,124,124,150,168,180,180,180],"floor_reached":30,"language":"ENG","playtime":1850,"items_purged":[],"score":336,"play_id":"9a3eb411-430a-4e8b-97a1-44d63310b1a7","local_time":"20210208123121","is_ascension_mode":true,"campfire_choices":[{"floor":6,"key":"REST"},{"data":"animeID:Endeavor","floor":8,"key":"SMITH"},{"floor":13,"key":"REST"},{"floor":15,"key":"REST"},{"floor":23,"key":"REST"}],"circlet_count":0,"master_deck":["animeID:Deku","animeID:Bakugo","animeID:Smash","animeID:Smash","animeID:Smash","animeID:Smash","animeID:DefendMH","animeID:DefendMH","animeID:DefendMH","animeID:DetroitDelaware","animeID:Endeavor+1","infinitespire:OneForAll","animeID:TetsuTetsu","animeID:Kirishima","animeID:DelawareSmash","animeID:Uraraka","animeID:ToruHagakure+1","animeID:DetroitSmash","animeID:AllMight","CurseOfTheBell","animeID:Momo","animeID:Stain","animeID:Hatsume","Madness","animeID:Kendo","animeID:FullCowl","animeID:TodorokiShoto","animeID:Mezo","animeID:RedRiot"],"relics":["animeID:HeroCostume","Mango","hubris:Reverence","conspire:TopHat","Calling Bell","MawBank","hubris:SphereOfDissonance","Girya","MealTicket","aspiration:Nostalgia","Apod","Bottled Lightning","infinitespire:ShieldingShard"],"acts_visited":["Exordium","TheCity"],"potions_floor_usage":[16,16,16,22,27,27,29],"damage_taken":[{"damage":3,"enemies":"Small Slimes","floor":1,"turns":2},{"damage":23,"enemies":"Jaw Worm","floor":4,"turns":4},{"damage":23,"enemies":"Lagavulin","floor":7,"turns":5},{"damage":3,"enemies":"2 Louse","floor":10,"turns":2},{"damage":25,"enemies":"Exordium Wildlife","floor":11,"turns":4},{"damage":17,"enemies":"Large Slime","floor":12,"turns":5},{"damage":14,"enemies":"Gremlin Nob","floor":14,"turns":3},{"damage":33,"enemies":"Slime Boss","floor":16,"turns":6},{"damage":19,"enemies":"Chosen","floor":18,"turns":4},{"damage":49,"enemies":"Shell Parasite","floor":20,"turns":7},{"damage":0,"enemies":"conspire:SneckoGhost","floor":27,"turns":2},{"damage":36,"enemies":"Chosen and Byrds","floor":28,"turns":5},{"damage":14,"enemies":"Snake Plant","floor":29,"turns":2},{"damage":65,"enemies":"Centurion and Healer","floor":30,"turns":7}],"seed_played":"-8330357578559540623","potions_obtained":[{"floor":7,"key":"bronze:BurnAndBuffPotion"},{"floor":11,"key":"Weak Potion"},{"floor":12,"key":"Dexterity Potion"},{"floor":20,"key":"DistilledChaos"},{"floor":22,"key":"Fruit Juice"},{"floor":22,"key":"Ancient Potion"},{"floor":22,"key":"SteroidPotion"},{"floor":29,"key":"DistilledChaos"}],"is_trial":false,"path_per_floor":["M","?","?","M","?","R","E","R","T","M","M","M","R","E","R","B",null,"M","?","M","$","?","R","?","?","T","E","M","M","M"],"character_chosen":"THE_HERO","items_purchased":["MealTicket","aspiration:Nostalgia","animeID:Hatsume","Madness","animeID:Kendo"],"campfire_rested":4,"item_purchase_floors":[21,21,21,21,21],"current_hp_per_floor":[79,79,72,51,51,79,58,58,58,55,34,19,47,35,63,34,96,79,79,36,36,41,71,71,71,71,73,39,27,0,0],"gold":180,"neow_bonus":"TEN_PERCENT_HP_BONUS","is_daily":false,"chose_seed":false,"campfire_upgraded":1,"win_rate":0.0,"timestamp":1612740681,"path_taken":["M","?","?","?","?","R","E","R","T","M","M","M","R","E","R","BOSS","M","?","M","$","?","R","?","?","T","E","?","M","M"],"items_purchased_type":["Relic","Relic","Card","Card","Card"],"build_version":"2020-12-22","purchased_purges":0,"victory":false,"max_hp_per_floor":[82,82,96,96,96,96,96,96,96,96,96,96,96,96,96,96,96,96,96,96,96,101,101,101,101,101,101,101,101,101,101],"card_choices":[{"not_picked":["animeID:Mina","animeID:Tomura"],"picked":"animeID:DetroitDelaware","floor":1},{"not_picked":["animeID:ToruHagakure","animeID:Rei"],"picked":"animeID:TetsuTetsu","floor":4},{"not_picked":["animeID:Mezo","animeID:Twice"],"picked":"animeID:Kirishima","floor":7},{"not_picked":["animeID:Dabi","animeID:Bakugo"],"picked":"animeID:DelawareSmash","floor":10},{"not_picked":["animeID:ShootStyle","animeID:Bakugo"],"picked":"animeID:Uraraka","floor":11},{"not_picked":["animeID:Aoyama","animeID:Mezo"],"picked":"animeID:ToruHagakure","floor":12},{"not_picked":["animeID:Shigaraki","animeID:DelawareSmash"],"picked":"animeID:DetroitSmash","floor":14},{"not_picked":["animeID:USA_Smash","animeID:ProminenceBurn"],"picked":"animeID:AllMight","floor":16},{"not_picked":["animeID:Iida","animeID:Mina"],"picked":"animeID:Momo","floor":18},{"not_picked":["animeID:Rei","animeID:Mineta"],"picked":"animeID:Stain","floor":20},{"not_picked":["animeID:Aoyama","animeID:Hatsume"],"picked":"animeID:TodorokiShoto","floor":27},{"not_picked":["animeID:Tomura","animeID:Aoyama+1"],"picked":"animeID:Mezo","floor":28},{"not_picked":["animeID:Aoyama","animeID:FullCowl"],"picked":"animeID:RedRiot","floor":29}],"player_experience":749105,"relics_obtained":[{"floor":7,"key":"hubris:Reverence"},{"floor":14,"key":"conspire:TopHat"},{"floor":17,"key":"MawBank"},{"floor":17,"key":"hubris:SphereOfDissonance"},{"floor":17,"key":"Girya"},{"floor":26,"key":"Bottled Lightning"},{"floor":27,"key":"infinitespire:ShieldingShard"}],"event_choices":[{"damage_healed":0,"gold_gain":0,"cards_transformed":["animeID:DefendMH"],"player_choice":"Transformed","damage_taken":0,"max_hp_gain":0,"max_hp_loss":0,"event_name":"Transmorgrifier","floor":2,"gold_loss":0,"cards_obtained":["animeID:Endeavor"]},{"damage_healed":0,"gold_gain":100,"player_choice":"Pray","damage_taken":0,"max_hp_gain":0,"max_hp_loss":0,"event_name":"Golden Shrine","floor":5,"gold_loss":0},{"damage_healed":0,"gold_gain":0,"player_choice":"Forge","damage_taken":0,"max_hp_gain":0,"max_hp_loss":0,"event_name":"Accursed Blacksmith","floor":19,"gold_loss":0,"cards_upgraded":["animeID:ToruHagakure"]},{"damage_healed":0,"gold_gain":0,"player_choice":"Got Potions","damage_taken":0,"max_hp_gain":0,"max_hp_loss":0,"event_name":"Lab","floor":22,"gold_loss":0},{"damage_healed":0,"gold_gain":100,"player_choice":"Pray","damage_taken":0,"max_hp_gain":0,"max_hp_loss":0,"event_name":"Golden Shrine","floor":24,"gold_loss":0},{"damage_healed":0,"gold_gain":0,"player_choice":"Read","damage_taken":0,"max_hp_gain":0,"max_hp_loss":0,"event_name":"The Library","floor":25,"gold_loss":0,"cards_obtained":["animeID:FullCowl"]}],"is_beta":false,"boss_relics":[{"not_picked":["infinitespire:Cupcake","Velvet Choker"],"picked":"Calling Bell"}],"items_purged_floors":[],"is_endless":false,"potions_floor_spawned":[7,11,12,20,29],"killed_by":"Centurion and Healer","ascension_level":2}}