{"host":"i70yit5z0kpl303k","time":1612729533,"event":{"mods":["2.2 Compatiblity","Act Like it!","BaseMod","BetterRewards","Evolution","Infinite Spire","Ironclad Rager","Koishi","Marked Mod","Minty Spire (QoL Compilation)","Relic Stats","Reliquary","Replay The Spire","StSLib","The Blue Laboratory","The Marked"],"gold_per_floor":[20,31,31,106,123,157,157,188,188,221,221,232,232,243,243,346,346,366,306,318,318,55,55,90,90,90,125,145,145,145,161,161,161,161],"floor_reached":33,"language":"ENG","playtime":1118,"items_purged":[],"score":364,"play_id":"124851f4-1b61-47bc-81f0-d68c26a9a7c8","local_time":"20210207122533","is_ascension_mode":true,"campfire_choices":[{"floor":7,"key":"REST"},{"floor":11,"key":"REST"},{"data":"Pummel","floor":15,"key":"SMITH"},{"data":"infinitespire:SevenWalls","floor":23,"key":"SMITH"},{"floor":30,"key":"REST"},{"floor":32,"key":"REST"}],"circlet_count":0,"master_deck":["Bash","Twin Strike","Twin Strike","Twin Strike","Twin Strike","Twin Strike","Iron Wave","Iron Wave","Iron Wave","Iron Wave","Whirlwind","Perfected Strike+1","ReplayTheSpireMod:Strike From Hell","Pummel+1","Iron Wave","Pommel Strike","Thunderclap","ReplayTheSpireMod:Strike From Hell","Berserk","Cleave","Sentinel+1","infinitespire:SevenWalls+1","Berserk+1","Perfected Strike+1","Pommel Strike","Replay:Bootleg Shield Generator","Reaper","Pommel Strike+1","Flame Barrier","Limit Break","Perfected Strike","ReplayTheSpireMod:Strike From Hell"],"relics":["Burning Blood","EVO:Axolotl","Snack Pack","Magic Flower","reliquary:SharkskinSheath","Ring of Chaos","DollysMirror","Dream Catcher","Replay:Towering Pillar of Hats","FossilizedHelix"],"acts_visited":["Exordium","TheCity"],"potions_floor_usage":[16,27,27,27,31,33],"damage_taken":[{"damage":0,"enemies":"Jaw Worm","floor":1,"turns":3},{"damage":0,"enemies":"2 Louse","floor":2,"turns":2},{"damage":0,"enemies":"Cultist","floor":5,"turns":2},{"damage":25,"enemies":"3 Sentries","floor":6,"turns":5},{"damage":25,"enemies":"Lagavulin","floor":8,"turns":5},{"damage":18,"enemies":"Replay:BlueRogue","floor":10,"turns":4},{"damage":0,"enemies":"Large Slime","floor":12,"turns":3},{"damage":6,"enemies":"2 Fungi Beasts","floor":14,"turns":2},{"damage":78,"enemies":"Hexaghost","floor":16,"turns":10},{"damage":16,"enemies":"Spheric Guardian","floor":18,"turns":3},{"damage":27,"enemies":"Shell Parasite","floor":20,"turns":6},{"damage":2,"enemies":"Gremlin Leader","floor":24,"turns":5},{"damage":73,"enemies":"Nightmare","floor":27,"turns":7},{"damage":17,"enemies":"Snecko","floor":28,"turns":5},{"damage":21,"enemies":"Shelled Parasite and Fungi","floor":31,"turns":5},{"damage":96,"enemies":"Automaton","floor":33,"turns":10}],"seed_played":"-1728221335452566318","potions_obtained":[{"floor":1,"key":"blueLaboratory:PolymorphPotion"},{"floor":8,"key":"blueLaboratory:BottledHope"},{"floor":10,"key":"blueLaboratory:CorrosionFlask"},{"floor":12,"key":"Strength Potion"},{"floor":14,"key":"Adrenaline Potion"},{"floor":24,"key":"Energy Potion"},{"floor":27,"key":"blueLaboratory:EmptyBottle"},{"floor":28,"key":"Weak Potion"},{"floor":31,"key":"blueLaboratory:FrostheartPotion"}],"is_trial":false,"path_per_floor":["M","M","?","?","M","E","R","E","T","E","R","M","?","M","R","B",null,"M","?","M","?","$","R","E","?","T","NM","M","$","R","M","R","B"],"character_chosen":"IRONCLAD","items_purchased":["Berserk+1","DollysMirror"],"campfire_rested":4,"item_purchase_floors":[22,22],"current_hp_per_floor":[57,63,63,52,58,39,60,45,45,45,66,72,72,72,72,21,72,65,65,62,44,44,44,63,63,63,14,21,21,42,39,60,0,0],"gold":161,"neow_bonus":"IRONCLAD_BERSERKER","is_daily":false,"chose_seed":false,"campfire_upgraded":2,"win_rate":0.0,"timestamp":1612729533,"path_taken":["M","M","?","?","M","E","R","E","T","E","R","M","?","M","R","BOSS","M","?","M","?","$","R","E","?","T","NM","?","$","R","M","R","BOSS"],"items_purchased_type":["Card","Relic"],"build_version":"2020-12-22","purchased_purges":0,"victory":false,"max_hp_per_floor":[72,72,72,72,72,72,72,72,72,72,72,72,72,72,72,72,72,72,72,72,72,72,72,72,72,72,72,72,72,72,72,72,72,72],"relic_stats":{"Dream Catcher":2,"counters":[16,77],"Magic Flower":[65],"obtain_stats":[{"Dream Catcher":24,"Replay:Towering Pillar of Hats":26,"DollysMirror":22,"Magic Flower":8,"Ring of Chaos":17,"Snack Pack":6,"EVO:Axolotl":0,"Burning Blood":0,"FossilizedHelix":27,"reliquary:SharkskinSheath":10},{"Dream Catcher":12,"Replay:Towering Pillar of Hats":12,"DollysMirror":11,"Magic Flower":5,"Ring of Chaos":9,"Snack Pack":4,"EVO:Axolotl":0,"Burning Blood":0,"FossilizedHelix":13,"reliquary:SharkskinSheath":6},{"Dream Catcher":50,"Replay:Towering Pillar of Hats":50,"DollysMirror":45,"Magic Flower":17,"Ring of Chaos":36,"Snack Pack":12,"EVO:Axolotl":0,"Burning Blood":0,"FossilizedHelix":57,"reliquary:SharkskinSheath":21}],"Burning Blood":108},"card_choices":[{"not_picked":["True Grit","Run Through"],"picked":"Whirlwind","floor":1},{"not_picked":["Bloodletting","Sentinel"],"picked":"Perfected Strike","floor":2},{"not_picked":["Clothesline","Warcry"],"picked":"ReplayTheSpireMod:Strike From Hell","floor":5},{"not_picked":["Clash","Offering"],"picked":"Pummel","floor":6},{"not_picked":["Shrug It Off","Abandon"],"picked":"Iron Wave","floor":8},{"not_picked":["Replay:Undeath\u0027s Touch","Disarm"],"picked":"Pommel Strike","floor":10},{"not_picked":["Shockwave","Shrug It Off"],"picked":"Thunderclap","floor":12},{"not_picked":["ReplayTheSpireMod:Corrosion Curse","Run Through"],"picked":"ReplayTheSpireMod:Strike From Hell","floor":14},{"not_picked":["Replay:Many Hands","Demonic Infusion"],"picked":"Berserk","floor":16},{"not_picked":["Sword Boomerang+1","Body Slam"],"picked":"Cleave","floor":18},{"not_picked":["Shrug It Off","ReplayTheSpireMod:Corrosion Curse"],"picked":"Sentinel+1","floor":20},{"not_picked":["infinitespire:Oblivion","infinitespire:SealOfDarkness+"],"picked":"infinitespire:SevenWalls","floor":21},{"not_picked":["Iron Wave+1","Thunderclap+1"],"picked":"Pommel Strike","floor":24},{"not_picked":["Warcry","Clothesline"],"picked":"Pommel Strike+1","floor":27},{"not_picked":["True Grit","Body Slam"],"picked":"Flame Barrier","floor":28},{"not_picked":["Iron Wave+1","Warcry"],"picked":"Limit Break","floor":30},{"not_picked":["Clash","Wild Strike"],"picked":"Perfected Strike","floor":31},{"not_picked":["Clothesline","Impervious"],"picked":"ReplayTheSpireMod:Strike From Hell","floor":32}],"player_experience":251509,"relics_obtained":[{"floor":6,"key":"Snack Pack"},{"floor":8,"key":"Magic Flower"},{"floor":10,"key":"reliquary:SharkskinSheath"},{"floor":24,"key":"Dream Catcher"},{"floor":26,"key":"Replay:Towering Pillar of Hats"},{"floor":27,"key":"FossilizedHelix"}],"event_choices":[{"damage_healed":0,"gold_gain":0,"player_choice":"Grow","damage_taken":0,"max_hp_gain":0,"max_hp_loss":0,"event_name":"Living Wall","floor":3,"gold_loss":0,"cards_upgraded":["Perfected Strike"]},{"damage_healed":0,"gold_gain":75,"player_choice":"Gather Gold","damage_taken":11,"max_hp_gain":0,"max_hp_loss":0,"event_name":"World of Goop","floor":4,"gold_loss":0},{"cards_removed":["CommonCold"],"damage_healed":0,"gold_gain":0,"player_choice":"Removed Curses","damage_taken":0,"max_hp_gain":0,"max_hp_loss":0,"event_name":"Fountain of Cleansing","floor":13,"gold_loss":0},{"damage_healed":0,"gold_gain":0,"player_choice":"2 cards matched","damage_taken":0,"max_hp_gain":0,"max_hp_loss":0,"event_name":"Match and Keep!","floor":25,"gold_loss":0,"cards_obtained":["Replay:Bootleg Shield Generator","Reaper"]}],"is_beta":false,"boss_relics":[{"not_picked":["ReplayTheSpireMod:SealedPack","infinitespire:Burning Sword"],"picked":"Ring of Chaos"}],"items_purged_floors":[],"is_endless":true,"potions_floor_spawned":[1,8,10,12,14,24,27,28,31],"killed_by":"Automaton","ascension_level":4}}