{"host":"s41rn2jhghpwfrvz","time":1612687463,"event":{"mods":["BaseMod","Minty Spire (QoL Compilation)","Quick Restart","Relic Stats","SuperFastMode"],"gold_per_floor":[112,112,128,143,161,161,192,203,228,378,403,403,418,447,447,524,524,541,558,145,165,165,165],"floor_reached":22,"language":"ENG","playtime":557,"items_purged":["BowlingBash"],"score":466,"play_id":"54fd63ad-725b-4305-9414-aa00ccfe3684","local_time":"20210207104423","daily_mods":["SealedDeck","Diverse","DeadlyEvents"],"is_ascension_mode":true,"campfire_choices":[{"data":"Flex","floor":6,"key":"SMITH"},{"data":"Prostrate","floor":12,"key":"SMITH"},{"data":"Pommel Strike","floor":15,"key":"SMITH"}],"circlet_count":0,"master_deck":["AscendersBane","CutThroughFate","Quick Slash","ClearTheMind","Flex+1","Blade Dance","Blur","Beam Cell","Prostrate+1","Pommel Strike+1","Doubt","DeusExMachina","Accuracy"],"relics":["Burning Blood","Du-Vu Doll","Strawberry","Orichalcum","Tiny Chest","Runic Pyramid","Turnip"],"acts_visited":["Exordium","TheCity"],"potions_floor_usage":[11],"damage_taken":[{"damage":7,"enemies":"Jaw Worm","floor":1,"turns":2},{"damage":0,"enemies":"Cultist","floor":3,"turns":2},{"damage":0,"enemies":"Small Slimes","floor":4,"turns":2},{"damage":7,"enemies":"Looter","floor":5,"turns":2},{"damage":23,"enemies":"3 Sentries","floor":7,"turns":7},{"damage":8,"enemies":"Gremlin Gang","floor":8,"turns":3},{"damage":19,"enemies":"Lagavulin","floor":11,"turns":6},{"damage":0,"enemies":"Blue Slaver","floor":13,"turns":2},{"damage":0,"enemies":"Gremlin Nob","floor":14,"turns":2},{"damage":33,"enemies":"Slime Boss","floor":16,"turns":7},{"damage":0,"enemies":"Shell Parasite","floor":18,"turns":1},{"damage":2,"enemies":"Spheric Guardian","floor":19,"turns":3},{"damage":67,"enemies":"Snecko","floor":21,"turns":7},{"damage":24,"enemies":"Sentry and Sphere","floor":22,"turns":3}],"seed_played":"8303658395237551068","potions_obtained":[{"floor":3,"key":"Explosive Potion"},{"floor":5,"key":"Block Potion"},{"floor":14,"key":"Strength Potion"}],"is_trial":true,"path_per_floor":["M","?","M","M","M","R","E","M","T","?","E","R","M","E","R","B",null,"M","M","$","M","M"],"character_chosen":"IRONCLAD","items_purchased":["Turnip"],"campfire_rested":0,"item_purchase_floors":[20],"current_hp_per_floor":[67,75,75,75,74,74,57,55,62,62,49,49,55,61,61,34,70,76,80,80,19,0,0],"gold":165,"neow_bonus":"","is_daily":false,"chose_seed":false,"campfire_upgraded":3,"win_rate":0.0,"timestamp":1612687463,"path_taken":["M","?","M","M","?","R","E","M","T","?","E","R","?","?","R","BOSS","M","?","$","M","M"],"items_purchased_type":["Relic"],"build_version":"2020-12-22","purchased_purges":1,"victory":false,"max_hp_per_floor":[75,75,75,75,75,75,75,75,82,82,82,82,82,82,82,82,82,82,82,82,82,82,82],"relic_stats":{"counters":[14,49],"Tiny Chest":0,"Turnip":[5],"Orichalcum":[30],"obtain_stats":[{"Du-Vu Doll":7,"Strawberry":9,"Tiny Chest":14,"Turnip":20,"Orichalcum":11,"Burning Blood":0,"Runic Pyramid":17},{"Du-Vu Doll":5,"Strawberry":6,"Tiny Chest":9,"Turnip":12,"Orichalcum":7,"Burning Blood":0,"Runic Pyramid":10},{"Du-Vu Doll":15,"Strawberry":18,"Tiny Chest":28,"Turnip":39,"Orichalcum":24,"Burning Blood":0,"Runic Pyramid":35}],"Burning Blood":66},"card_choices":[{"not_picked":["Conserve Battery","Power Through","Crippling Poison"],"picked":"SKIP","floor":1},{"not_picked":["FlyingSleeves","SpiritShield"],"picked":"Pommel Strike","floor":3},{"not_picked":["Iron Wave","Go for the Eyes","Redo"],"picked":"SKIP","floor":4},{"not_picked":["Halt","CrushJoints","Thunderclap"],"picked":"SKIP","floor":5},{"not_picked":["Rebound","PiercingWail","Skewer"],"picked":"SKIP","floor":7},{"not_picked":["Meteor Strike","Stack","FTL"],"picked":"SKIP","floor":8},{"not_picked":["BattleHymn","FollowUp","Skewer"],"picked":"SKIP","floor":11},{"not_picked":["Noxious Fumes","Heel Hook","Twin Strike"],"picked":"SKIP","floor":13},{"not_picked":["Leg Sweep","Omniscience","Setup"],"picked":"SKIP","floor":14},{"not_picked":["Brilliance","ConjureBlade"],"picked":"DeusExMachina","floor":16},{"not_picked":["Outmaneuver","Meditate+1","Anger"],"picked":"SKIP","floor":18},{"not_picked":["Shrug It Off","Halt","Streamline"],"picked":"SKIP","floor":19},{"not_picked":["Shrug It Off","Halt","Streamline"],"picked":"SKIP","floor":19},{"not_picked":["Melter","Bouncing Flask"],"picked":"Accuracy","floor":21}],"player_experience":1884448,"relics_obtained":[{"floor":7,"key":"Du-Vu Doll"},{"floor":9,"key":"Strawberry"},{"floor":11,"key":"Orichalcum"},{"floor":14,"key":"Tiny Chest"}],"event_choices":[{"cards_removed":["Escape Plan"],"damage_healed":8,"gold_gain":0,"player_choice":"Offered Uncommon","damage_taken":0,"max_hp_gain":0,"max_hp_loss":0,"event_name":"Bonfire Elementals","floor":2,"gold_loss":0},{"damage_healed":0,"gold_gain":150,"player_choice":"AGREE","damage_taken":0,"max_hp_gain":0,"max_hp_loss":0,"event_name":"Liars Game","floor":10,"gold_loss":0,"cards_obtained":["Doubt"]}],"is_beta":false,"boss_relics":[{"not_picked":["Black Star","Mark of Pain"],"picked":"Runic Pyramid"}],"items_purged_floors":[20],"is_endless":false,"potions_floor_spawned":[3,5,14,21],"killed_by":"Sentry and Sphere","ascension_level":20}}