{"host":"id1lehtnb7dzklac","time":1612707398,"event":{"mods":["AchievementEnabler","BaseMod","Bestiary","Block Reminder","Colored Map","Highlight Path","Minty Spire (QoL Compilation)","Permanent Neow","Quick Restart","Random Character Button","StSLib","slay the spire mod where everything is the same but ironclad has a cowboy hat"],"gold_per_floor":[117,137,137,150,169,198,211,211,236,268,286,313,324,324,324,426,476,476],"floor_reached":17,"language":"ENG","playtime":665,"items_purged":[],"score":213,"play_id":"0975af0f-d2c7-41b4-85ec-13f224c1ce1a","local_time":"20210207221638","is_ascension_mode":true,"campfire_choices":[{"floor":15,"key":"REST"}],"circlet_count":0,"master_deck":["Strike_P+1","Strike_P+1","Strike_P+1","Defend_P+1","Defend_P","Defend_P","Defend_P+1","Eruption+1","Vigilance","LessonLearned+1","EmptyFist+1","CutThroughFate","Protect","Consecrate","Tantrum","Meditate","Scrawl+1","EmptyBody","Tantrum"],"relics":["Fusion Hammer","Strawberry","Toy Ornithopter","Dream Catcher","Bronze Scales","The Courier","Tiny House"],"acts_visited":["Exordium","TheCity"],"potions_floor_usage":[],"damage_taken":[{"damage":0.0,"enemies":"2 Louse","floor":1.0,"turns":2.0},{"damage":0.0,"enemies":"Small Slimes","floor":2.0,"turns":2.0},{"damage":0.0,"enemies":"Cultist","floor":4.0,"turns":2.0},{"damage":0.0,"enemies":"Lots of Slimes","floor":5.0,"turns":2.0},{"damage":6.0,"enemies":"Lagavulin","floor":6.0,"turns":5.0},{"damage":0.0,"enemies":"Exordium Thugs","floor":7.0,"turns":3.0},{"damage":16.0,"enemies":"Gremlin Nob","floor":10.0,"turns":3.0},{"damage":0,"enemies":"Gremlin Gang","floor":11,"turns":4},{"damage":11,"enemies":"Lagavulin","floor":12,"turns":4},{"damage":0,"enemies":"Exordium Wildlife","floor":13,"turns":2},{"damage":9,"enemies":"The Guardian","floor":16,"turns":10}],"seed_played":"8442504161963842063","potions_obtained":[{"floor":1.0,"key":"DistilledChaos"},{"floor":4.0,"key":"Energy Potion"},{"floor":5.0,"key":"Regen Potion"},{"floor":7.0,"key":"GamblersBrew"},{"floor":16,"key":"ColorlessPotion"},{"floor":17,"key":"Regen Potion"}],"is_trial":false,"path_per_floor":["M","M","?","M","M","E","M","?","T","E","M","E","M","?","R","B",null],"character_chosen":"WATCHER","items_purchased":[],"campfire_rested":1,"item_purchase_floors":[],"current_hp_per_floor":[72,72,76,76,76,70,70,75,75,64,64,53,53,53,78,69,89,89],"gold":476,"neow_bonus":"BOSS_RELIC","is_daily":false,"chose_seed":false,"campfire_upgraded":0,"win_rate":0.0,"timestamp":1612707398,"path_taken":["M","M","?","M","M","E","M","?","T","E","M","E","M","?","R","BOSS"],"items_purchased_type":[],"build_version":"2020-12-22","purchased_purges":0,"victory":false,"max_hp_per_floor":[72,72,79,79,79,79,79,84,84,84,84,84,84,84,84,84,89,89],"card_choices":[{"not_picked":["WaveOfTheHand","ThirdEye","Fasting2"],"picked":"SKIP","floor":1.0},{"not_picked":["FlurryOfBlows","FlyingSleeves"],"picked":"EmptyFist","floor":2.0},{"not_picked":["SashWhip","Sanctity"],"picked":"CutThroughFate","floor":4.0},{"not_picked":["PathToVictory","EmptyMind"],"picked":"Protect","floor":5.0},{"not_picked":["EmptyMind","WreathOfFlame","Consecrate"],"picked":"SKIP","floor":6.0},{"not_picked":["EmptyBody","Conclude"],"picked":"Consecrate","floor":7.0},{"not_picked":["MasterReality","Alpha"],"picked":"Tantrum","floor":10.0},{"not_picked":["ThirdEye","PathToVictory","Protect"],"picked":"SKIP","floor":11},{"not_picked":["PathToVictory","ThirdEye"],"picked":"Meditate","floor":12},{"not_picked":["Prostrate","ClearTheMind"],"picked":"Scrawl","floor":13},{"not_picked":["JustLucky","Vengeance"],"picked":"EmptyBody","floor":15},{"not_picked":["Evaluate","Perseverance"],"picked":"Tantrum","floor":17}],"player_experience":250007,"relics_obtained":[{"floor":6.0,"key":"Toy Ornithopter"},{"floor":9.0,"key":"Dream Catcher"},{"floor":10.0,"key":"Bronze Scales"},{"floor":12,"key":"The Courier"}],"event_choices":[{"damage_healed":0.0,"max_hp_gain":0.0,"max_hp_loss":0.0,"gold_gain":0.0,"event_name":"Scrap Ooze","player_choice":"Success","floor":3.0,"gold_loss":0.0,"damage_taken":3.0,"relics_obtained":["Strawberry"]},{"damage_healed":0.0,"max_hp_gain":5.0,"max_hp_loss":0.0,"gold_gain":0.0,"event_name":"Big Fish","player_choice":"Donut","floor":8.0,"gold_loss":0.0,"damage_taken":0.0},{"cards_removed":["Strike_P"],"damage_healed":0,"gold_gain":0,"player_choice":"Purged","damage_taken":0,"max_hp_gain":0,"max_hp_loss":0,"event_name":"Purifier","floor":14,"gold_loss":0}],"is_beta":false,"boss_relics":[{"not_picked":["Runic Dome","Cursed Key"],"picked":"Tiny House"}],"items_purged_floors":[],"is_endless":false,"potions_floor_spawned":[1,4,5,7,16],"ascension_level":1}}