{"host":"2lo6hma6kymb0g9i","time":1612714194,"event":{"mods":["BaseMod","Colored Map","DeckTracker","Minty Spire (QoL Compilation)"],"gold_per_floor":[110,124,49,63,63,63,63,77,104,104,104,118,152,77,77,159,159,184,234,262,162,182,182,206,206,279,279,317,25,25,54,63,63,63],"floor_reached":33,"language":"JPN","playtime":3529,"items_purged":["Strike_B","Strike_B","Zap"],"score":616,"play_id":"67b27a21-56fb-4bdc-baef-3f9f14417a1c","local_time":"20210208010954","is_ascension_mode":true,"campfire_choices":[{"floor":6.0,"key":"REST"},{"data":"Cold Snap","floor":10.0,"key":"SMITH"},{"data":"Barrage","floor":15.0,"key":"SMITH"},{"data":"Fission","floor":23.0,"key":"SMITH"},{"data":"Melter","floor":25.0,"key":"SMITH"},{"floor":27.0,"key":"REST"},{"floor":32.0,"key":"REST"}],"circlet_count":0,"master_deck":["AscendersBane","Strike_B","Defend_B+1","Defend_B","Defend_B","Defend_B","Dualcast","Chill","Barrage+1","Streamline+1","Cold Snap+1","FTL","Fission+1","Melter+1","Undo+1","White Noise+1","Recycle","Beam Cell+1","Leap"],"relics":["Cracked Core","TungstenRod","Boot","Anchor","Bottled Flame","CeramicFish","Nuclear Battery","Singing Bowl","Eternal Feather","Runic Capacitor","Dream Catcher","Gremlin Horn"],"acts_visited":["Exordium","TheCity"],"potions_floor_usage":[],"damage_taken":[{"damage":3.0,"enemies":"Small Slimes","floor":1.0,"turns":3.0},{"damage":2.0,"enemies":"Jaw Worm","floor":2.0,"turns":5.0},{"damage":0.0,"enemies":"2 Louse","floor":4.0,"turns":2.0},{"damage":2.0,"enemies":"Looter","floor":8.0,"turns":3.0},{"damage":0.0,"enemies":"Red Slaver","floor":12.0,"turns":2.0},{"damage":0.0,"enemies":"3 Sentries","floor":13.0,"turns":6.0},{"damage":8.0,"enemies":"The Guardian","floor":16.0,"turns":14.0},{"damage":6.0,"enemies":"Shell Parasite","floor":18.0,"turns":4.0},{"damage":0.0,"enemies":"Spheric Guardian","floor":20.0,"turns":1.0},{"damage":8.0,"enemies":"Snake Plant","floor":22.0,"turns":4.0},{"damage":0.0,"enemies":"Sentry and Sphere","floor":24.0,"turns":2.0},{"damage":11.0,"enemies":"Book of Stabbing","floor":28.0,"turns":7.0},{"damage":42.0,"enemies":"Slavers","floor":31.0,"turns":7.0},{"damage":28,"enemies":"Collector","floor":33,"turns":9}],"seed_played":"8822289803208954093","potions_obtained":[{"floor":1.0,"key":"LiquidMemories"},{"floor":2.0,"key":"SpeedPotion"},{"floor":28.0,"key":"AttackPotion"}],"is_trial":false,"path_per_floor":["M","M","?","M","?","R","?","M","T","R","T","M","E","$","R","B",null,"M","?","M","$","M","R","M","R","T","R","E","$","?","E","R","B"],"character_chosen":"DEFECT","items_purchased":["Runic Capacitor"],"campfire_rested":3,"item_purchase_floors":[29],"current_hp_per_floor":[43,41,41,41,21,42,20,18,18,18,18,18,18,18,18,10,56,50,44,44,44,36,36,36,36,36,57,46,46,46,6,36,8,8],"gold":63,"neow_bonus":"ONE_RARE_RELIC","is_daily":false,"chose_seed":false,"campfire_upgraded":4,"win_rate":0.0,"timestamp":1612714194,"path_taken":["M","M","?","M","?","R","?","M","T","R","?","?","E","?","R","BOSS","M","?","M","?","?","R","M","R","T","R","E","$","?","E","R","BOSS"],"items_purchased_type":["Relic"],"build_version":"2020-12-22","purchased_purges":3,"victory":false,"max_hp_per_floor":[71,71,71,71,71,71,71,71,71,71,71,71,71,71,71,71,71,71,71,71,71,71,71,71,71,71,71,71,71,71,73,73,73,73],"card_choices":[{"not_picked":["Doom and Gloom","Capacitor"],"picked":"Chill","floor":1.0},{"not_picked":["Rebound","Rip and Tear"],"picked":"Barrage","floor":2.0},{"not_picked":["Coolheaded","Recycle"],"picked":"Streamline","floor":4.0},{"not_picked":["Double Energy","Melter"],"picked":"Cold Snap","floor":8.0},{"not_picked":["Heatsinks","Force Field"],"picked":"FTL","floor":12.0},{"not_picked":["Hello World","Streamline","Gash"],"picked":"SKIP","floor":13.0},{"not_picked":["Amplify","Rainbow"],"picked":"Fission","floor":16.0},{"not_picked":["Chaos","Scrape"],"picked":"Melter","floor":18.0},{"not_picked":["BootSequence","Sweeping Beam"],"picked":"Undo+1","floor":20.0},{"not_picked":["Cold Snap","Go for the Eyes"],"picked":"White Noise+1","floor":22.0},{"not_picked":["Ball Lightning","Coolheaded"],"picked":"Recycle","floor":24.0},{"not_picked":["Barrage","Compile Driver"],"picked":"Beam Cell+1","floor":28.0},{"not_picked":["Turbo","Tempest+1","White Noise+1"],"picked":"Singing Bowl","floor":31.0},{"not_picked":["Compile Driver","Coolheaded"],"picked":"Leap","floor":32.0}],"player_experience":1139543,"relics_obtained":[{"floor":9.0,"key":"Anchor"},{"floor":11.0,"key":"Bottled Flame"},{"floor":13.0,"key":"CeramicFish"},{"floor":26.0,"key":"Singing Bowl"},{"floor":28.0,"key":"Eternal Feather"},{"floor":31.0,"key":"Gremlin Horn"}],"event_choices":[{"cards_removed":["Strike_B"],"damage_healed":0.0,"max_hp_gain":0.0,"max_hp_loss":0.0,"gold_gain":0.0,"event_name":"The Cleric","player_choice":"Card Removal","floor":3.0,"gold_loss":75.0,"damage_taken":0.0},{"damage_healed":0.0,"max_hp_gain":0.0,"max_hp_loss":0.0,"gold_gain":0.0,"event_name":"Shining Light","player_choice":"Entered Light","floor":5.0,"gold_loss":0.0,"damage_taken":21.0,"cards_upgraded":["Streamline","Defend_B"]},{"damage_healed":0.0,"max_hp_gain":0.0,"max_hp_loss":0.0,"gold_gain":0.0,"event_name":"Scrap Ooze","player_choice":"Success","floor":7.0,"gold_loss":0.0,"damage_taken":26.0,"relics_obtained":["Boot"]},{"damage_healed":0.0,"max_hp_gain":0.0,"max_hp_loss":0.0,"gold_gain":50.0,"event_name":"FaceTrader","player_choice":"Touch","floor":19.0,"gold_loss":0.0,"damage_taken":7.0},{"damage_healed":0.0,"max_hp_gain":0.0,"max_hp_loss":0.0,"gold_gain":0.0,"event_name":"WeMeetAgain","player_choice":"Gave Potion","floor":30.0,"gold_loss":0.0,"damage_taken":0.0,"relics_obtained":["Dream Catcher"]}],"is_beta":false,"boss_relics":[{"not_picked":["Empty Cage","Velvet Choker"],"picked":"Nuclear Battery"}],"items_purged_floors":[14,21,29],"is_endless":false,"potions_floor_spawned":[1,2,16,20,28],"killed_by":"Collector","ascension_level":20}}