{"host":"u1ystlfkdtaqkn2r","time":1612699855,"event":{"mods":["ATMod(阿瑾Mod)","Act Like it!","Arknights","BaseMod","Colored Powertips","Downfall","Friendly Minions","Gensokyo","GifTheSpireLib","Jedi Mod","Luminous","Minty Spire (QoL Compilation)","Replay The Spire","RumiaBox-露米娅的神秘盒子","Spicy Shops","StSLib","SuperFastMode","UnlockEverythingMod","Waifu the Spire","WarShipGirlsR/战舰少女R mod","Warlord Emblem","Yakumo Yukari mod","【遗物卡牌】REMEMod"],"gold_per_floor":[119,132,132,132,144,175,195,195,242,269,56,56,6,17,17,113,213,528,547,547,547],"floor_reached":20,"language":"ZHS","playtime":1823,"items_purged":["rmod:strick"],"score":234,"play_id":"179b29c0-842f-42bd-a0ed-51f3981a174f","local_time":"20210207201055","is_ascension_mode":false,"campfire_choices":[{"data":"AT_BreakingExtremeWeapon","floor":8.0,"key":"SMITH"},{"data":"rmod:wolves","floor":12.0,"key":"SMITH"},{"data":"rmod:circuitoustactics","floor":15.0,"key":"SMITH"}],"circlet_count":0,"master_deck":["rmod:strick","rmod:strick","rmod:strick","rmod:defend","rmod:defend","rmod:defend","rmod:defend","rmod:maingunfire","AT_BreakingExtremeWeapon+1","rmod:firesupport","rmod:firesupport","rmod:circuitoustactics+1","rmod:wolves+1","rmod:secretscript","rmod:firesupport+1","rmod:circuitoustactics","Gensokyo:SummonFieryMouse","rmod:maintain+1"],"relics":["rmod:firstchargereward","AT_ATBox","REME_ComplimentaryCards","NeowsBlessing","Gensokyo:Justice","Singing Bowl","AT_SunfireAegis","Smiling Mask","Art of War","Replay:Wanted Poster","Pet Ghost"],"acts_visited":["Gensokyo:Gensokyo","Gensokyo:Gensokyoer"],"potions_floor_usage":[],"damage_taken":[{"damage":0.0,"enemies":"Gensokyo:3_Fairies","floor":1.0,"turns":2.0},{"damage":0.0,"enemies":"Gensokyo:Python","floor":2.0,"turns":1.0},{"damage":0.0,"enemies":"Gensokyo:2_Kodama","floor":5.0,"turns":1.0},{"damage":0.0,"enemies":"Gensokyo:Mamizou","floor":6.0,"turns":5.0},{"damage":0.0,"enemies":"Gensokyo:VengefulSpirit","floor":7.0,"turns":2.0},{"damage":0.0,"enemies":"Gensokyo:Cirno","floor":10.0,"turns":4.0},{"damage":3.0,"enemies":"Gensokyo:3_Kodama","floor":14.0,"turns":2.0},{"damage":32.0,"enemies":"Gensokyo:Reimu","floor":16.0,"turns":6.0},{"damage":8,"enemies":"Gensokyo:Chomper","floor":18,"turns":3},{"damage":15,"enemies":"Gensokyo:3_Dogs","floor":19,"turns":3}],"seed_played":"3684262144720765628","potions_obtained":[{"floor":1.0,"key":"jedi:StrikingPotion"},{"floor":2.0,"key":"Doom Potion"},{"floor":5.0,"key":"SteroidPotion"},{"floor":16.0,"key":"LiquidBronze"}],"is_trial":false,"path_per_floor":["M","M","?","?","M","E","M","R","T","E","COS","R","$","M","R","B",null,"M","M","?"],"character_chosen":"PRAEFECT","items_purchased":[],"campfire_rested":0,"item_purchase_floors":[],"current_hp_per_floor":[75,75,75,60,62,62,64,64,64,64,64,64,64,63,63,31,81,73,58,0,0],"gold":547,"neow_bonus":"THREE_ENEMY_KILL","is_daily":false,"chose_seed":false,"campfire_upgraded":3,"win_rate":0.0,"timestamp":1612699855,"path_taken":["M","?","?","?","?","E","M","R","T","E","COS","R","?","M","R","BOSS","M","?","?"],"items_purchased_type":[],"build_version":"2020-12-22","purchased_purges":1,"victory":false,"max_hp_per_floor":[75,75,75,75,77,77,79,79,79,79,79,79,79,81,81,81,81,81,81,81,81],"card_choices":[{"not_picked":["rmod:luckystar","rmod:launchingtorpedo"],"picked":"rmod:firesupport","floor":1.0},{"not_picked":["rmod:guardianhero","rmod:rockthrower"],"picked":"rmod:firesupport","floor":2.0},{"not_picked":["rmod:steelsupply","rmod:goodsister","rmod:launchingtorpedo"],"picked":"Singing Bowl","floor":5.0},{"not_picked":["rmod:fuelsupply","rmod:diamondstrike"],"picked":"rmod:circuitoustactics","floor":6.0},{"not_picked":["rmod:heivgo","rmod:diamondstrike","rmod:selfconfidence"],"picked":"Singing Bowl","floor":7.0},{"not_picked":["rmod:robin","rmod:steelsupply"],"picked":"rmod:wolves","floor":10.0},{"not_picked":["rmod:fuelsupply","rmod:goodfighter","rmod:intelligenceanalysis"],"picked":"Singing Bowl","floor":14.0},{"not_picked":["rmod:expeditionaryescort","rmod:timeschanged"],"picked":"rmod:secretscript","floor":16.0},{"not_picked":["rmod:wolves+1","rmod:steelsupply+1"],"picked":"rmod:firesupport+1","floor":18},{"not_picked":["rmod:slowdown","rmod:expedition"],"picked":"rmod:circuitoustactics","floor":18},{"not_picked":["rmod:aviationdawn","rmod:unsinkable"],"picked":"rmod:maintain+1","floor":19}],"player_experience":95892,"relics_obtained":[{"floor":6.0,"key":"AT_SunfireAegis"},{"floor":9.0,"key":"Smiling Mask"},{"floor":10.0,"key":"Art of War"}],"event_choices":[],"is_beta":false,"boss_relics":[{"not_picked":["Ectoplasm","Replay:Ancient Bell"],"picked":"Replay:Wanted Poster"}],"items_purged_floors":[13],"is_endless":false,"potions_floor_spawned":[1,2,5,16,19],"ascension_level":0}}