{"host":"3n5xmnb54n2y5mb4","time":1612676502,"event":{"mods":["BaseMod","Colored Map","Colored Powertips","Downfall","Minty Spire (QoL Compilation)","Permanent Neow","StSLib","Unceasing Turn Reminder","everything is the same but u backflip on backflip"],"gold_per_floor":[115,115,131,131,17,44,60,60,360,376,376,405,423,423,423,524,524,537,107,107,32,49,49,84,84,84,45,58,58,58,84,84,187,187,204,216,216,1,1,1,29,29,110,121,146,146,157,46,46,46],"floor_reached":51,"language":"ENG","playtime":3282,"items_purged":["Strike_B","Defend_B"],"score":1029,"play_id":"d67b85b4-be2e-4357-908d-a6f33ba4c4c2","local_time":"20210207004142","is_ascension_mode":true,"campfire_choices":[{"floor":8.0,"key":"REST"},{"data":"Blizzard","floor":11.0,"key":"SMITH"},{"data":"Zap","floor":15.0,"key":"SMITH"},{"floor":23.0,"key":"REST"},{"data":"Storm","floor":30.0,"key":"SMITH"},{"floor":32.0,"key":"REST"},{"data":"Buffer","floor":40,"key":"SMITH"},{"floor":42,"key":"REST"},{"data":"Seek","floor":46,"key":"SMITH"},{"data":"Heatsinks","floor":49,"key":"SMITH"}],"circlet_count":0,"master_deck":["AscendersBane","Defend_B","Zap+1","Dualcast+1","Blizzard+1","Buffer+1","Cold Snap","Glacier","Heatsinks+1","Bandage Up","Turbo","Seek+1","Storm+1","Redo","Cold Snap","Cold Snap","Echo Form","Defragment","Capacitor","Coolheaded","Mayhem","Self Repair","Defragment","Hello World","Aggregate","Core Surge","Barrage","Storm","Madness","Deep Breath","Coolheaded+1","Multi-Cast","Force Field","Coolheaded"],"relics":["Cracked Core","Lizard Tail","Old Coin","PreservedInsect","Runic Dome","Pen Nib","Art of War","Eternal Feather","Kunai","Philosopher\u0027s Stone","Membership Card","Cables","HornCleat","Orichalcum"],"acts_visited":["Exordium","TheCity","TheBeyond"],"potions_floor_usage":[33,41,41,41,44,50],"damage_taken":[{"damage":0.0,"enemies":"Jaw Worm","floor":1.0,"turns":3.0},{"damage":0.0,"enemies":"Cultist","floor":3.0,"turns":4.0},{"damage":30.0,"enemies":"3 Sentries","floor":6.0,"turns":10.0},{"damage":21.0,"enemies":"Small Slimes","floor":7.0,"turns":4.0},{"damage":5.0,"enemies":"Exordium Wildlife","floor":10.0,"turns":7.0},{"damage":12.0,"enemies":"Gremlin Nob","floor":12.0,"turns":5.0},{"damage":0.0,"enemies":"Blue Slaver","floor":13.0,"turns":5.0},{"damage":29.0,"enemies":"Hexaghost","floor":16.0,"turns":13.0},{"damage":17.0,"enemies":"Shell Parasite","floor":18.0,"turns":7.0},{"damage":18.0,"enemies":"Spheric Guardian","floor":22.0,"turns":4.0},{"damage":35.0,"enemies":"Book of Stabbing","floor":24.0,"turns":5.0},{"damage":4.0,"enemies":"3 Cultists","floor":28.0,"turns":5.0},{"damage":29.0,"enemies":"Slavers","floor":31.0,"turns":5.0},{"damage":3,"enemies":"Automaton","floor":33,"turns":8},{"damage":17,"enemies":"Orb Walker","floor":35,"turns":4},{"damage":26,"enemies":"3 Shapes","floor":36,"turns":3},{"damage":43,"enemies":"Nemesis","floor":41,"turns":5},{"damage":5,"enemies":"Sphere and 2 Shapes","floor":44,"turns":4},{"damage":28,"enemies":"3 Darklings","floor":47,"turns":5},{"damage":18,"enemies":"Donu and Deca","floor":50,"turns":7}],"seed_played":"3629337257997672505","potions_obtained":[{"floor":3.0,"key":"LiquidBronze"},{"floor":10.0,"key":"Energy Potion"},{"floor":12.0,"key":"Ancient Potion"},{"floor":16.0,"key":"bronze:BurnAndBuffPotion"},{"floor":28.0,"key":"ColorlessPotion"},{"floor":31.0,"key":"Regen Potion"},{"floor":36,"key":"EntropicBrew"},{"floor":37,"key":"DistilledChaos"},{"floor":47,"key":"Ancient Potion"}],"is_trial":false,"path_per_floor":["M","?","M","?","$","E","M","R","T","M","R","E","M","?","R","B",null,"M","$","?","?","M","R","E","?","T","$","M","?","R","E","R","B",null,"M","M","?","$","?","R","E","R","T","M","T","R","M","$","R","B",null],"character_chosen":"DEFECT","items_purchased":["Bandage Up","Turbo","Capacitor","Coolheaded","Mayhem","Pen Nib","Hello World","Membership Card","Storm","Force Field","Coolheaded"],"campfire_rested":4,"item_purchase_floors":[5,5,19,19,19,19,27,38,38,48,48],"current_hp_per_floor":[50,43,43,43,43,17,37,59,59,58,58,46,50,50,50,25,63,50,50,50,50,36,58,27,27,27,27,34,34,49,31,68,75,75,73,47,47,47,42,60,21,61,61,63,63,75,51,51,69,55],"gold":46,"neow_bonus":"TRANSFORM_TWO_CARDS","is_daily":false,"chose_seed":false,"campfire_upgraded":6,"win_rate":0.0,"timestamp":1612676502,"path_taken":["M","?","M","?","$","E","M","R","T","?","R","E","M","?","R","BOSS","M","$","?","?","M","R","E","?","T","?","M","?","R","E","R","BOSS","M","M","?","?","?","R","E","R","T","?","?","R","M","$","R","BOSS"],"items_purchased_type":["Card","Card","Card","Card","Card","Relic","Card","Relic","Card","Card","Card"],"build_version":"2020-12-22","purchased_purges":2,"victory":true,"max_hp_per_floor":[75,75,75,75,75,75,75,75,75,75,75,75,75,75,75,75,75,75,75,75,75,75,75,75,75,75,75,75,75,75,75,75,75,75,75,75,75,75,75,75,75,75,75,75,75,75,75,75,75,75],"card_choices":[{"not_picked":["Ball Lightning","Rebound"],"picked":"Cold Snap","floor":1.0},{"not_picked":["Double Energy","Turbo"],"picked":"Glacier","floor":3.0},{"not_picked":["Redo","Biased Cognition"],"picked":"Seek","floor":6.0},{"not_picked":["Streamline","Beam Cell"],"picked":"Storm","floor":7.0},{"not_picked":["Reinforced Body","Rebound"],"picked":"Redo","floor":10.0},{"not_picked":["Meteor Strike","Lockon"],"picked":"Cold Snap","floor":12.0},{"not_picked":["Beam Cell","Storm"],"picked":"Cold Snap","floor":13.0},{"not_picked":["Buffer","Seek"],"picked":"Echo Form","floor":16.0},{"not_picked":["Scrape","Redo"],"picked":"Defragment","floor":18.0},{"not_picked":["BootSequence","Scrape+1"],"picked":"Self Repair","floor":22.0},{"not_picked":["Cold Snap","Stack"],"picked":"Defragment","floor":24.0},{"not_picked":["Genetic Algorithm","Reprogram","Tempest"],"picked":"SKIP","floor":28.0},{"not_picked":["Hologram","Stack"],"picked":"Aggregate","floor":31.0},{"not_picked":["Thunder Strike","Rainbow"],"picked":"Core Surge","floor":33},{"not_picked":["Streamline","Beam Cell","Steam Power+1"],"picked":"SKIP","floor":35},{"not_picked":["Gash","Streamline+1"],"picked":"Barrage","floor":36},{"not_picked":["HandOfGreed","Enlightenment"],"picked":"Madness","floor":39},{"not_picked":["Dramatic Entrance","Bandage Up"],"picked":"Deep Breath","floor":39},{"not_picked":["Redo+1","Steam+1"],"picked":"Coolheaded+1","floor":41},{"not_picked":["Leap+1","Conserve Battery+1","Ball Lightning"],"picked":"SKIP","floor":44},{"not_picked":["Sweeping Beam+1","Streamline"],"picked":"Multi-Cast","floor":47}],"player_experience":988567,"relics_obtained":[{"floor":6.0,"key":"Lizard Tail"},{"floor":9.0,"key":"Old Coin"},{"floor":12.0,"key":"PreservedInsect"},{"floor":24.0,"key":"Art of War"},{"floor":26.0,"key":"Eternal Feather"},{"floor":31.0,"key":"Kunai"},{"floor":41,"key":"Cables"},{"floor":43,"key":"HornCleat"},{"floor":45,"key":"Orichalcum"}],"event_choices":[{"cards_removed":["Strike_B"],"damage_healed":0.0,"max_hp_gain":0.0,"max_hp_loss":0.0,"gold_gain":0.0,"event_name":"Golden Wing","player_choice":"Card Removal","floor":2.0,"gold_loss":0.0,"damage_taken":7.0},{"damage_healed":0.0,"max_hp_gain":0.0,"max_hp_loss":0.0,"gold_gain":0.0,"cards_transformed":["Defend_B"],"event_name":"Transmorgrifier","player_choice":"Transformed","floor":4.0,"gold_loss":0.0,"damage_taken":0.0,"cards_obtained":["Heatsinks"]},{"damage_healed":0.0,"max_hp_gain":0.0,"max_hp_loss":0.0,"gold_gain":0.0,"event_name":"Living Wall","player_choice":"Grow","floor":14.0,"gold_loss":0.0,"damage_taken":0.0,"cards_upgraded":["Dualcast"]},{"damage_healed":0.0,"max_hp_gain":0.0,"max_hp_loss":0.0,"gold_gain":0.0,"event_name":"The Mausoleum","player_choice":"Ignored","floor":20.0,"gold_loss":0.0,"damage_taken":0.0},{"cards_removed":["Defend_B"],"damage_healed":0.0,"max_hp_gain":0.0,"max_hp_loss":0.0,"gold_gain":0.0,"event_name":"Beggar","player_choice":"Gave Gold","floor":21.0,"gold_loss":75.0,"damage_taken":0.0},{"damage_healed":0.0,"max_hp_gain":0.0,"max_hp_loss":0.0,"gold_gain":0.0,"event_name":"Vampires","player_choice":"Ignored","floor":29.0,"gold_loss":0.0,"damage_taken":0.0},{"damage_healed":0,"gold_gain":0,"player_choice":"Got Potions","damage_taken":0,"max_hp_gain":0,"max_hp_loss":0,"event_name":"Lab","floor":37,"gold_loss":0},{"damage_healed":0,"gold_gain":0,"player_choice":"Memory 2","damage_taken":5,"max_hp_gain":0,"max_hp_loss":0,"event_name":"SensoryStone","floor":39,"gold_loss":0}],"is_beta":false,"boss_relics":[{"not_picked":["SacredBark","Busted Crown"],"picked":"Runic Dome"},{"not_picked":["bronze:MakeshiftBattery","Coffee Dripper"],"picked":"Philosopher\u0027s Stone"}],"items_purged_floors":[38,48],"is_endless":false,"potions_floor_spawned":[3,10,12,16,28,31,36,47],"ascension_level":10}}