{"host":"x3w62xe80tjracsv","time":1612676937,"event":{"mods":["Act Like it!","BaseMod","CapriCore","Friendly Minions","Gensokyo","GifTheSpireLib","HololiveMod","Koishi","Marisa£®ÏF”Í°°ƒß¿Ì…≥£©","Minty Spire (QoL Compilation)","Reimu£®≤©¿ˆ¡È√Œ£©","Remilia£®¿Ÿ√◊¿Ú—«£©","RumiaBox-¬∂√◊Ê´µƒ…Ò√ÿ∫–◊”","Shop Mod","StSLib","The Jungle","The Servant 0.9.4","Waifu the Spire","Yakumo Yukari mod","Youmu£®ªÍ∆«—˝√Œ£©","Yuyuko","[IsaacMod]“‘»ˆº‚À˛"],"gold_per_floor":[116,129,129,147,5,5,18,18,45,45,45,45,68,68,68,167,167,177,177,177,188,88,88,106,106,106,126,126,126],"floor_reached":28,"language":"ZHS","playtime":695,"items_purged":["EpicFetus","Strike_R"],"score":330,"play_id":"a769ce0d-b85b-4aa8-8826-013eb9423d6b","local_time":"20210207134857","is_ascension_mode":true,"campfire_choices":[{"data":"Battle Trance","floor":6.0,"key":"SMITH"},{"data":"Armaments","floor":8,"key":"SMITH"},{"data":"Clash","floor":12,"key":"SMITH"},{"data":"Sword Boomerang","floor":15,"key":"SMITH"},{"data":"Dual Wield","floor":23,"key":"SMITH"}],"circlet_count":0,"master_deck":["AscendersBane","Strike_R+1","Strike_R+1","Strike_R+1","Strike_R+1","Defend_R+1","Defend_R+1","Defend_R+1","Defend_R+1","Bash","Armaments+1","Battle Trance+1","Clash+1","Sword Boomerang+1","Clash","Dual Wield+1","Flex"],"relics":["Burning Blood","HushsDoor","Chaos","NeowsBlessing","Coffee Dripper","Odd Mushroom","GodSword4","Ring of the Snake"],"acts_visited":["Exordium","TheCity"],"potions_floor_usage":[7,16],"damage_taken":[{"damage":0.0,"enemies":"Cultist","floor":1.0,"turns":1.0},{"damage":0.0,"enemies":"Small Slimes","floor":2.0,"turns":1.0},{"damage":0.0,"enemies":"2 Louse","floor":4.0,"turns":1.0},{"damage":49,"enemies":"Exordium Thugs","floor":7,"turns":5},{"damage":16,"enemies":"The Mushroom Lair","floor":13,"turns":4},{"damage":21,"enemies":"The Guardian","floor":16,"turns":14},{"damage":7,"enemies":"Chosen","floor":18,"turns":5},{"damage":10,"enemies":"2 Thieves","floor":21,"turns":4},{"damage":21,"enemies":"Snake Plant","floor":24,"turns":4},{"damage":40,"enemies":"Cultist and Chosen","floor":27,"turns":8},{"damage":0,"enemies":"Slavers","floor":28,"turns":1}],"seed_played":"6354134217822386067","potions_obtained":[{"floor":4.0,"key":"SteroidPotion"},{"floor":13,"key":"GamblersBrew"},{"floor":21,"key":"Block Potion"},{"floor":24,"key":"SpeedPotion"},{"floor":27,"key":"Dexterity Potion"}],"is_trial":false,"path_per_floor":["M","M","?","M","$","R","M","R","T","?","?","R","?","$","R","B",null,"M","?","?","M","$","R","M","?","T","M","E"],"character_chosen":"IRONCLAD","items_purchased":["Battle Trance"],"campfire_rested":0,"item_purchase_floors":[5],"current_hp_per_floor":[78,80,80,80,80,80,37,37,37,37,37,37,27,27,27,12,63,62,62,62,58,58,58,43,43,43,9,9,9],"gold":126,"neow_bonus":"THREE_ENEMY_KILL","is_daily":false,"chose_seed":false,"campfire_upgraded":5,"win_rate":0.0,"timestamp":1612676937,"path_taken":["M","M","?","M","$","R","M","R","T","?","?","R","?","$","R","BOSS","M","?","?","M","$","R","M","?","T","M","E"],"items_purchased_type":["Card"],"build_version":"2020-12-22","purchased_purges":2,"victory":false,"max_hp_per_floor":[80,80,80,80,80,80,80,80,80,80,80,80,80,80,80,80,80,80,80,80,80,80,80,80,80,80,80,80,80],"card_choices":[{"not_picked":[],"picked":"EpicFetus","floor":0.0},{"not_picked":["Twin Strike","Evolve"],"picked":"Armaments","floor":1.0},{"not_picked":["Shrug It Off","Disarm","Twin Strike"],"picked":"SKIP","floor":2.0},{"not_picked":["Armaments","Ghostly Armor","Reckless Charge"],"picked":"SKIP","floor":4.0},{"not_picked":["Twin Strike","Thunderclap"],"picked":"Clash","floor":7},{"not_picked":["Reckless Charge","Bloodletting","Rupture"],"picked":"SKIP","floor":18},{"not_picked":["Evolve","Thunderclap"],"picked":"Dual Wield","floor":21},{"not_picked":["Feel No Pain","Pummel"],"picked":"Flex","floor":24},{"not_picked":["Pommel Strike+1","Armaments","Perfected Strike"],"picked":"SKIP","floor":27}],"player_experience":377837,"relics_obtained":[{"floor":9,"key":"Coffee Dripper"},{"floor":13,"key":"Odd Mushroom"},{"floor":26,"key":"Ring of the Snake"}],"event_choices":[{"damage_healed":0.0,"max_hp_gain":0.0,"max_hp_loss":0.0,"gold_gain":0.0,"event_name":"The Woman in Blue","player_choice":"Bought 0 Potions","floor":3.0,"gold_loss":0.0,"damage_taken":0.0},{"damage_healed":0,"gold_gain":0,"player_choice":"1 cards matched","damage_taken":0,"max_hp_gain":0,"max_hp_loss":0,"event_name":"Match and Keep!","floor":11,"gold_loss":0,"cards_obtained":["Sword Boomerang"]},{"damage_healed":0,"gold_gain":0,"player_choice":"Fought Mushrooms","damage_taken":0,"max_hp_gain":0,"max_hp_loss":0,"event_name":"Mushrooms","floor":13,"gold_loss":0},{"damage_healed":0,"gold_gain":0,"player_choice":"Read","damage_taken":0,"max_hp_gain":0,"max_hp_loss":0,"event_name":"The Library","floor":19,"gold_loss":0,"cards_obtained":["Clash"]},{"damage_healed":0,"gold_gain":0,"player_choice":"Ignored","damage_taken":0,"max_hp_gain":0,"max_hp_loss":0,"event_name":"Ghosts","floor":20,"gold_loss":0},{"damage_healed":0,"gold_gain":0,"player_choice":"Simplicity","damage_taken":0,"max_hp_gain":0,"max_hp_loss":0,"event_name":"Back to Basics","floor":25,"gold_loss":0,"cards_upgraded":["Strike_R","Strike_R","Strike_R","Strike_R","Defend_R","Defend_R","Defend_R","Defend_R"]}],"is_beta":false,"boss_relics":[{"not_picked":["Happy Flower","Whetstone"],"picked":"GodSword4"},{"not_picked":[]}],"items_purged_floors":[5,22],"is_endless":false,"potions_floor_spawned":[2,4,13,21,24,27],"killed_by":"Slavers","ascension_level":12}}