{"host":"ormi09wwzv7sq47a","time":1612665642,"event":{"mods":["2.2 Compatiblity","AchievementEnabler","Act Like it!","BaseMod","Bestiary","Better Altar","Better Note","Better Sensory Stone","Better Silent Start","Better Skull","Better Third Choice","Better Vampires","BetterRewards","Block Reminder","Card Forge","Colored Map","Colored Powertips","Curses Come First","DeckTracker","Downfall","Highlight Path","Minty Spire (QoL Compilation)","Permanent Neow","Quick Restart","Rare Cards Sparkle","Relic Stats","Shop Mod","StSLib","The Jungle"],"gold_per_floor":[113,113,124,124,199,199,209,68,68,68,85,111,111,126,126,200,200,215,235,235,349,368,368,13,40,40,60,60,80,110,124,124,198,198,218,235,56,66,66,66,5,20,88,88,107,136,136,167,167,167,167,167,42,76,76],"floor_reached":56,"language":"ENG","playtime":2693,"items_purged":["Strike_R","Strike_R","Defend_R"],"score":2341,"play_id":"f088e641-c58e-4024-8b9b-6e4d93855015","local_time":"20210207004042","is_ascension_mode":true,"campfire_choices":[{"data":"Thunderclap","floor":6.0,"key":"SMITH"},{"data":"Bludgeon","floor":10.0,"key":"SMITH"},{"data":"Disarm","floor":13.0,"key":"SMITH"},{"data":"Flame Barrier","floor":15.0,"key":"SMITH"},{"data":"Fiend Fire","floor":23.0,"key":"SMITH"},{"data":"Whirlwind","floor":28.0,"key":"SMITH"},{"data":"Shockwave","floor":32.0,"key":"SMITH"},{"data":"Impervious","floor":40,"key":"SMITH"},{"data":"Demon Form","floor":44,"key":"SMITH"},{"floor":47,"key":"RECALL"},{"data":"Demon Form","floor":49,"key":"SMITH"},{"data":"Heavy Blade","floor":52,"key":"SMITH"}],"circlet_count":0,"master_deck":["AscendersBane","Defend_R","Bash","Dark Embrace","Thunderclap+1","Disarm+1","Bludgeon+1","Flame Barrier+1","Headbutt+1","Ghostly Armor+1","Fiend Fire+1","Shockwave+1","Twin Strike+1","Shockwave+1","Clothesline+1","Shrug It Off","Whirlwind+1","Demon Form+1","Impervious+1","Shrug It Off+1","Entrench+1","Demon Form+1","Impervious","Heavy Blade+1","Shrug It Off+1"],"relics":["Burning Blood","Hammer of Thor","Seething Fire","Anvil of the Gods","Thread and Needle","Unceasing Top","Shuriken","Torii","Snecko Eye","hexamod:BolsterEngine","Singing Bowl","Centennial Puzzle","Question Card","HornCleat","Empty Cage","War Paint","Sundial","Slimebound:StickyStick","Whetstone"],"acts_visited":["Exordium","TheCity","TheBeyond","TheEnding"],"potions_floor_usage":[50],"damage_taken":[{"damage":0.0,"enemies":"Jaw Worm","floor":1.0,"turns":5.0},{"damage":13.0,"enemies":"Cultist","floor":3.0,"turns":5.0},{"damage":6.0,"enemies":"Small Slimes","floor":7.0,"turns":5.0},{"damage":2.0,"enemies":"3 Louse","floor":11.0,"turns":3.0},{"damage":8.0,"enemies":"3 Sentries","floor":12.0,"turns":10.0},{"damage":0.0,"enemies":"Looter","floor":14.0,"turns":4.0},{"damage":21.0,"enemies":"Slime Boss","floor":16.0,"turns":7.0},{"damage":0.0,"enemies":"Shell Parasite","floor":18.0,"turns":2.0},{"damage":1.0,"enemies":"Spheric Guardian","floor":19.0,"turns":3.0},{"damage":0.0,"enemies":"Cultist and Chosen","floor":22.0,"turns":4.0},{"damage":22.0,"enemies":"Gremlin Leader","floor":25.0,"turns":7.0},{"damage":0.0,"enemies":"Centurion and Healer","floor":27.0,"turns":4.0},{"damage":0.0,"enemies":"Snecko","floor":29.0,"turns":4.0},{"damage":7.0,"enemies":"Book of Stabbing","floor":30.0,"turns":4.0},{"damage":3.0,"enemies":"Shelled Parasite and Fungi","floor":31.0,"turns":4.0},{"damage":1.0,"enemies":"Collector","floor":33.0,"turns":4.0},{"damage":0.0,"enemies":"Orb Walker","floor":35.0,"turns":1.0},{"damage":3.0,"enemies":"3 Shapes","floor":36.0,"turns":4.0},{"damage":0,"enemies":"Spire Growth","floor":38,"turns":4},{"damage":0,"enemies":"3 Darklings","floor":42,"turns":4},{"damage":19,"enemies":"Transient","floor":45,"turns":5},{"damage":1,"enemies":"Reptomancer","floor":46,"turns":5},{"damage":0,"enemies":"Giant Head","floor":48,"turns":6},{"damage":20,"enemies":"Awakened One","floor":50,"turns":8},{"damage":8,"enemies":"Shield and Spear","floor":54,"turns":5},{"damage":46,"enemies":"The Heart","floor":55,"turns":8}],"seed_played":"-1058667368962998169","potions_obtained":[{"floor":3.0,"key":"GamblersBrew"},{"floor":7.0,"key":"AttackPotion"},{"floor":16.0,"key":"Ancient Potion"},{"floor":25.0,"key":"Ancient Potion"},{"floor":29.0,"key":"sneckomod:MuddlingPotion"},{"floor":33.0,"key":"Regen Potion"},{"floor":38,"key":"SteroidPotion"},{"floor":42,"key":"FairyPotion"}],"is_trial":false,"path_per_floor":["M","?","M","?","?","R","M","$","T","R","M","E","R","M","R","B",null,"M","M","?","?","M","R","$","E","T","M","R","M","E","M","R","B",null,"M","M","$","M","?","R","?","M","T","R","M","E","R","E","R","B",null,"R","$","E","B",null],"character_chosen":"IRONCLAD","items_purchased":["Dark Embrace","Bludgeon","Singing Bowl","Impervious","Shrug It Off"],"campfire_rested":0,"item_purchase_floors":[0,8,24,37,37],"current_hp_per_floor":[54,54,47,47,36,36,36,36,36,36,40,38,38,44,44,29,67,73,78,78,52,58,58,58,42,42,50,50,58,59,64,64,69,83,90,92,92,92,74,74,74,82,82,82,71,76,76,82,82,68,89,89,89,87,47],"gold":76,"neow_bonus":"","is_daily":false,"chose_seed":false,"campfire_upgraded":11,"win_rate":0.0,"timestamp":1612665642,"path_taken":["M","?","?","?","?","R","M","$","T","R","M","E","R","M","R","BOSS","M","M","?","?","M","R","$","E","T","M","R","M","E","?","R","BOSS","M","M","$","M","?","R","?","M","T","R","M","E","R","E","R","BOSS","R","$","E","BOSS"],"items_purchased_type":["Card","Card","Relic","Card","Card"],"build_version":"2020-12-22","purchased_purges":3,"victory":true,"max_hp_per_floor":[80,80,80,80,80,80,80,80,80,80,80,80,80,80,80,80,80,80,80,80,80,80,80,80,80,80,82,82,84,86,88,88,88,88,90,92,92,92,92,92,92,94,94,94,96,96,96,96,96,96,96,96,96,96,96],"relic_stats":{"Torii":34,"Singing Bowl":16,"counters":[260,1142],"Whetstone":["Clothesline","Headbutt"],"War Paint":["Ghostly Armor","Shrug It Off"],"Question Card":13,"Burning Blood":1044,"Centennial Puzzle":[24],"Shuriken":[21],"Sundial":[10],"Snecko Eye":[162,172,156,169],"obtain_stats":[{"Whetstone":23,"Boot":24,"Old Coin":10,"Blood Vial":41,"Sundial":47,"MealTicket":43,"Kunai":38,"Slimebound:AggressiveSlimeRelic":38,"MerchantsRug":38,"Pear":20,"betterAltar:BloodRelic":30,"Blue Candle":10,"Velvet Choker":34,"Eternal Feather":6,"Pen Nib":21,"Guardian:PocketSentry":40,"Akabeko":9,"Bird Faced Urn":54,"MutagenicStrength":21,"Snecko Eye":17,"Mark of Pain":17,"StrikeDummy":25,"Unceasing Top":0,"Regal Pillow":0,"Lantern":3,"Torii":12,"Singing Bowl":24,"sneckomod:BlankCard":9,"Magic Flower":26,"StoneCalendar":24,"Smiling Mask":41,"Burning Blood":0,"Matryoshka":26,"Shovel":10,"InkBottle":11,"Paper Frog":29,"Golden Idol":3,"Self Forming Clay":28,"Thread and Needle":0,"PreservedInsect":40,"Seething Fire":0,"MawBank":24,"Ornamental Fan":9,"Turnip":42,"Slimebound:AbsorbEndCombat":0,"Bottled Lightning":41,"Champion Belt":24,"hexamod:BolsterEngine":26,"Toy Ornithopter":44,"Tiny House":34,"Calipers":48,"Vajra":48,"Hammer of Thor":0,"Sozu":17,"Centennial Puzzle":27,"HornCleat":30,"DollysMirror":0,"Philosopher\u0027s Stone":34,"Prayer Wheel":36,"Toxic Egg 2":11,"Girya":0,"Happy Flower":11,"Astrolabe":17,"Dead Branch":44,"Oddly Smooth Stone":27,"Letter Opener":0,"War Paint":4,"Question Card":26,"Du-Vu Doll":43,"Anvil of the Gods":0,"Brimstone":29,"Shuriken":21,"Bronze Scales":47,"Molten Egg 2":26,"Meat on the Bone":48,"Darkstone Periapt":28,"Black Blood":17,"Mango":0,"Incense Burner":0,"Empty Cage":17,"ClockworkSouvenir":38,"Nunchaku":12,"TheAbacus":47,"Slimebound:StickyStick":48,"Gambling Chip":12,"Pantograph":54,"Odd Mushroom":14,"Orichalcum":26,"Medical Kit":0,"White Beast Statue":8,"Mercury Hourglass":54,"Peace Pipe":0,"CaptainsWheel":45,"Anchor":54,"Bag of Marbles":3,"Coffee Dripper":34,"Membership Card":0,"FossilizedHelix":0,"TungstenRod":42},{"Whetstone":30,"Boot":168,"Old Coin":23,"Blood Vial":39,"Sundial":151,"MealTicket":39,"Kunai":38,"Slimebound:AggressiveSlimeRelic":38,"MerchantsRug":38,"Pear":12,"betterAltar:BloodRelic":143,"Blue Candle":50,"Velvet Choker":88,"Eternal Feather":4,"Pen Nib":82,"Guardian:PocketSentry":92,"Akabeko":5,"Bird Faced Urn":72,"MutagenicStrength":166,"Snecko Eye":107,"Mark of Pain":165,"StrikeDummy":31,"Unceasing Top":18,"Regal Pillow":18,"Lantern":20,"Torii":239,"Singing Bowl":244,"sneckomod:BlankCard":213,"Magic Flower":110,"StoneCalendar":57,"Smiling Mask":118,"Burning Blood":0,"Matryoshka":31,"Shovel":162,"InkBottle":6,"Paper Frog":169,"Golden Idol":2,"Self Forming Clay":169,"Thread and Needle":127,"PreservedInsect":177,"Seething Fire":0,"MawBank":222,"Ornamental Fan":22,"Turnip":67,"Slimebound:AbsorbEndCombat":0,"Bottled Lightning":66,"Champion Belt":110,"hexamod:BolsterEngine":57,"Toy Ornithopter":120,"Tiny House":228,"Calipers":233,"Vajra":41,"Hammer of Thor":0,"Sozu":10,"Centennial Puzzle":86,"HornCleat":248,"DollysMirror":127,"Philosopher\u0027s Stone":35,"Prayer Wheel":37,"Toxic Egg 2":23,"Girya":127,"Happy Flower":77,"Astrolabe":53,"Dead Branch":93,"Oddly Smooth Stone":32,"Letter Opener":18,"War Paint":2,"Question Card":245,"Du-Vu Doll":178,"Anvil of the Gods":0,"Brimstone":86,"Shuriken":109,"Bronze Scales":69,"Molten Egg 2":15,"Meat on the Bone":41,"Darkstone Periapt":110,"Black Blood":193,"Mango":183,"Incense Burner":0,"Empty Cage":26,"ClockworkSouvenir":38,"Nunchaku":51,"TheAbacus":41,"Slimebound:StickyStick":257,"Gambling Chip":24,"Pantograph":97,"Odd Mushroom":9,"Orichalcum":168,"Medical Kit":0,"White Beast Statue":5,"Mercury Hourglass":182,"Peace Pipe":73,"CaptainsWheel":94,"Anchor":126,"Bag of Marbles":46,"Coffee Dripper":61,"Membership Card":18,"FossilizedHelix":44,"TungstenRod":149},{"Whetstone":105,"Boot":768,"Old Coin":85,"Blood Vial":132,"Sundial":685,"MealTicket":132,"Kunai":129,"Slimebound:AggressiveSlimeRelic":129,"MerchantsRug":129,"Pear":52,"betterAltar:BloodRelic":643,"Blue Candle":181,"Velvet Choker":369,"Eternal Feather":13,"Pen Nib":349,"Guardian:PocketSentry":380,"Akabeko":19,"Bird Faced Urn":311,"MutagenicStrength":761,"Snecko Eye":449,"Mark of Pain":757,"StrikeDummy":108,"Unceasing Top":73,"Regal Pillow":73,"Lantern":77,"Torii":1045,"Singing Bowl":1065,"sneckomod:BlankCard":953,"Magic Flower":460,"StoneCalendar":219,"Smiling Mask":498,"Burning Blood":0,"Matryoshka":108,"Shovel":740,"InkBottle":25,"Paper Frog":772,"Golden Idol":6,"Self Forming Clay":772,"Thread and Needle":536,"PreservedInsect":806,"Seething Fire":0,"MawBank":979,"Ornamental Fan":81,"Turnip":279,"Slimebound:AbsorbEndCombat":0,"Bottled Lightning":274,"Champion Belt":460,"hexamod:BolsterEngine":219,"Toy Ornithopter":504,"Tiny House":994,"Calipers":1007,"Vajra":139,"Hammer of Thor":0,"Sozu":45,"Centennial Puzzle":364,"HornCleat":1084,"DollysMirror":536,"Philosopher\u0027s Stone":121,"Prayer Wheel":127,"Toxic Egg 2":85,"Girya":536,"Happy Flower":333,"Astrolabe":198,"Dead Branch":383,"Oddly Smooth Stone":110,"Letter Opener":73,"War Paint":6,"Question Card":1072,"Du-Vu Doll":809,"Anvil of the Gods":0,"Brimstone":364,"Shuriken":456,"Bronze Scales":289,"Molten Egg 2":59,"Meat on the Bone":139,"Darkstone Periapt":460,"Black Blood":871,"Mango":832,"Incense Burner":0,"Empty Cage":95,"ClockworkSouvenir":129,"Nunchaku":186,"TheAbacus":139,"Slimebound:StickyStick":1121,"Gambling Chip":89,"Pantograph":402,"Odd Mushroom":35,"Orichalcum":768,"Medical Kit":0,"White Beast Statue":19,"Mercury Hourglass":825,"Peace Pipe":319,"CaptainsWheel":386,"Anchor":528,"Bag of Marbles":164,"Coffee Dripper":245,"Membership Card":73,"FossilizedHelix":156,"TungstenRod":676}],"Unceasing Top":[7]},"card_choices":[{"not_picked":["Cleave","Reckless Charge","Flex"],"picked":"SKIP","floor":1.0},{"not_picked":["Heavy Blade","Twin Strike"],"picked":"Thunderclap","floor":3.0},{"not_picked":["Headbutt","Flex"],"picked":"Disarm","floor":7.0},{"not_picked":["Body Slam","Carnage"],"picked":"Flame Barrier","floor":11.0},{"not_picked":["Sever Soul","Dropkick"],"picked":"Headbutt","floor":12.0},{"not_picked":["Clash","Reckless Charge"],"picked":"Ghostly Armor","floor":14.0},{"not_picked":["Double Tap","Berserk"],"picked":"Fiend Fire","floor":16.0},{"not_picked":["Blood for Blood","True Grit"],"picked":"Shockwave+1","floor":18.0},{"not_picked":["Sword Boomerang","Headbutt"],"picked":"Twin Strike+1","floor":19.0},{"not_picked":["Brutality","Anger+1"],"picked":"Shrug It Off","floor":22.0},{"not_picked":["Fire Breathing","Twin Strike"],"picked":"Whirlwind","floor":25.0},{"not_picked":["Seeing Red","True Grit","Dark Embrace","Perfected Strike"],"picked":"Singing Bowl","floor":27.0},{"not_picked":["Havoc+1","Pommel Strike+1","Heavy Blade","Wild Strike+1"],"picked":"Singing Bowl","floor":29.0},{"not_picked":["Havoc+1","Seeing Red","Pommel Strike","Body Slam"],"picked":"Singing Bowl","floor":30.0},{"not_picked":["Second Wind","Heavy Blade","Armaments","Twin Strike"],"picked":"Singing Bowl","floor":31.0},{"not_picked":["Fiend Fire","Juggernaut","Bludgeon"],"picked":"Demon Form","floor":33.0},{"not_picked":["Armaments","Perfected Strike+1","Clothesline","Warcry"],"picked":"Singing Bowl","floor":35.0},{"not_picked":["True Grit","Hemokinesis+1","Blood for Blood","Flex"],"picked":"Singing Bowl","floor":36.0},{"not_picked":["Anger","Sword Boomerang","Battle Trance"],"picked":"Entrench+1","floor":38},{"not_picked":["Iron Wave+1","Combust","Dual Wield+1","Clothesline"],"picked":"Singing Bowl","floor":42},{"not_picked":["Anger+1","Battle Trance","Sword Boomerang+1","Armaments"],"picked":"Singing Bowl","floor":45},{"not_picked":["Dark Embrace","Twin Strike+1","Anger"],"picked":"Impervious","floor":46},{"not_picked":["Twin Strike","Bloodletting","Cleave"],"picked":"Heavy Blade","floor":48},{"not_picked":["Reckless Charge","Flex+1","Twin Strike+1"],"picked":"Shrug It Off+1","floor":54}],"player_experience":1023493,"relics_obtained":[{"floor":9.0,"key":"Shuriken"},{"floor":12.0,"key":"Torii"},{"floor":25.0,"key":"Centennial Puzzle"},{"floor":26.0,"key":"Question Card"},{"floor":30.0,"key":"HornCleat"},{"floor":46,"key":"Sundial"},{"floor":48,"key":"Slimebound:StickyStick"},{"floor":54,"key":"Whetstone"}],"event_choices":[{"cards_removed":["Strike_R"],"damage_healed":0.0,"max_hp_gain":0.0,"max_hp_loss":0.0,"gold_gain":0.0,"event_name":"Wheel of Change","player_choice":"Card Removal","floor":2.0,"gold_loss":0.0,"damage_taken":0.0},{"damage_healed":0.0,"max_hp_gain":0.0,"max_hp_loss":0.0,"gold_gain":0.0,"event_name":"betterThird:BetterSerpent","player_choice":"Ignored","floor":4.0,"gold_loss":0.0,"damage_taken":124.0},{"damage_healed":0.0,"max_hp_gain":0.0,"max_hp_loss":0.0,"gold_gain":75.0,"event_name":"betterThird:BetterGoop","player_choice":"Gold","floor":5.0,"gold_loss":0.0,"damage_taken":11.0},{"damage_healed":0.0,"max_hp_gain":0.0,"max_hp_loss":0.0,"gold_gain":0.0,"cards_transformed":["Strike_R","Strike_R"],"event_name":"Drug Dealer","player_choice":"Became Test Subject","floor":20.0,"gold_loss":0.0,"damage_taken":0.0,"cards_obtained":["Shockwave","Clothesline"]},{"damage_healed":0.0,"max_hp_gain":0.0,"max_hp_loss":0.0,"gold_gain":114.0,"event_name":"betterSkull:BetterSkull","player_choice":"RE GO ","floor":21.0,"gold_loss":0.0,"damage_taken":29.0,"cards_upgraded":[],"relics_obtained":["hexamod:BolsterEngine"]},{"damage_healed":0,"gold_gain":3,"player_choice":"2","damage_taken":0,"max_hp_gain":0,"max_hp_loss":18,"event_name":"betterStone:BetterStone","floor":39,"gold_loss":0},{"damage_healed":0,"gold_gain":0,"player_choice":"Paid Gold","damage_taken":0,"relics_obtained":["War Paint"],"max_hp_gain":0,"max_hp_loss":0,"event_name":"WeMeetAgain","floor":41,"gold_loss":61}],"is_beta":false,"boss_relics":[{"not_picked":["Tiny House","Busted Crown"],"picked":"Snecko Eye"},{"not_picked":["sneckomod:SneckoTalon","Black Star"],"picked":"Empty Cage"}],"items_purged_floors":[0,24,53],"is_endless":false,"potions_floor_spawned":[3,7,16,25,29,33,38,42,46,48],"ascension_level":13}}