{"host":"aukiz5jlacd3g5yc","time":1612664798,"event":{"mods":["2.2 Compatiblity","BaseMod","Bestiary","Colored Map","Colored Powertips","Downfall","GifTheSpireLib","Hubris","Minty Spire (QoL Compilation)","Permanent Neow","Quick Restart","Random Character Button","Rare Cards Sparkle","Relic Sorter","Relic Stats","Replay The Spire","StSLib","everything is the same but u backflip on backflip","slay the spire mod where everything is the same but ironclad has a cowboy hat"],"gold_per_floor":[99,115,134,309,309,340,340,365,379,414,414,444,444,39,54,151,151,151,151,151,170,170,170,170],"floor_reached":22,"language":"ENG","playtime":833,"items_purged":["Doubt"],"score":221,"play_id":"97eeb912-fe56-4d52-ae74-7f8bd9acec21","local_time":"20210206202638","daily_mods":["SealedDeck","DeadlyEvents","Elite Swarm","Lethality"],"is_ascension_mode":true,"campfire_choices":[{"data":"champ:BerserkersShout","floor":1,"key":"SMITH"},{"data":"champ:SwordThrow","floor":11,"key":"SMITH"},{"data":"champ:EnchantSword","floor":18,"key":"SMITH"}],"circlet_count":0,"master_deck":["champ:BringItOn","champ:EnGarde","champ:RecklessLeap+1","champ:GutPunch","champ:FanOfKnives","champ:Shatter","champ:AdrenalArmor","champ:FocusedBerserking","champ:BerserkersShout+1","champ:FocusedBerserking","champ:EndlessRage","champ:SwordThrow+1","champ:IgnorePain","champ:FanOfKnives","champ:Endure","champ:VampiricStrike","champ:EnchantSword+1","Necronomicurse","champ:Endure"],"relics":["Unceasing Top","Blue Doll","InkBottle","hubris:TenFootPole","Pocketwatch","Ancient Tea Set","champ:GladiatorsBookOfMartialProwess","Replay:Grab Bag","hubris:TerracottaHorce","ReplayTheSpireMod:DimensionalGlitch","expansioncontent:StudyCardRelic","Necronomicon"],"acts_visited":["Exordium","TheCity"],"potions_floor_usage":[12,12,22,22],"damage_taken":[{"damage":10,"enemies":"Small Slimes","floor":2,"turns":2},{"damage":40,"enemies":"Jaw Worm","floor":3,"turns":2},{"damage":52,"enemies":"Gremlin Nob","floor":6,"turns":4},{"damage":44,"enemies":"Lagavulin","floor":8,"turns":4},{"damage":38,"enemies":"Cultist","floor":9,"turns":2},{"damage":39,"enemies":"3 Sentries","floor":10,"turns":4},{"damage":34,"enemies":"Gremlin Nob","floor":12,"turns":3},{"damage":25,"enemies":"downfall:FleeingMerchant","floor":14,"turns":4},{"damage":23,"enemies":"Exordium Thugs","floor":15,"turns":2},{"damage":33,"enemies":"SI_SHIV_ARCHETYPE","floor":16,"turns":4},{"damage":18,"enemies":"Chosen","floor":21,"turns":2},{"damage":48,"enemies":"downfall:FleeingMerchant","floor":22,"turns":2}],"seed_played":"-6584476313284060584","potions_obtained":[{"floor":3,"key":"Elixir"},{"floor":8,"key":"Fire Potion"},{"floor":9,"key":"Venom Potion"},{"floor":16,"key":"LiquidBronze"},{"floor":21,"key":"EssenceOfSteel"}],"is_trial":true,"path_per_floor":["R","M","M","?","?","E","T","E","M","E","R","E","?","$","M","B",null,"R","?","?","M","$"],"character_chosen":"THE_CHAMP","items_purchased":["champ:Endure","champ:GladiatorsBookOfMartialProwess"],"campfire_rested":0,"item_purchase_floors":[14,14],"current_hp_per_floor":[90,90,90,90,90,53,53,39,39,25,25,6,36,36,33,25,74,74,62,62,47,0,0,0],"gold":170,"neow_bonus":"","is_daily":false,"chose_seed":false,"campfire_upgraded":3,"win_rate":0.0,"timestamp":1612664798,"path_taken":["R","M","M","?","?","E","T","?","?","E","R","E","?","?","M","BOSS","R","?","?","M","$"],"items_purchased_type":["Card","Relic"],"build_version":"2020-12-22","purchased_purges":1,"victory":false,"max_hp_per_floor":[90,90,90,90,90,90,90,90,90,90,90,90,90,90,90,90,90,90,90,90,90,90,90,90],"relic_stats":{"counters":[12,35],"Necronomicon":[0],"obtain_stats":[{"Replay:Grab Bag":17,"Blue Doll":6,"hubris:TenFootPole":8,"expansioncontent:StudyCardRelic":17,"Necronomicon":19,"Ancient Tea Set":12,"ReplayTheSpireMod:DimensionalGlitch":17,"Unceasing Top":0,"InkBottle":7,"Pocketwatch":10,"champ:GladiatorsBookOfMartialProwess":14,"hubris:TerracottaHorce":17},{"Replay:Grab Bag":10,"Blue Doll":3,"hubris:TenFootPole":4,"expansioncontent:StudyCardRelic":10,"Necronomicon":10,"Ancient Tea Set":7,"ReplayTheSpireMod:DimensionalGlitch":10,"Unceasing Top":0,"InkBottle":3,"Pocketwatch":6,"champ:GladiatorsBookOfMartialProwess":8,"hubris:TerracottaHorce":10},{"Replay:Grab Bag":31,"Blue Doll":8,"hubris:TenFootPole":12,"expansioncontent:StudyCardRelic":31,"Necronomicon":31,"Ancient Tea Set":21,"ReplayTheSpireMod:DimensionalGlitch":31,"Unceasing Top":0,"InkBottle":8,"Pocketwatch":18,"champ:GladiatorsBookOfMartialProwess":25,"hubris:TerracottaHorce":31}],"Unceasing Top":[2],"InkBottle":[9],"Pocketwatch":[6]},"card_choices":[{"not_picked":["champ:PreemptiveStrike","champ:FalseCounter"],"picked":"champ:FocusedBerserking","floor":2},{"not_picked":["champ:PreciseThrust","champ:PerfectedStrike"],"picked":"champ:EndlessRage","floor":3},{"not_picked":["champ:HeavySlash","champ:IgnorePain"],"picked":"champ:SwordThrow","floor":6},{"not_picked":["champ:CheapShot","champ:ShieldThrow","champ:StrikeOfGenius"],"picked":"SKIP","floor":8},{"not_picked":["champ:GutPunch","champ:EnGarde","champ:CrownThrow"],"picked":"SKIP","floor":9},{"not_picked":["champ:HeavySlash","champ:TripleStrike","champ:ShieldThrow"],"picked":"SKIP","floor":10},{"not_picked":["champ:SwordThrow","champ:CheapShot"],"picked":"champ:IgnorePain","floor":12},{"not_picked":["champ:Endure","champ:Circumvent"],"picked":"champ:FanOfKnives","floor":14},{"not_picked":["champ:BladeFlurry","champ:AdrenalArmor"],"picked":"champ:VampiricStrike","floor":15},{"not_picked":["champ:UltimateStance","champ:Devastate"],"picked":"champ:EnchantSword","floor":16},{"not_picked":["champ:Haymaker","champ:PerfectedStrike"],"picked":"champ:Endure","floor":21}],"player_experience":387741,"relics_obtained":[{"floor":6,"key":"Blue Doll"},{"floor":7,"key":"InkBottle"},{"floor":8,"key":"hubris:TenFootPole"},{"floor":10,"key":"Pocketwatch"},{"floor":12,"key":"Ancient Tea Set"},{"floor":19,"key":"Necronomicon"}],"event_choices":[{"damage_healed":30,"gold_gain":0,"player_choice":"Banana","damage_taken":0,"max_hp_gain":0,"max_hp_loss":0,"event_name":"Big Fish","floor":13,"gold_loss":0}],"is_beta":false,"boss_relics":[{"not_picked":["Snecko Heart","Empty Cage"],"picked":"Replay:Grab Bag"},{"not_picked":["hubris:GrandSneckoEye","Philosopher\u0027s Stone"],"picked":"hubris:TerracottaHorce"},{"not_picked":["ReplayTheSpireMod:Onyx Gauntlets","ChewingGum"],"picked":"ReplayTheSpireMod:DimensionalGlitch"},{"not_picked":["Kintsugi","hubris:BlackHole"],"picked":"expansioncontent:StudyCardRelic"}],"items_purged_floors":[14],"is_endless":false,"potions_floor_spawned":[3,8,9,16,21],"killed_by":"downfall:FleeingMerchant","ascension_level":1}}