{"host":"s41rn2jhghpwfrvz","time":1612662855,"event":{"mods":["BaseMod","Minty Spire (QoL Compilation)","Quick Restart","Relic Stats","SuperFastMode"],"gold_per_floor":[117,135,135,60,79,79,105,124,124,149,149,74,74,74,74,148,148,163,190,201,201,213,247,259,291,359,392,392,405,62,75,75,151,151,170,190,209,224,224,259,259,291,316,349,363,391,172,184,184,184,184,184,184,13,41,41],"floor_reached":57,"language":"ENG","playtime":2510,"items_purged":["Underhanded Strike","Sweeping Beam"],"score":3859,"play_id":"cb0e9654-d1b2-4504-a8a0-26c064adfc92","local_time":"20210207035415","daily_mods":["SealedDeck","Diverse","DeadlyEvents"],"is_ascension_mode":true,"campfire_choices":[{"data":"Prostrate","floor":6,"key":"SMITH"},{"data":"Pommel Strike","floor":13,"key":"SMITH"},{"floor":15,"key":"DIG"},{"floor":28,"key":"DIG"},{"floor":32,"key":"RECALL"},{"floor":41,"key":"DIG"},{"floor":49,"key":"DIG"},{"floor":53,"key":"DIG"}],"circlet_count":0,"master_deck":["AscendersBane","Go for the Eyes","Dagger Throw","Intimidate","Dash","Acrobatics+1","Shrug It Off","Prostrate+1","Pommel Strike+1","Burning Pact+1","Eviscerate","After Image+1","Blade Dance+1","Master of Strategy+1","DeusExMachina+1","Apotheosis+1","Escape Plan+1"],"relics":["Burning Blood","Toxic Egg 2","Magic Flower","Shovel","Frozen Egg 2","Busted Crown","Red Mask","White Beast Statue","Anchor","Mummified Hand","MealTicket","Membership Card","Oddly Smooth Stone","Runic Pyramid","Bottled Lightning","Champion Belt","FossilizedHelix","CeramicFish","Nunchaku","Mango","Shuriken","Letter Opener","Pear","Turnip","Pen Nib"],"acts_visited":["Exordium","TheCity","TheBeyond","TheEnding"],"potions_floor_usage":[23,56,56],"damage_taken":[{"damage":0,"enemies":"2 Louse","floor":1,"turns":2},{"damage":0,"enemies":"Small Slimes","floor":2,"turns":2},{"damage":0,"enemies":"Cultist","floor":5,"turns":3},{"damage":35,"enemies":"3 Sentries","floor":7,"turns":8},{"damage":8,"enemies":"3 Louse","floor":8,"turns":4},{"damage":0,"enemies":"Lagavulin","floor":10,"turns":4},{"damage":24,"enemies":"Slime Boss","floor":16,"turns":5},{"damage":4,"enemies":"2 Thieves","floor":18,"turns":3},{"damage":24,"enemies":"Masked Bandits","floor":19,"turns":4},{"damage":0,"enemies":"Spheric Guardian","floor":20,"turns":3},{"damage":0,"enemies":"Snecko","floor":22,"turns":3},{"damage":32,"enemies":"Slavers","floor":23,"turns":5},{"damage":8,"enemies":"Centurion and Healer","floor":24,"turns":3},{"damage":0,"enemies":"Book of Stabbing","floor":25,"turns":4},{"damage":0,"enemies":"Gremlin Leader","floor":27,"turns":4},{"damage":0,"enemies":"Snake Plant","floor":29,"turns":3},{"damage":0,"enemies":"3 Cultists","floor":31,"turns":2},{"damage":1,"enemies":"Collector","floor":33,"turns":4},{"damage":0,"enemies":"3 Darklings","floor":35,"turns":2},{"damage":0,"enemies":"Orb Walker","floor":36,"turns":3},{"damage":0,"enemies":"Transient","floor":37,"turns":6},{"damage":0,"enemies":"Maw","floor":38,"turns":3},{"damage":0,"enemies":"Reptomancer","floor":40,"turns":3},{"damage":0,"enemies":"Giant Head","floor":42,"turns":3},{"damage":0,"enemies":"Nemesis","floor":44,"turns":10},{"damage":0,"enemies":"Spire Growth","floor":45,"turns":2},{"damage":0,"enemies":"Reptomancer","floor":46,"turns":2},{"damage":0,"enemies":"4 Shapes","floor":48,"turns":3},{"damage":0,"enemies":"Awakened One","floor":50,"turns":4},{"damage":0,"enemies":"Time Eater","floor":51,"turns":4},{"damage":0,"enemies":"Shield and Spear","floor":55,"turns":1},{"damage":0,"enemies":"The Heart","floor":56,"turns":6}],"seed_played":"-816320318769809801","potions_obtained":[{"floor":1,"key":"Ancient Potion"},{"floor":11,"key":"CultistPotion"},{"floor":16,"key":"Swift Potion"},{"floor":23,"key":"SkillPotion"},{"floor":42,"key":"SpeedPotion"}],"is_trial":true,"path_per_floor":["M","M","?","?","M","R","E","M","T","E","?","$","R","$","R","B",null,"M","?","M","?","M","E","M","E","T","E","R","M","$","M","R","B",null,"M","M","M","M","?","E","R","E","T","E","M","E","$","M","R","B","B",null,"R","$","E","B",null],"character_chosen":"IRONCLAD","items_purchased":["Membership Card","Oddly Smooth Stone","Master of Strategy+1","Shuriken","Escape Plan+1","Turnip"],"campfire_rested":0,"item_purchase_floors":[30,30,30,47,47,54],"current_hp_per_floor":[74,75,75,75,75,75,46,44,44,53,53,53,53,53,53,38,66,71,56,65,65,74,51,52,61,61,70,70,75,75,75,75,75,75,75,75,75,75,65,74,74,75,75,75,75,89,89,89,89,89,89,89,99,99,99,99],"gold":41,"neow_bonus":"","is_daily":false,"chose_seed":false,"campfire_upgraded":2,"win_rate":0.0,"timestamp":1612662855,"path_taken":["M","M","?","?","M","R","E","M","T","E","?","$","R","$","R","BOSS","M","?","M","?","M","E","M","E","T","E","R","M","$","M","R","BOSS","M","M","?","M","?","E","R","E","T","E","?","E","$","M","R","BOSS","BOSS","R","$","E","BOSS"],"items_purchased_type":["Relic","Relic","Card","Relic","Card","Relic"],"build_version":"2020-12-22","purchased_purges":2,"victory":true,"max_hp_per_floor":[75,75,75,75,75,75,75,75,75,75,75,75,75,75,75,75,75,75,75,75,75,75,75,75,75,75,75,75,75,75,75,75,75,75,75,75,75,75,75,75,75,75,75,75,75,89,89,89,89,89,89,89,99,99,99,99],"relic_stats":{"counters":[32,118],"CeramicFish":9,"Magic Flower":[33],"Pen Nib":[4],"Letter Opener":[230],"Burning Blood":125,"Nunchaku":[15],"Shovel":5,"Busted Crown":50,"Mummified Hand":[24],"Shuriken":[35],"MealTicket":0,"Turnip":[2],"Champion Belt":[0],"obtain_stats":[{"CeramicFish":43,"Magic Flower":9,"Mango":46,"Burning Blood":0,"Nunchaku":44,"Shovel":10,"Mummified Hand":27,"MealTicket":28,"Red Mask":19,"Toxic Egg 2":7,"Runic Pyramid":34,"Pear":53,"Oddly Smooth Stone":30,"Pen Nib":55,"Letter Opener":49,"Frozen Egg 2":15,"White Beast Statue":23,"Anchor":25,"Busted Crown":17,"Shuriken":47,"Turnip":54,"Membership Card":30,"Bottled Lightning":40,"Champion Belt":41,"FossilizedHelix":42},{"CeramicFish":24,"Magic Flower":5,"Mango":27,"Burning Blood":0,"Nunchaku":25,"Shovel":6,"Mummified Hand":15,"MealTicket":15,"Red Mask":9,"Toxic Egg 2":4,"Runic Pyramid":18,"Pear":30,"Oddly Smooth Stone":16,"Pen Nib":31,"Letter Opener":28,"Frozen Egg 2":6,"White Beast Statue":12,"Anchor":14,"Busted Crown":7,"Shuriken":27,"Turnip":30,"Membership Card":16,"Bottled Lightning":23,"Champion Belt":23,"FossilizedHelix":24},{"CeramicFish":86,"Magic Flower":19,"Mango":100,"Burning Blood":0,"Nunchaku":96,"Shovel":23,"Mummified Hand":57,"MealTicket":57,"Red Mask":35,"Toxic Egg 2":15,"Runic Pyramid":66,"Pear":111,"Oddly Smooth Stone":60,"Pen Nib":112,"Letter Opener":103,"Frozen Egg 2":23,"White Beast Statue":46,"Anchor":53,"Busted Crown":28,"Shuriken":100,"Turnip":111,"Membership Card":60,"Bottled Lightning":83,"Champion Belt":83,"FossilizedHelix":86}]},"card_choices":[{"not_picked":["Rip and Tear","Steam"],"picked":"Pommel Strike","floor":1},{"not_picked":["Anger","Perseverance","FlurryOfBlows"],"picked":"SKIP","floor":2},{"not_picked":["Deadly Poison","Wild Strike","FlurryOfBlows"],"picked":"SKIP","floor":5},{"not_picked":["Quick Slash","Riddle With Holes"],"picked":"Burning Pact+1","floor":7},{"not_picked":["Prostrate+1","Sucker Punch"],"picked":"Eviscerate","floor":8},{"not_picked":["Storm","Flechettes","Study"],"picked":"SKIP","floor":10},{"not_picked":["Wraith Form v2+1","Doppelganger+1"],"picked":"After Image+1","floor":16},{"not_picked":["Clash"],"picked":"SKIP","floor":18},{"not_picked":[],"picked":"Blade Dance+1","floor":20},{"not_picked":["Defragment+1"],"picked":"SKIP","floor":22},{"not_picked":["Predator"],"picked":"SKIP","floor":23},{"not_picked":["Warcry+1"],"picked":"SKIP","floor":24},{"not_picked":["Protect+1"],"picked":"SKIP","floor":25},{"not_picked":["Leap+1"],"picked":"SKIP","floor":27},{"not_picked":["Vengeance+1"],"picked":"SKIP","floor":29},{"not_picked":["Beam Cell"],"picked":"SKIP","floor":31},{"not_picked":[],"picked":"DeusExMachina+1","floor":33},{"not_picked":["Caltrops+1"],"picked":"SKIP","floor":35},{"not_picked":["Sanctity+1"],"picked":"SKIP","floor":36},{"not_picked":["Dodge and Roll+1"],"picked":"SKIP","floor":37},{"not_picked":["Ghostly Armor+1"],"picked":"SKIP","floor":38},{"not_picked":[],"picked":"Apotheosis+1","floor":39},{"not_picked":["FlyingSleeves"],"picked":"SKIP","floor":40},{"not_picked":["Inflame+1"],"picked":"SKIP","floor":42},{"not_picked":["Havoc+1"],"picked":"SKIP","floor":44},{"not_picked":["Backstab+1"],"picked":"SKIP","floor":45},{"not_picked":["FlurryOfBlows"],"picked":"SKIP","floor":46},{"not_picked":["Poisoned Stab"],"picked":"SKIP","floor":48},{"not_picked":["Collect+1"],"picked":"SKIP","floor":55}],"player_experience":1875250,"relics_obtained":[{"floor":7,"key":"Toxic Egg 2"},{"floor":9,"key":"Magic Flower"},{"floor":10,"key":"Shovel"},{"floor":15,"key":"Frozen Egg 2"},{"floor":19,"key":"Red Mask"},{"floor":23,"key":"White Beast Statue"},{"floor":25,"key":"Anchor"},{"floor":27,"key":"Mummified Hand"},{"floor":28,"key":"MealTicket"},{"floor":40,"key":"Bottled Lightning"},{"floor":41,"key":"Champion Belt"},{"floor":42,"key":"FossilizedHelix"},{"floor":43,"key":"CeramicFish"},{"floor":44,"key":"Nunchaku"},{"floor":46,"key":"Mango"},{"floor":49,"key":"Letter Opener"},{"floor":53,"key":"Pear"},{"floor":55,"key":"Pen Nib"}],"event_choices":[{"damage_healed":0,"gold_gain":0,"player_choice":"Ignored","damage_taken":0,"max_hp_gain":0,"max_hp_loss":0,"event_name":"Liars Game","floor":3,"gold_loss":0},{"cards_removed":["Chill"],"damage_healed":0,"gold_gain":0,"player_choice":"Card Removal","damage_taken":0,"max_hp_gain":0,"max_hp_loss":0,"event_name":"The Cleric","floor":4,"gold_loss":75},{"damage_healed":0,"gold_gain":0,"player_choice":"Got Potions","damage_taken":0,"max_hp_gain":0,"max_hp_loss":0,"event_name":"Lab","floor":11,"gold_loss":0},{"damage_healed":0,"gold_gain":0,"player_choice":"Fought Bandits","damage_taken":0,"max_hp_gain":0,"max_hp_loss":0,"event_name":"Masked Bandits","floor":19,"gold_loss":0},{"damage_healed":0,"gold_gain":0,"player_choice":"Forge","damage_taken":0,"max_hp_gain":0,"max_hp_loss":0,"event_name":"Accursed Blacksmith","floor":21,"gold_loss":0,"cards_upgraded":["Acrobatics"]},{"damage_healed":0,"gold_gain":0,"player_choice":"Memory 3","damage_taken":10,"max_hp_gain":0,"max_hp_loss":0,"event_name":"SensoryStone","floor":39,"gold_loss":0}],"is_beta":false,"boss_relics":[{"not_picked":["Runic Cube","Black Blood"],"picked":"Busted Crown"},{"not_picked":["Sozu","Empty Cage"],"picked":"Runic Pyramid"}],"items_purged_floors":[12,47],"is_endless":false,"potions_floor_spawned":[1,16,19,20,23,24,25,27,29,31,33,35,36,37,38,40,42,44,45,46,48,55],"ascension_level":20}}