{"host":"yrtk68ixj64vhhh3","time":1612696159,"event":{"mods":["2.2 Compatiblity","AchievementEnabler","Aspiration","BaseMod","Better Altar","Better Match","Better Note","Better Silent Start","Better Skull","Better Third Choice","Colored Map","Colored Powertips","Conspire","Dio Mod","Downfall","Energized Spire","Hubris","Infinite Spire","Minty Spire (QoL Compilation)","Prisma Mod","RNG Fix","StSLib","Steal the Spire","Td1madao Mod","The Animator","The Poker Player","The Wild Card","TheBandit","TheHero"],"gold_per_floor":[112,112,131,5,5,5,5],"floor_reached":6,"language":"ENG","playtime":235,"items_purged":[],"score":34,"play_id":"2cc6ba80-2070-4a7d-9ef2-ae05b6ff0c55","local_time":"20210208000919","is_ascension_mode":false,"campfire_choices":[],"circlet_count":0,"master_deck":["dioMod:Strike","dioMod:Strike","dioMod:Strike","dioMod:Strike","Bite","dioMod:Defend","dioMod:Defend","dioMod:Defend","dioMod:Defend","dioMod:DisarmingVoice","Decay","dioMod:LaserVision","dioMod:TripleThreat","dioMod:VengefulMuda","dioMod:SecretPlan"],"relics":["Guardian:ModeShifter","aspiration:Nostalgia","Cracked Core","infinitespire:Cubic Diamond"],"acts_visited":["Exordium"],"potions_floor_usage":[],"damage_taken":[{"damage":0,"enemies":"Small Slimes","floor":1,"turns":3},{"damage":5,"enemies":"Cultist","floor":3,"turns":4},{"damage":0,"enemies":"Gremlin Nob","floor":6,"turns":1}],"seed_played":"-7866143543046102061","potions_obtained":[],"is_trial":false,"path_per_floor":["M","?","M","$","?","E"],"character_chosen":"THE_DEFAULT","items_purchased":["dioMod:TripleThreat","dioMod:VengefulMuda","dioMod:SecretPlan"],"campfire_rested":0,"item_purchase_floors":[4,4,4],"current_hp_per_floor":[75,75,75,75,75,75,75],"gold":5,"neow_bonus":"NOSTALGIA","is_daily":false,"chose_seed":false,"campfire_upgraded":0,"win_rate":0.0,"timestamp":1612696159,"path_taken":["M","?","M","$","?","E"],"items_purchased_type":["Card","Card","Card"],"build_version":"2020-12-22","purchased_purges":0,"victory":false,"max_hp_per_floor":[75,75,75,75,75,75,75],"card_choices":[{"not_picked":["dioMod:SadisticLaugh","dioMod:ComposedMuda"],"picked":"dioMod:DisarmingVoice","floor":1},{"not_picked":["dioMod:Muda","dioMod:DisarmingVoice"],"picked":"dioMod:LaserVision","floor":3}],"player_experience":746398,"relics_obtained":[],"event_choices":[{"damage_healed":0,"gold_gain":0,"player_choice":"Cursed","damage_taken":0,"max_hp_gain":0,"max_hp_loss":0,"event_name":"Wheel of Change","floor":2,"gold_loss":0,"cards_obtained":["Decay"]}],"is_beta":false,"boss_relics":[],"items_purged_floors":[],"is_endless":false,"potions_floor_spawned":[],"killed_by":"Gremlin Nob","ascension_level":0}}