{"host":"pesfwaef25r60kxm","time":1612717821,"event":{"mods":["100% Spire Juice","ATMod(阿瑾Mod)","Act Like it!","Arknights","BaseMod","Colored Powertips","Downfall","Gensokyo","Hunter 猎人","Luminous","Minty Spire (QoL Compilation)","Pale of the Ancients","Reimu（博丽灵梦）","Reliquary","Replay The Spire","RumiaBox-露米娅的神秘盒子","Shop Mod","Spicy Shops","StSLib","The Cursed","The Poker Player","The Servant 0.9.4","WarShipGirlsR/战舰少女R mod","[IsaacMod]以撒尖塔","noobMod","【功能Mod】聪明的最终Boss","【遗物卡牌】REMEMod"],"gold_per_floor":[115,134,154,79,92,142,161,190,214,242,260,277,303,323,323,421,421,432,451,509,529,547,572,572,572,572,602,617,617,595,614,614,719,719,736,586,936,953,750,781,781,811,859,859,894,905,931,944,944,944,963,977,977,197,197,212,212,24,24,54],"floor_reached":61,"language":"ZHS","playtime":2124,"items_purged":["Defend_R","Defend_R","Defend_R","Hallucinations","Strike_R"],"score":2105,"play_id":"e844df37-ef06-47b8-b88b-586d20a71f34","local_time":"20210208011021","is_ascension_mode":true,"campfire_choices":[{"floor":15,"key":"RECALL"},{"data":"AT_Desolate","floor":25,"key":"SMITH"},{"data":"Perfected Strike","floor":32,"key":"SMITH"},{"data":"AT_RealColorLess","floor":41,"key":"SMITH"},{"data":"Inflame","floor":44,"key":"SMITH"},{"data":"Heavy Blade","floor":49,"key":"SMITH"},{"data":"True Grit","floor":55,"key":"SMITH"},{"data":"Berserk","floor":57,"key":"SMITH"}],"circlet_count":0,"master_deck":["Strike_R","Strike_R","Strike_R","Strike_R","Defend_R","Bash","AT_RealColorLess+1","AT_Desolate+1","Heavy Blade+1","Perfected Strike+1","Wild Strike","Wild Strike","Reaper","Wild Strike","REME_FearOfPain","REME_TheLastStrike","ReplayTheSpireMod:Strike From Hell","Inflame+1","Dual Wield","AT_ShrugMaster+1","Twin Strike","Pommel Strike","Double Tap","Offering","Armaments+1","Pommel Strike","REME_Cut","ReplayTheSpireMod:Strike From Hell+1","Flame Barrier+1","REME_Cut+1","Berserk+1","True Grit+1","Secret Weapon","AT_ShrugMaster+1","ReplayTheSpireMod:Brewmster"],"relics":["Burning Blood","HushsDoor","ice","Void","AddBug","SecretRecord","SecretRecord","SecretRecord","SecretRecord","SecretRecord","SecretRecord","SecretRecord","SecretRecord"],"acts_visited":["Exordium","Gensokyo:Gensokyoer","TheBeyond","paleoftheancients:PaleOfTheAncients"],"potions_floor_usage":[33,45,51,52,60],"damage_taken":[{"damage":17.0,"enemies":"ats:Genji","floor":1.0,"turns":5.0},{"damage":6.0,"enemies":"Cultist","floor":2.0,"turns":3.0},{"damage":11.0,"enemies":"Small Slimes","floor":3.0,"turns":3.0},{"damage":31.0,"enemies":"3 Louse","floor":5.0,"turns":4.0},{"damage":10.0,"enemies":"Lagavulin","floor":6.0,"turns":5.0},{"damage":14.0,"enemies":"Red Slaver","floor":7.0,"turns":2.0},{"damage":0.0,"enemies":"3 Sentries","floor":8.0,"turns":1.0},{"damage":20,"enemies":"Lagavulin","floor":10,"turns":4},{"damage":8,"enemies":"Large Slime","floor":11,"turns":3},{"damage":13,"enemies":"Blue Slaver","floor":12,"turns":2},{"damage":34,"enemies":"3 Sentries","floor":13,"turns":5},{"damage":15,"enemies":"2 Fungi Beasts","floor":14,"turns":3},{"damage":27,"enemies":"Hexaghost","floor":16,"turns":4},{"damage":13,"enemies":"Gensokyo:Chomper","floor":18,"turns":3},{"damage":30,"enemies":"Gensokyo:3_Dogs","floor":19,"turns":3},{"damage":49,"enemies":"Gensokyo:Wraith","floor":21,"turns":4},{"damage":0,"enemies":"Gensokyo:Chomper_and_Gloop","floor":22,"turns":3},{"damage":0,"enemies":"Gensokyo:Tenshi","floor":23,"turns":1},{"damage":0,"enemies":"Gensokyo:Koishi","floor":27,"turns":2},{"damage":0,"enemies":"Gensokyo:3_Gloops","floor":28,"turns":3},{"damage":19,"enemies":"Gensokyo:Slime_Group","floor":31,"turns":3},{"damage":11,"enemies":"Gensokyo:Kaguya","floor":33,"turns":5},{"damage":6,"enemies":"Orb Walker","floor":35,"turns":1},{"damage":0,"enemies":"Mind Bloom Boss Battle","floor":37,"turns":2},{"damage":0,"enemies":"3 Shapes","floor":38,"turns":2},{"damage":6,"enemies":"Nemesis","floor":40,"turns":1},{"damage":0,"enemies":"Reptomancer","floor":42,"turns":1},{"damage":0,"enemies":"Nemesis","floor":45,"turns":2},{"damage":6,"enemies":"Transient","floor":46,"turns":3},{"damage":6,"enemies":"Reptomancer","floor":47,"turns":2},{"damage":13,"enemies":"Jaw Worm Horde","floor":48,"turns":2},{"damage":34,"enemies":"Replay:Hell Engine","floor":50,"turns":3},{"damage":62,"enemies":"Replay:Hell Engine","floor":51,"turns":19},{"damage":87,"enemies":"Replay:Hell Engine","floor":52,"turns":3},{"damage":12,"enemies":"Replay:Hell Engine","floor":56,"turns":3},{"damage":6,"enemies":"LittleHush","floor":60,"turns":6}],"seed_played":"-873423280190111226","potions_obtained":[{"floor":1.0,"key":"Fire Potion"},{"floor":2.0,"key":"Block Potion"},{"floor":7.0,"key":"BlessingOfTheForge"},{"floor":31,"key":"Flashbang"},{"floor":35,"key":"ZuzhouPotion:ReiMu"},{"floor":40,"key":"Energy Potion"},{"floor":45,"key":"Venom Potion"}],"is_trial":false,"path_per_floor":["M","M","M","$","M","E","M","E","T","E","M","M","E","M","R","B",null,"M","M","?","M","M","E","?","R","T","E","M","T","COS","M","R","B",null,"M","$","?","M","$","E","R","E","T","R","E","M","E","M","R","B","M","M","?","$","R","M","R","$","?","B",null],"character_chosen":"IRONCLAD","items_purchased":["Pommel Strike","ReplayTheSpireMod:CursedCoin","REME_Cut","Berserk","True Grit","Secret Weapon","ReplayTheSpireMod:Brewmster"],"campfire_rested":0,"item_purchase_floors":[36,39,39,54,54,54,58],"current_hp_per_floor":[61,61,56,56,31,27,19,25,25,80,78,71,59,50,50,29,79,72,48,33,93,112,112,112,112,112,112,112,112,112,114,114,109,117,117,117,120,120,120,120,120,120,120,120,120,120,124,117,117,124,112,31,31,31,31,203,203,203,203,649],"gold":54,"neow_bonus":"RANDOM_COMMON_RELIC","is_daily":false,"chose_seed":false,"campfire_upgraded":7,"win_rate":0.0,"timestamp":1612717821,"path_taken":["M","M","M","$","M","E","M","E","T","E","M","M","E","M","R","BOSS","M","M","?","M","M","E","?","R","T","E","M","?","COS","M","R","BOSS","M","$","?","M","$","E","R","E","T","R","E","M","E","M","R","BOSS","M","M","?","$","R","M","R","$","?","BOSS"],"items_purchased_type":["Card","Relic","Card","Card","Card","Card","Card"],"build_version":"2020-12-22","purchased_purges":5,"victory":true,"max_hp_per_floor":[80,80,80,80,80,80,80,80,80,80,81,82,86,88,88,95,95,98,104,104,111,112,112,112,112,112,112,112,112,112,114,114,120,120,120,120,120,120,120,120,120,120,120,120,120,122,124,126,126,134,166,196,196,196,196,203,203,203,203,649],"card_choices":[{"not_picked":[],"picked":"Bomb","floor":0.0},{"not_picked":["Body Slam","Clash"],"picked":"Heavy Blade","floor":1.0},{"not_picked":["Clash","Abandon","Bloodletting"],"picked":"SKIP","floor":2.0},{"not_picked":["Ghostly Armor","Armaments"],"picked":"Perfected Strike","floor":3.0},{"not_picked":["AT_ManFootWork","Iron Wave"],"picked":"Wild Strike","floor":5.0},{"not_picked":["Cleave","Fire Breathing"],"picked":"Wild Strike","floor":6.0},{"not_picked":["Clash","AT_DiedThrough"],"picked":"Bomb","floor":7.0},{"not_picked":["ReplayTheSpireMod:Muscle Training","Heavy Blade","Juggernaut"],"picked":"SKIP","floor":8.0},{"not_picked":["Cleave","ReplayTheSpireMod:Muscle Training"],"picked":"Reaper","floor":10},{"not_picked":["Hemokinesis","ReplayTheSpireMod:Strike From Hell","Flex"],"picked":"SKIP","floor":11},{"not_picked":["Shrug It Off","Carnage"],"picked":"Wild Strike","floor":12},{"not_picked":["Searing Blow","Abandon","Havoc"],"picked":"SKIP","floor":13},{"not_picked":["Heavy Blade","Anger"],"picked":"REME_FearOfPain","floor":14},{"not_picked":["Brutality","Corruption"],"picked":"REME_TheLastStrike","floor":16},{"not_picked":["Clash","Thunderclap","Flex"],"picked":"SKIP","floor":18},{"not_picked":["ReplayTheSpireMod:Stacked","Anger"],"picked":"ReplayTheSpireMod:Strike From Hell","floor":19},{"not_picked":["REME_SingleHolding","AT_IchimonjiDouble"],"picked":"Inflame","floor":21},{"not_picked":["Anger","AT_IchimonjiDouble"],"picked":"Dual Wield","floor":22},{"not_picked":["Wild Strike","Iron Wave"],"picked":"AT_ShrugMaster+1","floor":23},{"not_picked":["AT_BodySlamDance+1","Bloodletting"],"picked":"Twin Strike","floor":27},{"not_picked":["Body Slam","Twin Strike+1"],"picked":"Pommel Strike","floor":28},{"not_picked":["Flex","Iron Wave"],"picked":"Double Tap","floor":31},{"not_picked":["AT_Dispersion","Demonic Infusion"],"picked":"Offering","floor":33},{"not_picked":["True Grit+1","Heavy Blade+1"],"picked":"Armaments+1","floor":35},{"not_picked":["Replay:Many Hands","REME_Scribble","AT_IchimonjiDouble+1"],"picked":"SKIP","floor":38},{"not_picked":["Entrench","True Grit"],"picked":"ReplayTheSpireMod:Strike From Hell+1","floor":40},{"not_picked":["Brutality","Shrug It Off","Armaments"],"picked":"SKIP","floor":42},{"not_picked":["Massacre","Replay:Many Hands","Dropkick"],"picked":"SKIP","floor":45},{"not_picked":["Warcry+1","True Grit+1"],"picked":"Flame Barrier+1","floor":46},{"not_picked":["Power Through","Heavy Blade+1","Iron Wave"],"picked":"SKIP","floor":47},{"not_picked":["Sword Boomerang","Sentinel+1","Cleave+1"],"picked":"SKIP","floor":48},{"not_picked":["Pommel Strike+1","Abandon"],"picked":"REME_Cut+1","floor":51},{"not_picked":["Iron Wave","Replay:Undeath\u0027s Touch+1","Warcry+1"],"picked":"SKIP","floor":52},{"not_picked":["Pommel Strike+1","Havoc+1"],"picked":"AT_ShrugMaster+1","floor":56}],"player_experience":225538,"relics_obtained":[{"floor":1.0,"key":"AddBug"},{"floor":6.0,"key":"Thread and Needle"},{"floor":7.0,"key":"SecretRecord"},{"floor":8.0,"key":"REME_PuzzleBoxRelic"},{"floor":10,"key":"Replay:PocketPolymizer"},{"floor":13,"key":"SecretRecord"},{"floor":13,"key":"Du-Vu Doll"},{"floor":16,"key":"SecretRecord"},{"floor":23,"key":"AT_ImmortalShieldbow"},{"floor":26,"key":"MagicDraw1"},{"floor":27,"key":"SecretRecord"},{"floor":27,"key":"PillsDrop"},{"floor":29,"key":"Damocles"},{"floor":35,"key":"SecretRecord"},{"floor":37,"key":"Magic Flower"},{"floor":40,"key":"Lantern"},{"floor":42,"key":"SecretRecord"},{"floor":42,"key":"AnarchistCookbook"},{"floor":43,"key":"Bag of Preparation"},{"floor":45,"key":"reliquary:Aerogel"},{"floor":47,"key":"Self Forming Clay"},{"floor":48,"key":"SecretRecord"},{"floor":51,"key":"paleoftheancients:SoulOfTheShapes"},{"floor":52,"key":"paleoftheancients:SoulOfTheIroncluck"},{"floor":53,"key":"ReplayTheSpireMod:Ring of Exchange"},{"floor":53,"key":"Ring of Fury"},{"floor":56,"key":"paleoftheancients:SoulOfTheVixen"}],"event_choices":[{"damage_healed":0,"gold_gain":0,"player_choice":"Fight","damage_taken":0,"max_hp_gain":0,"max_hp_loss":0,"event_name":"MindBloom","floor":37,"gold_loss":0}],"is_beta":false,"boss_relics":[{"not_picked":["Tiny House","Velvet Choker"],"picked":"SacredBark"},{"not_picked":[]},{"not_picked":["Busted Crown","Astrolabe"],"picked":"Ooze Armor"},{"not_picked":[]}],"items_purged_floors":[4,36,39,54,54],"is_endless":false,"potions_floor_spawned":[1,2,7,12,14,21,27,28,31,35,40,42,45,48],"ascension_level":8}}