{"host":"lzpp66udqthct9jv","time":1612684240,"event":{"mods":["Act Like it!","BaseMod","Better-Laid Plans","Chen","Emptier Cage","Gensokyo","Highlight Path","Koishi","Marisa£®ÏF”Í°°ƒß¿Ì…≥£©","Minty Spire (QoL Compilation)","Pale of the Ancients","Quick Restart","Reimu£®≤©¿ˆ¡È√Œ£©","Remilia£®¿Ÿ√◊¿Ú—«£©","Shop Mod","StSLib","The Administrix","The Servant 0.9.4","Yakumo Yukari mod","Youmu£®ªÍ∆«—˝√Œ£©","Yuyuko","ÛÙª÷∏ƒœ"],"gold_per_floor":[109,109,122,140,165,165,203,216,271,211,284,305,305,319,319,319,319],"floor_reached":16,"language":"ZHS","playtime":560,"items_purged":[],"score":208,"play_id":"c66ec4e1-6575-4f67-ba4e-639d135cd0e4","local_time":"20210207155040","is_ascension_mode":true,"campfire_choices":[{"data":"Feed","floor":6.0,"key":"SMITH"},{"data":"Armaments","floor":13.0,"key":"SMITH"},{"floor":15.0,"key":"REST"}],"circlet_count":0,"master_deck":["AscendersBane","Strike_R","Strike_R","Strike_R","Strike_R","Strike_R","Defend_R","Defend_R","Defend_R","Defend_R","Bash","Feed+1","Sword Boomerang","Flex","Inflame","Feel No Pain","Armaments+1","Shrug It Off"],"relics":["Burning Blood","Golden Idol","InkBottle","PaintedHorse:ReiMu","Paper Frog"],"acts_visited":["Exordium"],"potions_floor_usage":[],"damage_taken":[{"damage":16.0,"enemies":"Small Slimes","floor":1.0,"turns":3.0},{"damage":3.0,"enemies":"2 Louse","floor":3.0,"turns":3.0},{"damage":1.0,"enemies":"Cultist","floor":4.0,"turns":3.0},{"damage":11.0,"enemies":"2 Fungi Beasts","floor":5.0,"turns":3.0},{"damage":27.0,"enemies":"Lagavulin","floor":7.0,"turns":7.0},{"damage":1.0,"enemies":"Looter","floor":8.0,"turns":4.0},{"damage":27.0,"enemies":"3 Sentries","floor":11.0,"turns":12.0},{"damage":13.0,"enemies":"Gremlin Gang","floor":12.0,"turns":7.0},{"damage":4.0,"enemies":"2 Fungi Beasts","floor":14.0,"turns":4.0},{"damage":50,"enemies":"The Guardian","floor":16,"turns":11}],"seed_played":"-3810956126322047485","potions_obtained":[{"floor":3.0,"key":"Ancient Potion"},{"floor":8.0,"key":"SpeedPotion"},{"floor":11.0,"key":"LiquidMemories"}],"is_trial":false,"path_per_floor":["M","?","M","M","M","R","E","M","T","?","?","M","R","M","R","B"],"character_chosen":"IRONCLAD","items_purchased":[],"campfire_rested":1,"item_purchase_floors":[],"current_hp_per_floor":[61,37,43,51,49,49,28,33,33,33,16,13,13,19,46,0,0],"gold":319,"neow_bonus":"THREE_RARE_CARDS","is_daily":false,"chose_seed":false,"campfire_upgraded":2,"win_rate":0.0,"timestamp":1612684240,"path_taken":["M","?","M","M","M","R","E","M","T","?","?","M","R","M","R","BOSS"],"items_purchased_type":[],"build_version":"2020-12-22","purchased_purges":0,"victory":false,"max_hp_per_floor":[71,71,74,77,80,80,80,80,80,80,84,88,88,92,92,92,92],"card_choices":[{"not_picked":["Double Tap","Offering"],"picked":"Feed","floor":0.0},{"not_picked":["Warcry","Anger"],"picked":"Sword Boomerang","floor":1.0},{"not_picked":["True Grit","Combust"],"picked":"Flex","floor":3.0},{"not_picked":["Pommel Strike","Fire Breathing"],"picked":"Inflame","floor":4.0},{"not_picked":["Wild Strike","Havoc"],"picked":"Feel No Pain","floor":5.0},{"not_picked":["Sword Boomerang","Havoc","Clothesline"],"picked":"SKIP","floor":7.0},{"not_picked":["Intimidate","Pommel Strike"],"picked":"Armaments","floor":8.0},{"not_picked":["Entrench","Iron Wave"],"picked":"Shrug It Off","floor":12.0},{"not_picked":["Sentinel","Intimidate","Searing Blow"],"picked":"SKIP","floor":14.0}],"player_experience":1853854,"relics_obtained":[{"floor":7.0,"key":"InkBottle"}],"event_choices":[{"damage_healed":0.0,"max_hp_gain":0.0,"max_hp_loss":0.0,"gold_gain":0.0,"event_name":"Golden Idol","player_choice":"Take Damage","floor":2.0,"gold_loss":0.0,"damage_taken":24.0,"relics_obtained":["Golden Idol"]},{"damage_healed":0.0,"max_hp_gain":0.0,"max_hp_loss":0.0,"gold_gain":0.0,"event_name":"yidonshenshe","player_choice":"»˚«Æ","floor":10.0,"gold_loss":60.0,"damage_taken":0.0,"relics_obtained":["PaintedHorse:ReiMu"]},{"damage_healed":0.0,"max_hp_gain":0.0,"max_hp_loss":0.0,"gold_gain":30.0,"event_name":"Dead Adventurer","player_choice":"Searched \u00273\u0027 times","floor":11.0,"gold_loss":0.0,"damage_taken":0.0,"relics_obtained":["Paper Frog"]}],"is_beta":false,"boss_relics":[],"items_purged_floors":[],"is_endless":false,"potions_floor_spawned":[3,8,11],"killed_by":"The Guardian","ascension_level":20}}