{"host":"7fomwthvpaeu368e","time":1612714168,"event":{"mods":["ATMod(∞¢Ë™Mod)","AchievementEnabler","Act Like it!","Arknights","Aspiration","Astrologer","BaseMod","Downfall","Gensokyo","Highlight Path","KinomotoSakuraMod(ƒæ÷Æ±æ”£)","KomeijiMod","Marisa£®ÏF”Í°°ƒß¿Ì…≥£©","Marked Mod","Minty Spire (QoL Compilation)","Remilia£®¿Ÿ√◊¿Ú—«£©","Shop Mod","Spicy Shops","StSLib","The Administrix","The Alterego","The Bug Knight","The Cursed","The Gatherer","The Hierophant","The Mystic","The Runesmith","The Servant 0.9.4","WarShipGirlsR/’ΩΩ¢…Ÿ≈ÆR mod","Youmu£®ªÍ∆«—˝√Œ£©","Yuri Mod","[IsaacMod]“‘»ˆº‚À˛"],"gold_per_floor":[99,119,119,137,48,48,48,63,76,86,105,117,117,150,160,255,255,255,255,255,355,365,415,415,105,117,11,11,21,21,21,38,38,38,38],"floor_reached":33,"language":"ZHS","playtime":1975,"items_purged":["downfall:Malfunctioning"],"score":299,"play_id":"77163f5b-95f3-4712-9bc0-f376d8d631a4","local_time":"20210208000928","is_ascension_mode":false,"campfire_choices":[{"data":"AT_ChampionKick","floor":1,"key":"SMITH"},{"data":"bronze:Virus","floor":13,"key":"SMITH"},{"data":"bronze:BuggyMess","floor":18,"key":"SMITH"},{"floor":28,"key":"RECALL"},{"floor":30,"key":"REST"}],"circlet_count":0,"master_deck":["bronze:Strike+1","bronze:Defend+1","bronze:Defend+1","bronze:Replicate","bronze:Goto","AT_ChampionKick+1","bronze:BuggyMess+1","bronze:NullPointer","bronze:DigitalCarnage","bronze:Virus+1","bronze:Safeguard","bronze:ForLoop","bronze:WhirlingStrike","bronze:Overheat","bronze:NullPointer","bronze:DigitalCarnage","bronze:SpaghettiCode","bronze:FindAndReplace+1","bronze:AlphaBuild+1","bronze:CloningBeam+1","bronze:WhirlingStrike","J.A.X.","bronze:ForceShield+1","bronze:Repair+1","bronze:Flail+1","bronze:Repulsor","bronze:Iterate","bronze:DelayedSlice+1"],"relics":["bronze:BronzeCore","AT_ATBox","HushsDoor","D6","AT_EbonyIvory","Prayer Wheel","Astrolabe","AT_ForceNature","MutagenicStrength","Ornamental Fan","HoshigumaDish","HollowMod:PaleOreRelic","Omamori","Meat on the Bone"],"acts_visited":["Exordium","TheCity"],"potions_floor_usage":[5,14,16,21,27,29,29,29,33,33],"damage_taken":[{"damage":4,"enemies":"2 Louse","floor":2,"turns":3},{"damage":10,"enemies":"Jaw Worm","floor":4,"turns":4},{"damage":6,"enemies":"downfall:FleeingMerchant","floor":5,"turns":4},{"damage":0,"enemies":"Small Slimes","floor":8,"turns":3},{"damage":6,"enemies":"2 Fungi Beasts","floor":9,"turns":2},{"damage":5,"enemies":"Exordium Thugs","floor":10,"turns":3},{"damage":5,"enemies":"Exordium Wildlife","floor":11,"turns":3},{"damage":0,"enemies":"2 Fungi Beasts","floor":12,"turns":2},{"damage":0,"enemies":"Lagavulin","floor":14,"turns":1},{"damage":0,"enemies":"Blue Slaver","floor":15,"turns":2},{"damage":39,"enemies":"WA_ARCHETYPE_RETAIN","floor":16,"turns":5},{"damage":56,"enemies":"downfall:Augmenter","floor":21,"turns":6},{"damage":2,"enemies":"Spheric Guardian","floor":22,"turns":3},{"damage":0,"enemies":"Hiden Room Battle","floor":23,"turns":2},{"damage":4,"enemies":"downfall:FleeingMerchant","floor":25,"turns":4},{"damage":11,"enemies":"Chosen","floor":26,"turns":3},{"damage":5,"enemies":"downfall:FleeingMerchant","floor":27,"turns":3},{"damage":3,"enemies":"Centurion and Healer","floor":29,"turns":6},{"damage":1,"enemies":"Snecko","floor":32,"turns":3},{"damage":76,"enemies":"SI_MIRROR_ARCHETYPE","floor":33,"turns":8}],"seed_played":"-2329757357603089646","potions_obtained":[{"floor":2,"key":"FearPotion"},{"floor":9,"key":"Explosive Potion"},{"floor":10,"key":"FairyPotion"},{"floor":11,"key":"ColorlessPotion"},{"floor":16,"key":"FearPotion"},{"floor":21,"key":"CultistPotion"},{"floor":23,"key":"champ:CounterPotion"},{"floor":29,"key":"Fruit Juice"},{"floor":32,"key":"bronze:FreeFunctionsPotion"}],"is_trial":false,"path_per_floor":["R","M","?","M","$","?","T","M","M","M","M","M","R","E","M","B",null,"R","?","T","?","M","?","T","$","M","$","R","M","R","$","M","B"],"character_chosen":"THE_AUTOMATON","items_purchased":["bronze:DigitalCarnage","HollowMod:PaleOreRelic","Omamori","Meat on the Bone","PowerPotion"],"campfire_rested":1,"item_purchase_floors":[5,25,25,27,27],"current_hp_per_floor":[77,73,73,63,57,57,57,57,51,46,41,41,41,41,41,2,77,77,77,77,21,19,19,19,15,14,9,9,25,49,49,48,0,0,0],"gold":38,"neow_bonus":"TEN_PERCENT_HP_BONUS","is_daily":false,"chose_seed":false,"campfire_upgraded":3,"win_rate":0.0,"timestamp":1612714168,"path_taken":["R","M","?","M","$","?","T","M","M","M","?","M","R","E","M","BOSS","R","?","?","?","?","?","T","$","M","$","R","M","R","$","M","BOSS"],"items_purchased_type":["Card","Relic","Relic","Relic","Potion"],"build_version":"2020-12-22","purchased_purges":1,"victory":false,"max_hp_per_floor":[77,77,77,77,77,77,77,77,77,77,77,77,77,77,77,77,77,77,77,77,77,77,77,77,77,77,77,77,82,82,82,82,82,82,82],"card_choices":[{"not_picked":["bronze:Branch","bronze:ForceShield"],"picked":"bronze:BuggyMess","floor":2},{"not_picked":["bronze:CloningBeam","bronze:Invalidate"],"picked":"Bomb","floor":4},{"not_picked":["bronze:MaxOutput","bronze:FollowUp"],"picked":"bronze:NullPointer","floor":5},{"not_picked":["bronze:WildBeam","bronze:Overload"],"picked":"bronze:Virus","floor":8},{"not_picked":["bronze:CutThrough","bronze:Allocate"],"picked":"bronze:Safeguard","floor":9},{"not_picked":["bronze:DelayedSlice","bronze:DelayedGuard"],"picked":"bronze:ForLoop","floor":10},{"not_picked":["bronze:DelayedGuard","bronze:Return"],"picked":"bronze:WhirlingStrike","floor":11},{"not_picked":["bronze:OilSpill","bronze:ChosenStrike"],"picked":"bronze:Overheat","floor":12},{"not_picked":["bronze:BitShift","bronze:Iterate"],"picked":"bronze:NullPointer","floor":14},{"not_picked":["bronze:Repair","bronze:Boost"],"picked":"bronze:DigitalCarnage","floor":15},{"not_picked":["bronze:Deprecate","bronze:BugBarrage","bronze:BitShift"],"picked":"SKIP","floor":15},{"not_picked":["bronze:HardenedForm","bronze:Assembly"],"picked":"bronze:SpaghettiCode","floor":16},{"not_picked":[],"picked":"J.A.X.","floor":21},{"not_picked":["bronze:CutThrough+1","bronze:Allocate"],"picked":"bronze:ForceShield+1","floor":21},{"not_picked":["bronze:ClassDefault","bronze:Deprecate"],"picked":"bronze:Repair+1","floor":22},{"not_picked":["bronze:Frontload","bronze:BronzeOrb+1"],"picked":"bronze:Flail+1","floor":22},{"not_picked":["bronze:DigitalCarnage+1","bronze:BugBarrage"],"picked":"bronze:Repulsor","floor":23},{"not_picked":["bronze:CloningBeam","bronze:ForLoop","bronze:Deprecate"],"picked":"SKIP","floor":25},{"not_picked":["bronze:ChildClass","bronze:Shield","bronze:CutThrough"],"picked":"SKIP","floor":26},{"not_picked":["bronze:ForLoop","bronze:DelayedGuard+1","bronze:Virus"],"picked":"SKIP","floor":26},{"not_picked":["bronze:Frontload","bronze:WildBeam"],"picked":"bronze:Iterate","floor":27},{"not_picked":["bronze:Overheat","bronze:Turbo"],"picked":"bronze:DelayedSlice+1","floor":29},{"not_picked":["bronze:Backtrace","bronze:CloningBeam","bronze:Frontload"],"picked":"SKIP","floor":29},{"not_picked":["bronze:Allocate","bronze:Shell","bronze:Philosophize"],"picked":"SKIP","floor":32},{"not_picked":["bronze:ThunderWave","bronze:WildBeam+1","bronze:Invalidate"],"picked":"SKIP","floor":32}],"player_experience":47653,"relics_obtained":[{"floor":7,"key":"AT_EbonyIvory"},{"floor":14,"key":"Prayer Wheel"},{"floor":20,"key":"AT_ForceNature"},{"floor":21,"key":"MutagenicStrength"},{"floor":23,"key":"Ornamental Fan"},{"floor":23,"key":"HoshigumaDish"}],"event_choices":[{"damage_healed":0,"gold_gain":0,"player_choice":"Fight","damage_taken":0,"max_hp_gain":0,"max_hp_loss":0,"event_name":"HidenRoomEvent","floor":23,"gold_loss":0}],"is_beta":false,"boss_relics":[{"not_picked":["Black Star","SlaversCollar"],"picked":"Astrolabe"},{"not_picked":[]}],"items_purged_floors":[27],"is_endless":false,"potions_floor_spawned":[2,9,10,11,16,21,23,29,32],"killed_by":"SI_MIRROR_ARCHETYPE","ascension_level":0}}