{"host":"t7mx8yfj1no5p62f","time":1612669963,"event":{"mods":["BaseMod","Colored Map","Colored Powertips","Curses Come First","Minty Spire (QoL Compilation)","Relic Stats","StSLib"],"gold_per_floor":[111,111,125,137,156,156,183,183,183,194,221,221,54,86,86,161,161,177,92,102,27,38,38,38,38],"floor_reached":24,"language":"ENG","playtime":733,"items_purged":["Strike_G"],"score":432,"play_id":"98357f54-0781-43f5-a53f-7f65169330ff","local_time":"20210206225243","is_ascension_mode":true,"campfire_choices":[{"data":"Deadly Poison","floor":6,"key":"SMITH"},{"data":"Dash","floor":8,"key":"SMITH"},{"data":"Noxious Fumes","floor":12,"key":"SMITH"},{"data":"Footwork","floor":15,"key":"SMITH"},{"floor":23,"key":"REST"}],"circlet_count":0,"master_deck":["AscendersBane","Strike_G","Strike_G","Strike_G","Strike_G","Defend_G","Defend_G","Defend_G","Defend_G","Defend_G","Survivor","Neutralize","Endless Agony","Poisoned Stab","Deadly Poison+1","Dash+1","Noxious Fumes+1","Corpse Explosion","Footwork+1","Burst","Backflip","Well Laid Plans+1","Bullet Time"],"relics":["Ring of the Snake","NeowsBlessing","Ice Cream","Molten Egg 2","Paper Crane","Philosopher\u0027s Stone","Regal Pillow"],"acts_visited":["Exordium","TheCity"],"potions_floor_usage":[7,11,14,24,24],"damage_taken":[{"damage":0,"enemies":"2 Louse","floor":1,"turns":1},{"damage":0,"enemies":"Cultist","floor":3,"turns":1},{"damage":0,"enemies":"Small Slimes","floor":4,"turns":1},{"damage":1,"enemies":"Looter","floor":5,"turns":4},{"damage":12,"enemies":"3 Sentries","floor":7,"turns":9},{"damage":0,"enemies":"Gremlin Gang","floor":10,"turns":6},{"damage":7,"enemies":"Lagavulin","floor":11,"turns":6},{"damage":25,"enemies":"Gremlin Nob","floor":14,"turns":4},{"damage":10,"enemies":"Hexaghost","floor":16,"turns":8},{"damage":8,"enemies":"Shell Parasite","floor":18,"turns":6},{"damage":20,"enemies":"2 Thieves","floor":20,"turns":5},{"damage":13,"enemies":"3 Cultists","floor":22,"turns":3},{"damage":44,"enemies":"Book of Stabbing","floor":24,"turns":5}],"seed_played":"3589674458001148922","potions_obtained":[{"floor":2,"key":"Dexterity Potion"},{"floor":2,"key":"DuplicationPotion"},{"floor":3,"key":"Fire Potion"},{"floor":7,"key":"LiquidMemories"},{"floor":11,"key":"Block Potion"},{"floor":16,"key":"GhostInAJar"}],"is_trial":false,"path_per_floor":["M","?","M","M","M","R","E","R","T","M","E","R","$","E","R","B",null,"M","?","M","$","M","R","E"],"character_chosen":"THE_SILENT","items_purchased":["Corpse Explosion"],"campfire_rested":1,"item_purchase_floors":[13],"current_hp_per_floor":[59,59,59,59,58,58,46,46,46,46,39,39,39,14,14,4,51,43,43,23,23,10,44,0,0],"gold":38,"neow_bonus":"THREE_ENEMY_KILL","is_daily":false,"chose_seed":false,"campfire_upgraded":4,"win_rate":0.0,"timestamp":1612669963,"path_taken":["M","?","M","M","M","R","E","R","T","?","E","R","$","E","R","BOSS","M","?","M","$","M","R","E"],"items_purchased_type":["Card"],"build_version":"2020-12-22","purchased_purges":1,"victory":false,"max_hp_per_floor":[66,66,66,66,66,66,66,66,66,66,66,66,66,66,66,66,66,66,66,66,66,66,66,66,66],"relic_stats":{"Regal Pillow":15,"counters":[13,59],"obtain_stats":[{"Ice Cream":7,"Regal Pillow":19,"NeowsBlessing":0,"Molten Egg 2":11,"Philosopher\u0027s Stone":17,"Paper Crane":14,"Ring of the Snake":0},{"Ice Cream":5,"Regal Pillow":10,"NeowsBlessing":0,"Molten Egg 2":7,"Philosopher\u0027s Stone":9,"Paper Crane":8,"Ring of the Snake":0},{"Ice Cream":16,"Regal Pillow":46,"NeowsBlessing":0,"Molten Egg 2":28,"Philosopher\u0027s Stone":40,"Paper Crane":32,"Ring of the Snake":0}],"Ring of the Snake":[28]},"card_choices":[{"not_picked":["Bane","Accuracy"],"picked":"Endless Agony","floor":1},{"not_picked":["Caltrops","Slice"],"picked":"Poisoned Stab","floor":3},{"not_picked":["Predator","Tactician"],"picked":"Deadly Poison","floor":4},{"not_picked":["Setup","Dodge and Roll"],"picked":"Dash","floor":5},{"not_picked":["Eviscerate","Sucker Punch","Setup"],"picked":"SKIP","floor":7},{"not_picked":["Prepared","Sucker Punch","Bane"],"picked":"SKIP","floor":10},{"not_picked":["Calculated Gamble","Quick Slash+1"],"picked":"Noxious Fumes","floor":11},{"not_picked":["Dagger Spray+1","Quick Slash+1"],"picked":"Footwork","floor":14},{"not_picked":["Night Terror","Corpse Explosion"],"picked":"Burst","floor":16},{"not_picked":["Dagger Throw+1","Concentrate+1"],"picked":"Backflip","floor":18},{"not_picked":["Expertise","Cloak And Dagger"],"picked":"Well Laid Plans+1","floor":20},{"not_picked":["Dagger Throw+1","Outmaneuver"],"picked":"Bullet Time","floor":22}],"player_experience":1950997,"relics_obtained":[{"floor":7,"key":"Ice Cream"},{"floor":11,"key":"Molten Egg 2"},{"floor":14,"key":"Paper Crane"}],"event_choices":[{"damage_healed":0,"gold_gain":0,"player_choice":"Got Potions","damage_taken":0,"max_hp_gain":0,"max_hp_loss":0,"event_name":"Lab","floor":2,"gold_loss":0},{"damage_healed":0,"gold_gain":0,"player_choice":"Obtained Relic","damage_taken":0,"relics_obtained":["Regal Pillow"],"max_hp_gain":0,"max_hp_loss":0,"event_name":"Addict","floor":19,"gold_loss":85}],"is_beta":false,"boss_relics":[{"not_picked":["Ring of the Serpent","Ectoplasm"],"picked":"Philosopher\u0027s Stone"}],"items_purged_floors":[21],"is_endless":false,"potions_floor_spawned":[3,7,10,11,16,18,20],"killed_by":"Book of Stabbing","ascension_level":20}}