{"host":"ftf7rwqr5w72pdsx","time":1612669749,"event":{"mods":["BaseMod","Bestiary","Minty Spire (QoL Compilation)","Relic Stats","Slay the Relics Exporter"],"gold_per_floor":[113,175,185,185,202,202,227,242,266,266,294,306,316,350,350,350,350],"floor_reached":16,"language":"ENG","playtime":617,"items_purged":[],"score":174,"play_id":"dca0c57e-582e-4453-8dde-ba58eabdb196","local_time":"20210206214909","is_ascension_mode":true,"campfire_choices":[{"data":"Doom and Gloom","floor":6,"key":"SMITH"},{"floor":10,"key":"REST"},{"floor":15,"key":"REST"}],"circlet_count":0,"master_deck":["AscendersBane","Strike_B","Strike_B","Strike_B","Defend_B","Defend_B","Defend_B","Defend_B","Zap","Dualcast","Streamline","Gash","Self Repair","Doom and Gloom+1","Gash","Biased Cognition","Gash","Reinforced Body","Scrape","Conserve Battery","Aggregate","Go for the Eyes"],"relics":["Black Star","Happy Flower","Blood Vial","Dream Catcher","Odd Mushroom","StrikeDummy","The Courier"],"acts_visited":["Exordium"],"potions_floor_usage":[7,14],"damage_taken":[{"damage":8,"enemies":"Jaw Worm","floor":1,"turns":4},{"damage":1,"enemies":"Cultist","floor":3,"turns":4},{"damage":10,"enemies":"Small Slimes","floor":5,"turns":4},{"damage":27,"enemies":"Lagavulin","floor":7,"turns":5},{"damage":14,"enemies":"Exordium Wildlife","floor":8,"turns":3},{"damage":33,"enemies":"The Mushroom Lair","floor":11,"turns":5},{"damage":6,"enemies":"Exordium Thugs","floor":12,"turns":3},{"damage":0,"enemies":"2 Fungi Beasts","floor":13,"turns":3},{"damage":24,"enemies":"Gremlin Nob","floor":14,"turns":5},{"damage":39,"enemies":"Hexaghost","floor":16,"turns":7}],"seed_played":"-4615644842969066708","potions_obtained":[{"floor":5,"key":"EssenceOfSteel"},{"floor":11,"key":"LiquidBronze"},{"floor":13,"key":"PowerPotion"},{"floor":14,"key":"BlessingOfTheForge"}],"is_trial":false,"path_per_floor":["M","?","M","?","M","R","E","M","T","R","?","M","M","E","R","B"],"character_chosen":"DEFECT","items_purchased":[],"campfire_rested":2,"item_purchase_floors":[],"current_hp_per_floor":[60,60,59,59,56,56,36,24,24,46,22,25,27,12,34,0,0],"gold":350,"neow_bonus":"BOSS_RELIC","is_daily":false,"chose_seed":false,"campfire_upgraded":1,"win_rate":0.0,"timestamp":1612669749,"path_taken":["M","?","M","?","M","R","E","?","T","R","?","M","M","E","R","BOSS"],"items_purchased_type":[],"build_version":"2020-12-22","purchased_purges":0,"victory":false,"max_hp_per_floor":[75,75,75,75,75,75,75,75,75,75,75,75,75,75,75,75,75],"relic_stats":{"Blood Vial":12,"Dream Catcher":2,"Happy Flower":[8],"counters":[10,43],"Black Star":2,"obtain_stats":[{"Blood Vial":7,"Dream Catcher":9,"Happy Flower":7,"The Courier":14,"Black Star":0,"Odd Mushroom":11,"Cracked Core":0,"StrikeDummy":14},{"Blood Vial":4,"Dream Catcher":5,"Happy Flower":4,"The Courier":9,"Black Star":0,"Odd Mushroom":6,"Cracked Core":0,"StrikeDummy":9},{"Blood Vial":17,"Dream Catcher":20,"Happy Flower":17,"The Courier":36,"Black Star":0,"Odd Mushroom":25,"Cracked Core":0,"StrikeDummy":36}]},"card_choices":[{"not_picked":["Leap","Fusion"],"picked":"Streamline","floor":1},{"not_picked":["Compile Driver","Conserve Battery"],"picked":"Gash","floor":3},{"not_picked":["Go for the Eyes","Beam Cell"],"picked":"Doom and Gloom","floor":5},{"not_picked":["Ball Lightning","Sweeping Beam"],"picked":"Gash","floor":7},{"not_picked":["Stack","Melter"],"picked":"Biased Cognition","floor":8},{"not_picked":["Conserve Battery","Rip and Tear"],"picked":"Gash","floor":10},{"not_picked":["Hologram","Barrage"],"picked":"Reinforced Body","floor":11},{"not_picked":["Steam","Coolheaded"],"picked":"Scrape","floor":12},{"not_picked":["Sweeping Beam","Double Energy"],"picked":"Conserve Battery","floor":13},{"not_picked":["Coolheaded","Multi-Cast"],"picked":"Aggregate","floor":14},{"not_picked":["Rip and Tear","Compile Driver"],"picked":"Go for the Eyes","floor":15}],"player_experience":808127,"relics_obtained":[{"floor":7,"key":"Happy Flower"},{"floor":7,"key":"Blood Vial"},{"floor":9,"key":"Dream Catcher"},{"floor":11,"key":"Odd Mushroom"},{"floor":14,"key":"StrikeDummy"},{"floor":14,"key":"The Courier"}],"event_choices":[{"damage_healed":0,"gold_gain":62,"player_choice":"Gained Gold","damage_taken":0,"max_hp_gain":0,"max_hp_loss":0,"event_name":"Golden Wing","floor":2,"gold_loss":0},{"damage_healed":0,"gold_gain":0,"cards_transformed":["Strike_B"],"player_choice":"Transformed","damage_taken":0,"max_hp_gain":0,"max_hp_loss":0,"event_name":"Transmorgrifier","floor":4,"gold_loss":0,"cards_obtained":["Self Repair"]},{"damage_healed":0,"gold_gain":0,"player_choice":"Fought Mushrooms","damage_taken":0,"max_hp_gain":0,"max_hp_loss":0,"event_name":"Mushrooms","floor":11,"gold_loss":0}],"is_beta":false,"boss_relics":[],"items_purged_floors":[],"is_endless":false,"potions_floor_spawned":[5,11,13,14],"killed_by":"Hexaghost","ascension_level":11}}