{"host":"2yqfi47fogfu1ic4","time":1612699412,"event":{"mods":["AchievementEnabler","BaseMod","Colored Map","Colored Powertips","Highlight Path","Minty Spire (QoL Compilation)","Permanent Neow","Relic Stats","StSLib"],"gold_per_floor":[117,134,409,425,441,473,483,161,232,232,232,244,244,273,273,273,273],"floor_reached":16,"language":"DEU","playtime":1044,"items_purged":["Regret"],"score":324,"play_id":"19edfb0f-9532-4736-afc9-5c6f56f7fa2d","local_time":"20210207130332","is_ascension_mode":true,"campfire_choices":[{"data":"Glass Knife","floor":10,"key":"SMITH"},{"data":"Cloak And Dagger","floor":13,"key":"SMITH"},{"data":"Cloak And Dagger","floor":15,"key":"SMITH"}],"circlet_count":0,"master_deck":["AscendersBane","Strike_G","Strike_G","Strike_G","Strike_G","Strike_G","Defend_G","Defend_G","Defend_G","Defend_G","Defend_G","Survivor","Neutralize","Poisoned Stab","Dagger Throw","Dagger Throw","Dagger Spray","Glass Knife+1","Slice","Footwork","Cloak And Dagger+1","Finisher","Masterful Stab","Cloak And Dagger+1"],"relics":["WristBlade","Toy Ornithopter","Eternal Feather","SsserpentHead","Ginger"],"acts_visited":["Exordium"],"potions_floor_usage":[6,7],"damage_taken":[{"damage":0.0,"enemies":"Jaw Worm","floor":1.0,"turns":4.0},{"damage":0,"enemies":"Cultist","floor":2,"turns":3},{"damage":0,"enemies":"2 Louse","floor":4,"turns":3},{"damage":9,"enemies":"Red Slaver","floor":5,"turns":4},{"damage":43,"enemies":"Gremlin Nob","floor":6,"turns":5},{"damage":10,"enemies":"Gremlin Gang","floor":7,"turns":4},{"damage":0,"enemies":"3 Louse","floor":12,"turns":2},{"damage":11,"enemies":"Lagavulin","floor":14,"turns":5}],"seed_played":"-171335850445669859","potions_obtained":[{"floor":1.0,"key":"SpeedPotion"},{"floor":2,"key":"Weak Potion"},{"floor":5,"key":"Dexterity Potion"}],"is_trial":false,"path_per_floor":["M","M","?","M","M","E","M","$","T","R","?","M","R","E","R","B"],"character_chosen":"THE_SILENT","items_purchased":["Footwork","Cloak And Dagger","Finisher","Masterful Stab"],"campfire_rested":0,"item_purchase_floors":[8,8,8,8],"current_hp_per_floor":[59,59,59,59,50,7,2,2,2,14,14,14,26,15,27,0,0],"gold":273,"neow_bonus":"BOSS_RELIC","is_daily":false,"chose_seed":false,"campfire_upgraded":3,"win_rate":0.0,"timestamp":1612699412,"path_taken":["M","M","?","M","?","E","M","$","T","R","?","M","R","E","R","BOSS"],"items_purchased_type":["Card","Card","Card","Card"],"build_version":"2020-12-22","purchased_purges":1,"victory":false,"max_hp_per_floor":[66,66,66,66,66,66,66,66,66,66,66,66,66,66,66,66,66],"relic_stats":{"SsserpentHead":0,"counters":[9,43],"Eternal Feather":36,"Ginger":[0],"obtain_stats":[{"SsserpentHead":11,"WristBlade":0,"Eternal Feather":9,"Ginger":14,"Toy Ornithopter":6,"Ring of the Snake":0},{"SsserpentHead":6,"WristBlade":0,"Eternal Feather":6,"Ginger":8,"Toy Ornithopter":5,"Ring of the Snake":0},{"SsserpentHead":23,"WristBlade":0,"Eternal Feather":23,"Ginger":30,"Toy Ornithopter":19,"Ring of the Snake":0}],"Toy Ornithopter":5},"card_choices":[{"not_picked":["Footwork","Skewer"],"picked":"Poisoned Stab","floor":1.0},{"not_picked":["Expertise","Concentrate"],"picked":"Dagger Throw","floor":2},{"not_picked":["Poisoned Stab","Deadly Poison"],"picked":"Dagger Throw","floor":4},{"not_picked":["Dodge and Roll","Setup"],"picked":"Dagger Spray","floor":5},{"not_picked":["Finisher","Accuracy"],"picked":"Glass Knife","floor":6},{"not_picked":["Outmaneuver","Expertise"],"picked":"Slice","floor":7},{"not_picked":["Flying Knee","Well Laid Plans","Flechettes"],"picked":"SKIP","floor":12},{"not_picked":["Flying Knee","Outmaneuver"],"picked":"Cloak And Dagger","floor":14}],"player_experience":1712651,"relics_obtained":[{"floor":6,"key":"Toy Ornithopter"},{"floor":9,"key":"Eternal Feather"},{"floor":14,"key":"Ginger"}],"event_choices":[{"damage_healed":0,"gold_gain":275,"player_choice":"Desecrate","damage_taken":0,"max_hp_gain":0,"max_hp_loss":0,"event_name":"Golden Shrine","floor":3,"gold_loss":0,"cards_obtained":["Regret"]},{"damage_healed":0,"gold_gain":0,"player_choice":"Trade","damage_taken":0,"relics_obtained":["SsserpentHead"],"max_hp_gain":0,"max_hp_loss":0,"event_name":"FaceTrader","floor":11,"gold_loss":0}],"is_beta":false,"boss_relics":[],"items_purged_floors":[8],"is_endless":false,"potions_floor_spawned":[1,2,5],"killed_by":"The Guardian","ascension_level":20}}