{"host":"r3eb5kff0hcmimdq","time":1612696464,"event":{"mods":["ATMod(阿瑾Mod)","AchievementEnabler","Act Like it!","Aspiration","BaseMod","Challenge The Spire","Colored Powertips","Conspire","Dota2Spire","Elementarium","Highlight Path","Luminous","Minty Spire (QoL Compilation)","MostiFishMod","Quick Restart","Rare Cards Sparkle","Reimu（博丽灵梦）","Relic Filter","Relic Filter Mod","Replay The Spire","RumiaBox-露米娅的神秘盒子","Shop Mod","Spicy Shops","StSLib","TestMod","The Jungle","The Senshi","【遗物卡牌】REMEMod","篝火指南"],"gold_per_floor":[116,128,128,140,140,171,171,203,253,267,297,65,65,78,78,177,177,191,207,38,38,38,73,30,59,108,75,87,102,118,132,45,145,145,160,130,145,170,170,196,214,5,5,20,38,51,51,77,77,77],"floor_reached":51,"language":"ZHS","playtime":1707,"items_purged":["Strike_R","Perfected Strike","Bash","ReplayTheSpireMod:GoodbyeWorld","Fiend Fire","Self Repair+1","Battle Trance","REME_Fury","AT_EmpoweredMortalDraw","Twin Strike","testmod-Recap+1"],"score":1396,"play_id":"77c68570-5212-4c3b-93f8-9bfe90c936d8","local_time":"20210207191424","is_ascension_mode":true,"campfire_choices":[{"data":"MostiFishMod:RacingGame","floor":7,"key":"SMITH"},{"data":"MostiFishMod:CullingBlade","floor":13,"key":"SMITH"},{"data":"testmod-Recap","floor":15,"key":"SMITH"},{"data":"MostiFishMod:Chiaki","floor":49,"key":"SMITH"}],"circlet_count":0,"master_deck":["MostiFishMod:RacingGame+1","MostiFishMod:CullingBlade+1","MostiFishMod:Chiaki+1","Flex+1","ReplayTheSpireMod:Omega Cannon+1"],"relics":["REME_ComplimentaryCards","AT_ATBox","testmod-TestBox","BirthdayGift-Tetrahedron","testmod-MagicalMallet","SynthV:TestCard","Iron Core","AT_RedTearstoneRing","MerchantsRug","aspiration:HummingbirdHeart","Coffee Dripper","REME_OnlineShoppingPlatform","TentaclePot:ReiMu","aspiration:FrozenJewel","Bottled Lightning","Bottled Flame","AT_DeathDance","Civilization","Blue Doll","MagicDraw2","aspiration:Lifesprig","DianDianMeat","SynthV","SSSystem","Oddly Smooth Stone","Boot","Dota2Spire:LotusOrb","AT_BellDemon","Sling","Shuriken","testmod-Charity","Dota2Spire:PowerTreads","Dota2Spire:MaskOfMadness","conspire:Dentures","Golden Egg","Ornamental Fan","RhineSuit","CombinedTypeHook","Replay:Bottled Flurry","testmod-Muramasa","testmod-ArcanaOfDestiny","ReplayTheSpireMod:Shallot","DaveBox","JellyFishMachine","Sundial","Dota2Spire:PhaseBoots","Dota2Spire:MonkeyKingBar","REME_HourglassOfDeath","Gremlin Horn","ChiLing","Chi","Ling","Omamori","AT_SpeedBoots","Paper Frog","Dota2Spire:OrchidMalevolence"],"acts_visited":["Exordium","TheCity","TheBeyond"],"potions_floor_usage":[12],"damage_taken":[{"damage":3.0,"enemies":"conspire:RoseBush","floor":1.0,"turns":1.0},{"damage":0.0,"enemies":"Jaw Worm","floor":2.0,"turns":1.0},{"damage":0.0,"enemies":"Small Slimes","floor":4.0,"turns":1.0},{"damage":2.0,"enemies":"Lagavulin","floor":6.0,"turns":2.0},{"damage":2,"enemies":"Gremlin Nob","floor":8,"turns":2},{"damage":20,"enemies":"3 Louse","floor":10,"turns":2},{"damage":10,"enemies":"Replay:BlueRogue","floor":11,"turns":2},{"damage":7,"enemies":"Blue Slaver","floor":14,"turns":2},{"damage":4,"enemies":"The Guardian","floor":16,"turns":2},{"damage":2,"enemies":"Shell Parasite","floor":18,"turns":2},{"damage":0,"enemies":"Spheric Guardian","floor":19,"turns":1},{"damage":4,"enemies":"conspire:SneckoGhost","floor":25,"turns":2},{"damage":2,"enemies":"Snecko","floor":28,"turns":2},{"damage":0,"enemies":"Centurion and Healer","floor":30,"turns":1},{"damage":0,"enemies":"3 Cultists","floor":31,"turns":1},{"damage":0,"enemies":"Collector","floor":33,"turns":1},{"damage":0,"enemies":"Orb Walker","floor":35,"turns":1},{"damage":0,"enemies":"3 Darklings","floor":37,"turns":1},{"damage":0,"enemies":"conspire:MimicChest","floor":38,"turns":1},{"damage":0,"enemies":"R_Hoarder","floor":40,"turns":1},{"damage":0,"enemies":"Sphere and 2 Shapes","floor":41,"turns":1},{"damage":0,"enemies":"Spire Growth","floor":44,"turns":1},{"damage":2,"enemies":"3 Darklings","floor":46,"turns":1},{"damage":3,"enemies":"Giant Head","floor":48,"turns":1},{"damage":3,"enemies":"Time Eater","floor":50,"turns":1}],"seed_played":"2744764819655280672","potions_obtained":[{"floor":1.0,"key":"EntropicBrew"},{"floor":2.0,"key":"Energy Potion"},{"floor":8,"key":"Energy Potion"},{"floor":14,"key":"Flashbang"},{"floor":16,"key":"testmod-SpacePotion"}],"is_trial":false,"path_per_floor":["M","M","?","M","?","E","R","E","T","M","E","$","R","M","R","B",null,"M","M","$","?","?","R","$","E","T","R","M","R","M","M","R","B",null,"M","$","M","?","?","E","M","R","T","M","R","M","?","E","R","B",null],"character_chosen":"IRONCLAD","items_purchased":["MerchantsRug","aspiration:HummingbirdHeart","REME_OnlineShoppingPlatform","Fruit Juice","TentaclePot:ReiMu","aspiration:FrozenJewel","Bottled Lightning","Bottled Flame","AT_DeathDance","Civilization","Blue Doll","MagicDraw2","aspiration:Lifesprig","DianDianMeat","SynthV","SSSystem","Oddly Smooth Stone","AT_BellDemon","Sling","Shuriken","testmod-Charity","Dota2Spire:PowerTreads","Potion Belt","conspire:Dentures","Golden Egg","Replay:Bottled Flurry","Gremlin Horn","ChiLing"],"campfire_rested":0,"item_purchase_floors":[12,12,20,20,20,20,20,20,23,23,23,23,23,24,24,24,24,27,27,27,29,29,29,32,32,36,45,45],"current_hp_per_floor":[59,65,65,65,65,63,63,61,61,41,51,51,51,54,54,50,80,78,78,78,78,78,78,78,81,81,81,81,106,111,117,159,166,168,174,200,206,212,212,218,224,229,229,235,250,254,254,257,257,259],"gold":77,"neow_bonus":"TRANSFORM_TWO_CARDS","is_daily":false,"chose_seed":false,"campfire_upgraded":4,"win_rate":0.0,"timestamp":1612696464,"path_taken":["M","M","?","M","?","E","R","E","T","M","E","$","R","M","R","BOSS","M","M","$","?","?","R","$","E","T","R","M","R","M","M","R","BOSS","M","$","M","?","?","E","M","R","T","M","R","M","?","E","R","BOSS"],"items_purchased_type":["Relic","Relic","Relic","Potion","Relic","Relic","Relic","Relic","Relic","Relic","Relic","Relic","Relic","Relic","Relic","Relic","Relic","Relic","Relic","Relic","Relic","Relic","Relic","Relic","Relic","Relic","Relic","Relic"],"build_version":"2020-12-22","purchased_purges":11,"victory":true,"max_hp_per_floor":[80,80,80,80,80,80,80,80,80,80,80,80,80,80,80,80,80,80,80,80,80,80,80,80,81,81,81,83,108,113,119,161,168,168,174,200,206,212,212,218,224,229,229,235,250,256,256,262,262,267],"card_choices":[{"not_picked":["Flex","Twin Strike","Clothesline"],"picked":"SKIP","floor":1.0},{"not_picked":["ReplayTheSpireMod:LeadingStrike","Twin Strike","AT_IchimonjiDouble","Cleave","Shockwave"],"picked":"SKIP","floor":2.0},{"not_picked":["Hologram","Recycle","Burning Pact","Perfected Strike"],"picked":"MostiFishMod:CullingBlade","floor":4.0},{"not_picked":["Twin Strike","AT_CaressingTears","True Grit","Havoc","Pommel Strike"],"picked":"SKIP","floor":6.0},{"not_picked":["Cold Snap","ReplayTheSpireMod:System Scan","Pommel Strike","Recycle","Hologram"],"picked":"SKIP","floor":8},{"not_picked":["Hologram","Replay:Undeath\u0027s Touch","Dropkick","ReplayTheSpireMod:Muscle Training","Wild Strike"],"picked":"SKIP","floor":10},{"not_picked":["Gash","Reaper","conspire:Charge","Shrug It Off","AT_DrawKnifeCut"],"picked":"SKIP","floor":11},{"not_picked":["Force Field","Anger","AT_DrawKnifeCut","WeaponsOverheat","Heavy Blade"],"picked":"SKIP","floor":14},{"not_picked":["MostiFishMod:FireWorks","REME_Fury","Bludgeon","MostiFishMod:CullingBlade"],"picked":"MostiFishMod:Chiaki","floor":16},{"not_picked":["REME_FearOfPain","Dual Wield+1","Massacre+1","Clash"],"picked":"Flex+1","floor":18},{"not_picked":["Disarm","MostiFishMod:#F4004","Replay:Undeath\u0027s Touch","Warcry","Perfected Strike+1"],"picked":"SKIP","floor":19},{"not_picked":["AT_DrawKnifeCut","Intimidate","Abandon+1","Metallicize","conspire:Charge"],"picked":"SKIP","floor":25},{"not_picked":["Cold Snap","REME_Scribble","Anger","Body Slam+1","WeaponsOverheat"],"picked":"SKIP","floor":28},{"not_picked":["Cold Snap","Genetic Algorithm+1","Headbutt","Wild Strike","Run Through"],"picked":"SKIP","floor":30},{"not_picked":["Cold Snap","Genetic Algorithm+1","Headbutt","Wild Strike","Run Through"],"picked":"SKIP","floor":30},{"not_picked":["ReplayTheSpireMod:Strike From Hell","Cold Snap","ReplayTheSpireMod:Repulse","Demonic Infusion","Perfected Strike+1"],"picked":"SKIP","floor":31},{"not_picked":["ReplayTheSpireMod:Strike From Hell","Cold Snap","ReplayTheSpireMod:Repulse","Demonic Infusion","Perfected Strike+1"],"picked":"SKIP","floor":31},{"not_picked":["Impervious","MostiFishMod:FireWorks","MostiFishMod:DoubleSword","Demon Form"],"picked":"ReplayTheSpireMod:Omega Cannon","floor":33},{"not_picked":["Armaments+1","Run Through+1","Heavy Blade+1","Ghostly Armor","Havoc"],"picked":"SKIP","floor":35},{"not_picked":["Headbutt+1","AT_IchimonjiDouble","Berserk","Replay:Undeath\u0027s Touch+1","True Grit"],"picked":"SKIP","floor":37},{"not_picked":["Replay:Undeath\u0027s Touch","Pommel Strike","Metallicize+1","Sword Boomerang","Iron Wave"],"picked":"SKIP","floor":40},{"not_picked":["MostiFishMod:#F4004","AT_DiedThrough","Twin Strike","Dropkick+1","Inflame+1"],"picked":"SKIP","floor":41},{"not_picked":["Anger","Pommel Strike+1","Blood for Blood+1","Eclipse","Run Through"],"picked":"SKIP","floor":44},{"not_picked":["AT_IchimonjiDouble","ReplayTheSpireMod:Muscle Training+1","Armaments+1","Intimidate","Replay:Undeath\u0027s Touch"],"picked":"SKIP","floor":46},{"not_picked":["Whirlwind+1","Flex+1","ReplayTheSpireMod:LeadingStrike+1","Fiend Fire","Rampage+1"],"picked":"SKIP","floor":48}],"player_experience":163077,"relics_obtained":[{"floor":1.0,"key":"SynthV:TestCard"},{"floor":6.0,"key":"Replay:Baseball"},{"floor":8,"key":"Darkstone Periapt"},{"floor":9,"key":"AT_RedTearstoneRing"},{"floor":11,"key":"Art of War"},{"floor":25,"key":"Boot"},{"floor":26,"key":"Dota2Spire:LotusOrb"},{"floor":28,"key":"Tea:ReiMu"},{"floor":30,"key":"Dota2Spire:MaskOfMadness"},{"floor":31,"key":"Replay:PocketPolymizer"},{"floor":33,"key":"Ornamental Fan"},{"floor":35,"key":"CombinedTypeHook"},{"floor":37,"key":"testmod-Muramasa"},{"floor":38,"key":"testmod-ArcanaOfDestiny"},{"floor":38,"key":"ReplayTheSpireMod:Shallot"},{"floor":40,"key":"Sundial"},{"floor":40,"key":"Dota2Spire:PhaseBoots"},{"floor":41,"key":"Replay:Mystery Machine"},{"floor":43,"key":"Dota2Spire:MonkeyKingBar"},{"floor":44,"key":"REME_HourglassOfDeath"},{"floor":46,"key":"Omamori"},{"floor":48,"key":"Paper Frog"},{"floor":48,"key":"Dota2Spire:OrchidMalevolence"}],"event_choices":[{"cards_removed":["Defend_R"],"damage_healed":0.0,"max_hp_gain":0.0,"max_hp_loss":0.0,"gold_gain":0.0,"event_name":"Bonfire Elementals","player_choice":"Offered Basic","floor":5.0,"gold_loss":0.0,"damage_taken":0.0},{"damage_healed":0,"gold_gain":0,"player_choice":"Leave","damage_taken":0,"max_hp_gain":0,"max_hp_loss":0,"event_name":"conspire:Investor","floor":22,"gold_loss":0},{"damage_healed":0,"gold_gain":0,"player_choice":"Swap Relic","damage_taken":0,"relics_obtained":["DaveBox"],"max_hp_gain":0,"max_hp_loss":0,"event_name":"给自己的盒子","floor":39,"relics_lost":["DaveBox"],"gold_loss":0},{"damage_healed":0,"gold_gain":0,"player_choice":"Gave Potion","damage_taken":0,"relics_obtained":["AT_SpeedBoots"],"max_hp_gain":0,"max_hp_loss":0,"event_name":"WeMeetAgain","floor":47,"gold_loss":0}],"is_beta":false,"boss_relics":[{"not_picked":["testmod-Prudence","NightmareShop"],"picked":"Replay:Grab Bag"},{"not_picked":["ChewingGum","SlaversCollar"],"picked":"Sozu"},{"not_picked":["Busted Crown","Runic Dome"],"picked":"Coffee Dripper"},{"not_picked":["testmod-BatchProcessingSystem","Runic Pyramid"],"picked":"Pandora\u0027s Box"},{"not_picked":["Painkiller Herb","Ring of Chaos"],"picked":"RhineSuit"}],"items_purged_floors":[12,20,23,24,24,27,29,32,32,36,42],"is_endless":false,"potions_floor_spawned":[1,2,8,14,16,18,28,30,31,41,44,48],"ascension_level":1}}