{"host":"xw709scqdmsx7obr","time":1612741683,"event":{"mods":["BaseMod","Colored Map","Downfall","Minty Spire (QoL Compilation)","Replay The Spire","StSLib"],"gold_per_floor":[99,111,131,63,80,80,149,160,172,5,5,5,15,28,47,47,47,47],"floor_reached":16,"language":"ENG","playtime":1141,"items_purged":["Slimebound:Split"],"score":96,"play_id":"7a0f6c1d-1b78-4a50-8d32-eab14e05ab74","local_time":"20210207184803","is_ascension_mode":false,"campfire_choices":[{"data":"Slimebound:CorrosiveSpit","floor":1,"key":"SMITH"},{"data":"Slimebound:AcidTongue","floor":12,"key":"SMITH"}],"circlet_count":0,"master_deck":["Slimebound:Strike_Slimebound","Slimebound:Strike_Slimebound","Slimebound:Tackle","Slimebound:Defend_Slimebound","Slimebound:Defend_Slimebound","Slimebound:Defend_Slimebound","Slimebound:CorrosiveSpit+1","Slimebound:ViciousTackle","Slimebound:Dissolve","Slimebound:RollThrough","Slimebound:HauntingLick+1","Slimebound:LivingWall","Slimebound:FinishingTackle","Slimebound:Schlurp","Slimebound:AcidTongue+1","Slimebound:GoopTackle","Slimebound:Prepare","Slimebound:SlimeSpikes"],"relics":["Slimebound:AbsorbEndCombat"],"acts_visited":["Exordium"],"potions_floor_usage":[9,10,10,16],"damage_taken":[{"damage":3,"enemies":"2 Louse","floor":2,"turns":2},{"damage":9,"enemies":"Small Slimes","floor":3,"turns":2},{"damage":13,"enemies":"downfall:FleeingMerchant","floor":4,"turns":4},{"damage":6,"enemies":"Cultist","floor":5,"turns":2},{"damage":3,"enemies":"3 Louse","floor":8,"turns":3},{"damage":0,"enemies":"Exordium Wildlife","floor":9,"turns":2},{"damage":22,"enemies":"downfall:FleeingMerchant","floor":10,"turns":4},{"damage":10,"enemies":"Red Slaver","floor":13,"turns":3},{"damage":9,"enemies":"Large Slime","floor":14,"turns":3},{"damage":20,"enemies":"Lots of Slimes","floor":15,"turns":3},{"damage":20,"enemies":"DF_ARCHETYPE_STREAMLINE","floor":16,"turns":4}],"seed_played":"-7690127333574138087","potions_obtained":[{"floor":2,"key":"SkillPotion"},{"floor":8,"key":"DuplicationPotion"},{"floor":9,"key":"Fruit Juice"},{"floor":13,"key":"Toxic Potion"},{"floor":14,"key":"Energy Potion"}],"is_trial":false,"path_per_floor":["R","M","M","$","M","?","T","M","M","$","?","R","M","M","M","B"],"character_chosen":"SLIMEBOUND","items_purchased":["Slimebound:LivingWall","Slimebound:AcidTongue"],"campfire_rested":0,"item_purchase_floors":[4,10],"current_hp_per_floor":[65,62,57,48,44,44,44,47,54,38,38,38,34,29,15,0,0,0],"gold":47,"neow_bonus":"TRANSFORM_CARD","is_daily":false,"chose_seed":false,"campfire_upgraded":2,"win_rate":0.0,"timestamp":1612741683,"path_taken":["R","M","M","$","M","?","T","M","M","$","?","R","M","?","M","BOSS"],"items_purchased_type":["Card","Card"],"build_version":"2020-12-22","purchased_purges":1,"victory":false,"max_hp_per_floor":[65,65,65,65,65,65,65,65,70,70,70,70,70,70,70,70,70,70],"card_choices":[{"not_picked":["Slimebound:SplitMire","Slimebound:PressTheAttack"],"picked":"Slimebound:Dissolve","floor":2},{"not_picked":["Slimebound:ComboTackle","Slimebound:ItLooksTasty"],"picked":"Slimebound:RollThrough","floor":3},{"not_picked":["Slimebound:SplitLeeching","Slimebound:GoopTackle"],"picked":"Slimebound:HauntingLick","floor":4},{"not_picked":["Slimebound:PressTheAttack","Slimebound:SplitMire","Slimebound:SlimeSpikes"],"picked":"SKIP","floor":5},{"not_picked":["Slimebound:Nibble","Slimebound:LivingWall","Slimebound:SlimeBarrage"],"picked":"SKIP","floor":8},{"not_picked":["Slimebound:SplitMire","Slimebound:HauntingLick"],"picked":"Slimebound:FinishingTackle","floor":9},{"not_picked":["Slimebound:SplitBruiser","Slimebound:Chomp"],"picked":"Slimebound:Schlurp","floor":10},{"not_picked":["Slimebound:LevelUp","Slimebound:Prepare"],"picked":"Slimebound:GoopTackle","floor":13},{"not_picked":["Slimebound:SpikyOuterGoop","Slimebound:Nibble"],"picked":"Slimebound:Prepare","floor":14},{"not_picked":["Slimebound:LeechEnergy","Slimebound:SplitLeeching"],"picked":"Slimebound:SlimeSpikes","floor":15}],"player_experience":94986,"relics_obtained":[],"event_choices":[{"damage_healed":0,"gold_gain":0,"player_choice":"Grow","damage_taken":0,"max_hp_gain":0,"max_hp_loss":0,"event_name":"Living Wall","floor":6,"gold_loss":0,"cards_upgraded":["Slimebound:HauntingLick"]},{"cards_removed":["Slimebound:Strike_Slimebound"],"damage_healed":0,"gold_gain":0,"player_choice":"Offered Basic","damage_taken":0,"max_hp_gain":0,"max_hp_loss":0,"event_name":"Bonfire Elementals","floor":11,"gold_loss":0}],"is_beta":false,"boss_relics":[],"items_purged_floors":[10],"is_endless":false,"potions_floor_spawned":[2,8,9,13,14],"killed_by":"DF_ARCHETYPE_STREAMLINE","ascension_level":0}}