{"host":"8lno9xwgef3sjccz","time":1612663984,"event":{"mods":["AchievementEnabler","BaseMod","Minty Spire (QoL Compilation)","Relic Stats"],"gold_per_floor":[114,129,141,216,216,250,260,278,356,388,400,400,400,14,14,117,117,135,149,169,84,84,116,116,141,141,141,168,180,197,230,230,335,335,351,351,366,380,380,380,415,430,430,457,469,469,495,505,505,505,505],"floor_reached":50,"language":"ENG","playtime":2625,"items_purged":["Defend_G"],"score":734,"play_id":"ad0b13e1-aa36-485e-a358-684f5b103098","local_time":"20210206211304","is_ascension_mode":true,"campfire_choices":[{"data":"Bouncing Flask","floor":12,"key":"SMITH"},{"data":"Noxious Fumes","floor":15,"key":"SMITH"},{"data":"After Image","floor":24,"key":"SMITH"},{"data":"Blade Dance","floor":27,"key":"SMITH"},{"data":"Caltrops","floor":32,"key":"SMITH"},{"data":"Blade Dance","floor":40,"key":"SMITH"},{"data":"Wraith Form v2","floor":46,"key":"SMITH"},{"floor":49,"key":"RECALL"}],"circlet_count":0,"master_deck":["Strike_G","Strike_G","Strike_G+1","Strike_G+1","Defend_G+1","Defend_G","Defend_G","Survivor","Neutralize","Masterful Stab","Noxious Fumes+1","Bouncing Flask+1","Dagger Spray","Blade Dance+1","Slice+1","Malaise","PiercingWail","Malaise","After Image+1","Blade Dance+1","Backflip+1","Noxious Fumes+1","Catalyst+1","Backflip+1","Caltrops+1","Leg Sweep+1","Wraith Form v2+1","Parasite","Terror+1","Outmaneuver+1","Deadly Poison+1"],"relics":["Ring of the Snake","Bag of Marbles","Meat on the Bone","TungstenRod","Whetstone","PreservedInsect","WristBlade","Lantern","Centennial Puzzle","Potion Belt","Thread and Needle","Happy Flower","Smiling Mask","HoveringKite","Bronze Scales","Nunchaku","Ornamental Fan"],"acts_visited":["Exordium","TheCity","TheBeyond"],"potions_floor_usage":[6,7,16,16,25,28,35,38,38,41,42,44,48],"damage_taken":[{"damage":0,"enemies":"Small Slimes","floor":1,"turns":4},{"damage":0,"enemies":"2 Louse","floor":2,"turns":3},{"damage":1,"enemies":"Cultist","floor":3,"turns":4},{"damage":9,"enemies":"Gremlin Nob","floor":6,"turns":4},{"damage":2,"enemies":"Exordium Wildlife","floor":7,"turns":5},{"damage":9,"enemies":"Blue Slaver","floor":8,"turns":3},{"damage":10,"enemies":"3 Sentries","floor":10,"turns":6},{"damage":0,"enemies":"Large Slime","floor":11,"turns":4},{"damage":6,"enemies":"Hexaghost","floor":16,"turns":7},{"damage":0,"enemies":"Chosen","floor":18,"turns":2},{"damage":1,"enemies":"Shell Parasite","floor":19,"turns":4},{"damage":3,"enemies":"Centurion and Healer","floor":20,"turns":5},{"damage":4,"enemies":"Slavers","floor":23,"turns":4},{"damage":2,"enemies":"Gremlin Leader","floor":25,"turns":4},{"damage":6,"enemies":"Book of Stabbing","floor":28,"turns":5},{"damage":8,"enemies":"Snake Plant","floor":29,"turns":2},{"damage":0,"enemies":"Cultist and Chosen","floor":30,"turns":4},{"damage":22,"enemies":"Gremlin Leader","floor":31,"turns":5},{"damage":0,"enemies":"Champ","floor":33,"turns":8},{"damage":0,"enemies":"3 Shapes","floor":35,"turns":3},{"damage":0,"enemies":"3 Darklings","floor":37,"turns":4},{"damage":4,"enemies":"Writhing Mass","floor":38,"turns":7},{"damage":70,"enemies":"Reptomancer","floor":41,"turns":5},{"damage":2,"enemies":"Maw","floor":42,"turns":7},{"damage":2,"enemies":"Giant Head","floor":44,"turns":7},{"damage":0,"enemies":"4 Shapes","floor":45,"turns":5},{"damage":4,"enemies":"Reptomancer","floor":47,"turns":4},{"damage":0,"enemies":"Spire Growth","floor":48,"turns":4},{"damage":49,"enemies":"Time Eater","floor":50,"turns":9}],"seed_played":"7546138031190979112","potions_obtained":[{"floor":1,"key":"SkillPotion"},{"floor":6,"key":"CunningPotion"},{"floor":8,"key":"Strength Potion"},{"floor":10,"key":"BlessingOfTheForge"},{"floor":19,"key":"Block Potion"},{"floor":20,"key":"FearPotion"},{"floor":29,"key":"DuplicationPotion"},{"floor":30,"key":"Swift Potion"},{"floor":33,"key":"Explosive Potion"},{"floor":37,"key":"Block Potion"},{"floor":41,"key":"LiquidMemories"},{"floor":42,"key":"SkillPotion"},{"floor":47,"key":"Swift Potion"}],"is_trial":false,"path_per_floor":["M","M","M","?","?","E","M","M","T","E","M","R","?","$","R","B",null,"M","M","M","?","?","E","R","E","T","R","E","M","M","E","R","B",null,"M","?","M","M","?","R","E","M","T","E","M","R","E","M","R","B"],"character_chosen":"THE_SILENT","items_purchased":["Whetstone","PreservedInsect"],"campfire_rested":0,"item_purchase_floors":[14,14],"current_hp_per_floor":[77,77,76,65,50,41,39,30,30,32,44,44,44,44,44,50,77,77,76,73,73,73,69,69,67,67,67,61,53,53,43,43,43,77,77,77,77,73,73,73,15,25,25,35,47,47,43,43,43,0,0],"gold":505,"neow_bonus":"TEN_PERCENT_HP_BONUS","is_daily":false,"chose_seed":false,"campfire_upgraded":7,"win_rate":0.0,"timestamp":1612663984,"path_taken":["M","M","M","?","?","E","M","M","T","E","M","R","?","$","R","BOSS","M","M","M","?","?","E","R","E","T","R","E","M","?","E","R","BOSS","M","?","M","M","?","R","E","M","T","E","M","R","E","M","R","BOSS"],"items_purchased_type":["Relic","Relic"],"build_version":"2020-12-22","purchased_purges":1,"victory":false,"max_hp_per_floor":[77,77,77,77,77,77,77,77,77,77,77,77,77,77,77,77,77,77,77,77,77,77,77,77,77,77,77,77,77,77,77,77,77,77,77,77,77,77,77,77,77,77,77,77,77,77,77,77,77,77,77],"relic_stats":{"Happy Flower":[24],"counters":[29,138],"HoveringKite":[9],"PreservedInsect":419,"Whetstone":["Strike_G","Slice"],"Smiling Mask":0,"Centennial Puzzle":[30],"Nunchaku":[4],"Ornamental Fan":[20],"Bronze Scales":[98],"obtain_stats":[{"Potion Belt":25,"Lantern":21,"Happy Flower":28,"HoveringKite":34,"Thread and Needle":26,"PreservedInsect":14,"Whetstone":14,"Smiling Mask":31,"Centennial Puzzle":23,"Nunchaku":44,"WristBlade":17,"Ornamental Fan":47,"Bronze Scales":41,"Bag of Marbles":6,"TungstenRod":10,"Ring of the Snake":0,"Meat on the Bone":9},{"Potion Belt":14,"Lantern":12,"Happy Flower":15,"HoveringKite":19,"Thread and Needle":14,"PreservedInsect":8,"Whetstone":8,"Smiling Mask":18,"Centennial Puzzle":13,"Nunchaku":25,"WristBlade":9,"Ornamental Fan":27,"Bronze Scales":23,"Bag of Marbles":4,"TungstenRod":7,"Ring of the Snake":0,"Meat on the Bone":6},{"Potion Belt":59,"Lantern":51,"Happy Flower":64,"HoveringKite":83,"Thread and Needle":59,"PreservedInsect":33,"Whetstone":33,"Smiling Mask":75,"Centennial Puzzle":55,"Nunchaku":116,"WristBlade":40,"Ornamental Fan":125,"Bronze Scales":102,"Bag of Marbles":15,"TungstenRod":29,"Ring of the Snake":0,"Meat on the Bone":23}],"TungstenRod":36,"Ring of the Snake":[58],"Meat on the Bone":96},"card_choices":[{"not_picked":["Prepared","Sucker Punch"],"picked":"Masterful Stab","floor":1},{"not_picked":["Escape Plan","Well Laid Plans"],"picked":"Noxious Fumes","floor":2},{"not_picked":["Dagger Throw","Masterful Stab"],"picked":"Bouncing Flask","floor":3},{"not_picked":["Tactician","Phantasmal Killer"],"picked":"Dagger Spray","floor":6},{"not_picked":["Flying Knee","Poisoned Stab"],"picked":"Blade Dance","floor":7},{"not_picked":["Blur","Sucker Punch"],"picked":"Slice","floor":8},{"not_picked":["Dagger Spray","Bane"],"picked":"Malaise","floor":10},{"not_picked":["Masterful Stab","Flying Knee"],"picked":"PiercingWail","floor":11},{"not_picked":["Glass Knife","Night Terror"],"picked":"After Image","floor":16},{"not_picked":["Dagger Spray","Slice"],"picked":"Blade Dance","floor":18},{"not_picked":["Escape Plan","Quick Slash"],"picked":"Backflip+1","floor":19},{"not_picked":["Bouncing Flask+1","Outmaneuver"],"picked":"Noxious Fumes+1","floor":20},{"not_picked":["Finisher","Dagger Spray+1"],"picked":"Catalyst+1","floor":23},{"not_picked":["Flechettes+1","Dagger Spray","Poisoned Stab+1"],"picked":"SKIP","floor":25},{"not_picked":["Terror","Blade Dance","Dodge and Roll"],"picked":"SKIP","floor":28},{"not_picked":["Choke","Masterful Stab"],"picked":"Backflip+1","floor":29},{"not_picked":["Grand Finale","Blade Dance"],"picked":"Caltrops","floor":30},{"not_picked":["Riddle With Holes","Dagger Throw"],"picked":"Leg Sweep+1","floor":31},{"not_picked":["Adrenaline","Bullet Time"],"picked":"Wraith Form v2","floor":33},{"not_picked":["Poisoned Stab","Heel Hook","Underhanded Strike"],"picked":"SKIP","floor":35},{"not_picked":["Slice","PiercingWail","Sucker Punch+1"],"picked":"SKIP","floor":37},{"not_picked":["PiercingWail+1","Prepared","Backstab"],"picked":"SKIP","floor":38},{"not_picked":["Backstab","Quick Slash","Caltrops"],"picked":"SKIP","floor":41},{"not_picked":["Tactician","Deadly Poison","Flying Knee"],"picked":"SKIP","floor":42},{"not_picked":["Escape Plan","Slice+1"],"picked":"Terror+1","floor":44},{"not_picked":["Acrobatics","Dagger Throw"],"picked":"Outmaneuver+1","floor":45},{"not_picked":["Phantasmal Killer","Outmaneuver+1"],"picked":"Deadly Poison+1","floor":47},{"not_picked":["PiercingWail","Quick Slash","Dodge and Roll"],"picked":"SKIP","floor":48}],"player_experience":106955,"relics_obtained":[{"floor":6,"key":"Bag of Marbles"},{"floor":9,"key":"Meat on the Bone"},{"floor":10,"key":"TungstenRod"},{"floor":23,"key":"Centennial Puzzle"},{"floor":25,"key":"Potion Belt"},{"floor":26,"key":"Thread and Needle"},{"floor":28,"key":"Happy Flower"},{"floor":31,"key":"Smiling Mask"},{"floor":41,"key":"Bronze Scales"},{"floor":44,"key":"Nunchaku"},{"floor":47,"key":"Ornamental Fan"}],"event_choices":[{"damage_healed":0,"gold_gain":75,"player_choice":"Gather Gold","damage_taken":11,"max_hp_gain":0,"max_hp_loss":0,"event_name":"World of Goop","floor":4,"gold_loss":0},{"damage_healed":0,"gold_gain":0,"player_choice":"Entered Light","damage_taken":15,"max_hp_gain":0,"max_hp_loss":0,"event_name":"Shining Light","floor":5,"gold_loss":0,"cards_upgraded":["Defend_G","Strike_G"]},{"damage_healed":0,"gold_gain":0,"cards_transformed":["Strike_G"],"player_choice":"Change","damage_taken":0,"max_hp_gain":0,"max_hp_loss":0,"event_name":"Living Wall","floor":13,"gold_loss":0,"cards_obtained":["Malaise"]},{"damage_healed":0,"gold_gain":0,"player_choice":"Obtained Relic","damage_taken":0,"relics_obtained":["Lantern"],"max_hp_gain":0,"max_hp_loss":0,"event_name":"Addict","floor":21,"gold_loss":85},{"damage_healed":0,"gold_gain":0,"player_choice":"Bought 0 Potions","damage_taken":0,"max_hp_gain":0,"max_hp_loss":0,"event_name":"The Woman in Blue","floor":22,"gold_loss":0},{"damage_healed":0,"gold_gain":0,"player_choice":"Ignored","damage_taken":0,"max_hp_gain":0,"max_hp_loss":0,"event_name":"Tomb of Lord Red Mask","floor":36,"gold_loss":0},{"cards_removed":["Defend_G"],"damage_healed":0,"gold_gain":0,"player_choice":"Removed Skill","damage_taken":0,"max_hp_gain":0,"max_hp_loss":0,"event_name":"Falling","floor":39,"gold_loss":0}],"is_beta":false,"boss_relics":[{"not_picked":["Snecko Eye","Coffee Dripper"],"picked":"WristBlade"},{"not_picked":["Busted Crown","Ring of the Serpent"],"picked":"HoveringKite"}],"items_purged_floors":[14],"is_endless":false,"potions_floor_spawned":[1,6,8,10,19,20,29,30,33,37,41,42,47],"killed_by":"Time Eater","ascension_level":1}}