{"host":"yans4pr1zf0lm9bx","time":1612718810,"event":{"mods":["AchievementEnabler","Act Like it!","BaseMod","Hallownest","Minty Spire (QoL Compilation)","Replay The Spire","StSLib","SuperFastMode","The Bug Knight"],"gold_per_floor":[109,109,109,109,25,25,60,60,60,88,88,104,120,120,120,225,225,241,253,253,253,265,302,314,359,397,409,436,478,490,537,549,561,561],"floor_reached":33,"language":"ENG","playtime":1723,"items_purged":["Overencumbered"],"score":338,"play_id":"e757afd3-44cf-408f-99a6-e035e4e542f7","local_time":"20210207122650","is_ascension_mode":true,"campfire_choices":[{"data":"HollowMod:MantisMark","floor":6,"key":"SMITH"},{"data":"HollowMod:MylasSalvation","floor":8,"key":"SMITH"},{"data":"HollowMod:FocusHealStart","floor":15,"key":"SMITH"},{"data":"HollowMod:ZotesMagnificence","floor":24,"key":"SMITH"},{"data":"HollowMod:CornifersMapStart","floor":27,"key":"SMITH"}],"circlet_count":1,"master_deck":["HollowMod:NailStrikeStart+1","HollowMod:NailStrikeStart+1","HollowMod:NailStrikeStart+1","HollowMod:QuickDashStart+1","HollowMod:QuickDashStart","HollowMod:QuickDashStart","HollowMod:FocusHealStart+1","HollowMod:PogoStrike","HollowMod:CornifersMapStart+1","HollowMod:MylasSalvation+1","HollowMod:MantisMark+1","Specialist","HollowMod:HornetsHelp+1","HollowMod:ZotesMagnificence+1","HollowMod:SoulStrike+1","HollowMod:CloakDash+1","HollowMod:Weaversong","HollowMod:SoulShaman+1","HollowMod:CornifersMapStart+1","HollowMod:DashSlash+1"],"relics":["HollowMod:VesselMask","ReplayTheSpireMod:CursedCoin","Pondfish Scales","Whetstone","Hallownest:DreamNailRelic","Circlet","Empty Cage","MawBank","Ring of Fury","Ring of Hypnosis","Replay:Baseball","HollowMod:LumaflyLanternRelic","Tiny Chest","Quantum Egg","Question Card","Strawberry"],"acts_visited":["Hallownest:Greenpath","Hallownest:CityofTears"],"potions_floor_usage":[16,16,23,25,25,33],"damage_taken":[{"damage":0,"enemies":"Hallownest:2_MossCreeps","floor":1,"turns":5},{"damage":3,"enemies":"Hallownest:eliteVengeflyKing","floor":7,"turns":6},{"damage":5,"enemies":"Hallownest:eliteMossKnight","floor":10,"turns":7},{"damage":0,"enemies":"Hallownest:monsterHuskGuard","floor":12,"turns":2},{"damage":0,"enemies":"Hallownest:monsterHuskWarrior","floor":13,"turns":3},{"damage":35,"enemies":"Hallownest:BossHornet","floor":16,"turns":7},{"damage":11,"enemies":"Hallownest:Guard_and_Sentry","floor":18,"turns":5},{"damage":1,"enemies":"Hallownest:3_Youths","floor":19,"turns":7},{"damage":7,"enemies":"Hallownest:eliteSoulWarrior","floor":23,"turns":6},{"damage":42,"enemies":"Hallownest:eliteWatcherKnight","floor":25,"turns":9},{"damage":11,"enemies":"Hallownest:monsterMisterMushroom","floor":28,"turns":4},{"damage":8,"enemies":"Hallownest:Nosk","floor":29,"turns":6},{"damage":23,"enemies":"Hallownest:eliteWatcherKnight","floor":31,"turns":11},{"damage":48,"enemies":"Hallownest:BossSoulMaster","floor":33,"turns":3}],"seed_played":"3908346796315090868","potions_obtained":[{"floor":1,"key":"ColorlessPotion"},{"floor":12,"key":"Dexterity Potion"},{"floor":16,"key":"Energy Potion"},{"floor":18,"key":"Energy Potion"},{"floor":19,"key":"SkillPotion"},{"floor":31,"key":"PowerPotion"}],"is_trial":false,"path_per_floor":["M","?","?","?","$","R","E","R","T","E","?","M","M","?","R","B",null,"M","M","?","?","?","E","R","E","T","R","M","E","T","E","R","B"],"character_chosen":"THE_BUGKNIGHT","items_purchased":["ReplayTheSpireMod:CursedCoin","HollowMod:MantisMark","Specialist"],"campfire_rested":0,"item_purchase_floors":[5,5,5],"current_hp_per_floor":[82,82,82,82,82,82,82,82,82,82,82,82,82,82,82,53,82,80,82,82,82,82,81,81,51,51,51,46,48,48,44,40,0,0],"gold":561,"neow_bonus":"TEN_PERCENT_HP_BONUS","is_daily":false,"chose_seed":false,"campfire_upgraded":5,"win_rate":0.0,"timestamp":1612718810,"path_taken":["M","?","?","?","$","R","E","R","T","E","?","?","?","?","R","BOSS","M","?","?","?","?","E","R","E","T","R","M","E","?","E","R","BOSS"],"items_purchased_type":["Relic","Card","Card"],"build_version":"2020-12-22","purchased_purges":1,"victory":false,"max_hp_per_floor":[82,82,82,82,82,82,82,82,82,82,82,82,82,82,82,82,82,82,82,82,82,82,82,82,82,82,82,82,82,82,89,89,89,89],"card_choices":[{"not_picked":["HollowMod:DoubleDash","HollowMod:HowlingWraiths"],"picked":"HollowMod:CornifersMapStart","floor":1},{"not_picked":["HollowMod:LifebloodCocoon","HollowMod:NewLittleFool","HollowMod:NewJinnsSoul"],"picked":"SKIP","floor":7},{"not_picked":["HollowMod:TaintedHusks","HollowMod:SoulSplash"],"picked":"HollowMod:HornetsHelp","floor":10},{"not_picked":["HollowMod:SharpenedShadows","HollowMod:FallenFury","HollowMod:MothsMistake"],"picked":"SKIP","floor":12},{"not_picked":["HollowMod:SiblingsSouls","HollowMod:RecoilStrike","HollowMod:NewJinnsSoul"],"picked":"SKIP","floor":13},{"not_picked":["HollowMod:NewInfectedGuardian","HollowMod:SoulMaster"],"picked":"HollowMod:ZotesMagnificence","floor":16},{"not_picked":["HollowMod:GrimmsGift","HollowMod:BrokenVessel"],"picked":"HollowMod:SoulStrike+1","floor":18},{"not_picked":["HollowMod:SoulShaman","HollowMod:InfectedCysts"],"picked":"HollowMod:CloakDash+1","floor":19},{"not_picked":["HollowMod:VengefulSpirit","HollowMod:HeavyBlow"],"picked":"HollowMod:Weaversong","floor":23},{"not_picked":["HollowMod:DashSlash","HollowMod:CycloneSlash","HollowMod:CoiledNail"],"picked":"SKIP","floor":25},{"not_picked":["HollowMod:CoiledNail+1","HollowMod:SoulStrike"],"picked":"HollowMod:SoulShaman+1","floor":28},{"not_picked":["HollowMod:SiblingsShadow","HollowMod:SoulVessel"],"picked":"HollowMod:CornifersMapStart+1","floor":29},{"not_picked":["HollowMod:InfectionAssault","HollowMod:PerfectDash","HollowMod:HornetsHelp"],"picked":"HollowMod:DashSlash+1","floor":31}],"player_experience":263177,"relics_obtained":[{"floor":7,"key":"Pondfish Scales"},{"floor":10,"key":"Whetstone"},{"floor":22,"key":"Ring of Fury"},{"floor":22,"key":"Ring of Hypnosis"},{"floor":23,"key":"Replay:Baseball"},{"floor":25,"key":"HollowMod:LumaflyLanternRelic"},{"floor":26,"key":"Tiny Chest"},{"floor":29,"key":"Quantum Egg"},{"floor":30,"key":"Question Card"},{"floor":31,"key":"Strawberry"}],"event_choices":[],"is_beta":false,"boss_relics":[{"not_picked":["Replay:Drink Me","Coffee Dripper"],"picked":"Empty Cage"}],"items_purged_floors":[5],"is_endless":false,"potions_floor_spawned":[1,12,16,18,19,31],"killed_by":"Hallownest:BossSoulMaster","ascension_level":1}}