{"host":"xp5rvh2jwe2ejyfm","time":1612707350,"event":{"mods":["2.2 Compatiblity","Aspiration","BaseMod","Better Altar","Better Match","Better Note","Better Sensory Stone","Better Skull","BetterRewards","Colored Powertips","Conspire","Downfall","GifTheSpireLib","Gremlin Mod","GungeonMod","Hermit","Hubris","Jorbs\u0027s Wanderer Trilogy","Minty Spire (QoL Compilation)","Potionbrewer","Quick Restart","Replay The Spire","Robot Space Explorer","Shade Mod","Somnambulant","StSLib","The Bug Knight","The Clintock","The Construct","The Cursed","The Disciple","The Forsaken","The Hierophant","The Necromancer","The Runesmith","The Servant 0.9.4","The Valiant","The Witch","TheFirefly","thorton"],"gold_per_floor":[119,135,146,78,98,108,141,141,141,141,141],"floor_reached":10,"language":"ENG","playtime":744,"items_purged":[],"score":70,"play_id":"831aa830-e9c0-4f6c-90ee-5d7e37c2597c","local_time":"20210207091550","is_ascension_mode":false,"campfire_choices":[],"circlet_count":0,"master_deck":["potionbrewer:PotionbrewerStrike","potionbrewer:PotionbrewerStrike","potionbrewer:PotionbrewerStrike","potionbrewer:PotionbrewerStrike","potionbrewer:PotionbrewerDefend","potionbrewer:PotionbrewerDefend","potionbrewer:PotionbrewerDefend","potionbrewer:PotionbrewerDefend","potionbrewer:Collect","potionbrewer:ChemicalSpill","potionbrewer:ChemicalShroud","potionbrewer:Shovel","potionbrewer:QuickStep","potionbrewer:CrossReference","potionbrewer:TestFormula","potionbrewer:OneTwoPunch","potionbrewer:BlindingMist"],"relics":["potionbrewer:PotionKit","NeowsBlessing","DemoMod:MemoryAlloy","potionbrewer:ElricsMonocle","Meat on the Bone"],"acts_visited":["Exordium"],"potions_floor_usage":[5,5,6,7,7,7,7,7,10,10],"damage_taken":[{"damage":0,"enemies":"conspire:RoseBush","floor":1,"turns":1},{"damage":0,"enemies":"Cultist","floor":2,"turns":1},{"damage":0,"enemies":"Jaw Worm","floor":3,"turns":1},{"damage":0,"enemies":"Large Slime","floor":5,"turns":9},{"damage":0,"enemies":"Exordium Wildlife","floor":6,"turns":5},{"damage":34,"enemies":"Gremlin Nob","floor":7,"turns":6},{"damage":46,"enemies":"HollowMod:MossKnight","floor":10,"turns":18}],"seed_played":"341628974501018040","potions_obtained":[{"floor":1,"key":"ColorlessPotion"},{"floor":2,"key":"BlessingOfTheForge"},{"floor":3,"key":"LifebloodPotion"}],"is_trial":false,"path_per_floor":["M","M","M","$","M","M","E","?","T","E"],"character_chosen":"POTIONBREWER","items_purchased":["potionbrewer:CrossReference"],"campfire_rested":0,"item_purchase_floors":[4],"current_hp_per_floor":[75,75,75,75,75,75,41,41,41,0,0],"gold":141,"neow_bonus":"THREE_ENEMY_KILL","is_daily":false,"chose_seed":false,"campfire_upgraded":0,"win_rate":0.0,"timestamp":1612707350,"path_taken":["M","M","M","$","M","M","E","?","T","E"],"items_purchased_type":["Card"],"build_version":"2020-12-22","purchased_purges":0,"victory":false,"max_hp_per_floor":[75,75,75,75,75,75,75,75,75,75,75],"card_choices":[{"not_picked":["potionbrewer:FortifiedSerum","potionbrewer:CausticBarrier"],"picked":"potionbrewer:ChemicalShroud","floor":1},{"not_picked":["potionbrewer:Biohazard","potionbrewer:Smack"],"picked":"potionbrewer:Shovel","floor":2},{"not_picked":["potionbrewer:TestSubject","potionbrewer:ExplosiveReaction"],"picked":"potionbrewer:QuickStep","floor":3},{"not_picked":["potionbrewer:IronFist","potionbrewer:Smack","potionbrewer:Prototype"],"picked":"potionbrewer:TestFormula","floor":5},{"not_picked":["potionbrewer:VolatileSolution","potionbrewer:AnotherRound","potionbrewer:Prototype"],"picked":"potionbrewer:OneTwoPunch","floor":6},{"not_picked":["potionbrewer:FlareUp","potionbrewer:DigDeep","potionbrewer:Prototype"],"picked":"potionbrewer:BlindingMist","floor":7}],"player_experience":460321,"relics_obtained":[{"floor":7,"key":"DemoMod:MemoryAlloy"},{"floor":8,"key":"potionbrewer:ElricsMonocle"},{"floor":9,"key":"Meat on the Bone"}],"event_choices":[{"damage_healed":0,"gold_gain":0,"player_choice":"Got Potions","damage_taken":0,"max_hp_gain":0,"max_hp_loss":0,"event_name":"Lab","floor":8,"gold_loss":0}],"is_beta":false,"boss_relics":[],"items_purged_floors":[],"is_endless":false,"potions_floor_spawned":[1,2,3],"killed_by":"HollowMod:MossKnight","ascension_level":0}}