{"host":"sc0o2qwpf9j16a4i","time":1612692719,"event":{"mods":["AchievementEnabler","BaseMod","BetterRewards","Block Reminder","Colored Map","Colored Powertips","Custom Start","Highlight Path","Minty Spire (QoL Compilation)","Relic Stats"],"gold_per_floor":[112,112,129,2,20,20,46,66,144,144,319,354,9,9,9,114,114,125,125,135,169,149,161,191,205,205,5,33,49,75,87,87,192,192,209,1208,800,800,467,495,495,506,506,520,520,520,520,535,535,535],"floor_reached":51,"language":"ENG","playtime":2027,"items_purged":["Electrodynamics","Doubt","Normality","Normality"],"score":918,"play_id":"00192dda-b975-429b-af74-98fffb35135e","local_time":"20210207121159","daily_mods":["Specialized","Diverse","Terminal"],"is_ascension_mode":false,"campfire_choices":[{"data":"Armaments","floor":6.0,"key":"SMITH"},{"data":"SashWhip","floor":10.0,"key":"SMITH"},{"data":"Disarm","floor":15.0,"key":"SMITH"},{"data":"Calculated Gamble","floor":32.0,"key":"SMITH"},{"data":"Wraith Form v2","floor":41,"key":"SMITH"},{"data":"1","floor":49,"key":"LIFT"}],"circlet_count":0,"master_deck":["Strike_R","Strike_R","Strike_R","Defend_R","Defend_R","Defend_R","Bash","Electrodynamics","Electrodynamics","Undo","CarveReality+1","Armaments+1","SashWhip+1","Disarm+1","Establishment","Infinite Blades+1","CutThroughFate+1","DeceiveReality","Riddle With Holes+1","Calculated Gamble+1","Dual Wield+1","DeusExMachina","Vault","Crippling Poison","Wraith Form v2+1","Creative AI+1","Crescendo+1","Quick Slash+1","SandsOfTime+1","Whirlwind+1","Wireheading","Bludgeon","Reaper","Creative AI","Dash+1","Swivel","Mind Blast+1","Wraith Form v2+1","Conserve Battery+1"],"relics":["Burning Blood","Champion Belt","InkBottle","Pen Nib","Membership Card","Shuriken","Blood Vial","Question Card","Snecko Eye","Red Mask","Toy Ornithopter","Du-Vu Doll","Potion Belt","Chemical X","Centennial Puzzle","PreservedInsect","Astrolabe","Whetstone","White Beast Statue","Ancient Tea Set","Juzu Bracelet","Molten Egg 2","Girya"],"acts_visited":["Exordium","TheCity","TheBeyond"],"potions_floor_usage":[44,48,50,50,50,50,50],"damage_taken":[{"damage":8.0,"enemies":"2 Louse","floor":1.0,"turns":2.0},{"damage":0.0,"enemies":"Small Slimes","floor":3.0,"turns":2.0},{"damage":0.0,"enemies":"Cultist","floor":5.0,"turns":4.0},{"damage":0.0,"enemies":"Lagavulin","floor":7.0,"turns":9.0},{"damage":2.0,"enemies":"Blue Slaver","floor":8.0,"turns":4.0},{"damage":3.0,"enemies":"Gremlin Nob","floor":12.0,"turns":4.0},{"damage":6.0,"enemies":"The Guardian","floor":16.0,"turns":13.0},{"damage":0.0,"enemies":"Chosen","floor":18.0,"turns":4.0},{"damage":14.0,"enemies":"2 Thieves","floor":20.0,"turns":3.0},{"damage":7.0,"enemies":"Masked Bandits","floor":21.0,"turns":3.0},{"damage":15.0,"enemies":"Sentry and Sphere","floor":23.0,"turns":4.0},{"damage":10.0,"enemies":"Book of Stabbing","floor":24.0,"turns":3.0},{"damage":0.0,"enemies":"Centurion and Healer","floor":25.0,"turns":3.0},{"damage":20.0,"enemies":"Gremlin Leader","floor":28.0,"turns":5.0},{"damage":0.0,"enemies":"Cultist and Chosen","floor":29.0,"turns":5.0},{"damage":0.0,"enemies":"Book of Stabbing","floor":30.0,"turns":6.0},{"damage":6.0,"enemies":"Shelled Parasite and Fungi","floor":31.0,"turns":3.0},{"damage":45.0,"enemies":"Automaton","floor":33.0,"turns":9.0},{"damage":1.0,"enemies":"3 Shapes","floor":35.0,"turns":4.0},{"damage":26.0,"enemies":"Nemesis","floor":40.0,"turns":4.0},{"damage":0,"enemies":"Orb Walker","floor":42,"turns":1},{"damage":0,"enemies":"Writhing Mass","floor":44,"turns":5},{"damage":0,"enemies":"Maw","floor":48,"turns":5},{"damage":0,"enemies":"Donu and Deca","floor":50,"turns":4}],"seed_played":"-7034878176285886880","potions_obtained":[{"floor":1.0,"key":"Energy Potion"},{"floor":12.0,"key":"BlessingOfTheForge"},{"floor":16.0,"key":"LiquidBronze"},{"floor":20.0,"key":"Energy Potion"},{"floor":21.0,"key":"SkillPotion"},{"floor":22.0,"key":"PowerPotion"},{"floor":23.0,"key":"EntropicBrew"},{"floor":28.0,"key":"SkillPotion"},{"floor":31.0,"key":"Weak Potion"},{"floor":40,"key":"EssenceOfSteel"},{"floor":42,"key":"SteroidPotion"},{"floor":44,"key":"PowerPotion"},{"floor":48,"key":"SkillPotion"}],"is_trial":true,"path_per_floor":["M","?","M","$","M","R","E","M","T","R","?","E","$","T","R","B",null,"M","?","M","?","?","M","E","M","T","$","E","M","E","M","R","B",null,"M","?","$","?","$","E","R","M","T","M","?","?","?","M","R","B",null],"character_chosen":"IRONCLAD","items_purchased":["Swift Potion","Membership Card","Shuriken","Blood Vial","Potion Belt","Chemical X","Whirlwind","Whetstone","White Beast Statue","Wireheading","LiquidMemories","Block Potion","Reaper","Ancient Tea Set","Juzu Bracelet","Ancient Potion","GamblersBrew"],"campfire_rested":0,"item_purchase_floors":[4,13,13,13,27,27,37,37,37,37,37,37,39,39,39,39,39],"current_hp_per_floor":[77,70,76,75,74,73,72,71,70,69,68,67,66,65,64,63,62,61,70,62,63,63,56,54,62,62,62,53,60,59,58,57,23,55,54,53,52,51,50,42,42,47,46,45,35,35,35,41,40,39],"gold":535,"neow_bonus":"","is_daily":false,"chose_seed":false,"campfire_upgraded":5,"win_rate":0.0,"timestamp":1612692719,"path_taken":["M","?","M","$","M","R","E","M","T","R","?","E","?","?","R","BOSS","M","?","?","?","?","M","E","M","T","$","E","M","E","M","R","BOSS","M","?","$","?","$","E","R","M","T","M","?","?","?","M","R","BOSS"],"items_purchased_type":["Potion","Relic","Relic","Relic","Relic","Relic","Card","Relic","Relic","Card","Potion","Potion","Card","Relic","Relic","Potion","Potion"],"build_version":"2020-12-22","purchased_purges":4,"victory":true,"max_hp_per_floor":[78,77,76,75,74,73,72,71,70,69,68,67,66,65,64,63,62,61,70,69,68,67,66,65,64,63,62,61,60,59,58,57,56,55,54,53,52,51,50,49,48,47,46,45,44,43,42,41,40,39],"relic_stats":{"counters":[24,109],"Astrolabe":["Creative AI","Crescendo","Quick Slash"],"Pen Nib":[18],"PreservedInsect":47,"Juzu Bracelet":2,"Whetstone":["Whirlwind","CarveReality"],"Question Card":21,"Burning Blood":88,"Blood Vial":14,"Centennial Puzzle":[12],"Shuriken":[36],"Snecko Eye":[157,114,134,134],"Champion Belt":[17],"Chemical X":[4],"obtain_stats":[{"Potion Belt":27,"Girya":43,"Astrolabe":34,"Pen Nib":12,"PreservedInsect":30,"Juzu Bracelet":39,"Whetstone":37,"Question Card":14,"Ancient Tea Set":39,"Burning Blood":0,"White Beast Statue":37,"Blood Vial":13,"Du-Vu Doll":26,"Centennial Puzzle":28,"Shuriken":13,"Snecko Eye":17,"Molten Egg 2":40,"Red Mask":21,"Champion Belt":7,"Membership Card":13,"Chemical X":27,"InkBottle":9,"Toy Ornithopter":24},{"Potion Belt":13,"Girya":21,"Astrolabe":18,"Pen Nib":6,"PreservedInsect":16,"Juzu Bracelet":19,"Whetstone":19,"Question Card":6,"Ancient Tea Set":19,"Burning Blood":0,"White Beast Statue":19,"Blood Vial":6,"Du-Vu Doll":13,"Centennial Puzzle":14,"Shuriken":6,"Snecko Eye":7,"Molten Egg 2":20,"Red Mask":10,"Champion Belt":4,"Membership Card":6,"Chemical X":13,"InkBottle":5,"Toy Ornithopter":12},{"Potion Belt":58,"Girya":95,"Astrolabe":86,"Pen Nib":25,"PreservedInsect":74,"Juzu Bracelet":90,"Whetstone":90,"Question Card":25,"Ancient Tea Set":90,"Burning Blood":0,"White Beast Statue":90,"Blood Vial":25,"Du-Vu Doll":58,"Centennial Puzzle":63,"Shuriken":25,"Snecko Eye":38,"Molten Egg 2":94,"Red Mask":48,"Champion Belt":17,"Membership Card":25,"Chemical X":58,"InkBottle":21,"Toy Ornithopter":55}],"InkBottle":[36],"Toy Ornithopter":15},"card_choices":[{"not_picked":["Cloak And Dagger","Reckless Charge"],"picked":"Undo","floor":1.0},{"not_picked":["Blade Dance","Anger"],"picked":"CarveReality","floor":3.0},{"not_picked":["CarveReality","Blood for Blood"],"picked":"Armaments","floor":5.0},{"not_picked":["Cleave","Havoc","Rip and Tear"],"picked":"SKIP","floor":7.0},{"not_picked":["Crescendo","Flechettes"],"picked":"SashWhip","floor":8.0},{"not_picked":["EmptyFist","Wraith Form v2"],"picked":"Disarm","floor":12.0},{"not_picked":["Envenom","Rainbow","Brilliance"],"picked":"Establishment","floor":16.0},{"not_picked":["Wild Strike","Pummel","Shockwave"],"picked":"Infinite Blades+1","floor":18.0},{"not_picked":["Sword Boomerang","Armaments+1","Streamline"],"picked":"CutThroughFate+1","floor":20.0},{"not_picked":["Cloak And Dagger","FollowUp","Sucker Punch"],"picked":"DeceiveReality","floor":21.0},{"not_picked":["Outmaneuver","Twin Strike+1","Cold Snap"],"picked":"Riddle With Holes+1","floor":23.0},{"not_picked":["SignatureMove","Halt","Scrape+1"],"picked":"Calculated Gamble","floor":24.0},{"not_picked":["ThirdEye","Warcry","Rebound"],"picked":"Dual Wield+1","floor":25.0},{"not_picked":["Sentinel","Armaments","Rampage"],"picked":"DeusExMachina","floor":28.0},{"not_picked":["Compile Driver+1","Cloak And Dagger","Flechettes","Escape Plan+1"],"picked":"SKIP","floor":29.0},{"not_picked":["Stack","Crescendo","Backflip"],"picked":"Vault","floor":30.0},{"not_picked":["Sentinel+1","Shrug It Off","Prostrate+1"],"picked":"Crippling Poison","floor":31.0},{"not_picked":["Thunder Strike","Berserk","Bullet Time"],"picked":"Wraith Form v2","floor":33.0},{"not_picked":["Anger","Prostrate","Spot Weakness"],"picked":"SandsOfTime+1","floor":35.0},{"not_picked":["Perseverance+1","Catalyst+1","Stack"],"picked":"Creative AI","floor":40},{"not_picked":["Consecrate+1","FlurryOfBlows+1","Cleave+1"],"picked":"Dash+1","floor":42},{"not_picked":["EmptyFist+1","Compile Driver+1","FlurryOfBlows+1"],"picked":"Swivel","floor":44},{"not_picked":["Master of Strategy","Deep Breath","Bandage Up"],"picked":"Mind Blast+1","floor":45},{"not_picked":["CarveReality+1","Halt","Barrage+1"],"picked":"Conserve Battery+1","floor":48}],"player_experience":1247854,"relics_obtained":[{"floor":7.0,"key":"Champion Belt"},{"floor":9.0,"key":"InkBottle"},{"floor":12.0,"key":"Pen Nib"},{"floor":14.0,"key":"Question Card"},{"floor":21.0,"key":"Red Mask"},{"floor":24.0,"key":"Toy Ornithopter"},{"floor":26.0,"key":"Du-Vu Doll"},{"floor":28.0,"key":"Centennial Puzzle"},{"floor":30.0,"key":"PreservedInsect"},{"floor":40,"key":"Molten Egg 2"},{"floor":43,"key":"Girya"}],"event_choices":[{"cards_removed":["Electrodynamics"],"damage_healed":0.0,"max_hp_gain":0.0,"max_hp_loss":0.0,"gold_gain":0.0,"event_name":"Golden Wing","player_choice":"Card Removal","floor":2.0,"gold_loss":0.0,"damage_taken":7.0},{"damage_healed":0.0,"max_hp_gain":0.0,"max_hp_loss":0.0,"gold_gain":175.0,"event_name":"Liars Game","player_choice":"AGREE","floor":11.0,"gold_loss":0.0,"damage_taken":0.0,"cards_obtained":["Doubt"]},{"cards_removed":["Electrodynamics"],"damage_healed":0.0,"max_hp_gain":10.0,"max_hp_loss":0.0,"gold_gain":0.0,"event_name":"Bonfire Elementals","player_choice":"Offered Rare","floor":19.0,"gold_loss":0.0,"damage_taken":0.0},{"damage_healed":0.0,"max_hp_gain":0.0,"max_hp_loss":0.0,"gold_gain":0.0,"event_name":"Masked Bandits","player_choice":"Fought Bandits","floor":21.0,"gold_loss":0.0,"damage_taken":0.0},{"damage_healed":0.0,"max_hp_gain":0.0,"max_hp_loss":0.0,"gold_gain":0.0,"event_name":"The Woman in Blue","player_choice":"Bought 1 Potion","floor":22.0,"gold_loss":0.0,"damage_taken":0.0},{"damage_healed":0.0,"max_hp_gain":0.0,"max_hp_loss":0.0,"gold_gain":999.0,"event_name":"MindBloom","player_choice":"Gold","floor":36.0,"gold_loss":0.0,"damage_taken":0.0,"cards_obtained":["Normality","Normality"]},{"damage_healed":0.0,"max_hp_gain":0.0,"max_hp_loss":0.0,"gold_gain":0.0,"event_name":"Match and Keep!","player_choice":"1 cards matched","floor":38.0,"gold_loss":0.0,"damage_taken":0.0,"cards_obtained":["Bludgeon"]},{"damage_healed":0,"gold_gain":0,"player_choice":"Memory 3","damage_taken":10,"max_hp_gain":0,"max_hp_loss":0,"event_name":"SensoryStone","floor":45,"gold_loss":0},{"damage_healed":0,"gold_gain":0,"player_choice":"Copied","damage_taken":0,"max_hp_gain":0,"max_hp_loss":0,"event_name":"Duplicator","floor":46,"gold_loss":0,"cards_obtained":["Wraith Form v2"]},{"damage_healed":0,"gold_gain":0,"player_choice":"Ignored","damage_taken":0,"max_hp_gain":0,"max_hp_loss":0,"event_name":"Tomb of Lord Red Mask","floor":47,"gold_loss":0}],"is_beta":false,"boss_relics":[{"not_picked":["Black Blood","Philosopher\u0027s Stone"],"picked":"Snecko Eye"},{"not_picked":["Fusion Hammer","Runic Dome"],"picked":"Astrolabe"}],"items_purged_floors":[4,27,37,39],"is_endless":false,"potions_floor_spawned":[1,12,16,20,21,23,28,31,40,42,44,48],"ascension_level":0}}