{"host":"rmt60uil2jppa14k","time":1612716320,"event":{"mods":["AchievementEnabler","BaseMod","Better Third Choice","Colored Powertips","Highlight Path","Minty Spire (QoL Compilation)","Quick Restart","Rare Cards Sparkle","Shop Mod","StSLib"],"gold_per_floor":[109,129,129,129,204,204,204,204,204,204,218,11,27,27,27,132,132,147,147,147,162,192,205,205,223,223,223,18,18,29,0,0,0,0],"floor_reached":33,"language":"ENG","playtime":1219,"items_purged":[],"score":283,"play_id":"7a398173-dcb4-449e-8c48-35c1f5bd070b","local_time":"20210207164520","is_ascension_mode":false,"campfire_choices":[{"floor":6,"key":"REST"},{"data":"Hello World","floor":8,"key":"SMITH"},{"data":"Zap","floor":10,"key":"SMITH"},{"floor":15,"key":"REST"},{"floor":24,"key":"REST"},{"floor":27,"key":"REST"},{"floor":32,"key":"REST"}],"circlet_count":0,"master_deck":["Strike_B","Strike_B","Strike_B","Strike_B","Defend_B","Defend_B","Defend_B","Defend_B","Zap+1","Dualcast","Hello World+1","Ball Lightning","CarveReality","Stack","Sweeping Beam","Melter","Rainbow","CurseOfTheBell","Storm+1","Zap+1","BootSequence","Tempest+1","Compile Driver+1","Turbo","Thunder Strike","Auto Shields"],"relics":["Cracked Core","Happy Flower","Bag of Marbles","Pantograph","MerchantsRug","MealTicket","Mummified Hand","Lizard Tail","Ice Cream"],"acts_visited":["Exordium","TheCity"],"potions_floor_usage":[16,16],"damage_taken":[{"damage":5,"enemies":"2 Louse","floor":1,"turns":3},{"damage":7,"enemies":"Small Slimes","floor":2,"turns":3},{"damage":1,"enemies":"Jaw Worm","floor":11,"turns":3},{"damage":20,"enemies":"Gremlin Gang","floor":13,"turns":4},{"damage":0,"enemies":"Slime Boss","floor":16,"turns":4},{"damage":19,"enemies":"Shell Parasite","floor":18,"turns":5},{"damage":5,"enemies":"3 Byrds","floor":21,"turns":4},{"damage":36,"enemies":"Snake Plant","floor":23,"turns":4},{"damage":28,"enemies":"Centurion and Healer","floor":25,"turns":6},{"damage":25,"enemies":"Colosseum Slavers","floor":29,"turns":3},{"damage":36,"enemies":"Shelled Parasite and Fungi","floor":30,"turns":6},{"damage":111,"enemies":"Champ","floor":33,"turns":13}],"seed_played":"-1815911182926078720","potions_obtained":[{"floor":1,"key":"Strength Potion"},{"floor":2,"key":"Energy Potion"},{"floor":18,"key":"SpeedPotion"}],"is_trial":false,"path_per_floor":["M","M","?","?","?","R","?","R","T","R","M","$","M","$","R","B",null,"M","?","?","M","$","M","R","M","T","R","$","?","M","?","R","B"],"character_chosen":"DEFECT","items_purchased":["Sweeping Beam","MerchantsRug","Turbo","Thunder Strike"],"campfire_rested":5,"item_purchase_floors":[12,12,28,28],"current_hp_per_floor":[70,63,68,63,52,76,76,76,76,76,75,75,55,55,79,80,80,61,61,61,56,71,35,59,31,31,55,70,45,9,9,33,0,0],"gold":0,"neow_bonus":"RANDOM_COMMON_RELIC","is_daily":false,"chose_seed":false,"campfire_upgraded":2,"win_rate":0.0,"timestamp":1612716320,"path_taken":["M","M","?","?","?","R","?","R","T","R","M","$","M","?","R","BOSS","M","?","?","M","$","M","R","?","T","R","$","?","M","?","R","BOSS"],"items_purchased_type":["Card","Relic","Card","Card"],"build_version":"2020-12-22","purchased_purges":0,"victory":false,"max_hp_per_floor":[75,75,80,80,80,80,80,80,80,80,80,80,80,80,80,80,80,80,80,80,80,80,80,80,80,80,80,80,80,80,80,80,80,80],"card_choices":[{"not_picked":["Skim","Streamline"],"picked":"Hello World","floor":1},{"not_picked":["Coolheaded","Streamline"],"picked":"Ball Lightning","floor":2},{"not_picked":["Steam","Hologram"],"picked":"Stack","floor":11},{"not_picked":["Darkness","Steam"],"picked":"Melter","floor":13},{"not_picked":["Biased Cognition","Amplify"],"picked":"Rainbow","floor":16},{"not_picked":["Cold Snap","Coolheaded+1"],"picked":"Storm+1","floor":18},{"not_picked":["Beam Cell","Go for the Eyes"],"picked":"BootSequence","floor":21},{"not_picked":["Skim","Hello World+1"],"picked":"Tempest+1","floor":23},{"not_picked":["Leap","Redo"],"picked":"Compile Driver+1","floor":25},{"not_picked":["Heatsinks","Beam Cell"],"picked":"Auto Shields","floor":30}],"player_experience":145032,"relics_obtained":[{"floor":9,"key":"Pantograph"},{"floor":17,"key":"MealTicket"},{"floor":17,"key":"Mummified Hand"},{"floor":17,"key":"Lizard Tail"},{"floor":26,"key":"Ice Cream"}],"event_choices":[{"damage_healed":0,"gold_gain":0,"player_choice":"Donut","damage_taken":0,"max_hp_gain":5,"max_hp_loss":0,"event_name":"Big Fish","floor":3,"gold_loss":0},{"damage_healed":0,"gold_gain":75,"player_choice":"Gold","damage_taken":11,"max_hp_gain":0,"max_hp_loss":0,"event_name":"betterThird:BetterGoop","floor":5,"gold_loss":0},{"damage_healed":0,"gold_gain":0,"player_choice":"Ignored","damage_taken":0,"max_hp_gain":0,"max_hp_loss":0,"event_name":"Golden Wing","floor":7,"gold_loss":0},{"damage_healed":0,"gold_gain":0,"player_choice":"Ignored","damage_taken":0,"max_hp_gain":0,"max_hp_loss":0,"event_name":"Vampires","floor":19,"gold_loss":0},{"damage_healed":0,"gold_gain":0,"player_choice":"Copied","damage_taken":0,"max_hp_gain":0,"max_hp_loss":0,"event_name":"Duplicator","floor":20,"gold_loss":0,"cards_obtained":["Zap"]},{"damage_healed":0,"gold_gain":0,"player_choice":"Fight","damage_taken":0,"max_hp_gain":0,"max_hp_loss":0,"event_name":"Colosseum","floor":29,"gold_loss":0},{"damage_healed":0,"gold_gain":0,"player_choice":"Fled From Nobs","damage_taken":0,"max_hp_gain":0,"max_hp_loss":0,"event_name":"Colosseum","floor":29,"gold_loss":0},{"damage_healed":0,"gold_gain":0,"player_choice":"Paid Fearfully","damage_taken":0,"max_hp_gain":0,"max_hp_loss":0,"event_name":"Masked Bandits","floor":31,"gold_loss":29}],"is_beta":false,"boss_relics":[{"not_picked":["Pandora\u0027s Box","Snecko Eye"],"picked":"Calling Bell"}],"items_purged_floors":[],"is_endless":false,"potions_floor_spawned":[1,2,18,29],"killed_by":"Champ","ascension_level":0}}