{"host":"ewe4oe702q4ujr6i","time":1612721735,"event":{"mods":["BaseMod","Colored Map","Colored Powertips","DeckTracker","Minty Spire (QoL Compilation)","SuperFastMode"],"gold_per_floor":[117,131,131,131,150,150,182,198,198,198,232,232,232,245,245,341,341,354,354,127,142,159,159,159],"floor_reached":23,"language":"KOR","playtime":1825,"items_purged":["Regret"],"score":201,"play_id":"63f8c7cf-f5b3-4d88-8b8f-b6189e624da6","local_time":"20210208031535","is_ascension_mode":false,"campfire_choices":[{"data":"Eruption","floor":6,"key":"SMITH"},{"data":"DeceiveReality","floor":10,"key":"SMITH"},{"data":"FlyingSleeves","floor":12,"key":"SMITH"},{"data":"Study","floor":15,"key":"SMITH"}],"circlet_count":0,"master_deck":["Strike_P","Strike_P","Strike_P","Defend_P","Defend_P","Defend_P","Defend_P","Eruption+1","Vigilance","Study+1","SashWhip+1","WaveOfTheHand","FlyingSleeves+1","DeceiveReality+1","Scrawl","CarveReality","Wireheading"],"relics":["HolyWater","NeowsBlessing","Meat on the Bone","Lizard Tail","Peace Pipe","Letter Opener","Oddly Smooth Stone"],"acts_visited":["Exordium","TheCity"],"potions_floor_usage":[11,23],"damage_taken":[{"damage":0,"enemies":"2 Louse","floor":1,"turns":1},{"damage":0,"enemies":"Jaw Worm","floor":2,"turns":1},{"damage":0,"enemies":"Cultist","floor":5,"turns":1},{"damage":46,"enemies":"3 Sentries","floor":7,"turns":8},{"damage":2,"enemies":"Looter","floor":8,"turns":3},{"damage":24,"enemies":"Lagavulin","floor":11,"turns":10},{"damage":2,"enemies":"Exordium Wildlife","floor":14,"turns":4},{"damage":74,"enemies":"The Guardian","floor":16,"turns":12},{"damage":18,"enemies":"2 Thieves","floor":18,"turns":4},{"damage":3,"enemies":"Shell Parasite","floor":21,"turns":7},{"damage":12,"enemies":"Snecko","floor":22,"turns":3},{"damage":72,"enemies":"Slavers","floor":23,"turns":5}],"seed_played":"9063819403582223967","potions_obtained":[{"floor":1,"key":"Swift Potion"},{"floor":14,"key":"LiquidMemories"},{"floor":16,"key":"Weak Potion"},{"floor":22,"key":"FearPotion"}],"is_trial":false,"path_per_floor":["M","M","?","?","M","R","E","M","T","R","E","R","?","M","R","B",null,"M","?","$","M","M","E"],"character_chosen":"WATCHER","items_purchased":["Oddly Smooth Stone"],"campfire_rested":0,"item_purchase_floors":[20],"current_hp_per_floor":[72,72,72,72,72,72,26,36,36,36,24,24,24,34,34,14,72,54,41,41,50,50,0,0],"gold":159,"neow_bonus":"THREE_ENEMY_KILL","is_daily":false,"chose_seed":false,"campfire_upgraded":4,"win_rate":0.0,"timestamp":1612721735,"path_taken":["M","M","?","?","?","R","E","M","T","R","E","R","?","M","R","BOSS","M","?","$","M","M","E"],"items_purchased_type":["Relic"],"build_version":"2020-12-22","purchased_purges":1,"victory":false,"max_hp_per_floor":[72,72,72,72,72,72,72,72,72,72,72,72,72,72,72,72,72,72,77,77,77,77,77,77],"card_choices":[{"not_picked":["WreathOfFlame","CrushJoints"],"picked":"Study","floor":1},{"not_picked":["FollowUp","Vengeance"],"picked":"SashWhip","floor":2},{"not_picked":["Adaptation","Conclude"],"picked":"FlyingSleeves","floor":5},{"not_picked":["JustLucky","EmptyFist","Protect"],"picked":"SKIP","floor":7},{"not_picked":["FollowUp","Halt"],"picked":"DeceiveReality","floor":8},{"not_picked":["Protect","Halt","FearNoEvil"],"picked":"SKIP","floor":11},{"not_picked":["Consecrate","Worship","Protect"],"picked":"SKIP","floor":14},{"not_picked":["LessonLearned","Omniscience"],"picked":"Scrawl","floor":16},{"not_picked":["SashWhip","FollowUp"],"picked":"CarveReality","floor":18},{"not_picked":["FlyingSleeves","SashWhip"],"picked":"Wireheading","floor":21},{"not_picked":["Collect+1","Swivel","SashWhip+1"],"picked":"SKIP","floor":22}],"player_experience":211687,"relics_obtained":[{"floor":7,"key":"Meat on the Bone"},{"floor":9,"key":"Lizard Tail"},{"floor":11,"key":"Peace Pipe"}],"event_choices":[{"damage_healed":0,"gold_gain":0,"cards_transformed":["Strike_P"],"player_choice":"Change","damage_taken":0,"max_hp_gain":0,"max_hp_loss":0,"event_name":"Living Wall","floor":3,"gold_loss":0,"cards_obtained":["WaveOfTheHand"]},{"damage_healed":0,"gold_gain":0,"player_choice":"Forge","damage_taken":0,"max_hp_gain":0,"max_hp_loss":0,"event_name":"Accursed Blacksmith","floor":4,"gold_loss":0,"cards_upgraded":["SashWhip"]},{"damage_healed":0,"gold_gain":0,"player_choice":"Box","damage_taken":0,"relics_obtained":["Letter Opener"],"max_hp_gain":0,"max_hp_loss":0,"event_name":"Big Fish","floor":13,"gold_loss":0,"cards_obtained":["Regret"]},{"damage_healed":0,"gold_gain":0,"player_choice":"Shed Blood","damage_taken":18,"max_hp_gain":5,"max_hp_loss":0,"event_name":"Forgotten Altar","floor":19,"gold_loss":0}],"is_beta":false,"boss_relics":[{"not_picked":["Fusion Hammer","Philosopher\u0027s Stone"],"picked":"HolyWater"}],"items_purged_floors":[20],"is_endless":false,"potions_floor_spawned":[1,14,16,22],"killed_by":"Slavers","ascension_level":0}}