{"host":"bgyhjzqafgkxdxsh","time":1612666759,"event":{"mods":["BaseMod","Colored Map","Minty Spire (QoL Compilation)","Relic Stats","StSLib","everything is the same but u backflip on backflip"],"gold_per_floor":[111,111,129,129,79,79,4,30,83,116,116,149,6,16,16,16,16],"floor_reached":16,"language":"ENG","playtime":363,"items_purged":["Defend_P"],"score":139,"play_id":"802b9996-dfcf-42cc-8c42-d1c074113781","local_time":"20210207125919","is_ascension_mode":true,"campfire_choices":[{"floor":6.0,"key":"DIG"},{"floor":11.0,"key":"REST"},{"floor":15.0,"key":"DIG"}],"circlet_count":0,"master_deck":["Strike_P","Strike_P","Strike_P","Defend_P","Defend_P","Eruption","Vigilance","Adaptation","FollowUp","Alpha","MentalFortress+1","Perseverance","ThirdEye"],"relics":["PureWater","Shovel","Question Card","Frozen Egg 2","Blood Vial","Orichalcum","Letter Opener","Ornamental Fan","TheAbacus","Juzu Bracelet"],"acts_visited":["Exordium"],"potions_floor_usage":[16],"damage_taken":[{"damage":0.0,"enemies":"Small Slimes","floor":1.0,"turns":3.0},{"damage":0.0,"enemies":"Jaw Worm","floor":3.0,"turns":2.0},{"damage":24.0,"enemies":"Lagavulin","floor":8.0,"turns":5.0},{"damage":28.0,"enemies":"3 Sentries","floor":10.0,"turns":5.0},{"damage":21.0,"enemies":"Gremlin Nob","floor":12.0,"turns":4.0},{"damage":0.0,"enemies":"2 Louse","floor":14.0,"turns":1.0},{"damage":17,"enemies":"The Guardian","floor":16,"turns":2}],"seed_played":"-3118701125318750095","potions_obtained":[{"floor":1.0,"key":"BlessingOfTheForge"},{"floor":14.0,"key":"Block Potion"}],"is_trial":false,"path_per_floor":["M","?","M","T","?","R","$","E","T","E","R","E","$","M","R","B"],"character_chosen":"WATCHER","items_purchased":["TheAbacus"],"campfire_rested":1,"item_purchase_floors":[13],"current_hp_per_floor":[65,58,58,58,58,58,58,34,34,8,27,8,8,10,10,0,0],"gold":16,"neow_bonus":"ONE_RARE_RELIC","is_daily":false,"chose_seed":false,"campfire_upgraded":0,"win_rate":0.0,"timestamp":1612666759,"path_taken":["M","?","M","?","?","R","$","E","T","E","R","E","$","M","R","BOSS"],"items_purchased_type":["Relic"],"build_version":"2020-12-22","purchased_purges":1,"victory":false,"max_hp_per_floor":[65,65,65,65,65,65,65,65,65,65,65,65,65,65,65,65,65],"relic_stats":{"Blood Vial":8,"Shovel":2,"TheAbacus":[0],"counters":[7,22],"Ornamental Fan":[4],"Juzu Bracelet":0,"Letter Opener":[0],"Orichalcum":[36],"Question Card":4,"obtain_stats":[{"Blood Vial":8,"Shovel":0,"TheAbacus":13,"Ornamental Fan":12,"Juzu Bracelet":15,"Letter Opener":10,"PureWater":0,"Frozen Egg 2":6,"Orichalcum":9,"Question Card":4},{"Blood Vial":3,"Shovel":0,"TheAbacus":5,"Ornamental Fan":5,"Juzu Bracelet":6,"Letter Opener":4,"PureWater":0,"Frozen Egg 2":2,"Orichalcum":3,"Question Card":2},{"Blood Vial":10,"Shovel":0,"TheAbacus":19,"Ornamental Fan":19,"Juzu Bracelet":20,"Letter Opener":15,"PureWater":0,"Frozen Egg 2":5,"Orichalcum":10,"Question Card":5}]},"card_choices":[{"not_picked":["Wireheading","FollowUp"],"picked":"Adaptation","floor":1.0},{"not_picked":["Weave","CrushJoints"],"picked":"FollowUp","floor":3.0},{"not_picked":["Protect","Halt","Wireheading+1"],"picked":"Alpha","floor":8.0},{"not_picked":["FlurryOfBlows","EmptyFist","Crescendo"],"picked":"MentalFortress+1","floor":10.0},{"not_picked":["ThirdEye","Evaluate","Judgement"],"picked":"Perseverance","floor":12.0},{"not_picked":["Protect","LikeWater+1","Halt"],"picked":"ThirdEye","floor":14.0}],"player_experience":466649,"relics_obtained":[{"floor":4.0,"key":"Question Card"},{"floor":6.0,"key":"Frozen Egg 2"},{"floor":8.0,"key":"Blood Vial"},{"floor":9.0,"key":"Orichalcum"},{"floor":10.0,"key":"Letter Opener"},{"floor":12.0,"key":"Ornamental Fan"},{"floor":15.0,"key":"Juzu Bracelet"}],"event_choices":[{"cards_removed":["Strike_P"],"damage_healed":0.0,"max_hp_gain":0.0,"max_hp_loss":0.0,"gold_gain":0.0,"event_name":"Golden Wing","player_choice":"Card Removal","floor":2.0,"gold_loss":0.0,"damage_taken":7.0},{"cards_removed":["Defend_P"],"damage_healed":0.0,"max_hp_gain":0.0,"max_hp_loss":0.0,"gold_gain":0.0,"event_name":"The Cleric","player_choice":"Card Removal","floor":5.0,"gold_loss":50.0,"damage_taken":0.0}],"is_beta":false,"boss_relics":[],"items_purged_floors":[7],"is_endless":false,"potions_floor_spawned":[1,14],"killed_by":"The Guardian","ascension_level":4}}