{"host":"m4gb89kpcfic7v2a","time":1612724151,"event":{"mods":["BaseMod","BetterRewards","Downfall","Minty Spire (QoL Compilation)","StSLib"],"gold_per_floor":[99,99,99,24,85,85,110,126,11,11,11,31,45,71,89,192,242,242,69,154,154,170,170,170,370,384,403,413,413,427,446,459,459,459,459],"floor_reached":33,"language":"ENG","playtime":3590,"items_purged":["Slimebound:Strike_Slimebound","Slimebound:Strike_Slimebound","Slimebound:Defend_Slimebound"],"score":247,"play_id":"6564b416-7c17-40f9-963d-1501587df6f3","local_time":"20210207115551","is_ascension_mode":false,"campfire_choices":[{"data":"Slimebound:CorrosiveSpit","floor":1,"key":"SMITH"},{"data":"Slimebound:Split","floor":6,"key":"SMITH"},{"data":"Slimebound:SplitMire","floor":11,"key":"SMITH"},{"data":"Slimebound:LeadByExample","floor":18,"key":"SMITH"},{"data":"Slimebound:Gluttony","floor":29,"key":"SMITH"}],"circlet_count":0,"master_deck":["Slimebound:Tackle","Slimebound:Defend_Slimebound+1","Slimebound:Defend_Slimebound+1","Slimebound:Defend_Slimebound","Slimebound:Split+1","Slimebound:CorrosiveSpit+1","Slimebound:ProtectTheBoss","Slimebound:PressTheAttack","Slimebound:SplitMire","Slimebound:Nibble+1","Slimebound:SplitMire+1","Slimebound:CorrosiveSpit+1","Slimebound:PressTheAttack","Slimebound:ItLooksTasty","Slimebound:Repurpose","Slimebound:LeechLife","Slimebound:LeadByExample+1","Slimebound:GoopSpray","Slimebound:TongueLash","Slimebound:RejuvenatingLick","Slimebound:MegaLick","Slimebound:Gluttony+1","Slimebound:Schlurp","Slimebound:SamplingLick","Slimebound:SamplingLick+1"],"relics":["Slimebound:AbsorbEndCombat","downfall:HeartsMalice","War Paint","Oddly Smooth Stone","Singing Bowl","Tiny House","Darkstone Periapt","White Beast Statue"],"acts_visited":["Exordium","TheCity"],"potions_floor_usage":[],"damage_taken":[{"damage":0,"enemies":"Small Slimes","floor":2,"turns":1},{"damage":0,"enemies":"downfall:FleeingMerchant","floor":4,"turns":1},{"damage":0,"enemies":"Gremlin Nob","floor":5,"turns":1},{"damage":0,"enemies":"Cultist","floor":8,"turns":3},{"damage":3,"enemies":"downfall:FleeingMerchant","floor":9,"turns":4},{"damage":2,"enemies":"Jaw Worm","floor":12,"turns":2},{"damage":6,"enemies":"3 Louse","floor":13,"turns":2},{"damage":18,"enemies":"Lagavulin","floor":14,"turns":4},{"damage":7,"enemies":"Red Slaver","floor":15,"turns":2},{"damage":12,"enemies":"WA_ARCHETYPE_RETAIN","floor":16,"turns":5},{"damage":9,"enemies":"downfall:FleeingMerchant","floor":19,"turns":4},{"damage":0,"enemies":"Chosen","floor":22,"turns":3},{"damage":18,"enemies":"3 Byrds","floor":26,"turns":6},{"damage":13,"enemies":"Centurion and Healer","floor":27,"turns":4},{"damage":8,"enemies":"3 Cultists","floor":28,"turns":4},{"damage":27,"enemies":"Snake Plant","floor":30,"turns":3},{"damage":10,"enemies":"Cultist and Chosen","floor":31,"turns":4},{"damage":23,"enemies":"Snecko","floor":32,"turns":5},{"damage":89,"enemies":"SI_MIRROR_ARCHETYPE","floor":33,"turns":8}],"seed_played":"-8741664334902484682","potions_obtained":[{"floor":5,"key":"EssenceOfSteel"},{"floor":12,"key":"DuplicationPotion"},{"floor":13,"key":"DistilledChaos"},{"floor":17,"key":"LiquidMemories"},{"floor":27,"key":"DuplicationPotion"}],"is_trial":false,"path_per_floor":["R","M","?","$","?","R","T","M","$","?","R","M","M","E","M","B",null,"R","$","?","?","M","T","T","?","M","M","M","R","M","M","M","B"],"character_chosen":"SLIMEBOUND","items_purchased":["Slimebound:TongueLash"],"campfire_rested":0,"item_purchase_floors":[19],"current_hp_per_floor":[65,65,65,65,65,65,65,65,64,64,64,65,63,49,48,44,72,72,63,51,51,61,61,61,61,51,48,48,48,47,47,56,0,0,0],"gold":459,"neow_bonus":"THREE_ENEMY_KILL","is_daily":false,"chose_seed":false,"campfire_upgraded":5,"win_rate":0.0,"timestamp":1612724151,"path_taken":["R","M","?","?","?","R","T","M","$","?","R","?","M","E","M","BOSS","R","$","?","?","M","?","T","?","?","M","M","R","M","?","M","BOSS"],"items_purchased_type":["Card"],"build_version":"2020-12-22","purchased_purges":3,"victory":false,"max_hp_per_floor":[65,65,65,65,65,65,65,65,65,65,65,65,65,67,67,67,72,72,72,72,72,72,72,72,72,72,74,74,74,74,76,76,76,76,76],"card_choices":[{"not_picked":["Slimebound:RainOfGoop","Slimebound:HauntingLick"],"picked":"Slimebound:ProtectTheBoss","floor":2},{"not_picked":["Slimebound:Chomp","Slimebound:ComboTackle"],"picked":"Slimebound:PressTheAttack","floor":4},{"not_picked":["Slimebound:GoopSpray","Slimebound:FinishingTackle"],"picked":"Slimebound:SplitMire","floor":5},{"not_picked":["Slimebound:LeechEnergy","Slimebound:SlimeSpikes"],"picked":"Slimebound:Nibble","floor":8},{"not_picked":["Slimebound:RollThrough","Slimebound:LeechLife"],"picked":"Slimebound:SplitMire","floor":9},{"not_picked":["Slimebound:Dissolve","Slimebound:SlimeSpikes"],"picked":"Slimebound:PressTheAttack","floor":12},{"not_picked":["Slimebound:DisruptingSlam","Slimebound:Schlurp"],"picked":"Slimebound:ItLooksTasty","floor":13},{"not_picked":["Slimebound:Prepare","Slimebound:FormOfPuddle","Slimebound:Schlurp"],"picked":"Singing Bowl","floor":14},{"not_picked":["Slimebound:ComboTackle","Slimebound:ForwardTackle"],"picked":"Slimebound:Repurpose","floor":15},{"not_picked":["Slimebound:SlimeSlap","Slimebound:MassFeed"],"picked":"Slimebound:LeechLife","floor":16},{"not_picked":["Slimebound:FormOfPuddle","Slimebound:ViciousTackle"],"picked":"Slimebound:LeadByExample","floor":17},{"not_picked":["Slimebound:SplitLeeching","Slimebound:LivingWall"],"picked":"Slimebound:GoopSpray","floor":19},{"not_picked":["Slimebound:SlimeBarrage+1","Slimebound:SplitMire+1"],"picked":"Slimebound:MegaLick","floor":22},{"not_picked":["Slimebound:GoopSpray","Slimebound:Repurpose"],"picked":"Slimebound:Gluttony","floor":26},{"not_picked":["Slimebound:Repurpose","Slimebound:DisruptingSlam+1","Slimebound:LeechEnergy"],"picked":"Singing Bowl","floor":27},{"not_picked":["Slimebound:SplitMire","Slimebound:ComboTackle"],"picked":"Slimebound:Schlurp","floor":28},{"not_picked":["Slimebound:SplitLeeching+1","Slimebound:DisruptingSlam"],"picked":"Slimebound:SamplingLick","floor":30},{"not_picked":["Slimebound:MassRepurpose","Slimebound:DisruptingSlam+1","Slimebound:LeadByExample"],"picked":"Singing Bowl","floor":31},{"not_picked":["Slimebound:Schlurp","Slimebound:LevelUp"],"picked":"Slimebound:SamplingLick+1","floor":32}],"player_experience":203120,"relics_obtained":[{"floor":5,"key":"War Paint"},{"floor":7,"key":"Oddly Smooth Stone"},{"floor":14,"key":"Singing Bowl"},{"floor":23,"key":"Darkstone Periapt"},{"floor":24,"key":"White Beast Statue"}],"event_choices":[{"cards_removed":["Slimebound:Strike_Slimebound"],"damage_healed":0,"gold_gain":0,"player_choice":"Offered Basic","damage_taken":0,"max_hp_gain":0,"max_hp_loss":0,"event_name":"Bonfire Elementals","floor":3,"gold_loss":0},{"damage_healed":0,"gold_gain":0,"player_choice":"Read","damage_taken":0,"max_hp_gain":0,"max_hp_loss":0,"event_name":"The Library","floor":21,"gold_loss":0,"cards_obtained":["Slimebound:RejuvenatingLick"]}],"is_beta":false,"boss_relics":[{"not_picked":["Slimebound:TarBlob","bronze:MakeshiftBattery"],"picked":"Tiny House"}],"items_purged_floors":[4,9,19],"is_endless":false,"potions_floor_spawned":[5,12,13,15,16,22,26,27,28,30,31,32],"killed_by":"SI_MIRROR_ARCHETYPE","ascension_level":0}}