{"host":"ewns8ifhbubwkcum","time":1612675338,"event":{"mods":["BaseMod","Block Reminder","Colored Map","Colored Powertips","Downfall","Highlight Path","Minty Spire (QoL Compilation)","Permanent Neow","Quick Restart","Random Character Button","StSLib"],"gold_per_floor":[99,117,132,232,250,277,277,303,303,336,236,46,71,90,103,198,198,98,108,122,135,147,180,206,240,8,8,20,20,47,60,79,176,176,176,195,207,256,227,251,278,306,365,394,394,294,323,323,342,342,342,378,10,10,10,10],"floor_reached":57,"language":"ENG","playtime":6348,"items_purged":["Pain","champ:Strike","champ:Strike","champ:Strike"],"score":1738,"play_id":"62eabc38-b646-4f36-a579-28220ed80f89","local_time":"20210206232218","is_ascension_mode":true,"campfire_choices":[{"data":"champ:SteelEdge","floor":1.0,"key":"SMITH"},{"floor":11.0,"key":"RECALL"},{"data":"champ:HoldFirm","floor":18,"key":"SMITH"},{"floor":27,"key":"REST"},{"data":"champ:ArenaPreparation","floor":29,"key":"SMITH"},{"data":"champ:Improvising","floor":35,"key":"SMITH"},{"data":"champ:BerserkerStyle","floor":46,"key":"SMITH"},{"data":"champ:ArenaPreparation","floor":54,"key":"SMITH"}],"circlet_count":0,"master_deck":["champ:Strike","champ:Defend","champ:Defend","champ:Defend","champ:Execute","champ:Taunt+1","champ:SteelEdge+1","champ:FocusedBerserking","champ:Endure","champ:BerserkerStyle","champ:AdrenalArmor","champ:TripleStrike","champ:FanOfKnives","champ:HoldFirm+1","champ:Improvising+1","champ:Encircle","champ:BerserkerStyle+1","champ:SteelEdge","champ:Encircle+1","champ:CrookedStrike","champ:FaceSlap+1","champ:Shatter","champ:Duel","champ:BringItOn","champ:ArenaPreparation+1","champ:ShieldWall","champ:BringItOn","champ:RageSigil+1","champ:AdrenalArmor","champ:EnGarde+1","champ:Shatter+1","champ:ArenaPreparation+1","champ:RecklessLeap+1","champ:Haymaker","champ:IronFortress"],"relics":["champ:ChampionCrown","Gambling Chip","Ginger","Bottled Lightning","Toy Ornithopter","downfall:HeartBlessingGreen","Ancient Tea Set","Philosopher\u0027s Stone","downfall:HeartBlessingRed","Singing Bowl","Centennial Puzzle","Mummified Hand","Smiling Mask","SlaversCollar","Thread and Needle","Guardian:PocketSentry","CeramicFish","Pen Nib","Lizard Tail","MealTicket","downfall:HeartBlessingBlue","Nunchaku","Slimebound:PreparedRelic"],"acts_visited":["Exordium","TheCity","TheBeyond","TheEnding"],"potions_floor_usage":[15,16,21,30,32,38,44,50,52,53,56],"damage_taken":[{"damage":13.0,"enemies":"Small Slimes","floor":2.0,"turns":5.0},{"damage":18.0,"enemies":"Cultist","floor":3.0,"turns":3.0},{"damage":22.0,"enemies":"Jaw Worm","floor":5.0,"turns":3.0},{"damage":80.0,"enemies":"3 Sentries","floor":6.0,"turns":11.0},{"damage":84.0,"enemies":"Lagavulin","floor":8.0,"turns":8.0},{"damage":38.0,"enemies":"Gremlin Nob","floor":10.0,"turns":3.0},{"damage":27.0,"enemies":"downfall:FleeingMerchant","floor":12.0,"turns":4.0},{"damage":25.0,"enemies":"3 Sentries","floor":13.0,"turns":3.0},{"damage":25.0,"enemies":"Gremlin Gang","floor":14.0,"turns":4.0},{"damage":35,"enemies":"3 Louse","floor":15,"turns":2},{"damage":42,"enemies":"IC_STATUS_ARCHETYPE","floor":16,"turns":7},{"damage":47,"enemies":"Shell Parasite","floor":19,"turns":3},{"damage":64,"enemies":"Centurion and Healer","floor":20,"turns":6},{"damage":35,"enemies":"Cultist and Chosen","floor":21,"turns":3},{"damage":55,"enemies":"Snecko","floor":22,"turns":3},{"damage":46,"enemies":"Slavers","floor":23,"turns":3},{"damage":59,"enemies":"Gremlin Leader","floor":25,"turns":4},{"damage":51,"enemies":"downfall:FleeingMerchant","floor":26,"turns":4},{"damage":54,"enemies":"Centurion and Healer","floor":28,"turns":3},{"damage":31,"enemies":"Slavers","floor":30,"turns":3},{"damage":43,"enemies":"Sentry and Sphere","floor":31,"turns":3},{"damage":13,"enemies":"Snake Plant","floor":32,"turns":2},{"damage":97,"enemies":"WA_ARCHETYPE_CALM","floor":33,"turns":4},{"damage":67,"enemies":"3 Shapes","floor":36,"turns":3},{"damage":49,"enemies":"Orb Walker","floor":37,"turns":2},{"damage":71,"enemies":"2 Orb Walkers","floor":38,"turns":4},{"damage":35,"enemies":"downfall:FleeingMerchant","floor":39,"turns":2},{"damage":28,"enemies":"Jaw Worm Horde","floor":40,"turns":4},{"damage":162,"enemies":"Nemesis","floor":42,"turns":5},{"damage":36,"enemies":"Nemesis","floor":43,"turns":3},{"damage":82,"enemies":"Reptomancer","floor":44,"turns":3},{"damage":90,"enemies":"Giant Head","floor":47,"turns":5},{"damage":114,"enemies":"Maw","floor":49,"turns":4},{"damage":98,"enemies":"SI_POISON_ARCHETYPE","floor":50,"turns":4},{"damage":197,"enemies":"downfall:CharBossMerchant","floor":52,"turns":4},{"damage":180,"enemies":"downfall:NeowBoss","floor":55,"turns":7},{"damage":169,"enemies":"downfall:NeowBossFinal","floor":56,"turns":5}],"seed_played":"7093624779415193172","potions_obtained":[{"floor":5.0,"key":"SteroidPotion"},{"floor":8.0,"key":"hexamod:SoulburnPotion"},{"floor":13.0,"key":"Weak Potion"},{"floor":14.0,"key":"PowerPotion"},{"floor":15,"key":"champ:UltimateStancePotion"},{"floor":20,"key":"Ancient Potion"},{"floor":22,"key":"Energy Potion"},{"floor":28,"key":"Explosive Potion"},{"floor":30,"key":"Fire Potion"},{"floor":33,"key":"Ancient Potion"},{"floor":37,"key":"SkillPotion"},{"floor":38,"key":"Dexterity Potion"},{"floor":42,"key":"champ:TechniquePotion"},{"floor":49,"key":"Explosive Potion"}],"is_trial":false,"path_per_floor":["R","M","M","?","M","E","T","E","?","E","R","$","E","M","M","B",null,"R","M","M","M","M","E","T","E","$","R","M","R","E","M","M","B",null,"R","M","M","?","$","M","T","E","?","E","?","R","E","?","M","B",null,"E","$","R","B","B",null],"character_chosen":"THE_CHAMP","items_purchased":["SpeedPotion","SteroidPotion","champ:BringItOn","champ:ArenaPreparation","Guardian:PocketSentry","CeramicFish","champ:Haymaker","champ:IronFortress","Fruit Juice","Energy Potion","SneckoOil"],"campfire_rested":1,"item_purchase_floors":[12,12,26,26,39,39,53,53,53,53,53],"current_hp_per_floor":[90,87,84,84,82,57,57,35,35,28,28,28,38,33,38,31,90,90,89,83,88,88,72,72,41,27,54,56,56,63,63,67,69,98,98,90,90,75,75,75,75,77,77,82,82,92,94,94,94,96,116,103,121,121,121,97],"gold":10,"neow_bonus":"THREE_RARE_CARDS","is_daily":false,"chose_seed":false,"campfire_upgraded":6,"win_rate":0.0,"timestamp":1612675338,"path_taken":["R","M","M","?","?","E","T","E","?","E","R","$","E","M","M","BOSS","R","M","M","M","M","E","T","E","$","R","M","R","E","M","M","BOSS","R","M","?","?","$","M","T","E","?","E","?","R","E","?","M","BOSS","E","$","R","BOSS","BOSS"],"items_purchased_type":["Potion","Potion","Card","Card","Relic","Relic","Card","Card","Potion","Potion","Potion"],"build_version":"2020-12-22","purchased_purges":4,"victory":true,"max_hp_per_floor":[90,90,90,90,90,90,90,90,90,90,90,90,90,90,90,90,90,90,90,90,90,90,90,90,90,90,90,92,92,94,94,96,98,98,98,100,100,100,100,100,100,102,102,104,104,114,116,116,116,116,116,116,121,121,121,121],"card_choices":[{"not_picked":["champ:GladiatorForm","champ:VampiricStrike"],"picked":"champ:SteelEdge","floor":0.0},{"not_picked":["champ:Encircle","champ:BringItOn"],"picked":"champ:FocusedBerserking","floor":2.0},{"not_picked":["champ:ShieldSigil","champ:DefensiveShout"],"picked":"champ:Endure","floor":3.0},{"not_picked":["champ:GutPunch","champ:Haymaker"],"picked":"champ:BerserkerStyle","floor":5.0},{"not_picked":["champ:FancyFootwork","champ:CrownThrow"],"picked":"champ:AdrenalArmor","floor":6.0},{"not_picked":["champ:EnGarde","champ:Encircle"],"picked":"champ:TripleStrike","floor":8.0},{"not_picked":["champ:StanceDance","champ:PreciseThrust"],"picked":"champ:FanOfKnives","floor":10.0},{"not_picked":["champ:BerserkerStyle","champ:FocusedBerserking"],"picked":"champ:HoldFirm","floor":12.0},{"not_picked":["champ:SwordSigil","champ:DefensiveStyle"],"picked":"champ:Improvising","floor":13.0},{"not_picked":["champ:Endure","champ:CrownThrow"],"picked":"champ:Encircle","floor":14.0},{"not_picked":["champ:PerfectedStrike","champ:Backstep"],"picked":"champ:BerserkerStyle","floor":15},{"not_picked":["champ:CheapShot","champ:ShieldThrow"],"picked":"champ:SteelEdge","floor":16},{"not_picked":["champ:FocusedBerserking","champ:Circumvent"],"picked":"champ:Encircle+1","floor":19},{"not_picked":["champ:Circumvent","champ:ShieldSigil"],"picked":"champ:CrookedStrike","floor":20},{"not_picked":["champ:PreciseThrust","champ:GladiatorStyle","champ:DefensiveStyle"],"picked":"SKIP","floor":21},{"not_picked":["champ:FlashCut","champ:CrownThrow","champ:TornadoPunch"],"picked":"SKIP","floor":22},{"not_picked":["champ:CrookedStrike+1","champ:EnGarde"],"picked":"champ:FaceSlap+1","floor":23},{"not_picked":["champ:DefensiveShout+1","champ:StanceDance"],"picked":"champ:Shatter","floor":25},{"not_picked":["champ:DefensiveStyle","champ:VampiricStrike"],"picked":"champ:Duel","floor":26},{"not_picked":["champ:FlashCut","champ:DefensiveShout","champ:Haymaker+1"],"picked":"Singing Bowl","floor":28},{"not_picked":["champ:FanOfKnives","champ:PerfectedStrike+1","champ:PreciseThrust"],"picked":"Singing Bowl","floor":30},{"not_picked":["champ:SetATrap","champ:SkillfulDodge"],"picked":"champ:ShieldWall","floor":31},{"not_picked":["champ:ShieldSlam","champ:CrownThrow+1","champ:TornadoPunch"],"picked":"Singing Bowl","floor":32},{"not_picked":["champ:Devastate","champ:DancingMaster","champ:EnchantShield"],"picked":"Singing Bowl","floor":33},{"not_picked":["champ:SetATrap","champ:GladiatorStyle","champ:BerserkersShout+1"],"picked":"Singing Bowl","floor":36},{"not_picked":["champ:ViciousMockery","champ:Encircle+1"],"picked":"champ:BringItOn","floor":37},{"not_picked":["champ:FocusedBerserking","champ:ArenaPreparation+1"],"picked":"champ:RageSigil+1","floor":38},{"not_picked":["champ:FlashCut+1","champ:BringItOn+1"],"picked":"champ:AdrenalArmor","floor":39},{"not_picked":["champ:PreciseThrust+1","champ:RapidStrikes"],"picked":"champ:EnGarde+1","floor":40},{"not_picked":["champ:FaceSlap","champ:CalledShot","champ:RisingSlash"],"picked":"Singing Bowl","floor":42},{"not_picked":["champ:Backstep","champ:PreemptiveStrike+1"],"picked":"champ:Shatter+1","floor":43},{"not_picked":["champ:CheapShot","champ:RapidStrikes+1","champ:ShieldSigil"],"picked":"Singing Bowl","floor":44},{"not_picked":["champ:PerfectedStrike","champ:BladeFlurry","champ:EnGarde+1"],"picked":"Singing Bowl","floor":47},{"not_picked":["champ:BladeFlurry+1","champ:GutPunch"],"picked":"champ:ArenaPreparation","floor":49},{"not_picked":["champ:Lariat+1","champ:SkillfulDodge"],"picked":"champ:RecklessLeap+1","floor":52}],"player_experience":1106710,"relics_obtained":[{"floor":6.0,"key":"Gambling Chip"},{"floor":7.0,"key":"Ginger"},{"floor":8.0,"key":"Bottled Lightning"},{"floor":10.0,"key":"Toy Ornithopter"},{"floor":13.0,"key":"Ancient Tea Set"},{"floor":23,"key":"Singing Bowl"},{"floor":24,"key":"Centennial Puzzle"},{"floor":25,"key":"Mummified Hand"},{"floor":30,"key":"Smiling Mask"},{"floor":38,"key":"Thread and Needle"},{"floor":42,"key":"Pen Nib"},{"floor":43,"key":"Lizard Tail"},{"floor":44,"key":"MealTicket"},{"floor":47,"key":"Nunchaku"},{"floor":52,"key":"Slimebound:PreparedRelic"}],"event_choices":[{"damage_healed":0,"gold_gain":0,"player_choice":"Fight","damage_taken":0,"max_hp_gain":0,"max_hp_loss":0,"event_name":"Mysterious Sphere","floor":38,"gold_loss":0},{"cards_removed":["champ:Defend"],"damage_healed":0,"gold_gain":0,"player_choice":"Removed Skill","damage_taken":0,"max_hp_gain":0,"max_hp_loss":0,"event_name":"Falling","floor":45,"gold_loss":0}],"is_beta":false,"boss_relics":[{"not_picked":["Tiny House","Sozu"],"picked":"Philosopher\u0027s Stone"},{"not_picked":["sneckomod:SneckoTalon","Empty Cage"],"picked":"SlaversCollar"}],"items_purged_floors":[12,26,39,53],"is_endless":false,"potions_floor_spawned":[5,8,13,14,15,20,22,28,30,33,37,38,42,49],"ascension_level":3}}