{"host":"xp5rvh2jwe2ejyfm","time":1612709233,"event":{"mods":["2.2 Compatiblity","Aspiration","BaseMod","Better Altar","Better Match","Better Note","Better Sensory Stone","Better Skull","BetterRewards","Colored Powertips","Conspire","Downfall","GifTheSpireLib","Gremlin Mod","GungeonMod","Hermit","Hubris","Jorbs\u0027s Wanderer Trilogy","Minty Spire (QoL Compilation)","Potionbrewer","Quick Restart","Replay The Spire","Robot Space Explorer","Shade Mod","Somnambulant","StSLib","The Bug Knight","The Clintock","The Construct","The Cursed","The Disciple","The Forsaken","The Hierophant","The Necromancer","The Runesmith","The Servant 0.9.4","The Valiant","The Witch","TheFirefly","thorton"],"gold_per_floor":[112,130,46,221,30,30,46,65,91,116,116,116,135,64,64,160,160,171,181,194,194,209,209,209,209],"floor_reached":24,"language":"ENG","playtime":1341,"items_purged":[],"score":200,"play_id":"c1f9f75c-a91a-4ff4-bfe2-238cd44047c9","local_time":"20210207094713","is_ascension_mode":false,"campfire_choices":[{"data":"potionbrewer:Collect","floor":6,"key":"SMITH"},{"floor":11,"key":"RECALL"},{"data":"potionbrewer:PortableLab","floor":15,"key":"SMITH"},{"floor":23,"key":"REST"}],"circlet_count":0,"master_deck":["potionbrewer:PotionbrewerStrike","potionbrewer:PotionbrewerStrike","potionbrewer:PotionbrewerStrike","potionbrewer:PotionbrewerStrike","potionbrewer:PotionbrewerDefend","potionbrewer:PotionbrewerDefend","potionbrewer:PotionbrewerDefend","potionbrewer:PotionbrewerDefend","potionbrewer:Collect+1","potionbrewer:ChemicalSpill","potionbrewer:IronHeart","potionbrewer:Refill","potionbrewer:FortifiedSerum","potionbrewer:FortifiedSerum","potionbrewer:Shovel","Doubt","potionbrewer:ChainReaction","potionbrewer:ChemicalWeapons","potionbrewer:ChainReaction","potionbrewer:BalancedFormula","potionbrewer:BalancedFormula","potionbrewer:PortableLab+1","CurseOfTheBell","potionbrewer:ChoosePotion","potionbrewer:Prototype","potionbrewer:ChokingPowder","potionbrewer:BlindingSpray","potionbrewer:BeatDown"],"relics":["potionbrewer:PotionKit","NeowsBlessing","DemoMod:GnawedKey","Oddly Smooth Stone","Peace Pipe","Calling Bell","Smiling Mask","DemoMod:JetPack","hubris:Zylophone"],"acts_visited":["Exordium","TheCity"],"potions_floor_usage":[8,10,10,10,10,16,16,16,16,18,18,18,19,19,19,19,20,20,20,20,21,22,22,24,24,24],"damage_taken":[{"damage":0,"enemies":"Cultist","floor":1,"turns":1},{"damage":0,"enemies":"Jaw Worm","floor":2,"turns":1},{"damage":0,"enemies":"Small Slimes","floor":7,"turns":1},{"damage":0,"enemies":"Blue Slaver","floor":8,"turns":4},{"damage":7,"enemies":"Lagavulin","floor":10,"turns":9},{"damage":14,"enemies":"Gremlin Gang","floor":13,"turns":7},{"damage":13,"enemies":"Fading Forest","floor":16,"turns":11},{"damage":6,"enemies":"Chosen","floor":18,"turns":6},{"damage":21,"enemies":"conspire:FuzzyDice","floor":19,"turns":7},{"damage":11,"enemies":"Snecko","floor":20,"turns":7},{"damage":0,"enemies":"Sentry and Sphere","floor":21,"turns":2},{"damage":10,"enemies":"conspire:HollyBat","floor":22,"turns":9},{"damage":51,"enemies":"Snake Plant","floor":24,"turns":4}],"seed_played":"-1059860371791122413","potions_obtained":[{"floor":1,"key":"Fire Potion"},{"floor":2,"key":"hexamod:SoulburnPotion"},{"floor":16,"key":"potionbrewer:DiscountPotion"},{"floor":18,"key":"DistilledChaos"},{"floor":20,"key":"SteroidPotion"}],"is_trial":false,"path_per_floor":["M","M","$","?","$","R","M","M","T","E","R","?","M","$","R","B",null,"M","M","M","M","M","R","M"],"character_chosen":"POTIONBREWER","items_purchased":["potionbrewer:FortifiedSerum","potionbrewer:Shovel","potionbrewer:ChainReaction","DemoMod:GnawedKey","potionbrewer:PortableLab"],"campfire_rested":1,"item_purchase_floors":[3,3,5,5,14],"current_hp_per_floor":[75,75,75,75,75,75,75,75,75,68,68,68,54,54,54,55,75,69,48,37,37,27,49,0,0],"gold":209,"neow_bonus":"THREE_ENEMY_KILL","is_daily":false,"chose_seed":false,"campfire_upgraded":2,"win_rate":0.0,"timestamp":1612709233,"path_taken":["M","M","$","?","$","R","M","M","T","E","R","?","M","?","R","BOSS","M","M","M","M","M","R","M"],"items_purchased_type":["Card","Card","Card","Relic","Card"],"build_version":"2020-12-22","purchased_purges":0,"victory":false,"max_hp_per_floor":[75,75,75,75,75,75,75,75,75,75,75,75,75,75,75,75,75,75,75,75,75,75,75,75,75],"card_choices":[{"not_picked":["potionbrewer:FlareUp","potionbrewer:FlashPowder"],"picked":"potionbrewer:IronHeart","floor":1},{"not_picked":["potionbrewer:LabAccident","potionbrewer:QuickStep"],"picked":"potionbrewer:Refill","floor":2},{"not_picked":["potionbrewer:TimeBomb","potionbrewer:EmptyBottle"],"picked":"potionbrewer:ChemicalWeapons","floor":7},{"not_picked":["potionbrewer:AlchemistForm","potionbrewer:Experimentation"],"picked":"potionbrewer:ChainReaction","floor":8},{"not_picked":["potionbrewer:FlashPowder","potionbrewer:LabJournal","potionbrewer:Prototype"],"picked":"potionbrewer:BalancedFormula","floor":10},{"not_picked":["potionbrewer:Smack","potionbrewer:EmptyBottle","potionbrewer:Prototype"],"picked":"potionbrewer:BalancedFormula","floor":13},{"not_picked":["potionbrewer:ResearchResults","potionbrewer:AlchemistForm","potionbrewer:Prototype"],"picked":"potionbrewer:BottomlessFlask","floor":16},{"not_picked":["potionbrewer:QuickStep","potionbrewer:VolatileSolution","potionbrewer:FortifiedSerum+1"],"picked":"potionbrewer:Prototype","floor":18},{"not_picked":["potionbrewer:VolatileSolution","potionbrewer:OneTwoPunch","potionbrewer:Prototype"],"picked":"potionbrewer:ChokingPowder","floor":19},{"not_picked":["potionbrewer:LabJournal","potionbrewer:Fuel"],"picked":"potionbrewer:BlindingSpray","floor":20},{"not_picked":["potionbrewer:Contingency","potionbrewer:LeftoverSpecimen","potionbrewer:Prototype"],"picked":"potionbrewer:BeatDown","floor":22}],"player_experience":460321,"relics_obtained":[{"floor":9,"key":"Oddly Smooth Stone"},{"floor":10,"key":"Peace Pipe"},{"floor":17,"key":"Smiling Mask"},{"floor":17,"key":"DemoMod:JetPack"},{"floor":17,"key":"hubris:Zylophone"}],"event_choices":[{"damage_healed":0,"gold_gain":175,"player_choice":"AGREE","damage_taken":0,"max_hp_gain":0,"max_hp_loss":0,"event_name":"Liars Game","floor":4,"gold_loss":0,"cards_obtained":["Doubt"]},{"damage_healed":0,"gold_gain":0,"player_choice":"Leave","damage_taken":0,"max_hp_gain":0,"max_hp_loss":0,"event_name":"The Cleric","floor":12,"gold_loss":0}],"is_beta":false,"boss_relics":[{"not_picked":["Painkiller Herb","Coffee Dripper"],"picked":"Calling Bell"}],"items_purged_floors":[],"is_endless":false,"potions_floor_spawned":[1,2,16,18,20,21],"killed_by":"Snake Plant","ascension_level":0}}