{"host":"ocll6kdfqxraqtza","time":1612718174,"event":{"mods":["2.2 Compatiblity","Act Like it!","Aspiration","BaseMod","Better Third Choice","Gensokyo","Hallownest","Hermit","Hubris","Jorbs\u0027s Wanderer Trilogy","Luminous","Marisa（霧雨　魔理沙）","Minty Spire (QoL Compilation)","Reimu（博??梦）","Replay The Spire","Shade Mod","StSLib","The Alterego","The Bug Knight","The Cursed","The Hierophant","The Marked","The Runesmith","TheBandit","Wandering Minibosses"],"gold_per_floor":[113,63,63,46,62,90,90,110,110,110,129,129,157,168,168,267,267,279,279,297,366,366,401,419,432,480,490,490,490,118,135,135,240,240,250,250,250,266,266,266,284,284,284,319,338,142,177,188,188,188,188,188,23,51,51],"floor_reached":56,"language":"ENG","playtime":2691,"items_purged":["Strike_G"],"score":1400,"play_id":"f67dd45b-e895-4263-8b37-c9bd74814157","local_time":"20210208011614","is_ascension_mode":true,"campfire_choices":[{"floor":7.0,"key":"REST"},{"data":"Apotheosis","floor":10.0,"key":"SMITH"},{"floor":12.0,"key":"REST"},{"data":"Regret","floor":15.0,"key":"PURGE"},{"floor":28.0,"key":"REST"},{"floor":32.0,"key":"REST"},{"floor":40.0,"key":"REST"},{"floor":42.0,"key":"REST"},{"floor":49,"key":"RECALL"},{"floor":52,"key":"REST"}],"circlet_count":0,"master_deck":["Strike_G","Defend_G+1","Defend_G+1","Defend_G+1","Survivor+1","Neutralize","Dash","Apotheosis+1","Runesmith:FieryHammer","Draining Mist+1","Dagger Spray","Footwork+1","Corpse Explosion","Toxin Wave+1","Neutralize","Calculated Gamble","Terror+1","Dagger Throw","Sucker Punch+1","Fluid Movement+1","Caltrops","Doppelganger","Poisoned Stab+1","Gensokyo:PrivateSquare","Pride","Blade Dance+1","Glass Knife+1","PiercingWail+1","Finisher","Masterful Stab","Hidden Blade","hubris:DuctTapeCard","After Image","Acrobatics+1","Rampage","Draining Mist","ReplayTheSpireMod:Brewmster","Flechettes+1"],"relics":["Ring of the Snake","aspiration:Nostalgia","m_RuneBlood","ReplayTheSpireMod:CursedCoin","Gremlin Food","Mirror","Runesmith:AutoHammer","Fusion Hammer","Sundial","hubris:Metronome","ReplayTheSpireMod:Lightbulb","Replay:PocketPolymizer","HoveringKite","hubris:Towel","Garlic","hubris:DuctTape","aspiration:KaomsHeart"],"acts_visited":["Exordium","TheCity","Gensokyo:Gensokyoest","TheEnding"],"potions_floor_usage":[54,55,55,55,55],"damage_taken":[{"damage":2.0,"enemies":"Small Slimes","floor":1.0,"turns":8.0},{"damage":0.0,"enemies":"Jaw Worm","floor":5.0,"turns":3.0},{"damage":30.0,"enemies":"Lagavulin","floor":6.0,"turns":8.0},{"damage":2.0,"enemies":"2 Louse","floor":8.0,"turns":3.0},{"damage":5.0,"enemies":"Exordium Wildlife","floor":11.0,"turns":6.0},{"damage":22.0,"enemies":"3 Sentries","floor":13.0,"turns":9.0},{"damage":0.0,"enemies":"Looter","floor":14.0,"turns":3.0},{"damage":23.0,"enemies":"Hexaghost","floor":16.0,"turns":12.0},{"damage":15.0,"enemies":"Spheric Guardian","floor":18.0,"turns":5.0},{"damage":8.0,"enemies":"Shell Parasite","floor":20.0,"turns":5.0},{"damage":37.0,"enemies":"Gremlin Leader","floor":23.0,"turns":7.0},{"damage":17.0,"enemies":"Centurion and Healer","floor":24.0,"turns":6.0},{"damage":10.0,"enemies":"Snake Plant","floor":25.0,"turns":4.0},{"damage":8.0,"enemies":"Snecko","floor":27.0,"turns":6.0},{"damage":11.0,"enemies":"Cultist and Chosen","floor":31.0,"turns":4.0},{"damage":33.0,"enemies":"Champ","floor":33.0,"turns":12.0},{"damage":15.0,"enemies":"Gensokyo:3_Bats","floor":35.0,"turns":4.0},{"damage":25.0,"enemies":"Gensokyo:3_Boulders","floor":38.0,"turns":3.0},{"damage":12.0,"enemies":"Gensokyo:Rafflesia","floor":41.0,"turns":7.0},{"damage":13.0,"enemies":"Gensokyo:Kasen","floor":44.0,"turns":6.0},{"damage":6.0,"enemies":"Gensokyo:Sharpion","floor":45.0,"turns":6.0},{"damage":6.0,"enemies":"Gensokyo:Doremy","floor":47.0,"turns":6.0},{"damage":3,"enemies":"Gensokyo:AtlasGolem","floor":48,"turns":6},{"damage":72,"enemies":"Gensokyo:Shinki","floor":50,"turns":11},{"damage":17,"enemies":"Shield and Spear","floor":54,"turns":8},{"damage":91,"enemies":"The Heart","floor":55,"turns":10}],"seed_played":"4026327918850271300","potions_obtained":[{"floor":5.0,"key":"FairyPotion"},{"floor":11.0,"key":"Regen Potion"},{"floor":14.0,"key":"SteroidPotion"},{"floor":18.0,"key":"LiquidMemories"},{"floor":31.0,"key":"Regen Potion"},{"floor":35.0,"key":"Swift Potion"},{"floor":38.0,"key":"AttackPotion"},{"floor":45.0,"key":"Weak Potion"},{"floor":48,"key":"SkillPotion"}],"is_trial":false,"path_per_floor":["M","?","?","$","M","E","R","M","T","R","M","R","E","M","R","B",null,"M","?","M","T","?","E","M","M","T","M","R","?","$","M","R","B",null,"M","?","?","M","?","R","M","R","T","E","M","COS","E","M","R","B",null,"R","$","E","B",null],"character_chosen":"THE_SILENT","items_purchased":["ReplayTheSpireMod:CursedCoin","Apotheosis","Replay:PocketPolymizer","ReplayTheSpireMod:Brewmster"],"campfire_rested":7,"item_purchase_floors":[4,4,30,53],"current_hp_per_floor":[70,70,56,56,59,32,53,54,54,54,52,70,51,54,54,34,70,58,58,53,53,53,19,5,24,24,19,40,40,40,32,53,23,70,58,58,58,36,22,43,34,55,55,45,42,142,139,139,139,70,170,170,170,156,68],"gold":51,"neow_bonus":"NOSTALGIA","is_daily":false,"chose_seed":false,"campfire_upgraded":1,"win_rate":0.0,"timestamp":1612718174,"path_taken":["M","?","?","$","M","E","R","M","T","R","?","R","E","M","R","BOSS","M","?","M","?","?","E","M","?","T","M","R","?","$","M","R","BOSS","M","?","?","M","?","R","?","R","T","E","M","COS","E","M","R","BOSS","R","$","E","BOSS"],"items_purchased_type":["Relic","Card","Relic","Card"],"build_version":"2020-12-22","purchased_purges":1,"victory":true,"max_hp_per_floor":[70,70,70,70,70,70,70,70,70,70,70,70,70,70,70,70,70,70,70,70,70,70,70,70,70,70,70,70,70,70,70,70,70,70,70,70,70,70,70,70,70,70,70,70,70,170,170,170,170,170,170,170,170,170,170],"card_choices":[{"not_picked":["Quick Slash","Poisoned Stab"],"picked":"Dash","floor":1.0},{"not_picked":["Tactician","Caltrops"],"picked":"Bash","floor":5.0},{"not_picked":["ReplayTheSpireMod:Shiv Toss","Bouncing Flask"],"picked":"Runesmith:FieryHammer","floor":6.0},{"not_picked":["Deadly Poison","Runesmith:CraftFirestone"],"picked":"Prepared","floor":8.0},{"not_picked":["Eviscerate","Calculated Gamble"],"picked":"Draining Mist","floor":11.0},{"not_picked":["Runesmith:ShiftingStrike","Riddle With Holes"],"picked":"Dagger Spray","floor":13.0},{"not_picked":["All Out Attack","Atom Bomb"],"picked":"Footwork","floor":14.0},{"not_picked":["Poison Darts","Envenom"],"picked":"Corpse Explosion","floor":16.0},{"not_picked":["Dodge and Roll","Prepared+1"],"picked":"Toxin Wave+1","floor":18.0},{"not_picked":["Reflex","Heel Hook"],"picked":"Terror","floor":20.0},{"not_picked":["Sucker Punch","All Out Attack"],"picked":"Calculated Gamble","floor":23.0},{"not_picked":["Bouncing Flask","Bane+1"],"picked":"Terror+1","floor":24.0},{"not_picked":["Sucker Punch","Flying Knee"],"picked":"Dagger Throw","floor":25.0},{"not_picked":["Caltrops","Bane"],"picked":"Sucker Punch+1","floor":27.0},{"not_picked":["Dodge and Roll+1","Tactician"],"picked":"Fluid Movement+1","floor":31.0},{"not_picked":["Glass Knife","ReplayTheSpireMod:Necrosis"],"picked":"Doppelganger","floor":33.0},{"not_picked":["Bane","Slice+1"],"picked":"Poisoned Stab+1","floor":35.0},{"not_picked":["Blur","Backstab"],"picked":"Blade Dance+1","floor":38.0},{"not_picked":["Dagger Throw","Flechettes"],"picked":"PiercingWail+1","floor":41.0},{"not_picked":["Quick Slash","Bouncing Flask"],"picked":"Masterful Stab","floor":44.0},{"not_picked":["hubris:SlightOfHand","Sucker Punch"],"picked":"Hidden Blade","floor":45.0},{"not_picked":["Quick Slash+1","Outmaneuver"],"picked":"After Image","floor":47},{"not_picked":["Blur+1","Runesmith:ShiftingStrike+1"],"picked":"Acrobatics+1","floor":48},{"not_picked":["Heel Hook","Sucker Punch+1"],"picked":"Flechettes+1","floor":54}],"player_experience":514043,"relics_obtained":[{"floor":6.0,"key":"Gremlin Food"},{"floor":9.0,"key":"Mirror"},{"floor":13.0,"key":"Runesmith:AutoHammer"},{"floor":21.0,"key":"Sundial"},{"floor":23.0,"key":"hubris:Metronome"},{"floor":26.0,"key":"ReplayTheSpireMod:Lightbulb"},{"floor":44.0,"key":"hubris:DuctTape"},{"floor":47,"key":"aspiration:KMNothing"},{"floor":54,"key":"aspiration:KMNothing"}],"event_choices":[{"cards_removed":["Defend_G"],"damage_healed":0.0,"max_hp_gain":0.0,"max_hp_loss":0.0,"gold_gain":0.0,"event_name":"The Cleric","player_choice":"Card Removal","floor":2.0,"gold_loss":50.0,"damage_taken":0.0},{"damage_healed":70.0,"max_hp_gain":0.0,"max_hp_loss":70.0,"gold_gain":0.0,"event_name":"betterThird:BetterShining","player_choice":"Upgrade","floor":3.0,"gold_loss":0.0,"damage_taken":14.0,"cards_upgraded":["Survivor","Defend_G"]},{"damage_healed":0.0,"max_hp_gain":0.0,"max_hp_loss":0.0,"gold_gain":0.0,"event_name":"Match and Keep!","player_choice":"2 cards matched","floor":22.0,"gold_loss":0.0,"damage_taken":0.0,"cards_obtained":["Night Terror","Neutralize"]}],"is_beta":false,"boss_relics":[{"not_picked":["Replay:Drink Me","Replay:Wanted Poster"],"picked":"Fusion Hammer"},{"not_picked":["Honey Jar","hubris:Backtick"],"picked":"HoveringKite"}],"items_purged_floors":[30],"is_endless":false,"potions_floor_spawned":[5,11,14,18,24,31,33,35,38,45,48],"ascension_level":2}}