{"host":"7tupz9hz1lyp76hf","time":1612710579,"event":{"mods":["ATMod(∞¢Ë™Mod)","BaseMod","Downfall","GifTheSpireLib","Minty Spire (QoL Compilation)","Reimu£®≤©¿ˆ¡È√Œ£©","Reliquary","Spicy Shops","StSLib","noobMod","°æ“≈ŒÔø®≈∆°øREMEMod"],"gold_per_floor":[99,99,99,24,24,24,48,80,5,47,116,116,173,86,147,274,274,224,263,263,263,348,236,236,259,322,272,327,277,432,532,575,700,700,650,4,141,141,236,394,394,430,380,437,481,481,431,431,541,566],"floor_reached":51,"language":"ZHS","playtime":3799,"items_purged":["downfall:Malfunctioning","Pain"],"score":1124,"play_id":"1e8014ce-2f72-4552-be28-f436ecb2edb5","local_time":"20210207230939","is_ascension_mode":true,"campfire_choices":[{"data":"AT_FamilyPortrait","floor":1,"key":"SMITH"},{"data":"Slimebound:CheckThePlaybook","floor":18,"key":"SMITH"},{"data":"expansioncontent:StudyTheSpire","floor":27,"key":"SMITH"},{"data":"Slimebound:TagTeam","floor":29,"key":"SMITH"},{"data":"Slimebound:RainOfGoop","floor":35,"key":"SMITH"},{"data":"Slimebound:Nibble","floor":43,"key":"SMITH"},{"data":"Slimebound:Overexert","floor":47,"key":"SMITH"}],"circlet_count":0,"master_deck":["Slimebound:Tackle+1","Slimebound:Defend_Slimebound","Slimebound:Defend_Slimebound","Slimebound:Defend_Slimebound","Slimebound:Defend_Slimebound+1","Slimebound:Split+1","Slimebound:CorrosiveSpit","REME_EyeOfCthun+1","AT_FamilyPortrait+1","Slimebound:SplitSpecialist","Slimebound:Prepare","Slimebound:RainOfGoop+1","Slimebound:GoopTackle","Slimebound:GoopSpray","Slimebound:SplitAcid","Slimebound:CheckThePlaybook+1","Slimebound:RejuvenatingLick","Bite","Bite+1","Bite","Bite","Bite+1","Slimebound:HungryTackle","Slimebound:BestDefense+1","expansioncontent:StudyTheSpire+1","Slimebound:TagTeam+1","Slimebound:SlimeSpikes+1","Slimebound:Overexert+1","Slimebound:SlimeTap+1","Slimebound:ServeAndProtect+1","Slimebound:Schlurp+1","Slimebound:Nibble+1","Slimebound:Nibble+1","Slimebound:LivingWall+1"],"relics":["Slimebound:AbsorbEndCombat","REME_ComplimentaryCards","AT_ATBox","ice","downfall:HeartsMalice","Mercury Hourglass","AT_MibuBalloonWealth","MealTicket","Slimebound:GreedOozeRelic","downfall:ShatteredFragment","Lantern","Bronze Scales","AT_TrinityForce","Pen Nib","Slimebound:MaxSlimesRelic","Oddly Smooth Stone","Art of War","reliquary:ExpiredCoupon","downfall:ExtraCursedKey","Sozu","reliquary:Stiletto","reliquary:BoilingFlask","Slimebound:AggressiveSlimeRelic","Unceasing Top","Calipers","reliquary:Buckler"],"acts_visited":["Exordium","TheCity","TheBeyond"],"potions_floor_usage":[14,16,23,33],"damage_taken":[{"damage":0,"enemies":"downfall:FleeingMerchant","floor":4,"turns":1},{"damage":0,"enemies":"downfall:FleeingMerchant","floor":5,"turns":1},{"damage":0,"enemies":"3 Sentries","floor":8,"turns":1},{"damage":0,"enemies":"Jaw Worm","floor":10,"turns":1},{"damage":14,"enemies":"2 Louse","floor":11,"turns":2},{"damage":3,"enemies":"Gremlin Nob","floor":13,"turns":2},{"damage":28,"enemies":"downfall:FleeingMerchant","floor":14,"turns":4},{"damage":6,"enemies":"Small Slimes","floor":15,"turns":1},{"damage":8,"enemies":"IC_STATUS_ARCHETYPE","floor":16,"turns":3},{"damage":0,"enemies":"Spheric Guardian","floor":19,"turns":2},{"damage":2,"enemies":"downfall:FleeingMerchant","floor":23,"turns":1},{"damage":7,"enemies":"Shelled Parasite and Fungi","floor":26,"turns":2},{"damage":0,"enemies":"REME_1_Revenger","floor":28,"turns":2},{"damage":11,"enemies":"Gremlin Leader","floor":30,"turns":5},{"damage":0,"enemies":"Snake Plant","floor":32,"turns":2},{"damage":14,"enemies":"WA_ARCHETYPE_CALM","floor":33,"turns":4},{"damage":0,"enemies":"3 Darklings","floor":37,"turns":4},{"damage":0,"enemies":"3 Shapes","floor":39,"turns":1},{"damage":33,"enemies":"Reptomancer","floor":40,"turns":8},{"damage":0,"enemies":"Transient","floor":42,"turns":5},{"damage":0,"enemies":"Giant Head","floor":44,"turns":6},{"damage":0,"enemies":"Writhing Mass","floor":45,"turns":2},{"damage":0,"enemies":"4 Shapes","floor":49,"turns":1},{"damage":0,"enemies":"DF_ARCHETYPE_ORBS","floor":50,"turns":2}],"seed_played":"-904025816385192400","potions_obtained":[{"floor":10,"key":"DuplicationPotion"},{"floor":11,"key":"Slimebound:ThreeZeroPotion"},{"floor":15,"key":"ZuzhouPotion:ReiMu"},{"floor":16,"key":"Dexterity Potion"},{"floor":19,"key":"FearPotion"},{"floor":30,"key":"CultistPotion"},{"floor":33,"key":"SpeedPotion"}],"is_trial":false,"path_per_floor":["R","?","?","$","$","?","T","E","?","M","M","?","E","$","M","B",null,"R","M","?","?","?","$","T","T","M","R","E","R","E","?","M","B",null,"R","$","M","?","M","E","T","M","R","E","M","?","R","?","M","B",null],"character_chosen":"SLIMEBOUND","items_purchased":["Bronze Scales","expansioncontent:StudyTheSpire","Pen Nib","reliquary:FerryPass","reliquary:Stiletto","reliquary:BoilingFlask","Slimebound:AggressiveSlimeRelic"],"campfire_rested":0,"item_purchase_floors":[14,23,23,23,36,36,36],"current_hp_per_floor":[65,65,53,53,53,53,53,53,53,53,41,23,20,15,13,65,65,65,65,45,45,33,43,43,43,40,40,46,46,43,43,49,43,53,53,53,53,53,58,65,65,68,68,74,75,75,75,75,76,77],"gold":566,"neow_bonus":"THREE_ENEMY_KILL","is_daily":false,"chose_seed":false,"campfire_upgraded":7,"win_rate":0.0,"timestamp":1612710579,"path_taken":["R","?","?","?","$","?","T","E","?","M","?","?","E","$","M","BOSS","R","M","?","?","?","$","T","?","M","R","E","R","E","?","M","BOSS","R","$","M","?","M","E","T","?","R","E","M","?","R","?","M","BOSS"],"items_purchased_type":["Relic","Card","Relic","Relic","Relic","Relic","Relic"],"build_version":"2020-12-22","purchased_purges":2,"victory":true,"max_hp_per_floor":[65,65,65,65,65,65,65,65,65,65,65,65,65,65,65,65,65,65,65,45,45,45,45,45,45,48,48,48,48,51,51,51,53,53,53,53,56,56,58,65,65,70,70,74,75,75,75,75,76,77],"card_choices":[{"not_picked":["Slimebound:HungryTackle","Slimebound:Prepare"],"picked":"Slimebound:SplitSpecialist","floor":4},{"not_picked":["Slimebound:RollThrough","Slimebound:GoopSpray"],"picked":"Slimebound:Prepare","floor":5},{"not_picked":["Slimebound:GrowthPunch","Slimebound:Grow","Slimebound:DivideAndConquer"],"picked":"SKIP","floor":8},{"not_picked":["Slimebound:GoopTackle","Slimebound:SamplingLick"],"picked":"Slimebound:RainOfGoop","floor":10},{"not_picked":["Slimebound:ComboTackle","Slimebound:Prepare"],"picked":"Slimebound:GoopTackle","floor":11},{"not_picked":["Slimebound:Prepare","Slimebound:DuplicatedForm","Slimebound:BestDefense"],"picked":"SKIP","floor":13},{"not_picked":["Slimebound:ProtectTheBoss","Slimebound:BestDefense"],"picked":"Slimebound:GoopSpray","floor":14},{"not_picked":["Slimebound:ItLooksTasty","Slimebound:Prepare"],"picked":"Slimebound:SplitAcid","floor":15},{"not_picked":["Slimebound:MinionMaster","Slimebound:WasteNot"],"picked":"Slimebound:CheckThePlaybook","floor":16},{"not_picked":["Slimebound:SplitLeeching","Slimebound:SamplingLick"],"picked":"Slimebound:RejuvenatingLick","floor":19},{"not_picked":["Slimebound:SplitAcid","Slimebound:ItLooksTasty"],"picked":"Slimebound:BestDefense+1","floor":23},{"not_picked":["Slimebound:SplitLeeching","Slimebound:FlameTackle","Slimebound:SplitAcid"],"picked":"SKIP","floor":26},{"not_picked":["Slimebound:HauntingLick","Slimebound:MinionMaster"],"picked":"Slimebound:TagTeam","floor":28},{"not_picked":["Slimebound:FlameTackle+1","Slimebound:FinishingTackle+1"],"picked":"Slimebound:SlimeSpikes+1","floor":30},{"not_picked":["Slimebound:SlimeBarrage","Slimebound:BestDefense","Slimebound:ItLooksTasty"],"picked":"SKIP","floor":32},{"not_picked":["Slimebound:TagTeam","Slimebound:MassFeed"],"picked":"Slimebound:Overexert","floor":33},{"not_picked":["Slimebound:HungryTackle+1","Slimebound:SpikyOuterGoop"],"picked":"Slimebound:SlimeTap+1","floor":37},{"not_picked":["Slimebound:SlimeSpikes+1","Slimebound:PressTheAttack"],"picked":"Slimebound:ServeAndProtect+1","floor":39},{"not_picked":["Slimebound:GoopTackle+1","Slimebound:LivingWall+1"],"picked":"Slimebound:Schlurp+1","floor":40},{"not_picked":["Slimebound:SlimeTap","Slimebound:RollThrough+1"],"picked":"Slimebound:Nibble","floor":42},{"not_picked":["Slimebound:GrowthPunch","Slimebound:Equalize"],"picked":"Slimebound:Nibble+1","floor":44},{"not_picked":["Slimebound:HauntingLick","Slimebound:ForwardTackle+1","Slimebound:SplitBruiser+1"],"picked":"SKIP","floor":45},{"not_picked":["Slimebound:DisruptingSlam+1","Slimebound:SplitBruiser"],"picked":"Slimebound:LivingWall+1","floor":49}],"player_experience":118923,"relics_obtained":[{"floor":7,"key":"AT_MibuBalloonWealth"},{"floor":8,"key":"MealTicket"},{"floor":13,"key":"Lantern"},{"floor":24,"key":"Slimebound:MaxSlimesRelic"},{"floor":25,"key":"Oddly Smooth Stone"},{"floor":28,"key":"Art of War"},{"floor":30,"key":"reliquary:ExpiredCoupon"},{"floor":40,"key":"Unceasing Top"},{"floor":44,"key":"Calipers"},{"floor":44,"key":"reliquary:Buckler"}],"event_choices":[{"damage_healed":0,"gold_gain":0,"player_choice":"Success","damage_taken":12,"relics_obtained":["Mercury Hourglass"],"max_hp_gain":0,"max_hp_loss":0,"event_name":"Scrap Ooze","floor":3,"gold_loss":0},{"damage_healed":0,"gold_gain":0,"player_choice":"Grow","damage_taken":0,"max_hp_gain":0,"max_hp_loss":0,"event_name":"Living Wall","floor":6,"gold_loss":0,"cards_upgraded":["Slimebound:Split"]},{"damage_healed":0,"gold_gain":0,"player_choice":"Became a vampire","damage_taken":0,"max_hp_gain":0,"max_hp_loss":20,"event_name":"Vampires","floor":20,"gold_loss":0,"cards_obtained":["Bite","Bite","Bite","Bite","Bite"]},{"damage_healed":0,"gold_gain":0,"player_choice":"Read","damage_taken":0,"max_hp_gain":0,"max_hp_loss":0,"event_name":"The Library","floor":21,"gold_loss":0,"cards_obtained":["Slimebound:HungryTackle"]},{"damage_healed":0,"gold_gain":0,"player_choice":"Got Potions","damage_taken":0,"max_hp_gain":0,"max_hp_loss":0,"event_name":"Lab","floor":38,"gold_loss":0}],"is_beta":false,"boss_relics":[{"not_picked":["Runic Pyramid","Pandora\u0027s Box"],"picked":"AT_TrinityForce"},{"not_picked":["reliquary:RedPaperclip","SacredBark"],"picked":"Sozu"}],"items_purged_floors":[4,36],"is_endless":false,"potions_floor_spawned":[10,11,15,16,19,30,33,42,44,49],"ascension_level":3}}