{"host":"x000krxjblg8jdg4","time":1612658069,"event":{"mods":["BaseMod","Downfall","Hermit","Minty Spire (QoL Compilation)","StSLib","The Cursed","The Runesmith","The Servant 0.9.4"],"gold_per_floor":[118,132,62,76,90,116,116,136,136,7,7,20,51,64,64,167,167,181,181,192,212,232,259,259,276,322,339,339,339,339,339],"floor_reached":30,"language":"ENG","playtime":1304,"items_purged":[],"score":266,"play_id":"f56819d7-1746-4be4-a88c-3208132a2333","local_time":"20210206223429","is_ascension_mode":false,"campfire_choices":[{"floor":7,"key":"REST"},{"floor":15,"key":"REST"},{"floor":24,"key":"REST"}],"circlet_count":0,"master_deck":["Strike_R","Strike_R","Strike_R","Strike_R","Strike_R","Defend_R","Defend_R","Defend_R","Defend_R","Bash","Hemokinesis","Twin Strike","Shrug It Off","Armaments","Blood for Blood+1","Perfected Strike","Flame Barrier","Rupture","Evolve","Thunderclap","Twin Strike","Flex","Anger","Immolate","Fire Breathing","Hemokinesis","Hemokinesis","Clash+1","Wild Strike","Combust+1","Rupture+1","Clash"],"relics":["Burning Blood","Art of War","Mummified Hand","Paper Frog","Philosopher\u0027s Stone","Bottled Tornado","MealTicket","PreservedInsect","Gremlin Horn"],"acts_visited":["Exordium","TheCity"],"potions_floor_usage":[16,16,21,25,27,30],"damage_taken":[{"damage":0,"enemies":"Small Slimes","floor":1,"turns":3},{"damage":7,"enemies":"Jaw Worm","floor":2,"turns":5},{"damage":2,"enemies":"Cultist","floor":4,"turns":2},{"damage":11,"enemies":"Exordium Wildlife","floor":5,"turns":6},{"damage":43,"enemies":"3 Sentries","floor":6,"turns":7},{"damage":10,"enemies":"Looter","floor":8,"turns":2},{"damage":10,"enemies":"2 Fungi Beasts","floor":12,"turns":4},{"damage":16,"enemies":"Gremlin Nob","floor":13,"turns":3},{"damage":2,"enemies":"3 Louse","floor":14,"turns":2},{"damage":71,"enemies":"Hexaghost","floor":16,"turns":9},{"damage":12,"enemies":"Shell Parasite","floor":18,"turns":5},{"damage":10,"enemies":"2 Thieves","floor":20,"turns":2},{"damage":13,"enemies":"Centurion and Healer","floor":21,"turns":4},{"damage":38,"enemies":"Snecko","floor":22,"turns":5},{"damage":38,"enemies":"Gremlin Leader","floor":23,"turns":6},{"damage":22,"enemies":"Sentry and Sphere","floor":25,"turns":4},{"damage":29,"enemies":"Centurion and Healer","floor":27,"turns":5},{"damage":16,"enemies":"Masked Bandits","floor":30,"turns":2}],"seed_played":"-1563082349690689510","potions_obtained":[{"floor":4,"key":"Guardian:BlockOnCardUsePotion"},{"floor":5,"key":"Energy Potion"},{"floor":12,"key":"SteroidPotion"},{"floor":20,"key":"Weak Potion"},{"floor":23,"key":"BloodPotion"},{"floor":27,"key":"ColorlessPotion"}],"is_trial":false,"path_per_floor":["M","M","$","M","M","E","R","M","T","$","?","M","E","M","R","B",null,"M","?","M","M","M","E","R","M","T","M","?","T","?"],"character_chosen":"IRONCLAD","items_purchased":["Shrug It Off","Armaments","Evolve","Thunderclap"],"campfire_rested":3,"item_purchase_floors":[3,3,10,10],"current_hp_per_floor":[88,87,87,88,83,46,72,68,68,68,68,64,54,58,84,19,88,82,82,78,71,39,7,33,34,34,11,11,11,0,0],"gold":339,"neow_bonus":"TEN_PERCENT_HP_BONUS","is_daily":false,"chose_seed":false,"campfire_upgraded":0,"win_rate":0.0,"timestamp":1612658069,"path_taken":["M","M","$","M","M","E","R","M","T","$","?","M","E","M","R","BOSS","M","?","M","M","M","E","R","?","T","M","?","?","?"],"items_purchased_type":["Card","Card","Card","Card"],"build_version":"2020-12-22","purchased_purges":0,"victory":false,"max_hp_per_floor":[88,88,88,88,88,88,88,88,88,88,88,88,88,88,88,88,88,88,88,88,88,88,88,88,88,88,88,88,88,88,88],"card_choices":[{"not_picked":["Twin Strike","Wild Strike"],"picked":"Hemokinesis","floor":1},{"not_picked":["Body Slam","Searing Blow"],"picked":"Twin Strike","floor":2},{"not_picked":["Limit Break","Cleave"],"picked":"Blood for Blood","floor":4},{"not_picked":["Headbutt","Dual Wield"],"picked":"Perfected Strike","floor":5},{"not_picked":["Brutality","Dark Embrace"],"picked":"Flame Barrier","floor":6},{"not_picked":["Burning Pact","Reckless Charge"],"picked":"Rupture","floor":8},{"not_picked":["Armaments","Evolve"],"picked":"Twin Strike","floor":12},{"not_picked":["Whirlwind","Uppercut"],"picked":"Flex","floor":13},{"not_picked":["Spot Weakness","Clothesline"],"picked":"Anger","floor":14},{"not_picked":["Bludgeon","Fiend Fire"],"picked":"Immolate","floor":16},{"not_picked":["True Grit","Rupture+1"],"picked":"Fire Breathing","floor":18},{"not_picked":["Twin Strike","Wild Strike"],"picked":"Hemokinesis","floor":20},{"not_picked":["Flex","Thunderclap+1"],"picked":"Clash+1","floor":21},{"not_picked":["Power Through","Headbutt"],"picked":"Wild Strike","floor":22},{"not_picked":["Corruption","Intimidate"],"picked":"Combust+1","floor":23},{"not_picked":["Body Slam","Second Wind"],"picked":"Rupture+1","floor":25},{"not_picked":["Shockwave","Cleave"],"picked":"Clash","floor":27}],"player_experience":86715,"relics_obtained":[{"floor":6,"key":"Art of War"},{"floor":9,"key":"Mummified Hand"},{"floor":13,"key":"Paper Frog"},{"floor":23,"key":"Bottled Tornado"},{"floor":26,"key":"MealTicket"},{"floor":29,"key":"Gremlin Horn"}],"event_choices":[{"damage_healed":0,"gold_gain":0,"player_choice":"Grow","damage_taken":0,"max_hp_gain":0,"max_hp_loss":0,"event_name":"Living Wall","floor":11,"gold_loss":0,"cards_upgraded":["Blood for Blood"]},{"damage_healed":0,"gold_gain":0,"player_choice":"Copied","damage_taken":0,"max_hp_gain":0,"max_hp_loss":0,"event_name":"Duplicator","floor":19,"gold_loss":0,"cards_obtained":["Hemokinesis"]},{"damage_healed":0,"gold_gain":0,"player_choice":"Opened","damage_taken":0,"relics_obtained":["PreservedInsect"],"max_hp_gain":0,"max_hp_loss":0,"event_name":"The Mausoleum","floor":28,"gold_loss":0},{"damage_healed":0,"gold_gain":0,"player_choice":"Fought Bandits","damage_taken":0,"max_hp_gain":0,"max_hp_loss":0,"event_name":"Masked Bandits","floor":30,"gold_loss":0}],"is_beta":false,"boss_relics":[{"not_picked":["Empty Cage","Ectoplasm"],"picked":"Philosopher\u0027s Stone"}],"items_purged_floors":[],"is_endless":false,"potions_floor_spawned":[4,5,12,13,14,20,23,27],"killed_by":"Masked Bandits","ascension_level":0}}