{"host":"4kmvpqjeiacgn1pr","time":1612657165,"event":{"mods":["A Penny For Your Troubles","AchievementEnabler","AlwaysNeverKeys","Aspiration","BaseMod","Bestiary","Better Altar","Better Match","Better Note","Better Sensory Stone","Better Skull","Better Third Choice","Better Vampires","BetterRewards","Colored Map","Colored Powertips","Conspire","Curses Come First","Downfall","Halation","Highlight Path","Infinite Spire","Minty Spire (QoL Compilation)","Permanent Neow","Quick Restart","Rare Cards Sparkle","Relic Sorter","Relic Stats","Replay The Spire","Reworked Bosses","Shop Mod","Smile Girya","Spicy Shops","Spikes Relics","StSLib","Waifu the Spire"],"gold_per_floor":[110,110,110,124,140,166,166,177,203,216,216,246,264,299,299,299,299],"floor_reached":16,"language":"ENG","playtime":1192,"items_purged":[],"score":183,"play_id":"0519a1ff-15bd-4777-9d71-e726eb5d2f2e","local_time":"20210206191925","is_ascension_mode":true,"campfire_choices":[{"data":"Glass Knife","floor":7,"key":"SMITH"},{"data":"Night Terror","floor":11,"key":"SMITH"},{"data":"Adrenaline","floor":15,"key":"SMITH"}],"circlet_count":0,"master_deck":["AscendersBane","Strike_G","Strike_G","Strike_G","Strike_G","Defend_G","Defend_G","Defend_G","Defend_G","Defend_G","Survivor","Neutralize","aspiration:Lunge+1","Underhanded Strike","Night Terror+1","Glass Knife+1","Dash","Dagger Throw","Adrenaline+1","Predator","Escape Plan","Escape Plan","Underhanded Strike"],"relics":["Ring of the Snake","WizardHat","MealTicket","Kunai","Bronze Scales"],"acts_visited":["Exordium"],"potions_floor_usage":[6,16,16],"damage_taken":[{"damage":0,"enemies":"2 Louse","floor":1,"turns":1},{"damage":0,"enemies":"Jaw Worm","floor":4,"turns":2},{"damage":0,"enemies":"Cultist","floor":5,"turns":3},{"damage":3,"enemies":"Lagavulin","floor":6,"turns":7},{"damage":5,"enemies":"Exordium Thugs","floor":8,"turns":4},{"damage":12,"enemies":"Large Slime","floor":10,"turns":6},{"damage":12,"enemies":"Gremlin Nob","floor":12,"turns":4},{"damage":0,"enemies":"Gremlin Gang","floor":13,"turns":1},{"damage":6,"enemies":"Lagavulin","floor":14,"turns":4},{"damage":25,"enemies":"Fading Forest","floor":16,"turns":7}],"seed_played":"5825416030137053914","potions_obtained":[{"floor":4,"key":"ColorlessPotion"},{"floor":6,"key":"Poison Potion"},{"floor":12,"key":"LiquidBronze"}],"is_trial":false,"path_per_floor":["M","?","?","M","M","E","R","M","T","M","R","E","M","E","R","B"],"character_chosen":"THE_SILENT","items_purchased":[],"campfire_rested":0,"item_purchase_floors":[],"current_hp_per_floor":[63,63,63,63,63,60,60,55,55,43,43,31,31,25,25,0,0],"gold":299,"neow_bonus":"THREE_RARE_CARDS","is_daily":false,"chose_seed":false,"campfire_upgraded":3,"win_rate":0.0,"timestamp":1612657165,"path_taken":["M","?","?","M","M","E","R","M","T","M","R","E","?","E","R","BOSS"],"items_purchased_type":[],"build_version":"2020-12-22","purchased_purges":0,"victory":false,"max_hp_per_floor":[63,63,63,63,63,63,63,63,63,63,63,63,63,63,63,63,63],"relic_stats":{"counters":[10,39],"Bronze Scales":[6],"MealTicket":0,"Kunai":[6],"obtain_stats":[{"WizardHat":6,"Bronze Scales":14,"MealTicket":9,"Kunai":12,"Ring of the Snake":0},{"WizardHat":4,"Bronze Scales":9,"MealTicket":5,"Kunai":7,"Ring of the Snake":0},{"WizardHat":13,"Bronze Scales":32,"MealTicket":17,"Kunai":27,"Ring of the Snake":0}],"Ring of the Snake":[20]},"card_choices":[{"not_picked":["Adrenaline","Phantasmal Killer"],"picked":"aspiration:Lunge","floor":0},{"not_picked":["Outmaneuver","ReplayTheSpireMod:Exploit Weakness"],"picked":"Underhanded Strike","floor":1},{"not_picked":["Backflip","Quick Slash"],"picked":"Glass Knife","floor":4},{"not_picked":["Bane","Flying Knee"],"picked":"Dash","floor":5},{"not_picked":["Sucker Punch","PiercingWail"],"picked":"Dagger Throw","floor":6},{"not_picked":["Backflip","Poisoned Stab"],"picked":"Adrenaline","floor":8},{"not_picked":["Sucker Punch","PiercingWail"],"picked":"Predator","floor":10},{"not_picked":["Quick Slash","Cloak And Dagger"],"picked":"Escape Plan","floor":12},{"not_picked":["Heel Hook","Tactician"],"picked":"Escape Plan","floor":13},{"not_picked":["Cloak And Dagger","Grand Finale"],"picked":"Underhanded Strike","floor":14}],"player_experience":448819,"relics_obtained":[{"floor":6,"key":"WizardHat"},{"floor":9,"key":"MealTicket"},{"floor":12,"key":"Kunai"},{"floor":14,"key":"Bronze Scales"}],"event_choices":[{"damage_healed":0,"gold_gain":0,"cards_transformed":["Strike_G"],"player_choice":"Change","damage_taken":0,"max_hp_gain":0,"max_hp_loss":0,"event_name":"Living Wall","floor":2,"gold_loss":0,"cards_obtained":["Night Terror"]},{"damage_healed":0,"gold_gain":0,"player_choice":"Upgraded","damage_taken":0,"max_hp_gain":0,"max_hp_loss":0,"event_name":"Upgrade Shrine","floor":3,"gold_loss":0,"cards_upgraded":["aspiration:Lunge"]}],"is_beta":false,"boss_relics":[],"items_purged_floors":[],"is_endless":false,"potions_floor_spawned":[4,6,12],"killed_by":"Fading Forest","ascension_level":10}}