{"host":"la6t950uoatqs0xt","time":1612681557,"event":{"mods":["AchievementEnabler","BaseMod","Colored Powertips","Minty Spire (QoL Compilation)","Quick Restart","Rare Cards Sparkle"],"gold_per_floor":[114,114,133,152,2,2,21,59,134,134,172,172,191,210,210,335,335,354,373,44,44,44,44,59,59,59,74,89,119,134,164,164,164,164],"floor_reached":33,"language":"ENG","playtime":1189,"items_purged":[],"score":324,"play_id":"5b295594-16ea-4577-b20d-4edd58cd4a67","local_time":"20210207020557","daily_mods":["Heirloom","ControlledChaos","Lethality"],"is_ascension_mode":false,"campfire_choices":[{"data":"PiercingWail","floor":6,"key":"SMITH"},{"data":"Sucker Punch","floor":10,"key":"SMITH"},{"floor":15,"key":"REST"},{"floor":23,"key":"REST"},{"floor":25,"key":"REST"},{"floor":32,"key":"REST"}],"circlet_count":0,"master_deck":["Strike_G","Strike_G","Strike_G","Strike_G","Strike_G","Defend_G","Defend_G","Defend_G","Defend_G","Defend_G","Survivor","Neutralize","Injury","PiercingWail+1","Sucker Punch+1","A Thousand Cuts","Backstab","Corpse Explosion","Cloak And Dagger+1","Caltrops","Trip","Underhanded Strike","Noxious Fumes","Cloak And Dagger+1","Corpse Explosion+1","Sucker Punch+1","PiercingWail+1","Phantasmal Killer+1"],"relics":["Ring of the Serpent","Frozen Eye","Thread and Needle","Bloody Idol","Pen Nib","Bird Faced Urn","Matryoshka","Boot","Orichalcum","Vajra","Toxic Egg 2","InkBottle","Dream Catcher"],"acts_visited":["Exordium","TheCity"],"potions_floor_usage":[16,16,29,31,31,33],"damage_taken":[{"damage":0,"enemies":"2 Louse","floor":1,"turns":4},{"damage":2,"enemies":"Jaw Worm","floor":3,"turns":3},{"damage":0,"enemies":"Cultist","floor":4,"turns":3},{"damage":0,"enemies":"Looter","floor":7,"turns":3},{"damage":9,"enemies":"Lagavulin","floor":8,"turns":5},{"damage":17,"enemies":"Gremlin Nob","floor":11,"turns":4},{"damage":14,"enemies":"Gremlin Gang","floor":13,"turns":4},{"damage":0,"enemies":"Red Slaver","floor":14,"turns":3},{"damage":17,"enemies":"The Guardian","floor":16,"turns":7},{"damage":19,"enemies":"Spheric Guardian","floor":18,"turns":4},{"damage":8,"enemies":"Chosen","floor":19,"turns":4},{"damage":20,"enemies":"Snake Plant","floor":24,"turns":4},{"damage":0,"enemies":"Cultist and Chosen","floor":27,"turns":4},{"damage":5,"enemies":"Snecko","floor":28,"turns":5},{"damage":17,"enemies":"Book of Stabbing","floor":29,"turns":5},{"damage":8,"enemies":"Sentry and Sphere","floor":30,"turns":4},{"damage":55,"enemies":"Gremlin Leader","floor":31,"turns":5},{"damage":59,"enemies":"Champ","floor":33,"turns":7}],"seed_played":"8884597751285247366","potions_obtained":[{"floor":3,"key":"SneckoOil"},{"floor":7,"key":"DuplicationPotion"},{"floor":14,"key":"CultistPotion"},{"floor":16,"key":"SpeedPotion"},{"floor":27,"key":"Fire Potion"},{"floor":28,"key":"PowerPotion"},{"floor":30,"key":"Energy Potion"}],"is_trial":false,"path_per_floor":["M","?","M","M","$","R","M","E","T","R","E","?","M","M","R","B",null,"M","M","$","?","?","R","M","R","T","M","M","E","M","E","R","B"],"character_chosen":"THE_SILENT","items_purchased":["Pen Nib","Orichalcum","Caltrops","Trip","Underhanded Strike"],"campfire_rested":4,"item_purchase_floors":[5,20,20,20,20],"current_hp_per_floor":[70,70,68,68,68,68,68,59,59,59,42,42,30,30,51,42,70,51,47,47,47,40,61,48,69,69,70,70,60,61,17,38,0,0],"gold":164,"neow_bonus":"","is_daily":true,"chose_seed":false,"campfire_upgraded":2,"win_rate":0.0,"timestamp":1612681557,"path_taken":["M","?","M","M","$","R","M","E","T","R","E","?","M","?","R","BOSS","M","M","$","?","?","R","M","R","T","?","M","E","M","E","R","BOSS"],"items_purchased_type":["Relic","Relic","Card","Card","Card"],"build_version":"2020-12-22","purchased_purges":0,"victory":false,"max_hp_per_floor":[70,70,70,70,70,70,70,70,70,70,70,70,70,70,70,70,70,70,70,70,70,70,70,70,70,70,70,70,70,70,70,70,70,70],"card_choices":[{"not_picked":["Prepared","Dodge and Roll","Deflect"],"picked":"SKIP","floor":1},{"not_picked":["Eviscerate","Prepared","Deflect"],"picked":"SKIP","floor":3},{"not_picked":["Dodge and Roll","Outmaneuver"],"picked":"PiercingWail","floor":4},{"not_picked":["Dagger Throw","Acrobatics"],"picked":"Sucker Punch","floor":7},{"not_picked":["Flying Knee","Deflect","Quick Slash"],"picked":"SKIP","floor":8},{"not_picked":["Reflex","Underhanded Strike"],"picked":"A Thousand Cuts","floor":11},{"not_picked":["Choke","Flying Knee"],"picked":"Backstab","floor":13},{"not_picked":["Flying Knee","Acrobatics","Quick Slash"],"picked":"SKIP","floor":14},{"not_picked":["Wraith Form v2","Die Die Die"],"picked":"Corpse Explosion","floor":16},{"not_picked":["All Out Attack","Outmaneuver","Backflip"],"picked":"SKIP","floor":18},{"not_picked":["PiercingWail","Acrobatics"],"picked":"Cloak And Dagger+1","floor":19},{"not_picked":["Heel Hook","PiercingWail"],"picked":"Noxious Fumes","floor":24},{"not_picked":["Expertise+1","PiercingWail+1","Acrobatics+1"],"picked":"SKIP","floor":27},{"not_picked":["Outmaneuver+1","Quick Slash+1"],"picked":"Cloak And Dagger+1","floor":28},{"not_picked":["Concentrate+1","Prepared+1"],"picked":"Corpse Explosion+1","floor":29},{"not_picked":["PiercingWail+1","Outmaneuver+1"],"picked":"Sucker Punch+1","floor":30},{"not_picked":["Reflex+1","Slice"],"picked":"PiercingWail+1","floor":31},{"not_picked":["Well Laid Plans","Outmaneuver+1"],"picked":"Phantasmal Killer+1","floor":32}],"player_experience":291198,"relics_obtained":[{"floor":8,"key":"Bird Faced Urn"},{"floor":9,"key":"Matryoshka"},{"floor":11,"key":"Boot"},{"floor":26,"key":"Vajra"},{"floor":26,"key":"Toxic Egg 2"},{"floor":29,"key":"InkBottle"},{"floor":31,"key":"Dream Catcher"}],"event_choices":[{"damage_healed":0,"gold_gain":0,"player_choice":"Take Wound","damage_taken":0,"relics_obtained":["Golden Idol"],"max_hp_gain":0,"max_hp_loss":0,"event_name":"Golden Idol","floor":2,"gold_loss":0,"cards_obtained":["Injury"]},{"damage_healed":0,"gold_gain":0,"player_choice":"Ignored","damage_taken":0,"max_hp_gain":0,"max_hp_loss":0,"event_name":"Liars Game","floor":12,"gold_loss":0},{"damage_healed":0,"gold_gain":0,"player_choice":"Gave Idol","damage_taken":0,"relics_obtained":["Bloody Idol"],"max_hp_gain":0,"max_hp_loss":0,"event_name":"Forgotten Altar","floor":21,"relics_lost":["Golden Idol"],"gold_loss":0},{"damage_healed":0,"gold_gain":0,"player_choice":"Damaged","damage_taken":7,"max_hp_gain":0,"max_hp_loss":0,"event_name":"Wheel of Change","floor":22,"gold_loss":0}],"is_beta":false,"boss_relics":[{"not_picked":["Philosopher\u0027s Stone","Black Star"],"picked":"Ring of the Serpent"}],"items_purged_floors":[],"is_endless":false,"potions_floor_spawned":[3,7,14,16,27,28,30],"killed_by":"Champ","ascension_level":0}}