{"host":"c2p2isezsqpgoqg6","time":1612740146,"event":{"mods":["BaseMod","BetterRewards","Colored Map","DeckTracker","Downfall","Infinite Spire","Minty Spire (QoL Compilation)","Quick Restart","StSLib","SuperFastMode"],"gold_per_floor":[116,126,139,149,163,163,163,191,263,143,143,143,43,56,56,56,155,155,155],"floor_reached":18,"language":"ENG","playtime":339,"items_purged":["Strike_R","Strike_R"],"score":162,"play_id":"3e3e95b9-607e-45d2-8137-3c2bfc6ec595","local_time":"20210208002226","is_ascension_mode":false,"campfire_choices":[{"data":"Bash","floor":6,"key":"SMITH"},{"data":"Cleave","floor":12,"key":"SMITH"},{"data":"Armaments","floor":15,"key":"SMITH"},{"floor":16,"key":"REST"}],"circlet_count":0,"master_deck":["Strike_R","Strike_R","Defend_R","Defend_R","Defend_R","Defend_R","Bash+1","Clash","Feel No Pain","Wild Strike","Dark Embrace","Cleave+1","Infernal Blade+1","Armaments+1","Havoc","Juggernaut"],"relics":["Sozu","infinitespire:Lucky Rock","Sundial","Ectoplasm"],"acts_visited":["Exordium","TheCity"],"potions_floor_usage":[],"damage_taken":[{"damage":1,"enemies":"Jaw Worm","floor":1,"turns":4},{"damage":1,"enemies":"Cultist","floor":2,"turns":3},{"damage":5,"enemies":"Small Slimes","floor":3,"turns":3},{"damage":14,"enemies":"2 Fungi Beasts","floor":4,"turns":3},{"damage":0,"enemies":"3 Louse","floor":5,"turns":3},{"damage":28,"enemies":"Gremlin Nob","floor":8,"turns":5},{"damage":12,"enemies":"Exordium Thugs","floor":14,"turns":4},{"damage":22,"enemies":"Hexaghost","floor":17,"turns":7}],"seed_played":"-774921016561939638","potions_obtained":[],"is_trial":false,"path_per_floor":["M","M","M","M","M","R","?","E","T","$","?","R","$","M","R","R","B",null],"character_chosen":"IRONCLAD","items_purchased":["Armaments"],"campfire_rested":1,"item_purchase_floors":[10],"current_hp_per_floor":[79,78,73,59,59,59,59,31,31,31,31,31,31,19,19,43,21,80,80],"gold":155,"neow_bonus":"BOSS_RELIC","is_daily":false,"chose_seed":false,"campfire_upgraded":3,"win_rate":0.0,"timestamp":1612740146,"path_taken":["M","M","M","M","M","R","?","E","T","$","?","R","$","M","R","R","BOSS"],"items_purchased_type":["Card"],"build_version":"2020-12-22","purchased_purges":2,"victory":false,"max_hp_per_floor":[80,80,80,80,80,80,80,80,80,80,80,80,80,80,80,80,80,80,80],"card_choices":[{"not_picked":["Sentinel","Second Wind"],"picked":"Clash","floor":1},{"not_picked":["Pommel Strike","Sentinel"],"picked":"Feel No Pain","floor":2},{"not_picked":["Perfected Strike","Thunderclap"],"picked":"Wild Strike","floor":3},{"not_picked":["Thunderclap","Wild Strike"],"picked":"Dark Embrace","floor":4},{"not_picked":["Uppercut","Wild Strike"],"picked":"Cleave","floor":5},{"not_picked":["Headbutt","Reckless Charge"],"picked":"Infernal Blade","floor":8},{"not_picked":["Clash","Battle Trance"],"picked":"Havoc","floor":14},{"not_picked":["Double Tap","Immolate"],"picked":"Juggernaut","floor":17}],"player_experience":480125,"relics_obtained":[{"floor":8,"key":"infinitespire:Lucky Rock"},{"floor":9,"key":"Sundial"}],"event_choices":[{"cards_removed":["Strike_R"],"damage_healed":0,"gold_gain":0,"player_choice":"Offered Basic","damage_taken":0,"max_hp_gain":0,"max_hp_loss":0,"event_name":"Bonfire Elementals","floor":7,"gold_loss":0},{"damage_healed":0,"gold_gain":0,"player_choice":"Forge","damage_taken":0,"max_hp_gain":0,"max_hp_loss":0,"event_name":"Accursed Blacksmith","floor":11,"gold_loss":0,"cards_upgraded":["Infernal Blade"]}],"is_beta":false,"boss_relics":[{"not_picked":["Runic Dome","Snecko Eye"],"picked":"Ectoplasm"}],"items_purged_floors":[10,13],"is_endless":false,"potions_floor_spawned":[2,3,4,8],"ascension_level":0}}