{"host":"ishme5wb80o83upk","time":1612701132,"event":{"mods":["BaseMod","HololiveMod","Minty Spire (QoL Compilation)","StSLib"],"gold_per_floor":[79,96,371,27,27,58,58,73,97,117,146,158,158,190,190,263,263,276,226,247,263,290,322,322,351,377,400,400,337,362,402,402,502,502,533,533,548,574,574,613,638,669,695,695,754,786,825,890,890,912,912,912,673,734,744],"floor_reached":56,"language":"KOR","playtime":2771,"items_purged":["Regret","Hololive_Strike","Hololive_Defend","Hololive_Strike"],"score":2851,"play_id":"ce81bc1d-abd2-4196-8254-2a8c7d050c5a","local_time":"20210207213212","is_ascension_mode":true,"campfire_choices":[{"data":"Hololive_FlareMind","floor":7,"key":"SMITH"},{"data":"Hololive_CallHoshimachiSuisei","floor":13,"key":"SMITH"},{"data":"Hololive_CallOmaruPolka","floor":15,"key":"SMITH"},{"data":"Hololive_CallYozoraMel","floor":24,"key":"SMITH"},{"data":"Hololive_Thief","floor":28,"key":"SMITH"},{"data":"Hololive_Teleport","floor":32,"key":"SMITH"},{"floor":44,"key":"RECALL"},{"floor":49,"key":"REST"},{"floor":52,"key":"REST"}],"circlet_count":0,"master_deck":["AscendersBane","Hololive_Defend","Hololive_CandyCastle","Hololive_CallNekomataOkayu","Hololive_CallHoshimachiSuisei+1","Hololive_CallYozoraMel+1","Hololive_CallMurasakiShion","Hololive_CallNekomataOkayu","Hololive_FlareMind+1","Hololive_CallOmaruPolka+1","Hololive_CallShishiroBotan+1","Hololive_Teleport+1","Hololive_CallYukihanaLamy+1","Hololive_CallAZKi+1","Hololive_CallInugamiKorone+1","Hololive_Thief+1","Hololive_RevenueBasedLive+1","Hololive_CallNatsuiroMatsuri+1","Hololive_CallHoushouMarine+1","Hololive_CallTokinoSora+1","Hololive_CallNakiriAyame+1","Hololive_CallMinatoAqua+1","Hololive_Thief","Hololive_CallYogiri+1","Hololive_CallAkaiHaato+1","Dark Shackles","Swift Strike","Hololive_CallOkamiMio+1","Hololive_CallUruhaRushia+1","Hololive_CallFriendA+1","Hololive_WolfAndLamb","Hololive_CallRoboco+1","Hololive_RevenueBasedLive","Hololive_Rebirth"],"relics":["Hololive_TheStar","Membership Card","Frozen Egg 2","Lizard Tail","Nunchaku","Hololive_LightStick","Happy Flower","Sozu","Ornamental Fan","Oddly Smooth Stone","Centennial Puzzle","Regal Pillow","Fusion Hammer","Omamori","Potion Belt","Singing Bowl","StoneCalendar","Calipers","Unceasing Top","TheAbacus","Lantern","Art of War"],"acts_visited":["Exordium","TheCity","TheBeyond","TheEnding"],"potions_floor_usage":[55,55],"damage_taken":[{"damage":0,"enemies":"2 Louse","floor":1,"turns":3},{"damage":0,"enemies":"Cultist","floor":2,"turns":3},{"damage":0,"enemies":"Lagavulin","floor":6,"turns":5},{"damage":0,"enemies":"Jaw Worm","floor":8,"turns":3},{"damage":0,"enemies":"2 Fungi Beasts","floor":10,"turns":3},{"damage":0,"enemies":"Gremlin Nob","floor":11,"turns":3},{"damage":0,"enemies":"Blue Slaver","floor":12,"turns":2},{"damage":0,"enemies":"3 Sentries","floor":14,"turns":5},{"damage":0,"enemies":"Hexaghost","floor":16,"turns":6},{"damage":0,"enemies":"2 Thieves","floor":18,"turns":3},{"damage":0,"enemies":"Spheric Guardian","floor":20,"turns":3},{"damage":0,"enemies":"Shelled Parasite and Fungi","floor":21,"turns":4},{"damage":0,"enemies":"3 Cultists","floor":22,"turns":3},{"damage":0,"enemies":"Slavers","floor":23,"turns":3},{"damage":0,"enemies":"Book of Stabbing","floor":25,"turns":4},{"damage":0,"enemies":"Centurion and Healer","floor":27,"turns":5},{"damage":0,"enemies":"Sentry and Sphere","floor":30,"turns":3},{"damage":5,"enemies":"Slavers","floor":31,"turns":3},{"damage":0,"enemies":"Automaton","floor":33,"turns":6},{"damage":0,"enemies":"3 Shapes","floor":35,"turns":2},{"damage":0,"enemies":"3 Darklings","floor":37,"turns":4},{"damage":0,"enemies":"Sphere and 2 Shapes","floor":38,"turns":3},{"damage":0,"enemies":"Giant Head","floor":40,"turns":7},{"damage":0,"enemies":"Spire Growth","floor":41,"turns":4},{"damage":0,"enemies":"4 Shapes","floor":42,"turns":3},{"damage":0,"enemies":"Reptomancer","floor":45,"turns":6},{"damage":0,"enemies":"Mind Bloom Boss Battle","floor":46,"turns":5},{"damage":0,"enemies":"Nemesis","floor":47,"turns":6},{"damage":0,"enemies":"2 Orb Walkers","floor":48,"turns":5},{"damage":37,"enemies":"Awakened One","floor":50,"turns":10},{"damage":0,"enemies":"Shield and Spear","floor":54,"turns":7},{"damage":0,"enemies":"The Heart","floor":55,"turns":7}],"seed_played":"-4101295855228344119","potions_obtained":[{"floor":2,"key":"FearPotion"},{"floor":10,"key":"Strength Potion"}],"is_trial":false,"path_per_floor":["M","M","?","$","T","E","R","M","T","M","E","M","R","E","R","B",null,"M","$","M","M","M","E","R","E","T","M","R","$","M","E","R","B",null,"M","?","M","M","?","E","M","M","T","R","E","?","E","?","R","B",null,"R","$","E","B",null],"character_chosen":"Hololive_HololiveCharacter","items_purchased":["Membership Card","Frozen Egg 2","TheAbacus","Lantern"],"campfire_rested":2,"item_purchase_floors":[4,4,53,53],"current_hp_per_floor":[27,27,27,27,27,27,27,27,27,27,27,27,27,27,27,27,29,29,29,29,29,29,29,29,30,30,30,30,30,30,30,30,30,30,30,30,30,30,20,30,30,30,30,30,30,30,32,32,32,16,28,32,32,32,32],"gold":744,"neow_bonus":"ONE_RANDOM_RARE_CARD","is_daily":false,"chose_seed":false,"campfire_upgraded":6,"win_rate":0.0,"timestamp":1612701132,"path_taken":["M","M","?","$","?","E","R","M","T","M","E","M","R","E","R","BOSS","M","?","?","M","M","E","R","E","T","M","R","$","M","E","R","BOSS","M","?","M","M","?","E","M","M","T","R","E","?","E","?","R","BOSS","R","$","E","BOSS"],"items_purchased_type":["Relic","Relic","Relic","Relic"],"build_version":"2020-12-22","purchased_purges":4,"victory":true,"max_hp_per_floor":[30,30,30,30,30,30,30,30,30,30,30,30,30,30,30,30,30,30,30,30,30,30,30,30,30,30,30,30,30,30,30,30,30,30,30,30,30,30,30,30,30,30,30,30,30,30,32,32,32,32,32,32,32,32,32],"card_choices":[{"not_picked":["Hololive_StrengthChampion","Hololive_BringToTrial","Hololive_Psychosis"],"picked":"Hololive_CallOmaruPolka","floor":1},{"not_picked":["Hololive_CallNekomataOkayu","Hololive_Drill","Hololive_Sequa"],"picked":"Hololive_CocoNews","floor":2},{"not_picked":["Hololive_CocoNews","Hololive_BeCareful","Hololive_Trident","Hololive_Rebound"],"picked":"SKIP","floor":6},{"not_picked":["Hololive_CallYuzukiChoco+1","Hololive_Trident","Hololive_RevenueBasedLive"],"picked":"Hololive_CallShishiroBotan+1","floor":8},{"not_picked":["Hololive_CallYogiri+1","Hololive_Psychosis","Hololive_Breathe"],"picked":"Hololive_Teleport","floor":10},{"not_picked":["Hololive_CallUruhaRushia+1","Hololive_Rebound","Hololive_HuntDinosaur"],"picked":"Hololive_CallYukihanaLamy+1","floor":11},{"not_picked":["Hololive_FlyingPonyTail","Hololive_Psychosis","Hololive_DevilCharm"],"picked":"Hololive_CallAZKi+1","floor":12},{"not_picked":["Hololive_HuntDinosaur","Hololive_CallShishiroBotan+1","Hololive_Recruit"],"picked":"Hololive_CallInugamiKorone+1","floor":14},{"not_picked":["Hololive_DurableLive","Hololive_ASMR","Hololive_ScarfAndHalo"],"picked":"Hololive_Thief","floor":16},{"not_picked":["Hololive_CallNekomataOkayu+1","Hololive_Drill","Hololive_CallShishiroBotan+1"],"picked":"Hololive_RevenueBasedLive+1","floor":18},{"not_picked":["Hololive_CallYozoraMel+1","Hololive_CallAkiRosenthal+1","Hololive_LuckPotion"],"picked":"Hololive_CallNatsuiroMatsuri+1","floor":20},{"not_picked":["Hololive_CocoNews","Hololive_Breathe","Hololive_CallTokoyamiTowa+1","Hololive_Trident"],"picked":"SKIP","floor":21},{"not_picked":["Hololive_CallYozoraMel+1","Hololive_LuckPotion","Hololive_HuntDinosaur","Hololive_OvertimeWork"],"picked":"SKIP","floor":22},{"not_picked":["Hololive_Rebound","Hololive_StrengthChampion+1","Hololive_Trident","Hololive_HuntDinosaur+1"],"picked":"SKIP","floor":23},{"not_picked":["Hololive_SummonFox","Hololive_StrengthChampion","Hololive_Sequa+1"],"picked":"Hololive_CallHoushouMarine+1","floor":25},{"not_picked":["Hololive_OpenUp","Hololive_CallOmaruPolka+1","Hololive_HuntDinosaur"],"picked":"Hololive_CallTokinoSora+1","floor":27},{"not_picked":["Hololive_Sequa","Hololive_Drill","Hololive_Rebound"],"picked":"Hololive_CallNakiriAyame+1","floor":30},{"not_picked":["Hololive_AWSL","Hololive_CallAmaneKanata+1","Hololive_RevenueBasedLive"],"picked":"Hololive_CallMinatoAqua+1","floor":31},{"not_picked":["Hololive_ASMR","Hololive_BeCareful","Hololive_MaximGun"],"picked":"Hololive_Thief","floor":33},{"not_picked":["Hololive_CallYozoraMel+1","Hololive_CocoNews","Hololive_Rebound"],"picked":"Hololive_CallYogiri+1","floor":35},{"not_picked":["Hololive_OvertimeWork","Hololive_Psychosis","Hololive_LuckPotion","Hololive_HuntDinosaur"],"picked":"SKIP","floor":37},{"not_picked":["Hololive_CallUsadaPekora+1","Hololive_CallOzoraSubaru+1","Hololive_Sequa"],"picked":"Hololive_CallAkaiHaato+1","floor":38},{"not_picked":["Enlightenment","Deep Breath","Finesse"],"picked":"Dark Shackles","floor":39},{"not_picked":["Deep Breath","Bandage Up","Madness"],"picked":"Swift Strike","floor":39},{"not_picked":["Hololive_IdolExercise","Hololive_SoulCatcher","Hololive_CocoNews"],"picked":"Hololive_CallOkamiMio+1","floor":40},{"not_picked":["Hololive_Trident","Hololive_CocoNews+1","Hololive_CallAkaiHaato+1"],"picked":"Hololive_CallUruhaRushia+1","floor":41},{"not_picked":["Hololive_OvertimeWork","Hololive_CallOkamiMio+1","Hololive_CallShiroganeNoel+1"],"picked":"Hololive_CallFriendA+1","floor":42},{"not_picked":["Hololive_CandyCastle+1","Hololive_CallMurasakiShion+1","Hololive_CallOmaruPolka+1"],"picked":"Hololive_WolfAndLamb","floor":45},{"not_picked":["Hololive_Rebound","Hololive_Breathe","Hololive_CallRosalyn+1"],"picked":"Hololive_CallRoboco+1","floor":46},{"not_picked":["Hololive_CallMoonaHoshinova+1","Hololive_Sequa","Hololive_Trident","Hololive_OvertimeWork"],"picked":"Singing Bowl","floor":47},{"not_picked":["Hololive_Breathe","Hololive_CocoNews","Hololive_LuckPotion+1"],"picked":"Hololive_RevenueBasedLive","floor":48},{"not_picked":["Hololive_Watashimo+1","Hololive_Drill","Hololive_ManjiGathering"],"picked":"Hololive_Rebirth","floor":54}],"player_experience":1117580,"relics_obtained":[{"floor":6,"key":"Lizard Tail"},{"floor":9,"key":"Nunchaku"},{"floor":11,"key":"Hololive_LightStick"},{"floor":14,"key":"Happy Flower"},{"floor":23,"key":"Ornamental Fan"},{"floor":25,"key":"Oddly Smooth Stone"},{"floor":26,"key":"Centennial Puzzle"},{"floor":31,"key":"Regal Pillow"},{"floor":40,"key":"Omamori"},{"floor":43,"key":"Potion Belt"},{"floor":45,"key":"Singing Bowl"},{"floor":46,"key":"StoneCalendar"},{"floor":47,"key":"Calipers"},{"floor":48,"key":"Unceasing Top"},{"floor":54,"key":"Art of War"}],"event_choices":[{"damage_healed":0,"gold_gain":275,"player_choice":"Desecrate","damage_taken":0,"max_hp_gain":0,"max_hp_loss":0,"event_name":"Golden Shrine","floor":3,"gold_loss":0,"cards_obtained":["Regret"]},{"cards_removed":["Hololive_CocoNews"],"damage_healed":0,"gold_gain":0,"player_choice":"Removed Attack","damage_taken":0,"max_hp_gain":0,"max_hp_loss":0,"event_name":"Falling","floor":36,"gold_loss":0},{"damage_healed":0,"gold_gain":0,"player_choice":"Memory 3","damage_taken":10,"max_hp_gain":0,"max_hp_loss":0,"event_name":"SensoryStone","floor":39,"gold_loss":0},{"damage_healed":0,"gold_gain":0,"player_choice":"Fight","damage_taken":0,"max_hp_gain":0,"max_hp_loss":0,"event_name":"MindBloom","floor":46,"gold_loss":0},{"damage_healed":0,"gold_gain":0,"player_choice":"Fight","damage_taken":0,"max_hp_gain":0,"max_hp_loss":0,"event_name":"Mysterious Sphere","floor":48,"gold_loss":0}],"is_beta":false,"boss_relics":[{"not_picked":["Astrolabe","Velvet Choker"],"picked":"Sozu"},{"not_picked":["Hololive_TopUpMoneyS","Hololive_ChaosS"],"picked":"Fusion Hammer"}],"items_purged_floors":[4,19,29,53],"is_endless":false,"potions_floor_spawned":[2,10,12,20,25,30,31,37,38,41,42,47],"ascension_level":16}}