{"host":"ihfq3u2xhoe3wi9r","time":1612703323,"event":{"mods":["BaseMod","BetterRewards","Colored Powertips","Hubris","Minty Spire (QoL Compilation)","StSLib","The Animator"],"gold_per_floor":[117,117,117,148,162,162,112,112,112,143,167,18,74,98,98,221,221,239,266,108,121,46,77,77,77,77],"floor_reached":25,"language":"ENG","playtime":1910,"items_purged":["animator:Melzalgald"],"score":323,"play_id":"d71fedc7-b106-4c33-b37a-cb77de047102","local_time":"20210207080843","is_ascension_mode":true,"campfire_choices":[{"data":"animator:Tatsumaki","floor":6,"key":"SMITH"},{"floor":15,"key":"REST"},{"floor":24,"key":"REST"}],"circlet_count":0,"master_deck":["animator:TukaLunaMarceau","animator:Kuribayashi","animator:DolaRiku","animator:YunYun","animator:Pride","animator:DolaSchwi","animator:Arpeggio","animator:Jibril","animator:Tatsumaki+1","animator:LizardPriest","animator:SakuraMatou","animator:Bozes","animator:ElricEdward","animator:Sora","animator:LeleiLaLalena+1","animator:Vesta","animator:Cirno","animator:DwarfShaman","animator:Tatsumaki+1"],"relics":["animator:TheMissingPiece","animator:PurgingStone","Pandora\u0027s Box","hubris:Towel","Golden Idol","Art of War","Pear","hubris:EmptyBottle","Ginger","animator:CursedBlade","hubris:SlimyHat"],"acts_visited":["Exordium","TheCity"],"potions_floor_usage":[10,13,13,16,16,23],"damage_taken":[{"damage":0,"enemies":"Jaw Worm","floor":1,"turns":3},{"damage":0,"enemies":"Small Slimes","floor":4,"turns":2},{"damage":4,"enemies":"Cultist","floor":5,"turns":2},{"damage":8,"enemies":"Gremlin Nob","floor":10,"turns":3},{"damage":0,"enemies":"Exordium Wildlife","floor":11,"turns":2},{"damage":5,"enemies":"Lagavulin","floor":13,"turns":4},{"damage":15,"enemies":"Looter","floor":14,"turns":3},{"damage":8,"enemies":"The Guardian","floor":16,"turns":6},{"damage":0,"enemies":"Chosen","floor":18,"turns":4},{"damage":21,"enemies":"Shell Parasite","floor":19,"turns":4},{"damage":20,"enemies":"Centurion and Healer","floor":21,"turns":4},{"damage":26,"enemies":"Book of Stabbing","floor":23,"turns":6},{"damage":22,"enemies":"Slavers","floor":25,"turns":1}],"seed_played":"3083528600955507812","potions_obtained":[{"floor":5,"key":"AttackPotion"},{"floor":11,"key":"animator:FalseLifePotion"},{"floor":14,"key":"Strength Potion"},{"floor":21,"key":"Weak Potion"}],"is_trial":false,"path_per_floor":["M","?","?","M","M","R","?","?","T","E","M","$","E","M","R","B",null,"M","M","$","M","?","E","R","E"],"character_chosen":"THE_ANIMATOR","items_purchased":["hubris:EmptyBottle","animator:Cirno"],"campfire_rested":2,"item_purchase_floors":[12,20],"current_hp_per_floor":[59,59,59,59,55,55,55,55,55,57,57,57,52,37,58,51,67,68,47,47,27,27,1,22,0,0],"gold":77,"neow_bonus":"BOSS_RELIC","is_daily":false,"chose_seed":false,"campfire_upgraded":1,"win_rate":0.0,"timestamp":1612703323,"path_taken":["M","?","?","M","?","R","?","?","T","E","M","?","E","M","R","BOSS","M","M","$","M","?","E","R","E"],"items_purchased_type":["Relic","Card"],"build_version":"2020-12-22","purchased_purges":1,"victory":false,"max_hp_per_floor":[66,66,66,66,66,66,66,61,61,71,71,71,71,71,71,72,72,73,73,73,73,73,73,73,73,73],"card_choices":[{"not_picked":["animator:RoryMercury","animator:Aqua","animator:Millim"],"picked":"SKIP","floor":1},{"not_picked":["animator:Assassin","animator:ElricAlphonse"],"picked":"animator:Jibril","floor":4},{"not_picked":["animator:Archer","animator:HiiragiShinya"],"picked":"animator:Tatsumaki","floor":5},{"not_picked":["animator:MetalKnight","animator:GuildGirl"],"picked":"animator:LizardPriest","floor":10},{"not_picked":["animator:Verdia","animator:LizardPriest"],"picked":"animator:SakuraMatou","floor":11},{"not_picked":["animator:Melzalgald","animator:Priestess"],"picked":"animator:Bozes","floor":13},{"not_picked":["animator:RoryMercury","animator:Kazuma"],"picked":"animator:ElricEdward","floor":14},{"not_picked":["animator:Wiz","animator:Greed"],"picked":"animator:Sora","floor":16},{"not_picked":["animator:Spearman","animator:CrowleyEusford"],"picked":"animator:LeleiLaLalena+1","floor":18},{"not_picked":["animator:Bozes+1","animator:Kaijin"],"picked":"animator:Vesta","floor":19},{"not_picked":["animator:Darkness","animator:Eris"],"picked":"animator:DwarfShaman","floor":21},{"not_picked":["animator:RoyMustang","animator:DolaRiku"],"picked":"animator:Tatsumaki+1","floor":23}],"player_experience":842947,"relics_obtained":[{"floor":9,"key":"Art of War"},{"floor":10,"key":"Pear"},{"floor":13,"key":"Ginger"},{"floor":23,"key":"hubris:SlimyHat"}],"event_choices":[{"cards_removed":["animator:Shizu"],"damage_healed":0,"gold_gain":0,"player_choice":"Card Removal","damage_taken":0,"max_hp_gain":0,"max_hp_loss":0,"event_name":"The Cleric","floor":7,"gold_loss":50},{"damage_healed":0,"gold_gain":0,"player_choice":"Lose Max HP","damage_taken":0,"relics_obtained":["Golden Idol"],"max_hp_gain":0,"max_hp_loss":5,"event_name":"Golden Idol","floor":8,"gold_loss":0},{"cards_removed":["animator:Sloth"],"damage_healed":0,"gold_gain":0,"player_choice":"Gave Gold","damage_taken":0,"max_hp_gain":0,"max_hp_loss":0,"event_name":"Beggar","floor":22,"gold_loss":75}],"is_beta":false,"boss_relics":[{"not_picked":["Mark of Pain","hubris:VirtuousBlindfold"],"picked":"animator:CursedBlade"}],"items_purged_floors":[20],"is_endless":false,"potions_floor_spawned":[5,11,14,21],"killed_by":"Slavers","ascension_level":8}}