{"host":"3z4ju2qnfrhpg6py","time":1612712203,"event":{"mods":["BaseMod","Colored Powertips","Decade(王小明)","Minty Spire (QoL Compilation)","StSLib","UnlockEverythingMod","[IsaacMod]以撒尖塔","noobMod","【功能Mod】混沌之环修复补丁","【遗物卡牌】REMEMod","沙雕材质包mod"],"gold_per_floor":[117,192,203,216,227,227,227],"floor_reached":6,"language":"ZHS","playtime":458,"items_purged":[],"score":38,"play_id":"93582d48-a5b0-43f1-b630-8d1049e52ae0","local_time":"20210207233643","is_ascension_mode":false,"campfire_choices":[],"circlet_count":0,"master_deck":["Decade_Attack","Decade_Attack","Decade_Attack","Decade_Attack","KamenRide","Decade_SpecialSkill","Decade_Defend","Decade_Defend","Decade_Defend","Decade_Defend","BloodyBrimstone","Heatsinks","UnarmedAttack5","DragShield","Decade_Defend2","DragShield","MirrorWorld"],"relics":["Decadriver","TOEIDeficitBill","REME_ComplimentaryCards","ice","HushsDoor","HowToJump","MirrorWorldRelic"],"acts_visited":["Exordium"],"potions_floor_usage":[5],"damage_taken":[{"damage":2,"enemies":"2 Louse","floor":1,"turns":5},{"damage":0,"enemies":"Cultist","floor":3,"turns":5},{"damage":1,"enemies":"Jaw Worm","floor":4,"turns":3},{"damage":12,"enemies":"Looter","floor":5,"turns":5},{"damage":27,"enemies":"3 Sentries","floor":6,"turns":5}],"seed_played":"-6613859360238093667","potions_obtained":[{"floor":1,"key":"DistilledChaos"},{"floor":4,"key":"ColorlessPotion"}],"is_trial":false,"path_per_floor":["M","?","M","M","M","E"],"character_chosen":"Decade","items_purchased":[],"campfire_rested":0,"item_purchase_floors":[],"current_hp_per_floor":[75,68,68,67,48,0,0],"gold":227,"neow_bonus":"TEN_PERCENT_HP_BONUS","is_daily":false,"chose_seed":false,"campfire_upgraded":0,"win_rate":0.0,"timestamp":1612712203,"path_taken":["M","?","M","M","M","E"],"items_purchased_type":[],"build_version":"2020-12-22","purchased_purges":0,"victory":false,"max_hp_per_floor":[77,77,77,77,74,74,74],"card_choices":[{"not_picked":[],"picked":"BloodyBrimstone","floor":0},{"not_picked":["Bomb","KamenRideDenO"],"picked":"UnarmedAttack5","floor":1},{"not_picked":["UnarmedAttack1","Hibiki_FEVER"],"picked":"DragShield","floor":1},{"not_picked":["UnarmedAttack1","FormRideDragon"],"picked":"Decade_Defend2","floor":3},{"not_picked":["UnarmedAttack8","DecadeViolentEmotion"],"picked":"DragShield","floor":4},{"not_picked":["FormRideTitan","Decade_Defend3"],"picked":"MirrorWorld","floor":4}],"player_experience":4686,"relics_obtained":[],"event_choices":[{"damage_healed":0,"gold_gain":75,"player_choice":"Touch","damage_taken":7,"max_hp_gain":0,"max_hp_loss":0,"event_name":"FaceTrader","floor":2,"gold_loss":0}],"is_beta":false,"boss_relics":[],"items_purged_floors":[],"is_endless":false,"potions_floor_spawned":[1,4],"killed_by":"3 Sentries","ascension_level":0}}