{"host":"drkpql2ocxl3f5d4","time":1612694927,"event":{"mods":["BaseMod","Colored Map","Downfall","Energized Spire","Friendly Minions","Googly Eyes","Infinite Spire","Minty Spire (QoL Compilation)","StSLib"],"gold_per_floor":[99,113,125,139,139,139,163,163,194,253,253,271,323,60,76,176,176,76,95,114,134,134,163,175,212,236,158,158,168,268,268,279,381,381,381,400,419,435,435,535,535,566,366,380,405,405,405,418,437,437,437,467,1,1,1,1],"floor_reached":57,"language":"ENG","playtime":3113,"items_purged":["Pride","Slimebound:CorrosiveSpit","Slimebound:Tackle"],"score":1161,"play_id":"1940410e-492a-4499-8fa5-49c5916a4f03","local_time":"20210207114847","is_ascension_mode":false,"campfire_choices":[{"data":"Slimebound:TagTeam","floor":1.0,"key":"SMITH"},{"data":"infinitespire:SevenWalls","floor":6.0,"key":"SMITH"},{"data":"Slimebound:Split","floor":8.0,"key":"SMITH"},{"data":"Slimebound:ComboTackle","floor":11.0,"key":"SMITH"},{"data":"Slimebound:MinionMaster","floor":18,"key":"SMITH"},{"floor":35,"key":"RECALL"}],"circlet_count":0,"master_deck":["Slimebound:Strike_Slimebound","Slimebound:Strike_Slimebound","Slimebound:Strike_Slimebound","Slimebound:Defend_Slimebound","Slimebound:Defend_Slimebound+1","Slimebound:Defend_Slimebound","Slimebound:Defend_Slimebound","Slimebound:Split+1","Slimebound:TagTeam+1","Slimebound:LivingWall+1","Slimebound:Schlurp","infinitespire:SevenWalls+1","Slimebound:ComboTackle+1","Slimebound:PressTheAttack","Slimebound:GoopSpray","Slimebound:MinionMaster+1","Slimebound:SplitAcid+1","Slimebound:PressTheAttack+1","Slimebound:ForwardTackle","Slimebound:LeadByExample","Slimebound:SlimeBarrage","Slimebound:SlimeBrawl","infinitespire:NeuralNetwork+1","Slimebound:GoopSpray+1","Slimebound:SlimeBarrage+1","Slimebound:Teamwork"],"relics":["Slimebound:AbsorbEndCombat","War Paint","Ancient Tea Set","StrikeDummy","infinitespire:ShieldingShard","Coffee Dripper","downfall:HeartBlessingBlue","MawBank","Gambling Chip","infinitespire:BottledMercury","Ice Cream","Frozen Egg 2","Blood Vial","Fusion Hammer","infinitespire:Eraser","Pear","downfall:HeartBlessingRed","downfall:HeartBlessingGreen","Oddly Smooth Stone","Ornamental Fan","infinitespire:Lucky Rock"],"acts_visited":["Exordium","TheCity","TheBeyond","TheEnding"],"potions_floor_usage":[26,33,36,50,55,56],"damage_taken":[{"damage":0.0,"enemies":"2 Louse","floor":2.0,"turns":2.0},{"damage":0.0,"enemies":"Jaw Worm","floor":3.0,"turns":3.0},{"damage":3.0,"enemies":"Cultist","floor":4.0,"turns":2.0},{"damage":2.0,"enemies":"3 Sentries","floor":9.0,"turns":6.0},{"damage":6.0,"enemies":"3 Sentries","floor":10.0,"turns":5.0},{"damage":0.0,"enemies":"2 Fungi Beasts","floor":12.0,"turns":2.0},{"damage":0.0,"enemies":"downfall:FleeingMerchant","floor":14.0,"turns":4.0},{"damage":4,"enemies":"Lots of Slimes","floor":15,"turns":3},{"damage":0,"enemies":"WA_ARCHETYPE_RETAIN","floor":16,"turns":7},{"damage":0,"enemies":"3 Byrds","floor":19,"turns":3},{"damage":0,"enemies":"Shell Parasite","floor":20,"turns":3},{"damage":0,"enemies":"Sentry and Sphere","floor":21,"turns":4},{"damage":0,"enemies":"Snecko","floor":23,"turns":3},{"damage":6,"enemies":"Gremlin Leader","floor":25,"turns":7},{"damage":0,"enemies":"Shelled Parasite and Fungi","floor":26,"turns":3},{"damage":0,"enemies":"downfall:FleeingMerchant","floor":27,"turns":4},{"damage":0,"enemies":"3 Cultists","floor":29,"turns":4},{"damage":0,"enemies":"DF_ARCHETYPE_STREAMLINE","floor":30,"turns":5},{"damage":0,"enemies":"Sentry and Sphere","floor":32,"turns":4},{"damage":20,"enemies":"SI_MIRROR_ARCHETYPE","floor":33,"turns":6},{"damage":0,"enemies":"3 Darklings","floor":36,"turns":3},{"damage":6,"enemies":"Orb Walker","floor":37,"turns":3},{"damage":0,"enemies":"Writhing Mass","floor":38,"turns":5},{"damage":0,"enemies":"Giant Head","floor":42,"turns":4},{"damage":0,"enemies":"Maw","floor":44,"turns":4},{"damage":12,"enemies":"Reptomancer","floor":45,"turns":4},{"damage":0,"enemies":"Reptomancer","floor":47,"turns":4},{"damage":3,"enemies":"3 Darklings","floor":48,"turns":4},{"damage":0,"enemies":"4 Shapes","floor":49,"turns":3},{"damage":0,"enemies":"IC_BLOCK_ARCHETYPE","floor":50,"turns":8},{"damage":44,"enemies":"downfall:CharBossMerchant","floor":52,"turns":12},{"damage":0,"enemies":"downfall:NeowBoss","floor":55,"turns":14},{"damage":0,"enemies":"downfall:NeowBossFinal","floor":56,"turns":1}],"seed_played":"-897365865772313071","potions_obtained":[{"floor":9.0,"key":"sneckomod:MuddlingPotion"},{"floor":10.0,"key":"Ancient Potion"},{"floor":15,"key":"Energy Potion"},{"floor":16,"key":"SpeedPotion"},{"floor":20,"key":"infinitespire:BlackPotion"},{"floor":29,"key":"Slimebound:SlimedPotion"},{"floor":30,"key":"PowerPotion"},{"floor":32,"key":"LiquidMemories"},{"floor":33,"key":"AttackPotion"},{"floor":36,"key":"Fire Potion"}],"is_trial":false,"path_per_floor":["R","M","M","M","?","R","T","R","E","?","R","M","T","$","M","B",null,"R","M","M","M","?","M","T","E","M","$","?","M","?","AVR","M","B",null,"R","M","M","M","?","?","T","E","R","M","E","R","?","M","M","B",null,"E","$","R","B","B",null],"character_chosen":"SLIMEBOUND","items_purchased":["infinitespire:ShieldingShard","infinitespire:Lucky Rock","Slimebound:Teamwork","Dexterity Potion"],"campfire_rested":0,"item_purchase_floors":[14,53,53,53],"current_hp_per_floor":[47,47,51,48,31,31,31,31,31,27,27,29,29,37,37,45,65,75,75,75,75,75,75,75,75,75,75,75,75,75,75,75,59,75,75,75,71,75,75,75,75,85,85,85,79,79,85,85,85,85,85,45,45,45,55,57],"gold":1,"neow_bonus":"THREE_RARE_CARDS","is_daily":false,"chose_seed":false,"campfire_upgraded":5,"win_rate":0.0,"timestamp":1612694927,"path_taken":["R","M","M","M","?","R","T","R","E","?","R","M","?","$","M","BOSS","R","M","M","M","?","M","T","E","M","$","?","?","?","AVR","M","BOSS","R","M","M","M","?","?","T","E","R","?","E","R","?","M","M","BOSS","E","$","R","BOSS","BOSS"],"items_purchased_type":["Relic","Relic","Card","Potion"],"build_version":"2020-12-22","purchased_purges":3,"victory":true,"max_hp_per_floor":[65,65,65,65,65,65,65,65,65,65,65,65,65,65,65,65,65,75,75,75,75,75,75,75,75,75,75,75,75,75,75,75,75,75,75,75,75,75,75,75,75,85,85,85,85,85,85,85,85,85,85,85,85,85,85,85],"card_choices":[{"not_picked":["Slimebound:MassRepurpose","Slimebound:SelfFormingGoo"],"picked":"Slimebound:TagTeam","floor":0.0},{"not_picked":["Slimebound:LeechEnergy","Slimebound:FinishingTackle"],"picked":"Slimebound:LivingWall","floor":2.0},{"not_picked":["Slimebound:ProtectTheBoss","Slimebound:SlimeBrawl","Slimebound:ItLooksTasty"],"picked":"SKIP","floor":3.0},{"not_picked":["Slimebound:SamplingLick","Slimebound:FormOfPuddle"],"picked":"Slimebound:Schlurp","floor":4.0},{"not_picked":["infinitespire:Starlight","infinitespire:Menacing"],"picked":"infinitespire:SevenWalls","floor":5.0},{"not_picked":["Slimebound:Grow","Slimebound:SamplingLick"],"picked":"Slimebound:ComboTackle","floor":9.0},{"not_picked":["Slimebound:Repurpose","Slimebound:Chomp","Slimebound:Prepare"],"picked":"SKIP","floor":12.0},{"not_picked":["Slimebound:SplitBruiser","Slimebound:SlimeTap"],"picked":"Slimebound:PressTheAttack","floor":14},{"not_picked":["Slimebound:ItLooksTasty","Slimebound:Schlurp"],"picked":"Slimebound:GoopSpray","floor":15},{"not_picked":["Slimebound:DouseInSlime","Slimebound:CheckThePlaybook"],"picked":"Slimebound:MinionMaster","floor":16},{"not_picked":["Slimebound:SlimeSpikes+1","Slimebound:SlimeTap"],"picked":"Slimebound:SplitAcid+1","floor":19},{"not_picked":["Slimebound:Dissolve","Slimebound:TongueLash+1"],"picked":"Slimebound:PressTheAttack+1","floor":20},{"not_picked":["Slimebound:BestDefense+1","Slimebound:SplitAcid"],"picked":"Slimebound:ForwardTackle","floor":21},{"not_picked":["Slimebound:ViciousTackle+1","Slimebound:SplitAcid+1","Slimebound:SplitMire"],"picked":"SKIP","floor":23},{"not_picked":["Slimebound:LivingWall","Slimebound:SamplingLick"],"picked":"Slimebound:LeadByExample","floor":25},{"not_picked":["Slimebound:GoopSpray","Slimebound:ServeAndProtect","Slimebound:ItLooksTasty"],"picked":"SKIP","floor":26},{"not_picked":["Slimebound:GoopSpray","Slimebound:LeechingTouch"],"picked":"Slimebound:SlimeBarrage","floor":27},{"not_picked":["Slimebound:ItLooksTasty","Slimebound:SlimeSlap","Slimebound:SlimeSpikes"],"picked":"SKIP","floor":29},{"not_picked":["Slimebound:HauntingLick","Slimebound:ServeAndProtect"],"picked":"Slimebound:SlimeBrawl","floor":30},{"not_picked":["Slimebound:FlameTackle","Slimebound:LeechingTouch","Slimebound:RollThrough"],"picked":"SKIP","floor":32},{"not_picked":["Slimebound:ProtectTheBoss+1","Slimebound:ComboTackle","Slimebound:SplitMire"],"picked":"SKIP","floor":36},{"not_picked":["Slimebound:LeechEnergy+1","Slimebound:SpikyOuterGoop+1","Slimebound:FinishingTackle+1"],"picked":"SKIP","floor":37},{"not_picked":["Slimebound:LeechingTouch+1","Slimebound:LeechEnergy","Slimebound:AcidTongue+1"],"picked":"SKIP","floor":38},{"not_picked":["Slimebound:FinishingTackle","Slimebound:GrowthPunch","Slimebound:GoopTackle"],"picked":"SKIP","floor":42},{"not_picked":["Slimebound:Schlurp+1","Slimebound:MegaLick+1"],"picked":"Slimebound:GoopSpray+1","floor":44},{"not_picked":["Slimebound:CheckThePlaybook","Slimebound:GoopTackle","Slimebound:Equalize+1"],"picked":"SKIP","floor":45},{"not_picked":["Slimebound:ItLooksTasty+1","Slimebound:MegaLick","Slimebound:Equalize+1"],"picked":"SKIP","floor":48},{"not_picked":["Slimebound:RainOfGoop+1","Slimebound:SplitBruiser+1","Slimebound:SamplingLick"],"picked":"SKIP","floor":49},{"not_picked":["Slimebound:DuplicatedForm+1","Slimebound:HauntingLick"],"picked":"Slimebound:SlimeBarrage+1","floor":52}],"player_experience":687613,"relics_obtained":[{"floor":7.0,"key":"War Paint"},{"floor":9.0,"key":"Ancient Tea Set"},{"floor":10.0,"key":"StrikeDummy"},{"floor":24,"key":"Gambling Chip"},{"floor":25,"key":"infinitespire:BottledMercury"},{"floor":30,"key":"Ice Cream"},{"floor":30,"key":"Frozen Egg 2"},{"floor":41,"key":"infinitespire:Eraser"},{"floor":42,"key":"Pear"},{"floor":45,"key":"Oddly Smooth Stone"},{"floor":52,"key":"Ornamental Fan"}],"event_choices":[{"damage_healed":0,"gold_gain":0,"player_choice":"Stole Relic","damage_taken":0,"relics_obtained":["MawBank"],"max_hp_gain":0,"max_hp_loss":0,"event_name":"Addict","floor":22,"gold_loss":0,"cards_obtained":["Pride"]}],"is_beta":false,"boss_relics":[{"not_picked":["energizedSpire:OgreHead","Sozu"],"picked":"Coffee Dripper"},{"not_picked":["energizedSpire:RedRose","infinitespire:Cupcake"],"picked":"Fusion Hammer"}],"items_purged_floors":[27,31,53],"is_endless":false,"potions_floor_spawned":[9,10,15,16,20,23,29,30,32,33,36,42,49],"ascension_level":0}}