{"host":"osk2oboccoevp2u5","time":1612663896,"event":{"mods":["AchievementEnabler","Alarm Clock","BaseMod","Colored Powertips","Disable Question Mark Monsters","Displayed Cursed Tome","Key Reminder","Minty Spire (QoL Compilation)","Potion Indicator Mod","Quick Restart","Rare Cards Sparkle","Reorder Act Four","StSLib","The Cursed","Useless Jewels Mod"],"gold_per_floor":[109,34,34,109,109,109,143,143,143,143,43,61,35,35,35,139,139,157,32,32,307,321,321,334,334,334,15,33,33,9,21,21,124,124,144,155,155,155,170,170,181,36,61,74,74,74,74,74,74,74,74,29,29,60,60],"floor_reached":56,"language":"ENG","playtime":6349,"items_purged":["TheCursedMod:Strike_TheCursed","TheCursedMod:Strike_TheCursed","TheCursedMod:Defend_TheCursed"],"score":1635,"play_id":"ae3b75ff-02bd-4c34-b7a1-607ac0e1a643","local_time":"20210206221136","is_ascension_mode":true,"campfire_choices":[{"data":"TheCursedMod:CleanUpWorkshop","floor":10,"key":"SMITH"},{"data":"TheCursedMod:Stigma","floor":15,"key":"SMITH"},{"data":"TheCursedMod:Stretching","floor":23,"key":"SMITH"},{"data":"TheCursedMod:WearCloak","floor":32,"key":"SMITH"},{"floor":40,"key":"RECALL"},{"floor":45,"key":"REST"},{"data":"TheCursedMod:SmokeScreen","floor":49,"key":"SMITH"},{"data":"Flash of Steel","floor":53,"key":"SMITH"}],"circlet_count":0,"master_deck":["TheCursedMod:Defend_TheCursed+1","TheCursedMod:CursedWand","TheCursedMod:CleanUpWorkshop+1","TheCursedMod:Dregs","TheCursedMod:SpitefulPlan+1","TheCursedMod:Stretching+1","TheCursedMod:Stigma+1","TheCursedMod:RapidMovement","Regret","TheCursedMod:TacticalStrike+1","TheCursedMod:RapidMovement+1","TheCursedMod:Hemoplague","TheCursedMod:Stigma+1","Shame","TheCursedMod:SmokeScreen+1","TheCursedMod:WearCloak+1","TheCursedMod:VoidForm","Writhe","TheCursedMod:Dregs","Flash of Steel+1","TheCursedMod:CursedShiv","TheCursedMod:DoubleShield+1"],"relics":["TheCursedMod:BlackMagicAdvanced","NeowsBlessing","Matryoshka","Oddly Smooth Stone","Lizard Tail","HornCleat","Bag of Preparation","Mummified Hand","Toy Ornithopter","Cursed Key","ClockworkSouvenir","Gremlin Horn"],"acts_visited":["Exordium","TheCity","TheBeyond","TheEnding"],"potions_floor_usage":[16,16,33,36,39,41,47],"damage_taken":[{"damage":0,"enemies":"Cultist","floor":1,"turns":1},{"damage":0,"enemies":"Lagavulin","floor":7,"turns":1},{"damage":0,"enemies":"2 Louse","floor":12,"turns":2},{"damage":9,"enemies":"Slime Boss","floor":16,"turns":13},{"damage":0,"enemies":"3 Byrds","floor":18,"turns":8},{"damage":5,"enemies":"Shell Parasite","floor":22,"turns":6},{"damage":4,"enemies":"Snake Plant","floor":24,"turns":5},{"damage":1,"enemies":"Cultist and Chosen","floor":28,"turns":9},{"damage":0,"enemies":"Centurion and Healer","floor":31,"turns":9},{"damage":52,"enemies":"Champ","floor":33,"turns":15},{"damage":8,"enemies":"Orb Walker","floor":35,"turns":4},{"damage":0,"enemies":"3 Shapes","floor":36,"turns":4},{"damage":14,"enemies":"Transient","floor":39,"turns":5},{"damage":0,"enemies":"Jaw Worm Horde","floor":41,"turns":5},{"damage":6,"enemies":"4 Shapes","floor":44,"turns":6},{"damage":0,"enemies":"Nemesis","floor":47,"turns":1},{"damage":66,"enemies":"Awakened One","floor":50,"turns":22},{"damage":23,"enemies":"Shield and Spear","floor":54,"turns":9},{"damage":52,"enemies":"The Heart","floor":55,"turns":9}],"seed_played":"-967897978128539778","potions_obtained":[{"floor":1,"key":"Explosive Potion"},{"floor":12,"key":"CultistPotion"},{"floor":22,"key":"Ancient Potion"},{"floor":31,"key":"Explosive Potion"},{"floor":33,"key":"SmokeBomb"},{"floor":36,"key":"PowerPotion"},{"floor":39,"key":"Explosive Potion"}],"is_trial":false,"path_per_floor":["M","$","?","?","?","?","E","?","T","R","$","M","$","?","R","B",null,"M","$","?","?","M","R","M","?","T","$","M","?","$","M","R","B",null,"M","M","?","?","M","R","M","$","T","M","R","?","E","?","R","B",null,"$","R","E","B",null],"character_chosen":"THE_CURSED","items_purchased":["TheCursedMod:Stretching","Mummified Hand","TheCursedMod:Hemoplague","TheCursedMod:SmokeScreen","ClockworkSouvenir","TheCursedMod:CursedShiv"],"campfire_rested":1,"item_purchase_floors":[13,27,27,30,42,52],"current_hp_per_floor":[68,68,53,42,35,60,60,60,60,60,60,60,60,60,60,51,69,69,69,69,69,64,64,60,60,60,60,59,59,59,59,59,12,59,51,56,56,75,61,61,66,66,66,60,75,75,75,75,75,9,59,59,59,36,23],"gold":60,"neow_bonus":"THREE_ENEMY_KILL","is_daily":false,"chose_seed":false,"campfire_upgraded":6,"win_rate":0.0,"timestamp":1612663896,"path_taken":["M","$","?","?","?","?","E","?","T","R","$","M","?","?","R","BOSS","M","$","?","?","M","R","?","?","T","$","M","?","?","M","R","BOSS","M","M","?","?","M","R","M","$","T","M","R","?","E","?","R","BOSS","$","R","E","BOSS"],"items_purchased_type":["Card","Relic","Card","Card","Relic","Card"],"build_version":"2020-12-22","purchased_purges":3,"victory":true,"max_hp_per_floor":[75,75,75,75,75,75,75,75,75,75,75,75,75,75,75,75,75,75,75,75,75,75,75,75,75,75,75,75,75,75,75,75,75,75,75,75,75,75,75,75,75,75,75,75,75,75,75,75,75,75,75,75,75,75,75],"card_choices":[{"not_picked":["TheCursedMod:RavingStaff","TheCursedMod:Obscuration"],"picked":"TheCursedMod:SpitefulPlan","floor":1},{"not_picked":["TheCursedMod:AshesToAshes","TheCursedMod:ParallelWorld","TheCursedMod:Stigma"],"picked":"SKIP","floor":7},{"not_picked":["TheCursedMod:Evocation","TheCursedMod:EmpowerCircles","TheCursedMod:CircleOfAmplification"],"picked":"SKIP","floor":12},{"not_picked":["TheCursedMod:StunningStrike","TheCursedMod:VoidForm"],"picked":"TheCursedMod:OutForBlood","floor":16},{"not_picked":["TheCursedMod:SpitefulStrike","TheCursedMod:CircleOfBlood+1"],"picked":"TheCursedMod:RapidMovement","floor":18},{"not_picked":["TheCursedMod:CursedMace","TheCursedMod:AshesToAshes"],"picked":"TheCursedMod:TacticalStrike+1","floor":22},{"not_picked":["TheCursedMod:DoubleShield","TheCursedMod:CursedAmulet"],"picked":"TheCursedMod:RapidMovement+1","floor":24},{"not_picked":["TheCursedMod:WearCloak","TheCursedMod:BloodBarrier+1"],"picked":"TheCursedMod:Stigma+1","floor":28},{"not_picked":["TheCursedMod:TacticalStrike","TheCursedMod:CircleOfWindfury"],"picked":"TheCursedMod:WearCloak","floor":31},{"not_picked":["TheCursedMod:AntiAging","TheCursedMod:Neurasthenia"],"picked":"TheCursedMod:VoidForm","floor":33},{"not_picked":["TheCursedMod:Torture+1","TheCursedMod:CircleOfFocus","TheCursedMod:ReleasedKnowledge"],"picked":"SKIP","floor":35},{"not_picked":["TheCursedMod:VitalStrike+1","TheCursedMod:CursedShiv+1","TheCursedMod:LuckyCharm"],"picked":"SKIP","floor":36},{"not_picked":["TheCursedMod:CursedSpellbook","TheCursedMod:SoulReap+1","TheCursedMod:Stretching"],"picked":"SKIP","floor":39},{"not_picked":["TheCursedMod:SoulReap+1","TheCursedMod:CircleOfFlame","TheCursedMod:TacticalStrike"],"picked":"SKIP","floor":41},{"not_picked":["TheCursedMod:CircleOfWindfury+1","TheCursedMod:SpitefulPray","TheCursedMod:CursedBlade+1"],"picked":"SKIP","floor":44},{"not_picked":["Mind Blast","Blind"],"picked":"Flash of Steel","floor":46},{"not_picked":["TheCursedMod:Obscuration","TheCursedMod:SpitefulPray+1"],"picked":"TheCursedMod:DoubleShield+1","floor":54}],"player_experience":970513,"relics_obtained":[{"floor":7,"key":"Matryoshka"},{"floor":9,"key":"Oddly Smooth Stone"},{"floor":9,"key":"Lizard Tail"},{"floor":26,"key":"HornCleat"},{"floor":26,"key":"Bag of Preparation"},{"floor":54,"key":"Gremlin Horn"}],"event_choices":[{"damage_healed":0,"gold_gain":0,"player_choice":"Entered Light","damage_taken":15,"max_hp_gain":0,"max_hp_loss":0,"event_name":"Shining Light","floor":3,"gold_loss":0,"cards_upgraded":["TheCursedMod:Defend_TheCursed","TheCursedMod:SpitefulPlan"]},{"damage_healed":0,"gold_gain":75,"player_choice":"Gather Gold","damage_taken":11,"max_hp_gain":0,"max_hp_loss":0,"event_name":"World of Goop","floor":4,"gold_loss":0},{"cards_removed":["TheCursedMod:Strike_TheCursed"],"damage_healed":0,"gold_gain":0,"player_choice":"Card Removal","damage_taken":7,"max_hp_gain":0,"max_hp_loss":0,"event_name":"Golden Wing","floor":5,"gold_loss":0},{"damage_healed":25,"gold_gain":0,"player_choice":"Banana","damage_taken":0,"max_hp_gain":0,"max_hp_loss":0,"event_name":"Big Fish","floor":6,"gold_loss":0},{"cards_removed":["TheCursedMod:Strike_TheCursed"],"damage_healed":0,"gold_gain":0,"player_choice":"Purged","damage_taken":0,"max_hp_gain":0,"max_hp_loss":0,"event_name":"Purifier","floor":8,"gold_loss":0},{"damage_healed":0,"gold_gain":0,"cards_transformed":["TheCursedMod:Defend_TheCursed"],"player_choice":"Change","damage_taken":0,"max_hp_gain":0,"max_hp_loss":0,"event_name":"Living Wall","floor":14,"gold_loss":0,"cards_obtained":["TheCursedMod:Stigma"]},{"cards_removed":["TheCursedMod:Defend_TheCursed"],"damage_healed":0,"gold_gain":0,"player_choice":"Elegance","damage_taken":0,"max_hp_gain":0,"max_hp_loss":0,"event_name":"Back to Basics","floor":20,"gold_loss":0},{"damage_healed":0,"gold_gain":275,"player_choice":"Desecrate","damage_taken":0,"max_hp_gain":0,"max_hp_loss":0,"event_name":"Golden Shrine","floor":21,"gold_loss":0,"cards_obtained":["Regret"]},{"damage_healed":0,"gold_gain":0,"player_choice":"Ignored","damage_taken":0,"max_hp_gain":0,"max_hp_loss":0,"event_name":"Vampires","floor":25,"gold_loss":0},{"damage_healed":0,"gold_gain":0,"player_choice":"Stole Relic","damage_taken":0,"relics_obtained":["Toy Ornithopter"],"max_hp_gain":0,"max_hp_loss":0,"event_name":"Addict","floor":29,"gold_loss":0,"cards_obtained":["Shame"]},{"cards_removed":["TheCursedMod:OutForBlood"],"damage_healed":0,"gold_gain":0,"player_choice":"Removed Power","damage_taken":0,"max_hp_gain":0,"max_hp_loss":0,"event_name":"Falling","floor":37,"gold_loss":0},{"damage_healed":19,"gold_gain":0,"player_choice":"Writhe","damage_taken":0,"max_hp_gain":0,"max_hp_loss":0,"event_name":"Winding Halls","floor":38,"gold_loss":0,"cards_obtained":["Writhe"]},{"damage_healed":0,"gold_gain":0,"player_choice":"Memory 1","damage_taken":0,"max_hp_gain":0,"max_hp_loss":0,"event_name":"SensoryStone","floor":46,"gold_loss":0},{"damage_healed":0,"gold_gain":0,"player_choice":"Ignored","damage_taken":0,"max_hp_gain":0,"max_hp_loss":0,"event_name":"Mysterious Sphere","floor":48,"gold_loss":0}],"is_beta":false,"boss_relics":[{"not_picked":["Astrolabe","Busted Crown"],"picked":"TheCursedMod:BlackMagicAdvanced"},{"not_picked":["TheCursedMod:OminousMark","Runic Dome"],"picked":"Cursed Key"}],"items_purged_floors":[2,11,19],"is_endless":false,"potions_floor_spawned":[1,12,22,31,33,36,39],"ascension_level":9}}