{"host":"np4f5reu8f2vit8r","time":1612695679,"event":{"mods":["BaseMod","Bestiary","Curses Come First","Minty Spire (QoL Compilation)","Permanent Neow","Relic Stats","StSLib"],"gold_per_floor":[119,30,49,49,69,103,123,150,150,150,215,215,243,281,281,362,362,387,408,417,445,464,464,464],"floor_reached":23,"language":"ENG","playtime":1111,"items_purged":[],"score":426,"play_id":"4e80867d-9dcf-40f5-a994-264361817733","local_time":"20210208000119","is_ascension_mode":true,"campfire_choices":[{"data":"Neutralize","floor":10,"key":"SMITH"},{"data":"Noxious Fumes","floor":12,"key":"SMITH"},{"floor":15,"key":"REST"}],"circlet_count":0,"master_deck":["AscendersBane","Strike_G","Strike_G","Strike_G","Strike_G","Defend_G","Defend_G","Defend_G","Defend_G","Defend_G","Survivor","Neutralize+1","Deadly Poison","Noxious Fumes+1","Poisoned Stab","Bouncing Flask","Backflip","Calculated Gamble","Dodge and Roll","Catalyst","After Image","Venomology","PiercingWail","Bane+1","Quick Slash+1","Blur","Catalyst"],"relics":["Runic Dome","StrikeDummy","CeramicFish","Letter Opener","Gambling Chip","Molten Egg 2","Black Star"],"acts_visited":["Exordium","TheCity"],"potions_floor_usage":[6,8,16,16,22,23,23],"damage_taken":[{"damage":0,"enemies":"Cultist","floor":1,"turns":4},{"damage":7,"enemies":"2 Louse","floor":3,"turns":3},{"damage":0,"enemies":"Small Slimes","floor":5,"turns":3},{"damage":16,"enemies":"3 Sentries","floor":6,"turns":7},{"damage":6,"enemies":"Looter","floor":7,"turns":2},{"damage":1,"enemies":"Lagavulin","floor":8,"turns":6},{"damage":0,"enemies":"3 Sentries","floor":11,"turns":6},{"damage":8,"enemies":"2 Fungi Beasts","floor":13,"turns":3},{"damage":15,"enemies":"3 Sentries","floor":14,"turns":5},{"damage":1,"enemies":"Slime Boss","floor":16,"turns":6},{"damage":6,"enemies":"Spheric Guardian","floor":18,"turns":3},{"damage":2,"enemies":"Shell Parasite","floor":19,"turns":5},{"damage":5,"enemies":"Cultist and Chosen","floor":21,"turns":5},{"damage":9,"enemies":"3 Cultists","floor":22,"turns":5},{"damage":36,"enemies":"Slavers","floor":23,"turns":4}],"seed_played":"-3854630949556871499","potions_obtained":[{"floor":3,"key":"CunningPotion"},{"floor":4,"key":"PowerPotion"},{"floor":7,"key":"BlessingOfTheForge"},{"floor":11,"key":"SmokeBomb"},{"floor":13,"key":"ColorlessPotion"},{"floor":16,"key":"ColorlessPotion"},{"floor":21,"key":"SpeedPotion"}],"is_trial":false,"path_per_floor":["M","$","M","?","M","E","M","E","T","R","?","R","M","E","R","B",null,"M","M","?","M","M","E"],"character_chosen":"THE_SILENT","items_purchased":["Noxious Fumes"],"campfire_rested":1,"item_purchase_floors":[2],"current_hp_per_floor":[59,59,52,52,52,36,30,29,29,29,29,29,21,6,25,24,56,50,48,48,43,34,0,0],"gold":464,"neow_bonus":"BOSS_RELIC","is_daily":false,"chose_seed":false,"campfire_upgraded":2,"win_rate":0.0,"timestamp":1612695679,"path_taken":["M","?","M","?","?","E","M","E","T","R","?","R","M","E","R","BOSS","M","M","?","M","M","E"],"items_purchased_type":["Card"],"build_version":"2020-12-22","purchased_purges":0,"victory":false,"max_hp_per_floor":[66,66,66,66,66,66,66,66,66,66,66,66,66,66,66,66,66,66,66,66,66,66,66,66],"relic_stats":{"counters":[15,67],"CeramicFish":81,"Gambling Chip":[25],"Black Star":0,"Letter Opener":[170],"obtain_stats":[{"Runic Dome":0,"CeramicFish":8,"Gambling Chip":11,"Molten Egg 2":14,"Black Star":17,"Letter Opener":9,"StrikeDummy":6,"Ring of the Snake":0},{"Runic Dome":0,"CeramicFish":6,"Gambling Chip":7,"Molten Egg 2":9,"Black Star":10,"Letter Opener":6,"StrikeDummy":4,"Ring of the Snake":0},{"Runic Dome":0,"CeramicFish":25,"Gambling Chip":31,"Molten Egg 2":39,"Black Star":45,"Letter Opener":25,"StrikeDummy":17,"Ring of the Snake":0}]},"card_choices":[{"not_picked":["All Out Attack","Cloak And Dagger"],"picked":"Deadly Poison","floor":1},{"not_picked":["Dagger Spray","Sucker Punch"],"picked":"Poisoned Stab","floor":3},{"not_picked":["Cloak And Dagger","Deadly Poison"],"picked":"Bouncing Flask","floor":5},{"not_picked":["Noxious Fumes","Deflect"],"picked":"Backflip","floor":6},{"not_picked":["Riddle With Holes","All Out Attack"],"picked":"Calculated Gamble","floor":7},{"not_picked":["Phantasmal Killer","All Out Attack","Prepared"],"picked":"SKIP","floor":8},{"not_picked":["Slice","Cloak And Dagger"],"picked":"Dodge and Roll","floor":11},{"not_picked":["Deadly Poison","Quick Slash"],"picked":"Catalyst","floor":13},{"not_picked":["Malaise","Flying Knee+1"],"picked":"After Image","floor":14},{"not_picked":["A Thousand Cuts","Grand Finale+1"],"picked":"Venomology","floor":16},{"not_picked":["Accuracy","Terror"],"picked":"PiercingWail","floor":18},{"not_picked":["Expertise","Slice+1"],"picked":"Bane+1","floor":19},{"not_picked":["Outmaneuver","Deflect"],"picked":"Blur","floor":21},{"not_picked":["Noxious Fumes+1","Dodge and Roll"],"picked":"Catalyst","floor":22}],"player_experience":929948,"relics_obtained":[{"floor":6,"key":"StrikeDummy"},{"floor":8,"key":"CeramicFish"},{"floor":9,"key":"Letter Opener"},{"floor":11,"key":"Gambling Chip"},{"floor":14,"key":"Molten Egg 2"}],"event_choices":[{"damage_healed":0,"gold_gain":0,"player_choice":"Got Potions","damage_taken":0,"max_hp_gain":0,"max_hp_loss":0,"event_name":"Lab","floor":4,"gold_loss":0},{"damage_healed":0,"gold_gain":0,"player_choice":"Searched \u00271\u0027 times","damage_taken":0,"max_hp_gain":0,"max_hp_loss":0,"event_name":"Dead Adventurer","floor":11,"gold_loss":0},{"damage_healed":0,"gold_gain":0,"cards_transformed":["Strike_G"],"player_choice":"Transformed","damage_taken":0,"max_hp_gain":0,"max_hp_loss":0,"event_name":"Transmorgrifier","floor":20,"gold_loss":0,"cards_obtained":["Quick Slash"]}],"is_beta":false,"boss_relics":[{"not_picked":["Empty Cage","Philosopher\u0027s Stone"],"picked":"Black Star"}],"items_purged_floors":[],"is_endless":false,"potions_floor_spawned":[3,7,11,13,16,21],"killed_by":"Slavers","ascension_level":20}}