{"host":"xg4r5pv6chpuampg","time":1612690527,"event":{"mods":["AchievementEnabler","BaseMod","Googly Eyes","Minty Spire (QoL Compilation)"],"gold_per_floor":[112,112,132,145,31,31,50,63,63,63,84,111,111,122,122,122,122],"floor_reached":16,"language":"ENG","playtime":734,"items_purged":[],"score":102,"play_id":"af4eeeaf-a1ec-4956-bd26-01e70bb90b8b","local_time":"20210207123527","is_ascension_mode":false,"campfire_choices":[{"data":"Loop","floor":6,"key":"SMITH"},{"floor":10,"key":"REST"},{"floor":15,"key":"REST"}],"circlet_count":0,"master_deck":["Strike_B","Strike_B","Strike_B","Strike_B","Defend_B","Defend_B","Defend_B","Defend_B","Zap","Dualcast","Barrage","Chill","Self Repair","Loop+1","Blizzard","Stack","Conserve Battery","Blind"],"relics":["Cracked Core","Girya","Bag of Preparation","Odd Mushroom","CaptainsWheel"],"acts_visited":["Exordium"],"potions_floor_usage":[12,12,16],"damage_taken":[{"damage":4,"enemies":"Small Slimes","floor":1,"turns":4},{"damage":1,"enemies":"Jaw Worm","floor":3,"turns":3},{"damage":0,"enemies":"Cultist","floor":4,"turns":3},{"damage":19,"enemies":"Exordium Thugs","floor":7,"turns":5},{"damage":6,"enemies":"3 Louse","floor":8,"turns":3},{"damage":20,"enemies":"The Mushroom Lair","floor":11,"turns":5},{"damage":24,"enemies":"Gremlin Nob","floor":12,"turns":4},{"damage":0,"enemies":"Large Slime","floor":14,"turns":5},{"damage":47,"enemies":"The Guardian","floor":16,"turns":10}],"seed_played":"6239131457245824442","potions_obtained":[{"floor":4,"key":"PowerPotion"},{"floor":8,"key":"FearPotion"},{"floor":11,"key":"LiquidMemories"},{"floor":14,"key":"GamblersBrew"}],"is_trial":false,"path_per_floor":["M","?","M","M","$","R","M","M","T","R","?","E","?","M","R","B"],"character_chosen":"DEFECT","items_purchased":["Loop","Blizzard"],"campfire_rested":2,"item_purchase_floors":[5,5],"current_hp_per_floor":[50,43,42,42,42,42,30,31,31,53,40,16,16,23,45,0,0],"gold":122,"neow_bonus":"ONE_RARE_RELIC","is_daily":false,"chose_seed":false,"campfire_upgraded":1,"win_rate":0.0,"timestamp":1612690527,"path_taken":["M","?","M","M","$","R","M","M","T","R","?","E","?","M","R","BOSS"],"items_purchased_type":["Card","Card"],"build_version":"2020-12-22","purchased_purges":0,"victory":false,"max_hp_per_floor":[75,75,75,75,75,75,75,75,75,75,75,75,75,75,75,75,75],"card_choices":[{"not_picked":["Turbo","Rip and Tear"],"picked":"Barrage","floor":1},{"not_picked":["Go for the Eyes","Streamline"],"picked":"Chill","floor":3},{"not_picked":["Stack","Streamline"],"picked":"Self Repair","floor":4},{"not_picked":["Steam Power","White Noise","Leap"],"picked":"SKIP","floor":7},{"not_picked":["Steam","Tempest"],"picked":"Stack","floor":8},{"not_picked":["Chill","Double Energy"],"picked":"Conserve Battery","floor":12},{"not_picked":["Streamline","Go for the Eyes","Sweeping Beam"],"picked":"SKIP","floor":14}],"player_experience":96154,"relics_obtained":[{"floor":11,"key":"Odd Mushroom"},{"floor":12,"key":"CaptainsWheel"}],"event_choices":[{"damage_healed":0,"gold_gain":0,"player_choice":"Success","damage_taken":7,"relics_obtained":["Bag of Preparation"],"max_hp_gain":0,"max_hp_loss":0,"event_name":"Scrap Ooze","floor":2,"gold_loss":0},{"damage_healed":0,"gold_gain":0,"player_choice":"Fought Mushrooms","damage_taken":0,"max_hp_gain":0,"max_hp_loss":0,"event_name":"Mushrooms","floor":11,"gold_loss":0},{"damage_healed":0,"gold_gain":0,"player_choice":"1 cards matched","damage_taken":0,"max_hp_gain":0,"max_hp_loss":0,"event_name":"Match and Keep!","floor":13,"gold_loss":0,"cards_obtained":["Blind"]}],"is_beta":false,"boss_relics":[],"items_purged_floors":[],"is_endless":false,"potions_floor_spawned":[4,8,11,14],"killed_by":"The Guardian","ascension_level":0}}