{"host":"7oiwk103j2prpym5","time":1612713017,"event":{"mods":["BaseMod","BetterRewards","Colored Map","Colored Powertips","GifTheSpireLib","Infinite Spire","Minty Spire (QoL Compilation)","Permanent Neow","Relic Filter Mod","Reliquary","Remove Card Discount Mod","Replay The Spire","StSLib","Stuff the Spire","Weighted Paths"],"gold_per_floor":[115,115,115,132,147,182,182,211,211,39,39,70,99,126,126,245,245,279,279,330,21,51,51,89,188,214,214,257,27,27,67,67,183,183,226,255,287,106,139,139,183,183,208,247,276,311,339,339,339,357,357],"floor_reached":50,"language":"ENG","playtime":2577,"items_purged":["Strike_G","Defend_G","Defend_G","Regret","Strike_G","ReplayTheSpireMod:Doomed"],"score":640,"play_id":"43747791-d89e-4543-9f07-d6e79ff71419","local_time":"20210207095017","is_ascension_mode":true,"campfire_choices":[{"floor":7,"key":"REST"},{"floor":11,"key":"REST"},{"floor":15,"key":"REST"},{"floor":23,"key":"RECALL"},{"floor":27,"key":"REST"},{"floor":30,"key":"REST"},{"data":"Noxious Fumes","floor":32,"key":"SMITH"},{"floor":40,"key":"REST"},{"floor":42,"key":"REST"},{"floor":49,"key":"REST"}],"circlet_count":0,"master_deck":["Strike_G+1","Strike_G+1","Strike_G+1","Defend_G+1","Defend_G+1","Defend_G+1","Survivor","Neutralize","AbeCurse","StuffTheSpire:BrimstoneBlast","Bane","Slice","Phantasmal Killer","Dagger Throw","Panache","Poisoned Stab","Sucker Punch","Bane","infinitespire:Neurotoxin","PiercingWail+1","Dodge and Roll+1","Dagger Spray","Flying Knee","StuffTheSpire:Injection","Noxious Fumes+1","ReplayTheSpireMod:The Works+1","Venomology","Noxious Fumes+1","Dash","Deadly Poison+1","Footwork+1","StuffTheSpire:BrimstoneBlast","Dash","Flying Knee+1","StuffTheSpire:BrimstoneBlast+1","Underhanded Strike+1","Noxious Fumes","Bouncing Flask"],"relics":["Abe\u0027s Treasure","StuffTheSpire:EmeraldSignet","reliquary:JackalopeAntler","StuffTheSpire:DarkSteelAnvil","Replay:Bandana","Red Mask","infinitespire:Golems Mask","StuffTheSpire:HeavyRock","StuffTheSpire:Experiment12","reliquary:Aerogel","reliquary:FeatherDuster","Painkiller Herb","ReplayTheSpireMod:CursedCoin","reliquary:Knoch","Toy Ornithopter","Gremlin Food","Bag of Marbles"],"acts_visited":["Exordium","TheCity","TheBeyond"],"potions_floor_usage":[13,13,33,33,36,39,41,44,47,47,48],"damage_taken":[{"damage":0,"enemies":"Cultist","floor":1,"turns":5},{"damage":6,"enemies":"Small Slimes","floor":4,"turns":3},{"damage":1,"enemies":"Jaw Worm","floor":5,"turns":2},{"damage":23,"enemies":"Gremlin Nob","floor":6,"turns":4},{"damage":31,"enemies":"3 Sentries","floor":8,"turns":8},{"damage":22,"enemies":"Lagavulin","floor":12,"turns":4},{"damage":8,"enemies":"Large Slime","floor":13,"turns":3},{"damage":0,"enemies":"3 Louse","floor":14,"turns":2},{"damage":28,"enemies":"Fading Forest","floor":16,"turns":11},{"damage":15,"enemies":"3 Byrds","floor":18,"turns":4},{"damage":11,"enemies":"Masked Bandits","floor":20,"turns":4},{"damage":0,"enemies":"Shell Parasite","floor":22,"turns":4},{"damage":4,"enemies":"Snecko","floor":24,"turns":4},{"damage":8,"enemies":"Book of Stabbing","floor":28,"turns":5},{"damage":1,"enemies":"Replay:Snechameleon","floor":31,"turns":5},{"damage":46,"enemies":"Champ","floor":33,"turns":10},{"damage":13,"enemies":"3 Shapes","floor":35,"turns":3},{"damage":14,"enemies":"3 Darklings","floor":36,"turns":3},{"damage":8,"enemies":"Transient","floor":37,"turns":5},{"damage":11,"enemies":"4 Shapes","floor":39,"turns":4},{"damage":34,"enemies":"Giant Head","floor":41,"turns":7},{"damage":6,"enemies":"R_Hoarder","floor":44,"turns":7},{"damage":0,"enemies":"3 Darklings","floor":45,"turns":4},{"damage":24,"enemies":"Spire Growth","floor":46,"turns":3},{"damage":22,"enemies":"4 Shapes","floor":47,"turns":2},{"damage":0,"enemies":"Sphere and 2 Shapes","floor":48,"turns":1},{"damage":36,"enemies":"Time Eater","floor":50,"turns":3}],"seed_played":"-8203191583950364052","potions_obtained":[{"floor":5,"key":"EssenceOfSteel"},{"floor":6,"key":"Weak Potion"},{"floor":22,"key":"Block Potion"},{"floor":24,"key":"SpeedPotion"},{"floor":28,"key":"Fire Potion"},{"floor":36,"key":"SkillPotion"},{"floor":37,"key":"LifebloodPotion"},{"floor":41,"key":"LiquidMemories"}],"is_trial":false,"path_per_floor":["M","?","?","M","M","E","R","E","T","$","R","E","M","M","R","B",null,"M","?","?","$","M","R","M","?","T","R","E","$","R","E","R","B",null,"?","?","?","T","?","T","E","T","T","E","?","?","?","?","T","B"],"character_chosen":"THE_SILENT","items_purchased":["Panache","infinitespire:Golems Mask","Noxious Fumes","reliquary:Aerogel","ReplayTheSpireMod:CursedCoin","reliquary:Knoch","Footwork","StuffTheSpire:BrimstoneBlast","Dash"],"campfire_rested":8,"item_purchase_floors":[10,21,29,29,38,38,38,38,38],"current_hp_per_floor":[70,70,56,50,49,26,47,16,16,16,37,15,7,9,30,22,70,55,55,44,44,44,44,40,40,40,61,53,53,70,69,69,25,70,57,43,35,35,24,45,17,38,38,37,37,13,1,6,27,0,0],"gold":357,"neow_bonus":"BOSS_RELIC","is_daily":false,"chose_seed":false,"campfire_upgraded":1,"win_rate":0.0,"timestamp":1612713017,"path_taken":["M","?","?","?","M","E","R","E","T","$","R","E","M","M","R","BOSS","M","?","?","$","M","R","M","?","T","R","E","?","R","E","R","BOSS","?","?","?","T","?","T","E","T","T","E","?","?","?","?","T","BOSS"],"items_purchased_type":["Card","Relic","Card","Relic","Relic","Relic","Card","Card","Card"],"build_version":"2020-12-22","purchased_purges":6,"victory":false,"max_hp_per_floor":[70,70,70,70,70,70,70,70,70,70,70,70,70,70,70,70,70,70,70,70,70,70,70,70,70,70,70,70,70,70,70,70,70,70,70,70,70,70,70,70,70,70,70,70,70,70,70,70,70,70,70],"card_choices":[{"not_picked":["Caltrops","Distraction"],"picked":"StuffTheSpire:BrimstoneBlast","floor":1},{"not_picked":["Choke","StuffTheSpire:ReptileScales"],"picked":"Bane","floor":4},{"not_picked":["ReplayTheSpireMod:Scrap Shanks","Heel Hook"],"picked":"Slice","floor":5},{"not_picked":["Acrobatics","Backflip"],"picked":"Phantasmal Killer","floor":6},{"not_picked":["Bane","StuffTheSpire:ClusterCrunch"],"picked":"Dagger Throw","floor":8},{"not_picked":["Acrobatics","Blur"],"picked":"Poisoned Stab","floor":12},{"not_picked":["Dodge and Roll","StuffTheSpire:Python"],"picked":"Sucker Punch","floor":13},{"not_picked":["ReplayTheSpireMod:Scrap Shanks","Setup"],"picked":"Bane","floor":14},{"not_picked":["ReplayTheSpireMod:Necrosis","Venomology"],"picked":"infinitespire:Neurotoxin","floor":16},{"not_picked":["StuffTheSpire:ClusterCrunch+1","StuffTheSpire:BumpUp"],"picked":"PiercingWail+1","floor":18},{"not_picked":["StuffTheSpire:Incursion","PiercingWail"],"picked":"Dodge and Roll+1","floor":20},{"not_picked":["Accuracy+1","StuffTheSpire:Python"],"picked":"Dagger Spray","floor":22},{"not_picked":["Footwork","StuffTheSpire:FinalStruggle"],"picked":"Flying Knee","floor":24},{"not_picked":["StuffTheSpire:Shiver","StuffTheSpire:BumpUp"],"picked":"StuffTheSpire:Injection","floor":28},{"not_picked":["Poisoned Stab","Bane"],"picked":"ReplayTheSpireMod:The Works+1","floor":31},{"not_picked":["Adrenaline","StuffTheSpire:FinalStruggle"],"picked":"Venomology","floor":33},{"not_picked":["Underhanded Strike+1","StuffTheSpire:Python+1"],"picked":"Noxious Fumes+1","floor":35},{"not_picked":["Outmaneuver","PiercingWail+1"],"picked":"Dash","floor":36},{"not_picked":["Backstab+1","Poisoned Stab"],"picked":"Deadly Poison+1","floor":37},{"not_picked":["Acrobatics","StuffTheSpire:BumpUp"],"picked":"Flying Knee+1","floor":39},{"not_picked":["Flying Knee+1","ReplayTheSpireMod:Shiv Toss"],"picked":"StuffTheSpire:BrimstoneBlast+1","floor":41},{"not_picked":["Sucker Punch+1","Heel Hook+1"],"picked":"Underhanded Strike+1","floor":44},{"not_picked":["Burst","Sucker Punch"],"picked":"Noxious Fumes","floor":45},{"not_picked":["StuffTheSpire:Python+1","Flying Knee+1","ReplayTheSpireMod:Scrap Shanks"],"picked":"SKIP","floor":46},{"not_picked":["Expertise+1","Underhanded Strike"],"picked":"Bouncing Flask","floor":47}],"player_experience":861456,"relics_obtained":[{"floor":6,"key":"reliquary:JackalopeAntler"},{"floor":8,"key":"StuffTheSpire:DarkSteelAnvil"},{"floor":12,"key":"Replay:Bandana"},{"floor":20,"key":"Red Mask"},{"floor":26,"key":"StuffTheSpire:HeavyRock"},{"floor":28,"key":"StuffTheSpire:Experiment12"},{"floor":31,"key":"reliquary:FeatherDuster"},{"floor":41,"key":"Toy Ornithopter"},{"floor":43,"key":"Gremlin Food"},{"floor":44,"key":"Bag of Marbles"}],"event_choices":[{"damage_healed":0,"gold_gain":0,"player_choice":"Box","damage_taken":0,"relics_obtained":["StuffTheSpire:EmeraldSignet"],"max_hp_gain":0,"max_hp_loss":0,"event_name":"Big Fish","floor":2,"gold_loss":0,"cards_obtained":["Regret"]},{"damage_healed":0,"gold_gain":0,"player_choice":"Entered Light","damage_taken":14,"max_hp_gain":0,"max_hp_loss":0,"event_name":"Shining Light","floor":3,"gold_loss":0,"cards_upgraded":["Strike_G","Strike_G"]},{"damage_healed":0,"gold_gain":0,"player_choice":"Simplicity","damage_taken":0,"max_hp_gain":0,"max_hp_loss":0,"event_name":"Back to Basics","floor":19,"gold_loss":0,"cards_upgraded":["Strike_G","Defend_G","Defend_G","Defend_G"]},{"damage_healed":0,"gold_gain":0,"player_choice":"Fought Bandits","damage_taken":0,"max_hp_gain":0,"max_hp_loss":0,"event_name":"Masked Bandits","floor":20,"gold_loss":0},{"damage_healed":0,"gold_gain":99,"player_choice":"Stole From Cult","damage_taken":0,"max_hp_gain":0,"max_hp_loss":0,"event_name":"Nest","floor":25,"gold_loss":0}],"is_beta":false,"boss_relics":[{"not_picked":["Kintsugi","Ectoplasm","StuffTheSpire:Kangaroo"]},{"not_picked":["Runic Dome","StuffTheSpire:RunicConfusion"],"picked":"Painkiller Herb"}],"items_purged_floors":[10,10,10,10,10,38],"is_endless":false,"potions_floor_spawned":[5,6,22,24,28,36,37,41,46],"killed_by":"Time Eater","ascension_level":1}}