{"host":"1ooxfz79hmpvpehx","time":1612662900,"event":{"mods":["BaseMod","Minty Spire (QoL Compilation)","Quick Restart","Replay The Spire","StSLib","SuperFastMode"],"gold_per_floor":[111,111,123,48,63,88,88,0,24,37,37,37,50,50,50,147,147,166,66,78,92,103,133,133,152,152,168,168,168],"floor_reached":28,"language":"ENG","playtime":603,"items_purged":["Defend_B","Strike_B"],"score":242,"play_id":"3cb62e4a-66b4-4ac3-99d0-6377a0b21393","local_time":"20210206225500","is_ascension_mode":false,"campfire_choices":[{"data":"Strike_B+2","floor":7,"key":"SMITH"},{"data":"Strike_B+3","floor":11,"key":"SMITH"},{"data":"Regret","floor":15,"key":"PURGE"},{"floor":24,"key":"REST"}],"circlet_count":0,"master_deck":["Strike_B","Strike_B+4","Strike_B","Defend_B+1","Defend_B+1","Zap","Finesse","Creative AI","Gash","Gash"],"relics":["Runic Dome","Simple Rune","Orichalcum","PreservedInsect","Empty Cage","MealTicket","Snack Pack"],"acts_visited":["Exordium","TheCity"],"potions_floor_usage":[6,16,16,20,25,25],"damage_taken":[{"damage":5,"enemies":"2 Louse","floor":1,"turns":3},{"damage":1,"enemies":"Jaw Worm","floor":3,"turns":4},{"damage":0,"enemies":"Small Slimes","floor":5,"turns":3},{"damage":34,"enemies":"Gremlin Nob","floor":6,"turns":5},{"damage":5,"enemies":"Looter","floor":10,"turns":3},{"damage":6,"enemies":"Red Slaver","floor":13,"turns":2},{"damage":4,"enemies":"Hexaghost","floor":16,"turns":9},{"damage":7,"enemies":"Spheric Guardian","floor":18,"turns":5},{"damage":13,"enemies":"3 Byrds","floor":20,"turns":5},{"damage":23,"enemies":"Snake Plant","floor":21,"turns":5},{"damage":15,"enemies":"Snecko","floor":22,"turns":6},{"damage":19,"enemies":"Book of Stabbing","floor":23,"turns":4},{"damage":15,"enemies":"Sentry and Sphere","floor":25,"turns":4},{"damage":8,"enemies":"Snake Plant","floor":27,"turns":4},{"damage":22,"enemies":"Slavers","floor":28,"turns":1}],"seed_played":"-995731046884550772","potions_obtained":[{"floor":1,"key":"Languid Potion"},{"floor":10,"key":"DistilledChaos"},{"floor":13,"key":"Block Potion"},{"floor":18,"key":"Fruit Juice"},{"floor":21,"key":"BlessingOfTheForge"},{"floor":23,"key":"AttackPotion"}],"is_trial":false,"path_per_floor":["M","?","M","$","M","E","R","$","T","M","R","?","M","$","R","B",null,"M","$","M","M","M","E","R","M","T","M","E"],"character_chosen":"DEFECT","items_purchased":["Finesse"],"campfire_rested":1,"item_purchase_floors":[8],"current_hp_per_floor":[70,55,54,54,54,20,20,20,20,15,15,15,9,9,9,5,75,68,68,60,37,22,3,27,12,12,10,0,0],"gold":168,"neow_bonus":"BOSS_RELIC","is_daily":false,"chose_seed":false,"campfire_upgraded":2,"win_rate":0.0,"timestamp":1612662900,"path_taken":["M","?","M","$","M","E","R","$","T","M","R","?","M","?","R","BOSS","M","$","M","M","M","E","R","M","T","M","E"],"items_purchased_type":["Card"],"build_version":"2020-12-22","purchased_purges":2,"victory":false,"max_hp_per_floor":[75,75,75,75,75,75,75,75,75,75,75,75,75,75,75,75,75,75,75,80,80,80,80,80,80,80,80,80,80],"card_choices":[{"not_picked":["White Noise","Defragment","ReplayTheSpireMod:GoodbyeWorld"],"picked":"SKIP","floor":1},{"not_picked":["White Noise","Defragment","ReplayTheSpireMod:GoodbyeWorld"],"picked":"SKIP","floor":1},{"not_picked":["ReplayTheSpireMod:Reroute Power","Go for the Eyes","Chaos"],"picked":"SKIP","floor":3},{"not_picked":["Streamline","Heatsinks","Compile Driver"],"picked":"SKIP","floor":5},{"not_picked":["BasicCrystalCard","Barrage","Steam"],"picked":"SKIP","floor":6},{"not_picked":["BasicCrystalCard","Barrage","Steam"],"picked":"SKIP","floor":6},{"not_picked":["Lockon","Self Repair","Sunder"],"picked":"SKIP","floor":10},{"not_picked":["BasicCrystalCard","Rebound","Melter"],"picked":"SKIP","floor":13},{"not_picked":["All For One","ReplayTheSpireMod:Omega Cannon"],"picked":"Creative AI","floor":16},{"not_picked":["Lockon+1","Crystallizer"],"picked":"Gash","floor":18},{"not_picked":["Steam","Cold Snap+1","Reinforced Body"],"picked":"SKIP","floor":20},{"not_picked":["Steam","Hologram"],"picked":"Gash","floor":21},{"not_picked":["Hologram","ReplayTheSpireMod:Repulse","Undo"],"picked":"SKIP","floor":22},{"not_picked":["Steam Power","Tempest","Core Surge"],"picked":"SKIP","floor":23},{"not_picked":["Cold Snap+1","Heatsinks","Streamline+1"],"picked":"SKIP","floor":25},{"not_picked":["Barrage","Double Energy","Defragment"],"picked":"SKIP","floor":27}],"player_experience":23673,"relics_obtained":[{"floor":6,"key":"Simple Rune"},{"floor":9,"key":"Orichalcum"},{"floor":23,"key":"MealTicket"},{"floor":26,"key":"Snack Pack"}],"event_choices":[{"damage_healed":0,"gold_gain":0,"player_choice":"Entered Light","damage_taken":15,"max_hp_gain":0,"max_hp_loss":0,"event_name":"Shining Light","floor":2,"gold_loss":0,"cards_upgraded":["Strike_B","Defend_B"]},{"damage_healed":0,"gold_gain":0,"player_choice":"Box","damage_taken":0,"relics_obtained":["PreservedInsect"],"max_hp_gain":0,"max_hp_loss":0,"event_name":"Big Fish","floor":12,"gold_loss":0,"cards_obtained":["Regret"]}],"is_beta":false,"boss_relics":[{"not_picked":["SlaversCollar","Abe\u0027s Treasure"],"picked":"Empty Cage"}],"items_purged_floors":[4,19],"is_endless":false,"potions_floor_spawned":[1,10,13,18,21,23],"killed_by":"Slavers","ascension_level":0}}