{"host":"bcpyscfajg8dk59p","time":1612675697,"event":{"mods":["Act Like it!","BaseMod","BetterRewards","Colored Map","Colored Powertips","Conspire","Downfall","Friendly Minions","Hubris","Infinite Spire","Ironclad Rager","Minty Spire (QoL Compilation)","Permanent Neow","Quarter Circle Forward PUNCH!","Replay The Spire","StSLib","SuperFastMode","Trackpad"],"gold_per_floor":[114,124,137,37,57,91,91,91,91,61,61,79,79,114,114,214,214,228,197,215,215,234,234,248,278,354,365,115,115,115,130,130,130,130],"floor_reached":33,"language":"ENG","playtime":2320,"items_purged":["Strike_R","Defend_R"],"score":293,"play_id":"747920e4-e4b1-471f-9d28-e53ba66d5767","local_time":"20210206212817","is_ascension_mode":true,"campfire_choices":[{"data":"Uppercut","floor":7,"key":"SMITH"},{"data":"infinitespire:OneForAll","floor":11,"key":"SMITH"},{"data":"Metallicize","floor":13,"key":"SMITH"},{"data":"Flame Barrier","floor":15,"key":"SMITH"},{"data":"Entrench","floor":23,"key":"SMITH"},{"data":"infinitespire:Starlight","floor":29,"key":"SMITH"},{"data":"GremboGang","floor":32,"key":"SMITH"}],"circlet_count":0,"master_deck":["Strike_R","Strike_R","Strike_R","Strike_R","Defend_R","Defend_R","Defend_R","Bash","Flame Barrier+1","Uppercut+1","infinitespire:OneForAll+1","Shrug It Off","Cleave","Entrench+1","Metallicize+1","Ghostly Armor","Double Tap","CurseOfTheBell","Whirlwind","Shrug It Off+1","Clothesline","infinitespire:Starlight+1","GremboGang+1"],"relics":["Burning Blood","Nunchaku","hubris:OldNail","Replay:Bottled Snecko","qcfpunch:Broken_Tusk","Calling Bell","trackpad:BottledAnger","Sundial","CaptainsWheel","conspire:GlowingRock","hubris:TinFlute","qcfpunch:Wild_Herbs_Ointment"],"acts_visited":["Exordium","TheCity"],"potions_floor_usage":[6,12,16,20,25,25,33],"damage_taken":[{"damage":6,"enemies":"Cultist","floor":1,"turns":4},{"damage":0,"enemies":"Jaw Worm","floor":2,"turns":5},{"damage":0,"enemies":"Small Slimes","floor":3,"turns":4},{"damage":9,"enemies":"3 Louse","floor":5,"turns":4},{"damage":15,"enemies":"Lagavulin","floor":6,"turns":9},{"damage":5,"enemies":"Exordium Thugs","floor":12,"turns":3},{"damage":33,"enemies":"3 Sentries","floor":14,"turns":12},{"damage":41,"enemies":"Slime Boss","floor":16,"turns":21},{"damage":0,"enemies":"Chosen","floor":18,"turns":6},{"damage":9,"enemies":"2 Thieves","floor":19,"turns":5},{"damage":17,"enemies":"3 Cultists","floor":20,"turns":7},{"damage":1,"enemies":"Snecko","floor":22,"turns":8},{"damage":9,"enemies":"Snake Plant","floor":24,"turns":7},{"damage":51,"enemies":"Gremlin Leader","floor":25,"turns":11},{"damage":26,"enemies":"Centurion and Healer","floor":27,"turns":26},{"damage":17,"enemies":"Sentry and Sphere","floor":31,"turns":8},{"damage":55,"enemies":"Collector","floor":33,"turns":11}],"seed_played":"-8670861455856706168","potions_obtained":[{"floor":2,"key":"Guardian:BlockOnCardUsePotion"},{"floor":5,"key":"DistilledChaos"},{"floor":10,"key":"Milkshake"},{"floor":10,"key":"AttackPotion"},{"floor":12,"key":"Strength Potion"},{"floor":16,"key":"FearPotion"},{"floor":19,"key":"DistilledChaos"},{"floor":20,"key":"BloodPotion"},{"floor":22,"key":"BlessingOfTheForge"},{"floor":25,"key":"BlessingOfTheForge"},{"floor":30,"key":"LifebloodPotion"},{"floor":30,"key":"bronze:BurnAndBuffPotion"}],"is_trial":false,"path_per_floor":["M","M","M","$","M","E","R","$","T","?","R","M","R","E","R","B",null,"M","M","M","AVR","M","R","M","E","T","M","?","R","?","M","R","B"],"character_chosen":"IRONCLAD","items_purchased":["Shrug It Off"],"campfire_rested":0,"item_purchase_floors":[4],"current_hp_per_floor":[80,80,80,80,77,68,68,68,68,68,68,69,69,42,42,7,80,80,77,80,80,80,80,77,42,42,32,32,32,32,36,36,0,0],"gold":130,"neow_bonus":"RANDOM_COMMON_RELIC","is_daily":false,"chose_seed":false,"campfire_upgraded":7,"win_rate":0.0,"timestamp":1612675697,"path_taken":["M","M","M","$","M","E","R","?","T","?","R","M","R","E","R","BOSS","M","?","M","AVR","M","R","M","E","T","M","?","R","?","M","R","BOSS"],"items_purchased_type":["Card"],"build_version":"2020-12-22","purchased_purges":2,"victory":false,"max_hp_per_floor":[80,80,80,80,80,80,80,80,80,80,80,80,80,80,80,80,80,80,80,80,80,80,80,80,80,80,80,80,80,80,80,80,80,80],"card_choices":[{"not_picked":["ReplayTheSpireMod:Strike From Hell","Anger"],"picked":"Flame Barrier","floor":1},{"not_picked":["Run Through","hubris:ReadiedAction"],"picked":"Uppercut","floor":2},{"not_picked":["Clash","Evolve"],"picked":"infinitespire:OneForAll","floor":3},{"not_picked":["hubris:ReadiedAction","Perfected Strike"],"picked":"Cleave","floor":5},{"not_picked":["Corruption","Havoc"],"picked":"Entrench","floor":6},{"not_picked":["Heavy Blade","Battle Trance"],"picked":"Metallicize","floor":12},{"not_picked":["Clothesline","Anger"],"picked":"Ghostly Armor","floor":14},{"not_picked":["Fiend Fire","Demonic Infusion"],"picked":"Double Tap","floor":16},{"not_picked":["Clothesline","Iron Wave","Anger"],"picked":"Whirlwind","floor":18},{"not_picked":["Perfected Strike","Replay:Undeath\u0027s Touch","Anger"],"picked":"Shrug It Off+1","floor":19},{"not_picked":["Burning Pact","Massacre","Anger"],"picked":"Clothesline","floor":20},{"not_picked":["Twin Strike","Run Through","Havoc+1","Anger"],"picked":"SKIP","floor":22},{"not_picked":["Seeing Red","ReplayTheSpireMod:LeadingStrike","Immolate","Anger"],"picked":"SKIP","floor":24},{"not_picked":["Burning Pact","Thunderclap","Clothesline","Anger"],"picked":"SKIP","floor":25},{"not_picked":["Cleave","Iron Wave","ReplayTheSpireMod:Strike From Hell+1","Anger+1"],"picked":"SKIP","floor":27},{"not_picked":["Headbutt","Run Through+1","ReplayTheSpireMod:Stacked","Anger+1"],"picked":"SKIP","floor":31}],"player_experience":454879,"relics_obtained":[{"floor":6,"key":"hubris:OldNail"},{"floor":9,"key":"Replay:Bottled Snecko"},{"floor":14,"key":"qcfpunch:Broken_Tusk"},{"floor":17,"key":"trackpad:BottledAnger"},{"floor":17,"key":"Sundial"},{"floor":17,"key":"CaptainsWheel"},{"floor":25,"key":"hubris:TinFlute"},{"floor":26,"key":"qcfpunch:Wild_Herbs_Ointment"}],"event_choices":[{"damage_healed":0,"gold_gain":0,"player_choice":"Bought 2 Potions","damage_taken":0,"max_hp_gain":0,"max_hp_loss":0,"event_name":"The Woman in Blue","floor":10,"gold_loss":0},{"damage_healed":0,"gold_gain":0,"player_choice":"Got Potions","damage_taken":0,"max_hp_gain":0,"max_hp_loss":0,"event_name":"Lab","floor":30,"gold_loss":0}],"is_beta":false,"boss_relics":[{"not_picked":["Astrolabe","hubris:ScarierMask"],"picked":"Calling Bell"}],"items_purged_floors":[4,21],"is_endless":false,"potions_floor_spawned":[2,5,12,16,19,20,22,25],"killed_by":"Collector","ascension_level":1}}