{"host":"m1r1dnnd0bbi4qb9","time":1612729183,"event":{"mods":["BaseMod","Minty Spire (QoL Compilation)","SuperFastMode"],"gold_per_floor":[209,219,68,82,82,114,114,64,64,64,92,112,92,107,107,206,206,216,216,236,236,249,249,282,282,282,282,282,382,89,106,106,211,211,225,236,236,255,273,273,308,308,308],"floor_reached":42,"language":"ENG","playtime":2643,"items_purged":["Strike_R","Strike_R"],"score":709,"play_id":"2bd3800c-1097-41dd-b123-04ae7486bd42","local_time":"20210207181943","is_ascension_mode":true,"campfire_choices":[{"data":"Fire Breathing","floor":7,"key":"SMITH"},{"data":"Flex","floor":15,"key":"SMITH"},{"data":"Barricade","floor":23,"key":"SMITH"},{"data":"RitualDagger","floor":25,"key":"SMITH"},{"floor":27,"key":"REST"},{"floor":32,"key":"REST"},{"data":"Double Tap","floor":40,"key":"SMITH"}],"circlet_count":0,"master_deck":["AscendersBane","Strike_R","Strike_R","Defend_R","Defend_R","Defend_R","Defend_R","Bash","Body Slam","Impervious","Fire Breathing+1","Flame Barrier+1","Reaper","Twin Strike","Iron Wave","Barricade+1","Clothesline","RitualDagger+1","Armaments+1","Fire Breathing+1","Magnetism","Cleave+1","Immolate+1","Iron Wave+1","Double Tap+1"],"relics":["Burning Blood","Meat on the Bone","Singing Bowl","Self Forming Clay","Kunai","Philosopher\u0027s Stone","Du-Vu Doll","Blue Candle","MutagenicStrength","Mango","Molten Egg 2","Sozu","MealTicket"],"acts_visited":["Exordium","TheCity","TheBeyond"],"potions_floor_usage":[6,16,16,18,22,24,29,31],"damage_taken":[{"damage":8,"enemies":"Small Slimes","floor":1,"turns":4},{"damage":3,"enemies":"2 Louse","floor":2,"turns":3},{"damage":10,"enemies":"Cultist","floor":4,"turns":4},{"damage":27,"enemies":"Gremlin Nob","floor":6,"turns":4},{"damage":10,"enemies":"3 Sentries","floor":11,"turns":6},{"damage":0,"enemies":"3 Louse","floor":12,"turns":4},{"damage":9,"enemies":"2 Fungi Beasts","floor":14,"turns":4},{"damage":48,"enemies":"The Guardian","floor":16,"turns":16},{"damage":6,"enemies":"3 Byrds","floor":18,"turns":4},{"damage":42,"enemies":"Shell Parasite","floor":20,"turns":9},{"damage":38,"enemies":"Shelled Parasite and Fungi","floor":22,"turns":8},{"damage":41,"enemies":"Book of Stabbing","floor":24,"turns":7},{"damage":17,"enemies":"Colosseum Slavers","floor":29,"turns":4},{"damage":24,"enemies":"Colosseum Nobs","floor":29,"turns":6},{"damage":22,"enemies":"Snake Plant","floor":31,"turns":5},{"damage":35,"enemies":"Automaton","floor":33,"turns":15},{"damage":9,"enemies":"3 Darklings","floor":35,"turns":3},{"damage":19,"enemies":"3 Shapes","floor":36,"turns":3},{"damage":25,"enemies":"Jaw Worm Horde","floor":38,"turns":4},{"damage":37,"enemies":"3 Darklings","floor":39,"turns":3},{"damage":69,"enemies":"Reptomancer","floor":41,"turns":8},{"damage":42,"enemies":"Sphere and 2 Shapes","floor":42,"turns":3}],"seed_played":"8350548055947527858","potions_obtained":[{"floor":1,"key":"Dexterity Potion"},{"floor":2,"key":"LiquidBronze"},{"floor":4,"key":"AttackPotion"},{"floor":13,"key":"Ancient Potion"},{"floor":14,"key":"BloodPotion"},{"floor":16,"key":"LiquidBronze"},{"floor":22,"key":"ColorlessPotion"},{"floor":24,"key":"ColorlessPotion"},{"floor":29,"key":"Block Potion"}],"is_trial":false,"path_per_floor":["M","M","$","M","?","E","R","?","T","?","E","M","?","M","R","B",null,"M","?","M","?","M","R","E","R","T","R","?","?","$","M","R","B",null,"M","M","?","M","M","R","E","M"],"character_chosen":"IRONCLAD","items_purchased":["Impervious","Magnetism"],"campfire_rested":2,"item_purchase_floors":[3,30],"current_hp_per_floor":[70,73,73,69,66,57,57,57,57,57,53,65,65,77,77,47,72,80,74,56,56,55,55,46,46,46,70,70,74,74,58,87,73,92,100,87,87,76,69,69,32,0,0],"gold":308,"neow_bonus":"HUNDRED_GOLD","is_daily":false,"chose_seed":false,"campfire_upgraded":5,"win_rate":0.0,"timestamp":1612729183,"path_taken":["M","M","$","M","?","E","R","?","T","?","E","M","?","M","R","BOSS","M","?","M","?","M","R","E","R","T","R","?","?","$","M","R","BOSS","M","M","?","M","M","R","E","M"],"items_purchased_type":["Card","Card"],"build_version":"2020-12-22","purchased_purges":2,"victory":false,"max_hp_per_floor":[80,80,80,80,80,80,80,80,80,80,80,80,80,80,80,80,80,80,80,80,80,80,80,82,82,82,82,82,98,98,98,98,98,98,100,100,100,102,102,102,104,104,104],"card_choices":[{"not_picked":["Second Wind","Evolve"],"picked":"Flex","floor":1},{"not_picked":["Carnage","True Grit"],"picked":"Body Slam","floor":2},{"not_picked":["Wild Strike","Dual Wield"],"picked":"Fire Breathing","floor":4},{"not_picked":["Clothesline","Immolate"],"picked":"Flame Barrier","floor":6},{"not_picked":["Ghostly Armor","Havoc"],"picked":"Reaper","floor":11},{"not_picked":["Clash","Body Slam"],"picked":"Twin Strike","floor":12},{"not_picked":["Anger","Pummel"],"picked":"Iron Wave","floor":14},{"not_picked":["Double Tap","Brutality"],"picked":"Barricade","floor":16},{"not_picked":["Sever Soul","Heavy Blade"],"picked":"Clothesline","floor":18},{"not_picked":["Perfected Strike","Twin Strike"],"picked":"Armaments+1","floor":20},{"not_picked":["Carnage","Pummel"],"picked":"Fire Breathing+1","floor":22},{"not_picked":["Carnage+1","Evolve","Perfected Strike"],"picked":"Singing Bowl","floor":24},{"not_picked":["Perfected Strike+1","Clothesline+1","Warcry"],"picked":"Singing Bowl","floor":29},{"not_picked":["Ghostly Armor","Sentinel"],"picked":"Cleave+1","floor":31},{"not_picked":["Fiend Fire+1","Reaper+1"],"picked":"Immolate+1","floor":33},{"not_picked":["Havoc","Warcry+1","Sentinel+1"],"picked":"Singing Bowl","floor":35},{"not_picked":["Dark Embrace+1","Clothesline+1"],"picked":"Iron Wave+1","floor":36},{"not_picked":["Bloodletting+1","Anger+1","Havoc+1"],"picked":"Singing Bowl","floor":38},{"not_picked":["True Grit+1","Battle Trance"],"picked":"Double Tap","floor":39},{"not_picked":["Combust+1","Thunderclap+1","Rupture+1"],"picked":"Singing Bowl","floor":41}],"player_experience":602540,"relics_obtained":[{"floor":6,"key":"Singing Bowl"},{"floor":9,"key":"Self Forming Clay"},{"floor":11,"key":"Kunai"},{"floor":24,"key":"Du-Vu Doll"},{"floor":26,"key":"Blue Candle"},{"floor":29,"key":"Mango"},{"floor":29,"key":"Molten Egg 2"},{"floor":41,"key":"MealTicket"}],"event_choices":[{"damage_healed":0,"gold_gain":0,"player_choice":"Success","damage_taken":3,"relics_obtained":["Meat on the Bone"],"max_hp_gain":0,"max_hp_loss":0,"event_name":"Scrap Ooze","floor":5,"gold_loss":0},{"cards_removed":["Strike_R"],"damage_healed":0,"gold_gain":0,"player_choice":"Card Removal","damage_taken":0,"max_hp_gain":0,"max_hp_loss":0,"event_name":"The Cleric","floor":8,"gold_loss":50},{"damage_healed":0,"gold_gain":0,"player_choice":"Grow","damage_taken":0,"max_hp_gain":0,"max_hp_loss":0,"event_name":"Living Wall","floor":10,"gold_loss":0,"cards_upgraded":["Flame Barrier"]},{"damage_healed":0,"gold_gain":0,"player_choice":"Bought 1 Potion","damage_taken":0,"max_hp_gain":0,"max_hp_loss":0,"event_name":"The Woman in Blue","floor":13,"gold_loss":0},{"damage_healed":0,"gold_gain":0,"player_choice":"Joined the Cult","damage_taken":6,"max_hp_gain":0,"max_hp_loss":0,"event_name":"Nest","floor":19,"gold_loss":0,"cards_obtained":["RitualDagger"]},{"damage_healed":0,"gold_gain":0,"player_choice":"Ignored","damage_taken":0,"max_hp_gain":0,"max_hp_loss":0,"event_name":"Vampires","floor":21,"gold_loss":0},{"damage_healed":0,"gold_gain":0,"player_choice":"Inject Mutagens","damage_taken":0,"relics_obtained":["MutagenicStrength"],"max_hp_gain":0,"max_hp_loss":0,"event_name":"Drug Dealer","floor":28,"gold_loss":0},{"damage_healed":0,"gold_gain":0,"player_choice":"Fight","damage_taken":0,"max_hp_gain":0,"max_hp_loss":0,"event_name":"Colosseum","floor":29,"gold_loss":0},{"damage_healed":0,"gold_gain":0,"player_choice":"Fought Nobs","damage_taken":0,"max_hp_gain":0,"max_hp_loss":0,"event_name":"Colosseum","floor":29,"gold_loss":0},{"cards_removed":["Flex"],"damage_healed":0,"gold_gain":0,"player_choice":"Removed Skill","damage_taken":0,"max_hp_gain":0,"max_hp_loss":0,"event_name":"Falling","floor":37,"gold_loss":0}],"is_beta":false,"boss_relics":[{"not_picked":["Empty Cage","Runic Dome"],"picked":"Philosopher\u0027s Stone"},{"not_picked":["Pandora\u0027s Box","Black Blood"],"picked":"Sozu"}],"items_purged_floors":[3,30],"is_endless":false,"potions_floor_spawned":[1,2,4,14,16,22,24,29,39,41],"killed_by":"Sphere and 2 Shapes","ascension_level":10}}