{"host":"7s9cy3ihj997zbmc","time":1612704970,"event":{"mods":["Act Like it!","BaseMod","Card Filter","Custom Start","Downfall","Highlight Path","Minty Spire (QoL Compilation)","Permanent Neow","Quick Restart","Relic Filter","Relic Sorter","StSLib","SuperFastMode"],"gold_per_floor":[99,116,136,153,153,63,74,74,74,120,173,189,247,132,164,164,181,197,197,197,224,62,81,182,182,182,193,209,309,409,426,442,462,480,480,480,506,572,572,604,404,604,621,640,651,667,517,534,639,639,539,556,569,584,598,612,666,716,483,483,483,496,513,513,525,554,554,554,569,579,579,579,609,187,187,187,187],"floor_reached":78,"language":"ZHS","playtime":3882,"items_purged":["bronze:Strike","bronze:Strike","bronze:Defend","bronze:DigitalCarnage","bronze:Defend","bronze:Format+1"],"score":1593,"play_id":"c690a856-2a1a-4941-87c5-8394860de968","local_time":"20210207213610","is_ascension_mode":false,"campfire_choices":[{"data":"bronze:Goto","floor":1.0,"key":"SMITH"},{"data":"bronze:Terminator","floor":9.0,"key":"SMITH"},{"data":"bronze:FineTuning","floor":16.0,"key":"SMITH"},{"floor":19.0,"key":"REST"},{"data":"bronze:SpaghettiCode","floor":20.0,"key":"SMITH"},{"data":"bronze:FineTuning","floor":26.0,"key":"SMITH"},{"data":"bronze:ForLoop","floor":35.0,"key":"SMITH"},{"floor":41.0,"key":"RECALL"},{"data":"bronze:Return","floor":51.0,"key":"SMITH"},{"data":"bronze:MaxOutput","floor":61.0,"key":"SMITH"},{"data":"bronze:Iterate","floor":64.0,"key":"SMITH"},{"data":"bronze:Format","floor":68.0,"key":"SMITH"},{"data":"expansioncontent:DashGenerateEvil","floor":75,"key":"SMITH"}],"circlet_count":0,"master_deck":["bronze:Defend","bronze:Defend+1","bronze:Goto+1","bronze:Iterate+1","bronze:MaxOutput+1","bronze:Terminator+1","bronze:Assembly+1","bronze:SpaghettiCode+1","bronze:FineTuning+1","bronze:ForLoop+1","bronze:Return","bronze:Return+1","bronze:Verify","bronze:ItsAFeature","expansioncontent:DashGenerateEvil+1"],"relics":["bronze:BronzeCore","Incense Burner","bronze:ProtectiveGoggles","War Paint","Bag of Marbles","InkBottle","Blood Vial","Chemical X","Sozu","MutagenicStrength","Potion Belt","PreservedInsect","TheAbacus","Art of War","downfall:HeartBlessingGreen","downfall:HeartBlessingBlue","Coffee Dripper","downfall:HeartBlessingRed","CaptainsWheel","Membership Card","Thread and Needle","Oddly Smooth Stone","Vajra","Medical Kit","StoneCalendar"],"acts_visited":["Exordium","TheCity","TheBeyond","TheEnding"],"potions_floor_usage":[],"damage_taken":[{"damage":4.0,"enemies":"Jaw Worm","floor":2.0,"turns":5.0},{"damage":5.0,"enemies":"Cultist","floor":3.0,"turns":4.0},{"damage":1.0,"enemies":"2 Louse","floor":4.0,"turns":2.0},{"damage":5.0,"enemies":"downfall:FleeingMerchant","floor":6.0,"turns":4.0},{"damage":16.0,"enemies":"Lots of Slimes","floor":7.0,"turns":4.0},{"damage":0.0,"enemies":"2 Fungi Beasts","floor":12.0,"turns":3.0},{"damage":0.0,"enemies":"Gremlin Nob","floor":13.0,"turns":2.0},{"damage":2.0,"enemies":"downfall:FleeingMerchant","floor":14.0,"turns":4.0},{"damage":0.0,"enemies":"Lagavulin","floor":15.0,"turns":3.0},{"damage":0.0,"enemies":"3 Louse","floor":17.0,"turns":2.0},{"damage":0.0,"enemies":"Gremlin Gang","floor":18.0,"turns":4.0},{"damage":0.0,"enemies":"3 Sentries","floor":21.0,"turns":7.0},{"damage":3.0,"enemies":"downfall:FleeingMerchant","floor":22.0,"turns":4.0},{"damage":3.0,"enemies":"Blue Slaver","floor":23.0,"turns":3.0},{"damage":3.0,"enemies":"IC_STATUS_ARCHETYPE","floor":24.0,"turns":6.0},{"damage":0.0,"enemies":"Chosen","floor":27.0,"turns":3.0},{"damage":9.0,"enemies":"3 Byrds","floor":28.0,"turns":4.0},{"damage":9.0,"enemies":"downfall:Augmenter","floor":29.0,"turns":5.0},{"damage":5.0,"enemies":"downfall:LadyInBlue","floor":30.0,"turns":7.0},{"damage":17.0,"enemies":"Centurion and Healer","floor":31.0,"turns":4.0},{"damage":0.0,"enemies":"Snake Plant","floor":32.0,"turns":3.0},{"damage":5.0,"enemies":"Chosen and Byrds","floor":33.0,"turns":3.0},{"damage":10.0,"enemies":"Snecko","floor":34.0,"turns":3.0},{"damage":0.0,"enemies":"downfall:FleeingMerchant","floor":38.0,"turns":1.0},{"damage":0.0,"enemies":"Slavers","floor":40.0,"turns":4.0},{"damage":0.0,"enemies":"Shelled Parasite and Fungi","floor":43.0,"turns":1.0},{"damage":0.0,"enemies":"3 Cultists","floor":44.0,"turns":3.0},{"damage":0.0,"enemies":"Snecko","floor":45.0,"turns":3.0},{"damage":4.0,"enemies":"Sentry and Sphere","floor":46.0,"turns":3.0},{"damage":3.0,"enemies":"3 Cultists","floor":48.0,"turns":4.0},{"damage":0.0,"enemies":"WA_ARCHETYPE_CALM","floor":49.0,"turns":8.0},{"damage":0.0,"enemies":"3 Darklings","floor":52.0,"turns":5.0},{"damage":13.0,"enemies":"3 Shapes","floor":53.0,"turns":2.0},{"damage":0.0,"enemies":"Maw","floor":54.0,"turns":5.0},{"damage":0.0,"enemies":"Jaw Worm Horde","floor":55.0,"turns":3.0},{"damage":14.0,"enemies":"4 Shapes","floor":56.0,"turns":4.0},{"damage":0.0,"enemies":"2 Orb Walkers","floor":57.0,"turns":2.0},{"damage":0.0,"enemies":"2 Orb Walkers","floor":58.0,"turns":5.0},{"damage":0.0,"enemies":"Transient","floor":62.0,"turns":2.0},{"damage":9.0,"enemies":"Sphere and 2 Shapes","floor":63.0,"turns":4.0},{"damage":0.0,"enemies":"Maw","floor":65.0,"turns":4.0},{"damage":0.0,"enemies":"Reptomancer","floor":66.0,"turns":1.0},{"damage":0.0,"enemies":"Transient","floor":69.0,"turns":3.0},{"damage":2,"enemies":"Writhing Mass","floor":70,"turns":4},{"damage":1,"enemies":"SI_POISON_ARCHETYPE","floor":71,"turns":2},{"damage":0,"enemies":"downfall:CharBossMerchant","floor":73,"turns":3},{"damage":20,"enemies":"downfall:NeowBoss","floor":76,"turns":7},{"damage":35,"enemies":"downfall:NeowBossFinal","floor":77,"turns":4}],"seed_played":"584697311897961824","potions_obtained":[{"floor":3.0,"key":"SkillPotion"},{"floor":7.0,"key":"Weak Potion"},{"floor":12.0,"key":"Fire Potion"},{"floor":15.0,"key":"PowerPotion"},{"floor":24.0,"key":"Regen Potion"}],"is_trial":false,"path_per_floor":["R","M","M","M","?","$","M","M","R","T","T","M","?","$","E","R","M","M","R","R","E","$","M","B",null,"R","M","M","?","?","M","M","M","M","R","T","T","$","?","E","R","?","M","M","M","M","$","M","B",null,"R","M","M","M","M","M","?","?","$","T","R","M","M","R","M","E","?","R","M","M","B",null,"E","$","R","B","B",null],"character_chosen":"THE_AUTOMATON","items_purchased":["Chemical X","TheAbacus","Membership Card","Medical Kit","StoneCalendar","expansioncontent:DashGenerateEvil"],"campfire_rested":1,"item_purchase_floors":[22,38,59,74,74,74],"current_hp_per_floor":[49,45,40,39,39,34,18,18,18,18,18,18,18,16,16,16,16,16,37,37,37,36,35,34,70,70,70,61,54,51,36,38,35,27,27,27,27,29,29,31,41,41,43,45,47,45,45,44,46,80,80,80,67,69,71,59,61,63,63,63,63,65,58,58,60,62,62,62,64,64,65,80,80,80,80,60,27],"gold":187,"neow_bonus":"ONE_RARE_RELIC","is_daily":false,"chose_seed":false,"campfire_upgraded":11,"win_rate":0.0,"timestamp":1612704970,"path_taken":["R","M","M","M","?","$","M","M","R","T","T","M","?","?","E","R","M","?","R","R","E","$","M","BOSS","R","M","M","?","?","M","M","?","M","R","T","T","?","?","E","R","?","M","M","M","M","$","M","BOSS","R","M","M","M","M","?","?","?","$","T","R","M","M","R","M","E","?","R","M","M","BOSS","E","$","R","BOSS","BOSS"],"items_purchased_type":["Relic","Relic","Relic","Relic","Relic","Card"],"build_version":"2020-12-22","purchased_purges":6,"victory":true,"max_hp_per_floor":[70,70,70,70,70,70,70,70,70,70,70,70,70,70,70,70,70,70,70,70,70,70,70,70,70,70,70,70,70,70,70,70,70,70,70,70,70,70,70,70,80,80,80,80,80,80,80,80,80,80,80,80,80,80,80,80,80,80,80,80,80,80,80,80,80,80,80,80,80,80,80,80,80,80,80,80,80],"card_choices":[{"not_picked":["bronze:Invalidate","bronze:Allocate"],"picked":"bronze:FineTuning","floor":2.0},{"not_picked":["bronze:Safeguard","bronze:Fortify"],"picked":"bronze:Iterate","floor":3.0},{"not_picked":["bronze:Boost","bronze:Overheat"],"picked":"bronze:MaxOutput","floor":4.0},{"not_picked":["bronze:Branch","bronze:BugBarrage","bronze:DelayedSlice"],"picked":"SKIP","floor":6.0},{"not_picked":["bronze:BuggyMess","bronze:WhirlingStrike"],"picked":"bronze:Assembly","floor":7.0},{"not_picked":["bronze:Overheat","bronze:WildBeam","bronze:FineTuning"],"picked":"SKIP","floor":12.0},{"not_picked":["bronze:FineTuning","bronze:Deprecate"],"picked":"bronze:SpaghettiCode","floor":13.0},{"not_picked":["bronze:DigitalCarnage","bronze:CutThrough","bronze:BitShift"],"picked":"SKIP","floor":14.0},{"not_picked":["bronze:MaxOutput","bronze:Optimize","bronze:Turbo"],"picked":"SKIP","floor":15.0},{"not_picked":["bronze:Frontload","bronze:DelayedGuard","bronze:FollowUp"],"picked":"SKIP","floor":17.0},{"not_picked":["bronze:CutThrough","bronze:Optimize","bronze:WildBeam"],"picked":"SKIP","floor":18.0},{"not_picked":["bronze:DigitalCarnage","bronze:AlphaBuild","bronze:DelayedSlice"],"picked":"SKIP","floor":21.0},{"not_picked":["bronze:ChildClass","bronze:Allocate","bronze:ItsAFeature"],"picked":"SKIP","floor":22.0},{"not_picked":["bronze:WildBeam","bronze:Branch"],"picked":"bronze:FineTuning","floor":23.0},{"not_picked":["bronze:AlphaBuild","bronze:Break"],"picked":"bronze:Format","floor":24.0},{"not_picked":["bronze:Deprecate+1","bronze:Repair","bronze:Boost"],"picked":"SKIP","floor":27.0},{"not_picked":["bronze:WildBeam","bronze:WhirlingStrike+1"],"picked":"bronze:ForLoop","floor":28.0},{"not_picked":["bronze:OilSpill","bronze:Iterate","bronze:MaxOutput"],"picked":"SKIP","floor":31.0},{"not_picked":["bronze:ThunderWave","bronze:OilSpill","bronze:BitShift"],"picked":"SKIP","floor":32.0},{"not_picked":["bronze:BronzeOrb+1","bronze:Invalidate+1","bronze:WhirlingStrike"],"picked":"SKIP","floor":33.0},{"not_picked":["bronze:CutThrough","bronze:OilSpill"],"picked":"bronze:Return","floor":34.0},{"not_picked":["bronze:Overheat","bronze:ThunderWave","bronze:Branch"],"picked":"SKIP","floor":38.0},{"not_picked":["bronze:DigitalCarnage","bronze:OilSpill","bronze:RecursiveStrike"],"picked":"SKIP","floor":40.0},{"not_picked":["bronze:Deprecate","bronze:Frontload+1","bronze:ForceShield"],"picked":"SKIP","floor":43.0},{"not_picked":["bronze:DelayedSlice","bronze:Shield+1","bronze:BitShift+1"],"picked":"SKIP","floor":44.0},{"not_picked":["bronze:DelayedSlice","bronze:CloningBeam","bronze:Repair"],"picked":"SKIP","floor":45.0},{"not_picked":["bronze:Fortify+1","bronze:Overheat","bronze:ForceShield"],"picked":"SKIP","floor":46.0},{"not_picked":["bronze:Flail","bronze:OilSpill","bronze:WhirlingStrike+1"],"picked":"SKIP","floor":48.0},{"not_picked":["bronze:AlphaBuild","bronze:FindAndReplace"],"picked":"bronze:Verify","floor":49.0},{"not_picked":["bronze:OilSpill+1","bronze:MaxOutput+1"],"picked":"bronze:ItsAFeature","floor":52.0},{"not_picked":["bronze:DelayedGuard+1","bronze:Fortify","bronze:BugBarrage+1"],"picked":"SKIP","floor":53.0},{"not_picked":["bronze:ItsAFeature","bronze:BuggyMess+1","bronze:Shell+1"],"picked":"SKIP","floor":54.0},{"not_picked":["bronze:Return","bronze:GetLatest","bronze:Shield+1"],"picked":"SKIP","floor":55.0},{"not_picked":["bronze:BitShift+1","bronze:DarkDash+1","bronze:BugBarrage"],"picked":"SKIP","floor":56.0},{"not_picked":["bronze:DelayedSlice+1","bronze:WildBeam+1","bronze:Branch+1"],"picked":"SKIP","floor":62.0},{"not_picked":["bronze:OilSpill","bronze:DelayedSlice","bronze:Turbo+1"],"picked":"SKIP","floor":63.0},{"not_picked":["bronze:FineTuning","bronze:OilSpill+1","bronze:Deprecate+1"],"picked":"SKIP","floor":65.0},{"not_picked":["bronze:ForceShield+1","bronze:Allocate","bronze:BitShift"],"picked":"SKIP","floor":66.0},{"not_picked":["bronze:Assembly","bronze:Deprecate+1","bronze:Fortify+1"],"picked":"SKIP","floor":69.0},{"not_picked":["bronze:DelayedSlice+1","bronze:Overheat","bronze:CutThrough"],"picked":"SKIP","floor":70},{"not_picked":["bronze:WildBeam","bronze:Frontload+1","bronze:Iterate+1"],"picked":"SKIP","floor":73}],"player_experience":397427,"relics_obtained":[{"floor":10.0,"key":"bronze:ProtectiveGoggles"},{"floor":11.0,"key":"War Paint"},{"floor":13.0,"key":"Bag of Marbles"},{"floor":15.0,"key":"InkBottle"},{"floor":21.0,"key":"Blood Vial"},{"floor":29.0,"key":"MutagenicStrength"},{"floor":30.0,"key":"Potion Belt"},{"floor":37.0,"key":"PreservedInsect"},{"floor":40.0,"key":"Art of War"},{"floor":57.0,"key":"CaptainsWheel"},{"floor":60.0,"key":"Thread and Needle"},{"floor":66.0,"key":"Oddly Smooth Stone"},{"floor":73,"key":"Vajra"}],"event_choices":[{"damage_healed":0.0,"max_hp_gain":0.0,"max_hp_loss":0.0,"gold_gain":200.0,"event_name":"Wheel of Change","player_choice":"Gold","floor":42.0,"gold_loss":0.0,"damage_taken":0.0},{"damage_healed":0.0,"max_hp_gain":0.0,"max_hp_loss":0.0,"gold_gain":0.0,"event_name":"Mysterious Sphere","player_choice":"Fight","floor":57.0,"gold_loss":0.0,"damage_taken":0.0},{"cards_removed":["bronze:FineTuning"],"damage_healed":0.0,"max_hp_gain":0.0,"max_hp_loss":0.0,"gold_gain":0.0,"event_name":"Falling","player_choice":"Removed Skill","floor":67.0,"gold_loss":0.0,"damage_taken":0.0}],"is_beta":false,"boss_relics":[{"not_picked":["Calling Bell","Tiny House"],"picked":"Sozu"},{"not_picked":["Snecko Eye","Runic Pyramid"],"picked":"Coffee Dripper"}],"items_purged_floors":[6,14,38,47,59,74],"is_endless":false,"potions_floor_spawned":[3,7,12,13,15,24,27,28,29,33,40,45,46,52,54,55,63,69,70],"ascension_level":0}}