{"host":"tj6tjcyqgbd0xj5u","time":1612729047,"event":{"mods":["Aspiration","BaseMod","Better Match","BetterRewards","Challenge The Spire","Conspire","Defuse TimeMaze Blight","Dota2Spire","Downfall","Energized Spire","Evolution","GifTheSpireLib","Good Game Mod","Halation","Hubris","Hyrulean Relics","Infinite Spire","Minty Spire (QoL Compilation)","Reliquary","Replay The Spire","Reworked Bosses","Spikes Relics","StS++","StSLib","Stuff the Spire"],"gold_per_floor":[111,111,130,146,157,186,200,215,215,215,227,237,252,25,25,120,120,133,153,153,153,167,167,167],"floor_reached":23,"language":"ENG","playtime":1229,"items_purged":["Strike_G"],"score":286,"play_id":"3fc12161-00c4-4af6-a8aa-c5c36cb2b33a","local_time":"20210207161727","is_ascension_mode":true,"campfire_choices":[{"floor":10,"key":"REST"},{"floor":15,"key":"REST"}],"circlet_count":0,"master_deck":["Bane","Bane","Strike_G","Defend_G","Defend_G","Defend_G","Defend_G","Defend_G","Survivor","Neutralize","Replay:Vibes+1","Flying Knee","Prepared+1","Poisoned Stab","Poisoned Stab","Blur+1","Deadly Poison+1","StSpp:ChainedTrap+1","Fluid Movement+1","Replay:Bag of Tricks+1","Escape Plan+1","Poison Darts+1","hubris:Despair","champ:Taunt+1","infinitespire:Neurotoxin+1","Specialist","hubris:Fate+1","Slice","Deflect+1","Delirium","Pace+1"],"relics":["EVO:Axolotl","REME:ComplimentaryCards","Honey Jar","Toxic Egg 2","Bottled Flame","Replay:WaspNest","Guide Book","ReplayTheSpireMod:SealedPack","Ring of Hypnosis","ReplayTheSpireMod:Ring of Collecting","Ring of Panic","SpikesRelics:ToyHorsey"],"acts_visited":["Exordium","TheCity"],"potions_floor_usage":[4,11,12,16,16,22],"damage_taken":[{"damage":0,"enemies":"2 Louse","floor":1,"turns":4},{"damage":8,"enemies":"Cultist","floor":3,"turns":5},{"damage":4,"enemies":"Jaw Worm","floor":4,"turns":4},{"damage":15,"enemies":"Exordium Wildlife","floor":5,"turns":5},{"damage":35,"enemies":"Lagavulin","floor":6,"turns":6},{"damage":6,"enemies":"Blue Slaver","floor":7,"turns":3},{"damage":3,"enemies":"Looter","floor":8,"turns":3},{"damage":0,"enemies":"Red Slaver","floor":11,"turns":1},{"damage":3,"enemies":"Blue Slaver","floor":12,"turns":3},{"damage":12,"enemies":"Exordium Thugs","floor":13,"turns":3},{"damage":0,"enemies":"The Guardian","floor":16,"turns":8},{"damage":28,"enemies":"conspire:FuzzyDice","floor":18,"turns":5},{"damage":33,"enemies":"2 Thieves","floor":19,"turns":3},{"damage":20,"enemies":"Snake Plant","floor":22,"turns":3},{"damage":9,"enemies":"Book of Stabbing","floor":23,"turns":2}],"seed_played":"-8388554484358027465","potions_obtained":[{"floor":1,"key":"Dexterity Potion"},{"floor":3,"key":"Dota2Spire:HealingSalve"},{"floor":8,"key":"Fire Potion"},{"floor":11,"key":"PowerPotion"},{"floor":13,"key":"Languid Potion"},{"floor":19,"key":"SkillPotion"}],"is_trial":false,"path_per_floor":["M","?","M","M","M","E","M","M","T","R","M","M","M","$","R","B",null,"M","M","?","T","M","E"],"character_chosen":"THE_SILENT","items_purchased":["Guide Book"],"campfire_rested":2,"item_purchase_floors":[14],"current_hp_per_floor":[70,70,62,64,49,14,8,5,5,26,26,23,11,11,32,32,70,42,24,24,24,4,0,0],"gold":167,"neow_bonus":"BOSS_RELIC","is_daily":false,"chose_seed":false,"campfire_upgraded":0,"win_rate":0.0,"timestamp":1612729047,"path_taken":["M","?","M","M","M","E","M","M","T","R","M","M","?","$","R","BOSS","M","M","?","?","M","E"],"items_purchased_type":["Relic"],"build_version":"2020-12-22","purchased_purges":1,"victory":false,"max_hp_per_floor":[70,70,70,70,70,70,70,70,70,70,70,70,70,70,70,70,70,70,70,70,70,70,70,70],"card_choices":[{"not_picked":["Prepared","Quick Slash","Acrobatics"],"picked":"Flying Knee","floor":1},{"not_picked":["StSpp:Dive+1","Bane","Slice"],"picked":"Prepared+1","floor":3},{"not_picked":["Quick Slash","Backflip+1","Sucker Punch"],"picked":"Poisoned Stab","floor":4},{"not_picked":["StuffTheSpire:Injection","Expertise+1","Deadly Poison+1"],"picked":"Poisoned Stab","floor":5},{"not_picked":["hubris:TrickCloak+1","Eviscerate","Slice"],"picked":"Blur+1","floor":6},{"not_picked":["Blade Dance+1","Phantasmal Killer+1","InfectiousVector+1"],"picked":"Deadly Poison+1","floor":7},{"not_picked":["PiercingWail+1","hubris:TrickCloak+1","Accuracy"],"picked":"StSpp:ChainedTrap+1","floor":8},{"not_picked":["Dodge and Roll+1","Slice","Underhanded Strike"],"picked":"Fluid Movement","floor":11},{"not_picked":["StuffTheSpire:Sprint+1","Concentrate+1","Skewer"],"picked":"Replay:Bag of Tricks+1","floor":12},{"not_picked":["Hidden Blade+1","StuffTheSpire:ClusterCrunch","Well Laid Plans"],"picked":"Escape Plan+1","floor":13},{"not_picked":["Unload","After Image","Adrenaline+1"],"picked":"Poison Darts+1","floor":16},{"not_picked":["Slimebound:Tackle","bronze:Goto","Guardian:CurlUp"],"picked":"champ:Taunt","floor":17},{"not_picked":["StSpp:AbandonFlesh","StSpp:SwitchWeapon","ReplayTheSpireMod:Necrosis"],"picked":"infinitespire:Neurotoxin","floor":17},{"not_picked":["ReplayTheSpireMod:Trickstab","ReplayTheSpireMod:Uncanny Aura","Degenerate"],"picked":"Specialist","floor":17},{"not_picked":["ReplayTheSpireMod:Echoes of Time","infinitespire:Collect","infinitespire:Oblivion"],"picked":"hubris:Fate","floor":17},{"not_picked":["hubris:SlightOfHand+1","PiercingWail+1","Pace+1"],"picked":"Slice","floor":18},{"not_picked":["Hidden Blade+1","StSpp:Throw+1","Setup+1"],"picked":"Deflect+1","floor":19},{"not_picked":["StSpp:Lure+1","Hidden Blade+1","Underhanded Strike"],"picked":"Pace+1","floor":22}],"player_experience":125941,"relics_obtained":[{"floor":6,"key":"Bottled Flame"},{"floor":9,"key":"Replay:WaspNest"},{"floor":20,"key":"Ring of Hypnosis"},{"floor":20,"key":"ReplayTheSpireMod:Ring of Collecting"},{"floor":21,"key":"Ring of Panic"},{"floor":21,"key":"SpikesRelics:ToyHorsey"}],"event_choices":[{"cards_removed":["Bane"],"damage_healed":0,"gold_gain":0,"player_choice":"Gave Card","damage_taken":0,"relics_obtained":["Toxic Egg 2"],"max_hp_gain":0,"max_hp_loss":0,"event_name":"WeMeetAgain","floor":2,"gold_loss":0}],"is_beta":false,"boss_relics":[{"not_picked":["SlaversCollar","Sandwich"],"picked":"ReplayTheSpireMod:SealedPack"}],"items_purged_floors":[14],"is_endless":false,"potions_floor_spawned":[1,3,8,11,13,19],"killed_by":"Book of Stabbing","ascension_level":3}}