{"host":"prxrhpgaxnj4om9r","time":1612705478,"event":{"mods":["AchievementEnabler","BaseMod","DeckTracker","Keyboard Shortcuts","Minty Spire (QoL Compilation)"],"gold_per_floor":[114,114,133,152,152,190,209,209,284,303,322,341,360,379,379,504,504,523,542,103,103,103,103,122,141,141,141,141,179,198,236,236,236,236],"floor_reached":33,"language":"KOR","playtime":2614,"items_purged":[],"score":293,"play_id":"e7f03eb6-ae71-4c55-b755-ddc103c885bd","local_time":"20210207224438","daily_mods":["Heirloom","ControlledChaos","Lethality"],"is_ascension_mode":false,"campfire_choices":[{"floor":8.0,"key":"REST"},{"data":"Footwork","floor":15.0,"key":"SMITH"},{"data":"Adrenaline","floor":23.0,"key":"SMITH"},{"data":"Caltrops","floor":28.0,"key":"SMITH"},{"data":"Adrenaline","floor":32,"key":"SMITH"}],"circlet_count":0,"master_deck":["Strike_G+1","Strike_G","Strike_G","Strike_G","Defend_G","Defend_G","Defend_G","Defend_G","Defend_G","Survivor","Neutralize","Prepared","Eviscerate+1","PiercingWail","Backflip","Tactician","Footwork+1","Quick Slash","Finisher","Endless Agony","Adrenaline+1","All Out Attack","Cloak And Dagger+1","Caltrops+1","Adrenaline+1","Noxious Fumes","PiercingWail+1","Cloak And Dagger+1","Riddle With Holes","Accuracy+1"],"relics":["Ring of the Serpent","Frozen Eye","Thread and Needle","Golden Idol","Bird Faced Urn","Matryoshka","Letter Opener","Pen Nib","Boot","Vajra","Toxic Egg 2","InkBottle","Dream Catcher"],"acts_visited":["Exordium","TheCity"],"potions_floor_usage":[29,30,33,33],"damage_taken":[{"damage":0.0,"enemies":"2 Louse","floor":1.0,"turns":3.0},{"damage":2.0,"enemies":"Jaw Worm","floor":3.0,"turns":3.0},{"damage":0.0,"enemies":"Cultist","floor":4.0,"turns":2.0},{"damage":17.0,"enemies":"Lagavulin","floor":6.0,"turns":5.0},{"damage":0.0,"enemies":"Looter","floor":7.0,"turns":2.0},{"damage":3.0,"enemies":"Gremlin Gang","floor":10.0,"turns":5.0},{"damage":0.0,"enemies":"Red Slaver","floor":11.0,"turns":2.0},{"damage":0.0,"enemies":"Blue Slaver","floor":12.0,"turns":3.0},{"damage":0.0,"enemies":"Exordium Wildlife","floor":13.0,"turns":1.0},{"damage":0.0,"enemies":"Red Slaver","floor":14.0,"turns":3.0},{"damage":20.0,"enemies":"The Guardian","floor":16.0,"turns":7.0},{"damage":1.0,"enemies":"Spheric Guardian","floor":18.0,"turns":3.0},{"damage":5.0,"enemies":"Chosen","floor":19.0,"turns":4.0},{"damage":3.0,"enemies":"Snake Plant","floor":24.0,"turns":3.0},{"damage":0.0,"enemies":"Cultist and Chosen","floor":25.0,"turns":5.0},{"damage":9,"enemies":"Book of Stabbing","floor":29,"turns":6},{"damage":0,"enemies":"Snecko","floor":30,"turns":4},{"damage":12,"enemies":"Gremlin Leader","floor":31,"turns":3},{"damage":76,"enemies":"Champ","floor":33,"turns":7}],"seed_played":"8884597751285247366","potions_obtained":[{"floor":3.0,"key":"SneckoOil"},{"floor":6.0,"key":"AttackPotion"},{"floor":10.0,"key":"Strength Potion"},{"floor":13.0,"key":"EntropicBrew"},{"floor":14.0,"key":"CultistPotion"},{"floor":25.0,"key":"Fire Potion"},{"floor":29,"key":"PowerPotion"},{"floor":31,"key":"Energy Potion"}],"is_trial":false,"path_per_floor":["M","?","M","M","?","E","M","R","T","M","M","M","M","M","R","B",null,"M","M","$","?","?","R","M","M","T","?","R","E","M","E","R","B"],"character_chosen":"THE_SILENT","items_purchased":["Caltrops","Letter Opener","Pen Nib"],"campfire_rested":1,"item_purchase_floors":[20,20,20],"current_hp_per_floor":[70,65,63,63,50,33,33,52,52,55,55,57,57,59,59,45,65,65,64,64,64,64,64,64,65,65,65,65,65,65,55,55,0,0],"gold":236,"neow_bonus":"","is_daily":true,"chose_seed":false,"campfire_upgraded":4,"win_rate":0.0,"timestamp":1612705478,"path_taken":["M","?","M","M","?","E","M","R","T","M","M","M","M","?","R","BOSS","M","M","$","?","?","R","M","?","T","?","R","E","M","E","R","BOSS"],"items_purchased_type":["Card","Relic","Relic"],"build_version":"2020-12-22","purchased_purges":0,"victory":false,"max_hp_per_floor":[70,65,65,65,65,65,65,65,65,65,65,65,65,65,65,65,65,65,65,65,65,65,65,65,65,65,65,65,65,65,65,65,65,65],"card_choices":[{"not_picked":["Dodge and Roll","Deflect"],"picked":"Prepared","floor":1.0},{"not_picked":["Prepared","Deflect"],"picked":"Eviscerate","floor":3.0},{"not_picked":["Dodge and Roll","Outmaneuver"],"picked":"PiercingWail","floor":4.0},{"not_picked":["Heel Hook","Outmaneuver"],"picked":"Backflip","floor":6.0},{"not_picked":["Malaise","Quick Slash"],"picked":"Tactician","floor":7.0},{"not_picked":["Bane","Prepared","Flying Knee"],"picked":"SKIP","floor":10.0},{"not_picked":["Concentrate","Flying Knee"],"picked":"Footwork","floor":11.0},{"not_picked":["Bane","Concentrate"],"picked":"Quick Slash","floor":12.0},{"not_picked":["Dodge and Roll","Cloak And Dagger"],"picked":"Finisher","floor":13.0},{"not_picked":["Cloak And Dagger","Prepared"],"picked":"Endless Agony","floor":14.0},{"not_picked":["Doppelganger","Burst"],"picked":"Adrenaline","floor":16.0},{"not_picked":["Outmaneuver","Backflip"],"picked":"All Out Attack","floor":18.0},{"not_picked":["PiercingWail","Acrobatics"],"picked":"Cloak And Dagger+1","floor":19.0},{"not_picked":["Heel Hook","PiercingWail"],"picked":"Noxious Fumes","floor":24.0},{"not_picked":["Expertise","Acrobatics"],"picked":"PiercingWail+1","floor":25.0},{"not_picked":["Outmaneuver+1","Quick Slash+1"],"picked":"Cloak And Dagger+1","floor":29},{"not_picked":["Dagger Spray","Prepared+1"],"picked":"Riddle With Holes","floor":30},{"not_picked":["Underhanded Strike","Die Die Die"],"picked":"Accuracy+1","floor":31}],"player_experience":306041,"relics_obtained":[{"floor":6.0,"key":"Bird Faced Urn"},{"floor":9.0,"key":"Matryoshka"},{"floor":26.0,"key":"Vajra"},{"floor":26.0,"key":"Toxic Egg 2"},{"floor":29,"key":"InkBottle"},{"floor":31,"key":"Dream Catcher"}],"event_choices":[{"damage_healed":0.0,"max_hp_gain":0.0,"max_hp_loss":5.0,"gold_gain":0.0,"event_name":"Golden Idol","player_choice":"Lose Max HP","floor":2.0,"gold_loss":0.0,"damage_taken":0.0,"relics_obtained":["Golden Idol"]},{"damage_healed":0.0,"max_hp_gain":0.0,"max_hp_loss":0.0,"gold_gain":0.0,"event_name":"Shining Light","player_choice":"Entered Light","floor":5.0,"gold_loss":0.0,"damage_taken":13.0,"cards_upgraded":["Eviscerate","Strike_G"]},{"damage_healed":0.0,"max_hp_gain":0.0,"max_hp_loss":0.0,"gold_gain":0.0,"event_name":"The Mausoleum","player_choice":"Opened","floor":21.0,"gold_loss":0.0,"damage_taken":0.0,"relics_obtained":["Boot"]},{"damage_healed":0.0,"max_hp_gain":0.0,"max_hp_loss":0.0,"gold_gain":0.0,"event_name":"Duplicator","player_choice":"Copied","floor":22.0,"gold_loss":0.0,"damage_taken":0.0,"cards_obtained":["Adrenaline"]},{"cards_removed":["Strike_G"],"damage_healed":0.0,"max_hp_gain":0.0,"max_hp_loss":0.0,"gold_gain":0.0,"event_name":"Purifier","player_choice":"Purged","floor":27.0,"gold_loss":0.0,"damage_taken":0.0}],"is_beta":false,"boss_relics":[{"not_picked":["Philosopher\u0027s Stone","Black Star"],"picked":"Ring of the Serpent"}],"items_purged_floors":[],"is_endless":false,"potions_floor_spawned":[3,6,10,13,14,25,29,31],"killed_by":"Champ","ascension_level":0}}