{"host":"gaqyve1328ta0etl","time":1612699543,"event":{"mods":["BaseMod","Colored Map","Colored Powertips","Duelist Mod","Googly Eyes","Hero for Fun","Minty Spire (QoL Compilation)","Shop Mod","StSLib","SuperFastMode","The Hierophant","The Runesmith"],"gold_per_floor":[17,17,29,29,42,42,42,67,92,92,122,47,24,37,37,111,111,126,126,141,151,168,168,186,196,196,212,231,231,85,97,97,168,168,188,63,63,76,76,76,125,125,125,125,125,125,143,0,0,0],"floor_reached":51,"language":"ENG","playtime":1635,"items_purged":["Strike_G","Strike_G","Defend_G"],"score":1019,"play_id":"b2e2ed24-84e3-4f84-8b5d-65dcb031edca","local_time":"20210207040543","is_ascension_mode":true,"campfire_choices":[{"data":"Doppelganger","floor":6,"key":"SMITH"},{"floor":10,"key":"REST"},{"data":"Neutralize","floor":15,"key":"SMITH"},{"data":"Cloak And Dagger","floor":23,"key":"SMITH"},{"floor":29,"key":"REST"},{"data":"Malaise","floor":32,"key":"SMITH"},{"data":"After Image","floor":40,"key":"SMITH"},{"data":"Blade Dance","floor":42,"key":"SMITH"},{"data":"Finisher","floor":46,"key":"SMITH"},{"data":"Cloak And Dagger","floor":49,"key":"SMITH"}],"circlet_count":0,"master_deck":["AscendersBane","Defend_G+1","Defend_G+1","Defend_G","Survivor","Neutralize+1","Doppelganger+1","Blur","Finisher+1","Slice+1","Tools of the Trade","Backflip","Cloak And Dagger+1","Blade Dance+1","Slice","Malaise+1","Backstab+1","Slice","After Image+1","Cloak And Dagger+1","Master of Strategy","Cloak And Dagger+1"],"relics":["Ring of the Snake","Odd Mushroom","Vajra","Bronze Scales","WristBlade","Ornamental Fan","Sozu","Tingsha","War Paint","Red Mask"],"acts_visited":["Exordium","TheCity","TheBeyond"],"potions_floor_usage":[8,14,21,24],"damage_taken":[{"damage":0,"enemies":"2 Louse","floor":1,"turns":7},{"damage":0,"enemies":"Cultist","floor":3,"turns":6},{"damage":0,"enemies":"Small Slimes","floor":5,"turns":6},{"damage":4,"enemies":"The Mushroom Lair","floor":8,"turns":4},{"damage":3,"enemies":"Looter","floor":14,"turns":3},{"damage":12,"enemies":"The Guardian","floor":16,"turns":16},{"damage":0,"enemies":"Chosen","floor":18,"turns":6},{"damage":3,"enemies":"Spheric Guardian","floor":20,"turns":3},{"damage":5,"enemies":"Centurion and Healer","floor":21,"turns":4},{"damage":8,"enemies":"Shelled Parasite and Fungi","floor":22,"turns":4},{"damage":0,"enemies":"Sentry and Sphere","floor":24,"turns":3},{"damage":9,"enemies":"Centurion and Healer","floor":25,"turns":5},{"damage":0,"enemies":"Shelled Parasite and Fungi","floor":27,"turns":6},{"damage":0,"enemies":"Cultist and Chosen","floor":28,"turns":5},{"damage":0,"enemies":"Snecko","floor":31,"turns":4},{"damage":9,"enemies":"Collector","floor":33,"turns":9},{"damage":0,"enemies":"Orb Walker","floor":35,"turns":2},{"damage":0,"enemies":"3 Shapes","floor":38,"turns":3},{"damage":2,"enemies":"2 Orb Walkers","floor":41,"turns":4},{"damage":0,"enemies":"Jaw Worm Horde","floor":47,"turns":3},{"damage":21,"enemies":"Awakened One","floor":50,"turns":16}],"seed_played":"-2123447741058492377","potions_obtained":[{"floor":3,"key":"PowerPotion"},{"floor":14,"key":"Fruit Juice"},{"floor":16,"key":"Fire Potion"},{"floor":18,"key":"DistilledChaos"},{"floor":24,"key":"GamblersBrew"},{"floor":31,"key":"SpeedPotion"},{"floor":33,"key":"EntropicBrew"}],"is_trial":false,"path_per_floor":["M","?","M","$","M","R","?","?","T","R","?","$","$","M","R","B",null,"M","?","M","M","M","R","M","M","T","M","M","R","$","M","R","B",null,"M","$","?","M","$","R","?","R","T","?","?","R","M","?","R","B",null],"character_chosen":"THE_SILENT","items_purchased":["Cloak And Dagger","Slice"],"campfire_rested":2,"item_purchase_floors":[13,30],"current_hp_per_floor":[63,63,63,63,63,63,49,45,45,66,66,66,66,68,68,56,70,70,70,67,62,54,54,54,45,45,45,45,67,67,67,67,58,71,71,71,71,71,71,71,69,69,69,69,69,69,69,69,69,48],"gold":0,"neow_bonus":"TRANSFORM_TWO_CARDS","is_daily":false,"chose_seed":false,"campfire_upgraded":8,"win_rate":0.0,"timestamp":1612699543,"path_taken":["M","?","M","$","?","R","?","?","T","R","?","?","$","M","R","BOSS","M","?","M","M","M","R","M","M","T","M","M","R","$","M","R","BOSS","M","$","?","M","$","R","?","R","T","?","?","R","M","?","R","BOSS"],"items_purchased_type":["Card","Card"],"build_version":"2020-12-22","purchased_purges":3,"victory":true,"max_hp_per_floor":[70,70,70,70,70,70,70,70,70,70,70,70,70,75,75,75,75,75,75,75,75,75,75,75,75,75,75,75,75,75,75,75,75,75,75,75,75,75,75,75,75,75,75,75,71,71,71,71,71,71],"card_choices":[{"not_picked":["Sucker Punch","Accuracy"],"picked":"Finisher","floor":1},{"not_picked":["Dagger Throw","Deflect"],"picked":"Slice","floor":3},{"not_picked":["Masterful Stab","Bane"],"picked":"Tools of the Trade","floor":5},{"not_picked":["Deflect","Dagger Throw"],"picked":"Backflip","floor":8},{"not_picked":["Crippling Poison","PiercingWail","Concentrate"],"picked":"SKIP","floor":14},{"not_picked":["Backflip","Flying Knee","Dodge and Roll"],"picked":"SKIP","floor":18},{"not_picked":["Leg Sweep","PiercingWail"],"picked":"Blade Dance","floor":20},{"not_picked":["Bane","Predator"],"picked":"Slice","floor":21},{"not_picked":["Prepared","Finisher+1","Underhanded Strike"],"picked":"SKIP","floor":22},{"not_picked":["Underhanded Strike","Dagger Throw"],"picked":"Malaise","floor":24},{"not_picked":["Dagger Spray+1","Leg Sweep","Deadly Poison"],"picked":"SKIP","floor":25},{"not_picked":["Outmaneuver","Quick Slash"],"picked":"Backstab+1","floor":27},{"not_picked":["Choke+1","Backflip","Escape Plan"],"picked":"SKIP","floor":28},{"not_picked":["Sucker Punch","Calculated Gamble","Dagger Throw+1"],"picked":"SKIP","floor":31},{"not_picked":["Bullet Time","Die Die Die"],"picked":"After Image","floor":33},{"not_picked":["Dodge and Roll","Bouncing Flask+1"],"picked":"Cloak And Dagger+1","floor":35},{"not_picked":["Finesse","Swift Strike"],"picked":"Master of Strategy","floor":37},{"not_picked":["Predator","Bane","Catalyst"],"picked":"SKIP","floor":38},{"not_picked":["Bouncing Flask","Setup"],"picked":"Cloak And Dagger","floor":47}],"player_experience":2100048,"relics_obtained":[{"floor":8,"key":"Odd Mushroom"},{"floor":9,"key":"Vajra"},{"floor":26,"key":"Ornamental Fan"},{"floor":41,"key":"Tingsha"},{"floor":43,"key":"War Paint"}],"event_choices":[{"cards_removed":["Strike_G"],"damage_healed":0,"gold_gain":0,"player_choice":"Purged","damage_taken":0,"max_hp_gain":0,"max_hp_loss":0,"event_name":"Purifier","floor":2,"gold_loss":0},{"damage_healed":0,"gold_gain":0,"player_choice":"Entered Light","damage_taken":14,"max_hp_gain":0,"max_hp_loss":0,"event_name":"Shining Light","floor":7,"gold_loss":0,"cards_upgraded":["Defend_G","Slice"]},{"damage_healed":0,"gold_gain":0,"player_choice":"Fought Mushrooms","damage_taken":0,"max_hp_gain":0,"max_hp_loss":0,"event_name":"Mushrooms","floor":8,"gold_loss":0},{"damage_healed":0,"gold_gain":30,"player_choice":"Searched \u00272\u0027 times","damage_taken":0,"relics_obtained":["Bronze Scales"],"max_hp_gain":0,"max_hp_loss":0,"event_name":"Dead Adventurer","floor":11,"gold_loss":0},{"damage_healed":0,"gold_gain":0,"player_choice":"Ignored","damage_taken":0,"max_hp_gain":0,"max_hp_loss":0,"event_name":"Cursed Tome","floor":19,"gold_loss":0},{"damage_healed":0,"gold_gain":0,"player_choice":"Memory 1","damage_taken":0,"max_hp_gain":0,"max_hp_loss":0,"event_name":"SensoryStone","floor":37,"gold_loss":0},{"damage_healed":0,"gold_gain":0,"player_choice":"Fight","damage_taken":0,"max_hp_gain":0,"max_hp_loss":0,"event_name":"Mysterious Sphere","floor":41,"gold_loss":0},{"cards_removed":["Defend_G"],"damage_healed":0,"gold_gain":0,"player_choice":"Removed Skill","damage_taken":0,"max_hp_gain":0,"max_hp_loss":0,"event_name":"Falling","floor":44,"gold_loss":0},{"damage_healed":0,"gold_gain":0,"player_choice":"Max HP","damage_taken":0,"max_hp_gain":0,"max_hp_loss":4,"event_name":"Winding Halls","floor":45,"gold_loss":0},{"damage_healed":0,"gold_gain":0,"player_choice":"Paid","damage_taken":0,"relics_obtained":["Red Mask"],"max_hp_gain":0,"max_hp_loss":0,"event_name":"Tomb of Lord Red Mask","floor":48,"gold_loss":143}],"is_beta":false,"boss_relics":[{"not_picked":["Empty Cage","Pandora\u0027s Box"],"picked":"WristBlade"},{"not_picked":["Busted Crown","SacredBark"],"picked":"Sozu"}],"items_purged_floors":[12,30,36],"is_endless":false,"potions_floor_spawned":[3,14,16,18,20,24,31,33,35,47],"ascension_level":13}}