{"host":"ncocfkoislda923u","time":1612680911,"event":{"mods":["BaseMod","Googly Eyes","Minty Spire (QoL Compilation)","Robot Space Explorer","Spire Arcade","StSLib","The Animator","The Cursed"],"gold_per_floor":[125,142,53,75,90,90,90,90],"floor_reached":7,"language":"ENG","playtime":2353,"items_purged":[],"score":43,"play_id":"89987c58-aed6-4d84-a5d5-7e44a1665fc2","local_time":"20210207075511","is_ascension_mode":false,"campfire_choices":[{"data":"animator:Megumin+1","floor":6,"key":"SMITH"}],"circlet_count":0,"master_deck":["animator:Strike_Konosuba","animator:Defend_Konosuba","animator:Strike","animator:Strike","animator:Strike","animator:Defend","animator:Defend","animator:Defend","animator:Kazuma","animator:Aqua","animator:Ain","animator:FielNirvalen","animator:Megumin+3","animator:Darkness"],"relics":["animator:LivingPicture","animator:TheMissingPiece","NeowsBlessing","animator:BattleDrones"],"acts_visited":["Exordium"],"potions_floor_usage":[7],"damage_taken":[{"damage":0,"enemies":"2 Louse","floor":1,"turns":1},{"damage":0,"enemies":"Cultist","floor":2,"turns":1},{"damage":0,"enemies":"Small Slimes","floor":4,"turns":1},{"damage":11,"enemies":"Blue Slaver","floor":5,"turns":7},{"damage":37,"enemies":"Lagavulin","floor":7,"turns":12}],"seed_played":"-6445241657661653958","potions_obtained":[{"floor":5,"key":"Weak Potion"}],"is_trial":false,"path_per_floor":["M","M","?","M","M","R","E"],"character_chosen":"THE_ANIMATOR","items_purchased":[],"campfire_rested":0,"item_purchase_floors":[],"current_hp_per_floor":[66,66,66,66,56,56,21,21],"gold":90,"neow_bonus":"THREE_ENEMY_KILL","is_daily":false,"chose_seed":false,"campfire_upgraded":1,"win_rate":0.0,"timestamp":1612680911,"path_taken":["M","M","?","?","M","R","E"],"items_purchased_type":[],"build_version":"2020-12-22","purchased_purges":0,"victory":false,"max_hp_per_floor":[66,66,66,66,67,67,67,67],"card_choices":[{"not_picked":["animator:IrohaTamaki","animator:OrikoMikuni"],"picked":"animator:Ain","floor":1},{"not_picked":["animator:MamiTomoe","animator:IzunaHatsuse"],"picked":"animator:FielNirvalen","floor":2},{"not_picked":["animator:RoryMercury","animator:OrikoMikuni"],"picked":"animator:Megumin","floor":4},{"not_picked":["animator:Vanir","animator:Verdia"],"picked":"animator:Darkness","floor":5}],"player_experience":1372549,"relics_obtained":[],"event_choices":[{"damage_healed":0,"gold_gain":0,"player_choice":"Paid Gold","damage_taken":0,"relics_obtained":["animator:BattleDrones"],"max_hp_gain":0,"max_hp_loss":0,"event_name":"WeMeetAgain","floor":3,"gold_loss":89}],"is_beta":false,"boss_relics":[],"items_purged_floors":[],"is_endless":false,"potions_floor_spawned":[5],"killed_by":"Lagavulin","ascension_level":0}}