{"host":"a9gsz7kv8aebwp1f","time":1612662028,"event":{"mods":["AchievementEnabler","BaseMod","Minty Spire (QoL Compilation)"],"gold_per_floor":[112,112,37,37,112,112,144,144,144,144,60,60,10,30,30,128,128,139,159,174,174,89,89,17,17,44,61,61,61,61,161,161,161,161],"floor_reached":33,"language":"KOR","playtime":916,"items_purged":["Regret"],"score":367,"play_id":"7a346be0-18f7-42da-a227-fc27c6d3b769","local_time":"20210207104028","is_ascension_mode":true,"campfire_choices":[{"data":"Double Tap","floor":6,"key":"SMITH"},{"data":"Hemokinesis","floor":8,"key":"SMITH"},{"data":"Bash","floor":10,"key":"SMITH"},{"floor":15,"key":"REST"},{"data":"Bludgeon","floor":23,"key":"SMITH"},{"data":"Power Through","floor":25,"key":"SMITH"},{"data":"Infernal Blade","floor":30,"key":"SMITH"},{"data":"Blood for Blood","floor":32,"key":"SMITH"}],"circlet_count":0,"master_deck":["AscendersBane","Strike_R","Strike_R","Strike_R","Strike_R","Strike_R","Defend_R","Defend_R+1","Defend_R+1","Defend_R","Bash+1","Double Tap+1","Armaments+1","Hemokinesis+1","Cleave","Infernal Blade+1","Flex","Power Through+1","Bludgeon+1","Cleave+1","Flex","Headbutt+1","Battle Trance","Normality","Battle Trance","Clumsy","Blood for Blood+1"],"relics":["Burning Blood","Happy Flower","Strawberry","Juzu Bracelet","Cursed Key","Nunchaku","Oddly Smooth Stone","Meat on the Bone","Dead Branch","Letter Opener"],"acts_visited":["Exordium","TheCity"],"potions_floor_usage":[],"damage_taken":[{"damage":0,"enemies":"Small Slimes","floor":1,"turns":3},{"damage":27,"enemies":"Lagavulin","floor":7,"turns":5},{"damage":0,"enemies":"2 Louse","floor":14,"turns":2},{"damage":32,"enemies":"Hexaghost","floor":16,"turns":11},{"damage":16,"enemies":"Shell Parasite","floor":18,"turns":3},{"damage":7,"enemies":"3 Byrds","floor":19,"turns":4},{"damage":17,"enemies":"3 Cultists","floor":20,"turns":6},{"damage":8,"enemies":"Cultist and Chosen","floor":27,"turns":4},{"damage":15,"enemies":"Colosseum Slavers","floor":31,"turns":2},{"damage":9,"enemies":"Colosseum Nobs","floor":31,"turns":4},{"damage":82,"enemies":"Champ","floor":33,"turns":6}],"seed_played":"8131688713252767731","potions_obtained":[{"floor":7,"key":"Fire Potion"},{"floor":19,"key":"ColorlessPotion"},{"floor":20,"key":"Ancient Potion"}],"is_trial":false,"path_per_floor":["M","?","$","?","?","R","E","R","T","R","$","?","$","M","R","B",null,"M","M","M","?","?","R","$","R","T","M","T","?","R","?","R","B"],"character_chosen":"IRONCLAD","items_purchased":["Cleave","Infernal Blade","Flex","Battle Trance"],"campfire_rested":1,"item_purchase_floors":[11,11,13,24],"current_hp_per_floor":[78,78,78,78,67,67,53,53,53,53,53,36,36,42,68,42,76,66,65,54,83,83,83,83,83,83,81,81,81,81,69,69,0,0],"gold":161,"neow_bonus":"ONE_RANDOM_RARE_CARD","is_daily":false,"chose_seed":false,"campfire_upgraded":7,"win_rate":0.0,"timestamp":1612662028,"path_taken":["M","?","$","?","?","R","E","R","T","R","$","?","?","M","R","BOSS","M","M","M","?","?","R","$","R","T","M","?","?","R","?","R","BOSS"],"items_purchased_type":["Card","Card","Card","Card"],"build_version":"2020-12-22","purchased_purges":1,"victory":false,"max_hp_per_floor":[80,80,80,80,80,80,87,87,87,87,87,87,87,87,87,87,87,87,87,87,87,87,87,87,87,87,87,87,87,87,87,87,87,87],"card_choices":[{"not_picked":["Inflame","Headbutt"],"picked":"Armaments","floor":1},{"not_picked":["Entrench","Havoc"],"picked":"Hemokinesis","floor":7},{"not_picked":["Sword Boomerang","Searing Blow"],"picked":"Power Through","floor":14},{"not_picked":["Exhume","Juggernaut"],"picked":"Bludgeon","floor":16},{"not_picked":["Clash","Seeing Red"],"picked":"Cleave+1","floor":18},{"not_picked":["Seeing Red+1","Twin Strike"],"picked":"Flex","floor":19},{"not_picked":["Uppercut","Warcry"],"picked":"Headbutt+1","floor":20},{"not_picked":["Barricade","Warcry"],"picked":"Battle Trance","floor":27},{"not_picked":["Warcry","Rampage"],"picked":"Blood for Blood","floor":31}],"player_experience":452303,"relics_obtained":[{"floor":7,"key":"Strawberry"},{"floor":9,"key":"Juzu Bracelet"},{"floor":26,"key":"Oddly Smooth Stone"},{"floor":28,"key":"Meat on the Bone"},{"floor":31,"key":"Dead Branch"},{"floor":31,"key":"Letter Opener"}],"event_choices":[{"damage_healed":0,"gold_gain":0,"player_choice":"Box","damage_taken":0,"relics_obtained":["Happy Flower"],"max_hp_gain":0,"max_hp_loss":0,"event_name":"Big Fish","floor":2,"gold_loss":0,"cards_obtained":["Regret"]},{"damage_healed":0,"gold_gain":0,"player_choice":"Grow","damage_taken":0,"max_hp_gain":0,"max_hp_loss":0,"event_name":"Living Wall","floor":4,"gold_loss":0,"cards_upgraded":["Armaments"]},{"damage_healed":0,"gold_gain":75,"player_choice":"Gather Gold","damage_taken":11,"max_hp_gain":0,"max_hp_loss":0,"event_name":"World of Goop","floor":5,"gold_loss":0},{"damage_healed":0,"gold_gain":0,"player_choice":"Entered Light","damage_taken":17,"max_hp_gain":0,"max_hp_loss":0,"event_name":"Shining Light","floor":12,"gold_loss":0,"cards_upgraded":["Defend_R","Defend_R"]},{"damage_healed":29,"gold_gain":0,"player_choice":"Heal","damage_taken":0,"max_hp_gain":0,"max_hp_loss":0,"event_name":"The Library","floor":21,"gold_loss":0},{"damage_healed":0,"gold_gain":0,"player_choice":"Obtained Relic","damage_taken":0,"relics_obtained":["Nunchaku"],"max_hp_gain":0,"max_hp_loss":0,"event_name":"Addict","floor":22,"gold_loss":85},{"damage_healed":0,"gold_gain":0,"player_choice":"Ignored","damage_taken":0,"max_hp_gain":0,"max_hp_loss":0,"event_name":"Vampires","floor":29,"gold_loss":0},{"damage_healed":0,"gold_gain":0,"player_choice":"Fight","damage_taken":0,"max_hp_gain":0,"max_hp_loss":0,"event_name":"Colosseum","floor":31,"gold_loss":0},{"damage_healed":0,"gold_gain":0,"player_choice":"Fought Nobs","damage_taken":0,"max_hp_gain":0,"max_hp_loss":0,"event_name":"Colosseum","floor":31,"gold_loss":0}],"is_beta":false,"boss_relics":[{"not_picked":["Pandora\u0027s Box","Empty Cage"],"picked":"Cursed Key"}],"items_purged_floors":[3],"is_endless":false,"potions_floor_spawned":[7,19,20,27,31,31],"killed_by":"Champ","ascension_level":11}}