{"host":"fzjk61lpi4bwj033","time":1612728916,"event":{"mods":["BaseMod","Downfall","Hermit","Jorbs\u0027s Wanderer Trilogy","Minty Spire (QoL Compilation)","Rare Cards Sparkle","Relic Stats","StSLib"],"gold_per_floor":[99,118,218,37,37,57,57,57,57,70,30,30,30,30],"floor_reached":12,"language":"ENG","playtime":526,"items_purged":[],"score":132,"play_id":"3e8fcf33-dfbf-4d1d-961a-79b7f77faae6","local_time":"20210207141516","is_ascension_mode":true,"campfire_choices":[{"data":"champ:Execute","floor":1,"key":"SMITH"}],"circlet_count":0,"master_deck":["AscendersBane","champ:Strike","champ:Strike","champ:Strike","champ:Strike","champ:Defend","champ:Defend","champ:Defend","champ:Defend","champ:Execute+1","champ:Taunt+1","champ:BringItOn","champ:DeathBlow","champ:IgnorePain","champ:FanOfKnives","champ:HoldFirm","champ:AdrenalArmor","champ:Backstep"],"relics":["champ:ChampionCrown","Gambling Chip","downfall:BrokenWingStatue"],"acts_visited":["Exordium"],"potions_floor_usage":[],"damage_taken":[{"damage":16,"enemies":"2 Louse","floor":2,"turns":3},{"damage":25,"enemies":"downfall:FleeingMerchant","floor":4,"turns":4},{"damage":21,"enemies":"Cultist","floor":6,"turns":3},{"damage":32,"enemies":"Jaw Worm","floor":10,"turns":4},{"damage":10,"enemies":"downfall:FleeingMerchant","floor":11,"turns":4},{"damage":48,"enemies":"Lagavulin","floor":12,"turns":7}],"seed_played":"8030604304721943343","potions_obtained":[{"floor":2,"key":"Energy Potion"}],"is_trial":false,"path_per_floor":["R","M","?","$","?","M","T","?","?","M","$","E"],"character_chosen":"THE_CHAMP","items_purchased":["champ:IgnorePain","champ:Backstep"],"campfire_rested":0,"item_purchase_floors":[4,11],"current_hp_per_floor":[73,67,67,67,41,40,40,40,40,28,28,0,0,0],"gold":30,"neow_bonus":"UPGRADE_CARD","is_daily":false,"chose_seed":false,"campfire_upgraded":1,"win_rate":0.0,"timestamp":1612728916,"path_taken":["R","M","?","$","?","M","T","?","?","?","?","E"],"items_purchased_type":["Card","Card"],"build_version":"2020-12-22","purchased_purges":0,"victory":false,"max_hp_per_floor":[81,81,81,81,81,81,81,81,81,81,81,81,81,81],"relic_stats":{"counters":[6,25],"Gambling Chip":[3],"obtain_stats":[{"downfall:BrokenWingStatue":8,"Gambling Chip":5,"champ:ChampionCrown":0},{"downfall:BrokenWingStatue":3,"Gambling Chip":2,"champ:ChampionCrown":0},{"downfall:BrokenWingStatue":10,"Gambling Chip":7,"champ:ChampionCrown":0}]},"card_choices":[{"not_picked":["champ:RecklessLeap","champ:Circumvent"],"picked":"champ:BringItOn","floor":2},{"not_picked":["champ:Circumvent","champ:RapidStrikes"],"picked":"champ:DeathBlow","floor":4},{"not_picked":["champ:Parry","champ:Haymaker"],"picked":"champ:FanOfKnives","floor":6},{"not_picked":["champ:RisingSlash","champ:Shatter"],"picked":"champ:HoldFirm","floor":10},{"not_picked":["champ:Circumvent","champ:TornadoPunch"],"picked":"champ:AdrenalArmor","floor":11}],"player_experience":837232,"relics_obtained":[],"event_choices":[{"damage_healed":0,"gold_gain":0,"player_choice":"Success","damage_taken":26,"relics_obtained":["Gambling Chip"],"max_hp_gain":0,"max_hp_loss":0,"event_name":"Scrap Ooze","floor":5,"gold_loss":0}],"is_beta":false,"boss_relics":[],"items_purged_floors":[],"is_endless":false,"potions_floor_spawned":[2],"killed_by":"Lagavulin","ascension_level":20}}