{"host":"0kwl2uefibxd2nsv","time":1612721744,"event":{"mods":["Act Like it!","Aspiration","BaseMod","Better Note","BetterRewards","DeckTracker","Googly Eyes","Minty Spire (QoL Compilation)","Reliquary","StS++","StSLib"],"gold_per_floor":[116,116,116,17,33,33,58,87,111,144,204,231,231,231,231,326,326,345,4,4,16,16,43,43,69,69,69,79,90,136,149,149,246,246,261,276,294,116,41,71,71,98,122,169,169,8,0,0,0,0],"floor_reached":51,"language":"ENG","playtime":1869,"items_purged":["Pain","Injury","Strike_R","Strike_R","Defend_R"],"score":1360,"play_id":"2f411a56-69cd-4a3f-8332-b1a74c9b487d","local_time":"20210207191544","is_ascension_mode":true,"campfire_choices":[{"data":"Bash","floor":6,"key":"SMITH"},{"data":"Juggernaut","floor":13,"key":"SMITH"},{"data":"Disarm","floor":15,"key":"SMITH"},{"data":"Metallicize","floor":24,"key":"SMITH"},{"data":"Impervious","floor":27,"key":"SMITH"},{"data":"True Grit","floor":41,"key":"SMITH"},{"data":"Battle Trance","floor":49,"key":"SMITH"}],"circlet_count":0,"master_deck":["AscendersBane","Strike_R","Strike_R+1","Defend_R","Defend_R","Bash+1","StSpp:TheBiggerTheyAre","Iron Wave+1","Uppercut+1","Iron Wave+1","Body Slam+1","Disarm+1","Juggernaut+1","Cleave+1","Impervious+1","Headbutt+1","Metallicize+1","Ghostly Armor+1","Impervious","Flame Barrier","True Grit+1","Headbutt+1","Battle Trance+1","Shrug It Off+1","Shrug It Off+1","True Grit"],"relics":["Burning Blood","NeowsBlessing","Molten Egg 2","WarpedTongs","WingedGreaves","Dead Branch","Pen Nib","StSpp:Monolith","reliquary:PrincelyHelmet","aspiration:Lifesprig","Mark of Pain","Membership Card","InkBottle","reliquary:JackalopeAntler","aspiration:ChemicalBlood","StSpp:GiftCard","reliquary:TridentHead","Vajra","SlaversCollar","Medical Kit","reliquary:Sideboard","reliquary:Crutches","reliquary:Buckler","aspiration:AnachronicSnailShell","aspiration:SeaSaltIceCream","Burning Blood","PreservedInsect","Red Mask"],"acts_visited":["Exordium","TheCity","TheBeyond"],"potions_floor_usage":[14,23,23,25,25,25,33,33,33,33,33,33,40,44,44,50,50,50,50,50,50],"damage_taken":[{"damage":0,"enemies":"Jaw Worm","floor":1,"turns":1},{"damage":0,"enemies":"2 Louse","floor":5,"turns":1},{"damage":0,"enemies":"Lagavulin","floor":7,"turns":1},{"damage":17,"enemies":"Gremlin Nob","floor":8,"turns":4},{"damage":23,"enemies":"Lagavulin","floor":10,"turns":6},{"damage":12,"enemies":"Lagavulin Event","floor":11,"turns":5},{"damage":13,"enemies":"Gremlin Nob","floor":12,"turns":4},{"damage":4,"enemies":"Hexaghost","floor":16,"turns":9},{"damage":0,"enemies":"Shell Parasite","floor":18,"turns":2},{"damage":0,"enemies":"2 Thieves","floor":21,"turns":3},{"damage":0,"enemies":"Book of Stabbing","floor":23,"turns":3},{"damage":19,"enemies":"Gremlin Leader","floor":25,"turns":4},{"damage":11,"enemies":"Shelled Parasite and Fungi","floor":28,"turns":6},{"damage":1,"enemies":"Centurion and Healer","floor":29,"turns":5},{"damage":0,"enemies":"3 Cultists","floor":31,"turns":4},{"damage":28,"enemies":"Champ","floor":33,"turns":8},{"damage":10,"enemies":"3 Darklings","floor":35,"turns":5},{"damage":1,"enemies":"3 Shapes","floor":36,"turns":4},{"damage":0,"enemies":"Maw","floor":37,"turns":7},{"damage":0,"enemies":"Giant Head","floor":40,"turns":6},{"damage":6,"enemies":"Nemesis","floor":42,"turns":5},{"damage":13,"enemies":"2 Orb Walkers","floor":44,"turns":4},{"damage":28,"enemies":"Time Eater","floor":50,"turns":12}],"seed_played":"8696634431606699667","potions_obtained":[{"floor":10,"key":"ColorlessPotion"},{"floor":11,"key":"StSpp:SecondWindPotion"},{"floor":12,"key":"Block Potion"},{"floor":14,"key":"BloodPotion"},{"floor":14,"key":"StSpp:ScatteredPotion"},{"floor":25,"key":"Dexterity Potion"},{"floor":29,"key":"EntropicBrew"},{"floor":33,"key":"BloodPotion"},{"floor":42,"key":"Fire Potion"}],"is_trial":false,"path_per_floor":["M","?","?","$","M","R","E","E","T","E","?","E","R","?","R","B",null,"M","$","T","M","?","E","R","E","T","R","M","M","T","M","R","B",null,"M","M","M","$","$","E","R","E","T","?","T","$","?","?","R","B",null],"character_chosen":"IRONCLAD","items_purchased":["Iron Wave+1","Membership Card","Metallicize","InkBottle","Medical Kit","Flame Barrier","True Grit","Headbutt+1","Strength Potion","PreservedInsect","PowerPotion","True Grit"],"campfire_rested":0,"item_purchase_floors":[4,19,19,19,38,38,39,39,39,46,46,46],"current_hp_per_floor":[78,78,78,78,80,80,80,69,69,52,46,39,39,55,55,57,74,80,80,80,80,80,80,80,67,67,67,62,67,67,73,73,58,75,71,76,80,80,80,80,80,80,80,73,73,73,73,73,73,71],"gold":0,"neow_bonus":"THREE_ENEMY_KILL","is_daily":false,"chose_seed":false,"campfire_upgraded":7,"win_rate":0.0,"timestamp":1612721744,"path_taken":["M","?","?","$","?","R","E","E","T","E","?","E","R","?","R","BOSS","M","?","?","M","?","E","R","E","T","R","M","M","?","M","R","BOSS","M","M","?","$","$","E","R","E","T","?","?","$","?","?","R","BOSS"],"items_purchased_type":["Card","Relic","Card","Relic","Relic","Card","Card","Card","Potion","Relic","Potion","Card"],"build_version":"2020-12-22","purchased_purges":5,"victory":true,"max_hp_per_floor":[80,80,80,80,80,80,80,80,80,80,80,80,80,80,80,80,80,80,80,80,80,80,80,80,80,80,80,80,80,80,80,80,80,80,80,80,80,80,80,80,80,80,80,80,80,80,80,80,80,80],"card_choices":[{"not_picked":["Havoc","StSpp:Jab"],"picked":"StSpp:TheBiggerTheyAre","floor":1},{"not_picked":["Clash+1","Sever Soul+1"],"picked":"Uppercut+1","floor":5},{"not_picked":["Twin Strike+1","Shrug It Off"],"picked":"Iron Wave+1","floor":7},{"not_picked":["Warcry","Armaments"],"picked":"Body Slam+1","floor":8},{"not_picked":["Shrug It Off","Dropkick+1"],"picked":"Disarm","floor":10},{"not_picked":["Pommel Strike+1","Clash+1"],"picked":"Juggernaut","floor":11},{"not_picked":["Burning Pact","Perfected Strike+1"],"picked":"Cleave+1","floor":12},{"not_picked":["Exhume","Immolate+1"],"picked":"Impervious","floor":16},{"not_picked":["Wild Strike+1","Warcry"],"picked":"Headbutt+1","floor":18},{"not_picked":["Clothesline+1","StSpp:TheBiggerTheyAre+1","Berserk"],"picked":"SKIP","floor":21},{"not_picked":["StSpp:TheBiggerTheyAre+1","Infernal Blade","StSpp:Sprint"],"picked":"SKIP","floor":23},{"not_picked":["Inflame","Shockwave"],"picked":"Ghostly Armor","floor":25},{"not_picked":["StSpp:Sprint","Cleave+1","Flex"],"picked":"SKIP","floor":28},{"not_picked":["Rampage+1","Thunderclap+1","Warcry"],"picked":"SKIP","floor":29},{"not_picked":["Anger+1","Twin Strike+1","Reckless Charge+1"],"picked":"SKIP","floor":31},{"not_picked":["StSpp:Betrayal","StSpp:Turnabout"],"picked":"Impervious","floor":33},{"not_picked":["Heavy Blade+1","Anger+1","Clothesline+1"],"picked":"SKIP","floor":35},{"not_picked":["StSpp:Vengeance","StSpp:Succumb","Perfected Strike+1"],"picked":"SKIP","floor":36},{"not_picked":["Seeing Red","Clash+1","Sword Boomerang+1"],"picked":"SKIP","floor":37},{"not_picked":["Thunderclap+1","StSpp:Betrayal"],"picked":"Battle Trance","floor":40},{"not_picked":["Anger+1","Rage+1"],"picked":"Shrug It Off+1","floor":42},{"not_picked":["Burning Pact+1","Clash+1"],"picked":"Shrug It Off+1","floor":44}],"player_experience":2006588,"relics_obtained":[{"floor":7,"key":"WingedGreaves"},{"floor":8,"key":"Dead Branch"},{"floor":9,"key":"Pen Nib"},{"floor":10,"key":"StSpp:Monolith"},{"floor":11,"key":"reliquary:PrincelyHelmet"},{"floor":12,"key":"aspiration:Lifesprig"},{"floor":20,"key":"reliquary:JackalopeAntler"},{"floor":23,"key":"aspiration:ChemicalBlood"},{"floor":25,"key":"StSpp:GiftCard"},{"floor":26,"key":"reliquary:TridentHead"},{"floor":30,"key":"Vajra"},{"floor":40,"key":"reliquary:Sideboard"},{"floor":42,"key":"reliquary:Crutches"},{"floor":43,"key":"reliquary:Buckler"},{"floor":44,"key":"aspiration:AnachronicSnailShell"},{"floor":45,"key":"aspiration:SeaSaltIceCream"}],"event_choices":[{"damage_healed":0,"gold_gain":0,"player_choice":"Rummage","damage_taken":0,"relics_obtained":["WarpedTongs"],"max_hp_gain":0,"max_hp_loss":0,"event_name":"Accursed Blacksmith","floor":3,"gold_loss":0,"cards_obtained":["Pain"]},{"damage_healed":0,"gold_gain":30,"player_choice":"Searched \u00272\u0027 times","damage_taken":0,"max_hp_gain":0,"max_hp_loss":0,"event_name":"Dead Adventurer","floor":11,"gold_loss":0},{"damage_healed":0,"gold_gain":0,"player_choice":"Got Potions","damage_taken":0,"max_hp_gain":0,"max_hp_loss":0,"event_name":"Lab","floor":14,"gold_loss":0},{"cards_removed":["Strike_R"],"damage_healed":0,"gold_gain":0,"player_choice":"Offered Basic","damage_taken":0,"max_hp_gain":0,"max_hp_loss":0,"event_name":"Bonfire Elementals","floor":22,"gold_loss":0},{"damage_healed":0,"gold_gain":0,"player_choice":"Fight","damage_taken":0,"max_hp_gain":0,"max_hp_loss":0,"event_name":"Mysterious Sphere","floor":44,"gold_loss":0},{"damage_healed":0,"gold_gain":0,"player_choice":"Paid","damage_taken":0,"relics_obtained":["Red Mask"],"max_hp_gain":0,"max_hp_loss":0,"event_name":"Tomb of Lord Red Mask","floor":47,"gold_loss":8},{"cards_removed":["Defend_R"],"damage_healed":0,"gold_gain":0,"player_choice":"Removed Skill","damage_taken":0,"max_hp_gain":0,"max_hp_loss":0,"event_name":"Falling","floor":48,"gold_loss":0}],"is_beta":false,"boss_relics":[{"not_picked":["Calling Bell","Coffee Dripper"],"picked":"Mark of Pain"},{"not_picked":["reliquary:KinkedSpring","aspiration:RunicSpoon"],"picked":"SlaversCollar"}],"items_purged_floors":[4,19,38,39,46],"is_endless":false,"potions_floor_spawned":[10,11,12,25,29,31,33,35,36,42],"ascension_level":10}}