{"host":"vyrim7c8c6ucsmzk","time":1612724093,"event":{"mods":["BaseMod","Colored Map","Downfall","Minty Spire (QoL Compilation)","StSLib"],"gold_per_floor":[99,109,126,142,442,452,452,452,452,452,452],"floor_reached":9,"language":"ENG","playtime":750,"items_purged":[],"score":53,"play_id":"60560cfb-3166-4fa8-90ce-df02ce163681","local_time":"20210207135453","is_ascension_mode":false,"campfire_choices":[{"data":"bronze:Goto","floor":1.0,"key":"SMITH"},{"data":"bronze:Repulsor","floor":8,"key":"SMITH"}],"circlet_count":0,"master_deck":["bronze:Strike","bronze:Strike","bronze:Strike","bronze:Strike","bronze:Defend","bronze:Defend","bronze:Defend","bronze:Defend","bronze:Replicate","bronze:Goto+1","bronze:Repulsor+1","bronze:MaxOutput","bronze:Shield","bronze:Frontload"],"relics":["bronze:BronzeCore","Omamori","Meat on the Bone"],"acts_visited":["Exordium"],"potions_floor_usage":[],"damage_taken":[{"damage":1.0,"enemies":"Cultist","floor":2.0,"turns":4.0},{"damage":8.0,"enemies":"2 Louse","floor":3.0,"turns":3.0},{"damage":6,"enemies":"Jaw Worm","floor":4,"turns":5},{"damage":9,"enemies":"3 Louse","floor":6,"turns":7},{"damage":59,"enemies":"Gremlin Nob","floor":9,"turns":7}],"seed_played":"3326267211607806082","potions_obtained":[{"floor":2.0,"key":"BlessingOfTheForge"},{"floor":4,"key":"bronze:CleanCodePotion"}],"is_trial":false,"path_per_floor":["R","M","M","M","?","M","T","R","E"],"character_chosen":"THE_AUTOMATON","items_purchased":[],"campfire_rested":0,"item_purchase_floors":[],"current_hp_per_floor":[70,69,61,55,55,46,46,46,0,0,0],"gold":452,"neow_bonus":"RANDOM_COMMON_RELIC","is_daily":false,"chose_seed":false,"campfire_upgraded":2,"win_rate":0.0,"timestamp":1612724093,"path_taken":["R","M","?","M","?","M","T","R","E"],"items_purchased_type":[],"build_version":"2020-12-22","purchased_purges":0,"victory":false,"max_hp_per_floor":[70,70,70,70,70,70,70,70,70,70,70],"card_choices":[{"not_picked":["bronze:DelayedGuard","bronze:ForLoop"],"picked":"bronze:Repulsor","floor":2.0},{"not_picked":["bronze:Turbo","bronze:DelayedGuard"],"picked":"bronze:MaxOutput","floor":3.0},{"not_picked":["bronze:NullPointer","bronze:Turbo"],"picked":"bronze:Shield","floor":4},{"not_picked":["bronze:DelayedSlice","bronze:BugBarrage"],"picked":"bronze:Frontload","floor":6}],"player_experience":1362876,"relics_obtained":[{"floor":7,"key":"Meat on the Bone"}],"event_choices":[],"is_beta":false,"boss_relics":[],"items_purged_floors":[],"is_endless":false,"potions_floor_spawned":[2,4],"killed_by":"Gremlin Nob","ascension_level":0}}