{"host":"c02dmb09vpgjjjz3","time":1612731939,"event":{"mods":["100% Spire Juice","Act Like it!","Astrologer","BaseMod","Better Note","Better Sensory Stone","CapriCore","Colored Map","Conspire","Elementarium","Gensokyo","GifTheSpireLib","GungeonMod","Hallownest","Jorbs\u0027s Wanderer Trilogy","Magitek Elite","Marisa????????","Minty Spire (QoL Compilation)","Permanent Neow","Replay The Spire","Robot Space Explorer","Somnambulant","StSLib","Stuff the Spire","The Animator","The Elementalist","The Forsaken","The Hierophant","The Immortal","The Jungle","The Marked","The Runesmith","TheFirefly"],"gold_per_floor":[116,116,116,135,35,64,77,77,77,95,95,7,7,39,39,140,140,150,169,269,38,38,38,65,80,80,91,91,101,135,145,145,250,250,262,273,273,22,33,33,46,78,101,120,137,137,166,166,166,166,166,166,21,51,11],"floor_reached":56,"language":"ENG","playtime":4180,"items_purged":["astrologer:Strike"],"score":1322,"play_id":"9273582b-a03e-43d7-b7ef-6fea7b428b99","local_time":"20210207150539","is_ascension_mode":false,"campfire_choices":[{"data":"astrologer:Fireball","floor":8,"key":"SMITH"},{"data":"astrologer:NorthStar","floor":15,"key":"SMITH"},{"data":"astrologer:TheChariot","floor":23,"key":"SMITH"},{"data":"astrologer:Nova","floor":28,"key":"SMITH"},{"data":"astrologer:Observe","floor":32,"key":"SMITH"},{"floor":40,"key":"RECALL"},{"data":"astrologer:Novile","floor":46,"key":"SMITH"},{"data":"astrologer:StarOfChange","floor":49,"key":"SMITH"},{"data":"astrologer:WheelofFortune","floor":52,"key":"SMITH"}],"circlet_count":0,"master_deck":["elementalist:Fire_Emblem","astrologer:Strike","astrologer:Strike","astrologer:Defend","astrologer:Defend","astrologer:Defend","astrologer:Defend","astrologer:NorthStar+1","astrologer:TheFool","astrologer:TheStar","astrologer:Nova+1","astrologer:Strength","astrologer:Stardust","astrologer:TheChariot+1","astrologer:Prismatic","astrologer:TheEmpress","astrologer:Observe+1","astrologer:Prismatic","astrologer:TheSun","astrologer:SolarFlare+1","astrologer:WheelofFortune+1","astrologer:LonelyStar","astrologer:NeutronStar+1","astrologer:LonelyStar","astrologer:LonelyStar","astrologer:CrystalBall+1","astrologer:StarOfMisfortune","astrologer:Prismatic+1","astrologer:Novile+1","astrologer:StarOfChange+1"],"relics":["astrologer:SkyMirror","elementalistmod:BlueRibbon","Gensokyo:OccultBall","DemoMod:OrangeGuonStone","Guard_Bracelet","StuffTheSpire:ForceGauntlet","Gensokyo:YoukaiFlower","theForsaken:Gavel","ReplayTheSpireMod:Lightbulb","Gem_Box","conspire:DeflatedDodgeball","Orichalcum","Runesmith:Nanobots","ReplayTheSpireMod:TigerMarble","Gremlin Horn","Centennial Puzzle","Snecko Heart","Mercury Hourglass","Strawberry","Iron Hammer","Anchor"],"acts_visited":["Gensokyo:Gensokyo","TheCity","Hallownest:KingdomsEdge","TheEnding"],"potions_floor_usage":[14,55],"damage_taken":[{"damage":7,"enemies":"Gensokyo:Gryphon","floor":1,"turns":4},{"damage":0,"enemies":"Gensokyo:Python","floor":4,"turns":5},{"damage":18,"enemies":"Gensokyo:Cirno","floor":6,"turns":6},{"damage":0,"enemies":"Gensokyo:2_Kodama","floor":7,"turns":4},{"damage":0,"enemies":"Gensokyo:2_Rabbits","floor":10,"turns":3},{"damage":0,"enemies":"conspire:MimicChest","floor":14,"turns":6},{"damage":0,"enemies":"Gensokyo:Kokoro","floor":16,"turns":9},{"damage":10,"enemies":"2 Thieves","floor":18,"turns":3},{"damage":0,"enemies":"Spheric Guardian","floor":19,"turns":4},{"damage":0,"enemies":"conspire:SneckoGhost","floor":24,"turns":5},{"damage":0,"enemies":"Cultist and Chosen","floor":25,"turns":3},{"damage":0,"enemies":"Snecko","floor":27,"turns":6},{"damage":0,"enemies":"Chosen and Byrds","floor":29,"turns":4},{"damage":7,"enemies":"Book of Stabbing","floor":30,"turns":6},{"damage":20,"enemies":"3 Cultists","floor":31,"turns":4},{"damage":8,"enemies":"conspire:MysteriousRune","floor":33,"turns":8},{"damage":0,"enemies":"Hallownest:Shield_Heavy","floor":35,"turns":5},{"damage":5,"enemies":"Hallownest:2_Littles","floor":36,"turns":5},{"damage":6,"enemies":"Hallownest:2_Soldiers_and_1_Guardian","floor":39,"turns":3},{"damage":10,"enemies":"Hallownest:monsterPrimalAspid","floor":41,"turns":3},{"damage":0,"enemies":"Hallownest:eliteHiveKnight","floor":42,"turns":4},{"damage":2,"enemies":"Hallownest:2_Wandering_and_1_Horned","floor":44,"turns":5},{"damage":0,"enemies":"Hallownest:2_Soldiers_and_1_Guardian","floor":45,"turns":5},{"damage":0,"enemies":"Hallownest:StalkingDevout","floor":47,"turns":4},{"damage":8,"enemies":"Hallownest:BossGreyPrinceZote","floor":50,"turns":5},{"damage":20,"enemies":"Shield and Spear","floor":54,"turns":4},{"damage":17,"enemies":"The Heart","floor":55,"turns":7}],"seed_played":"8775503530193175127","potions_obtained":[{"floor":1,"key":"Explosive Potion"},{"floor":4,"key":"PowerPotion"},{"floor":10,"key":"Swift Potion"},{"floor":14,"key":"BlessingOfTheForge"},{"floor":24,"key":"Fire Potion"},{"floor":29,"key":"PowerPotion"}],"is_trial":false,"path_per_floor":["M","?","?","M","?","E","M","R","T","M","?","COS","$","?","R","B",null,"M","M","?","$","T","R","E","M","T","M","R","M","E","M","R","B",null,"M","M","?","$","M","R","M","E","T","M","M","R","E","?","R","B",null,"R","$","E","B",null],"character_chosen":"ASTROLOGER","items_purchased":["Orichalcum","Mercury Hourglass","Anchor"],"campfire_rested":0,"item_purchase_floors":[21,38,53],"current_hp_per_floor":[63,63,63,63,63,45,45,45,45,45,45,45,45,45,45,45,70,60,60,60,60,60,60,60,60,60,60,60,60,61,41,41,33,70,70,65,65,65,59,59,49,56,56,54,54,54,54,54,54,46,77,77,77,57,40],"gold":11,"neow_bonus":"TRANSFORM_CARD","is_daily":false,"chose_seed":false,"campfire_upgraded":8,"win_rate":0.0,"timestamp":1612731939,"path_taken":["M","?","?","?","?","E","M","R","T","M","?","COS","?","?","R","BOSS","M","M","?","$","?","R","E","M","T","M","R","M","E","M","R","BOSS","M","M","?","?","?","R","M","E","T","M","M","R","E","?","R","BOSS","R","$","E","BOSS"],"items_purchased_type":["Relic","Relic","Relic"],"build_version":"2020-12-22","purchased_purges":1,"victory":true,"max_hp_per_floor":[70,70,70,70,70,70,70,70,70,70,70,70,70,70,70,70,70,70,70,70,70,70,70,70,70,70,70,70,70,70,70,70,70,70,70,70,70,70,70,70,70,77,77,77,77,77,77,77,77,77,77,77,77,77,77],"card_choices":[{"not_picked":["astrologer:MeteorShower","astrologer:Eclipse"],"picked":"astrologer:TheEmpress","floor":1},{"not_picked":["astrologer:Conjunction","astrologer:ShiningStar"],"picked":"astrologer:FrozenStar","floor":4},{"not_picked":["astrologer:TheTower","astrologer:Shine"],"picked":"astrologer:Nova","floor":6},{"not_picked":["astrologer:Eclipse","astrologer:FrozenStar"],"picked":"astrologer:Fireball","floor":7},{"not_picked":["astrologer:Conjunction","astrologer:Radiance"],"picked":"astrologer:Strength","floor":10},{"not_picked":["astrologer:TheWorld","astrologer:DarkMatter"],"picked":"astrologer:TheChariot","floor":16},{"not_picked":["astrologer:SpaceDust","astrologer:CometStrike","astrologer:Radiance"],"picked":"SKIP","floor":18},{"not_picked":["astrologer:SolarFlare+1","astrologer:Conjunction"],"picked":"astrologer:Prismatic","floor":19},{"not_picked":["astrologer:GlassStar","astrologer:SolarFlare"],"picked":"astrologer:TheEmpress","floor":24},{"not_picked":["astrologer:GlassStar","astrologer:CometStrike"],"picked":"astrologer:Observe","floor":25},{"not_picked":["astrologer:Opposition","astrologer:CometStrike","astrologer:Conjunction"],"picked":"SKIP","floor":27},{"not_picked":["astrologer:Strength","astrologer:FrozenStar","astrologer:Divination"],"picked":"SKIP","floor":29},{"not_picked":["astrologer:Judgement+1","astrologer:Still+1"],"picked":"astrologer:TheSun","floor":30},{"not_picked":["astrologer:TheTower","astrologer:SpaceDust"],"picked":"astrologer:SolarFlare+1","floor":31},{"not_picked":["astrologer:Alignment","astrologer:TheChariot"],"picked":"astrologer:WheelofFortune","floor":33},{"not_picked":["astrologer:Prestidigitation+1","astrologer:Sunrise"],"picked":"astrologer:LonelyStar","floor":35},{"not_picked":["astrologer:TheHermit","astrologer:Radiance+1"],"picked":"astrologer:NeutronStar+1","floor":36},{"not_picked":["astrologer:Divination","astrologer:TheHangedMan+1","astrologer:TheHighPriestess"],"picked":"SKIP","floor":39},{"not_picked":["astrologer:SpaceDust+1","astrologer:Sunrise"],"picked":"astrologer:StarOfMisfortune","floor":41},{"not_picked":["astrologer:Conjunction+1","astrologer:NeutronStar","astrologer:Radiance"],"picked":"SKIP","floor":42},{"not_picked":["astrologer:Still","astrologer:Moonlight+1"],"picked":"astrologer:Prismatic+1","floor":44},{"not_picked":["astrologer:Conjunction+1","astrologer:Temperance","astrologer:Moonlight+1"],"picked":"SKIP","floor":45},{"not_picked":["astrologer:CrystalBall","astrologer:ReadTheStars"],"picked":"astrologer:StarOfChange","floor":47},{"not_picked":["astrologer:Radiance+1","astrologer:Death","astrologer:FrozenStar+1"],"picked":"SKIP","floor":54}],"player_experience":422420,"relics_obtained":[{"floor":6,"key":"Guard_Bracelet"},{"floor":9,"key":"StuffTheSpire:ForceGauntlet"},{"floor":14,"key":"theForsaken:Gavel"},{"floor":14,"key":"Gensokyo:OccultBall"},{"floor":16,"key":"Gensokyo:OccultBall"},{"floor":22,"key":"Runesmith:Nanobots"},{"floor":24,"key":"ReplayTheSpireMod:TigerMarble"},{"floor":26,"key":"Gremlin Horn"},{"floor":30,"key":"Centennial Puzzle"},{"floor":33,"key":"Gensokyo:OccultBall"},{"floor":42,"key":"Strawberry"},{"floor":47,"key":"Iron Hammer"}],"event_choices":[{"damage_healed":0,"gold_gain":100,"player_choice":"Pray","damage_taken":0,"max_hp_gain":0,"max_hp_loss":0,"event_name":"Golden Shrine","floor":20,"gold_loss":0}],"is_beta":false,"boss_relics":[{"not_picked":["Painkiller Herb","Busted Crown"],"picked":"Gem_Box"},{"not_picked":["Runic Dome","Black Star"],"picked":"Snecko Heart"}],"items_purged_floors":[21],"is_endless":false,"potions_floor_spawned":[1,4,10,14,24,27,29,33,35,44,47,54],"ascension_level":0}}