{"host":"1v3mnj67s3trvm6y","time":1612662049,"event":{"mods":["BaseMod","Challenge The Spire","Downfall","Minty Spire (QoL Compilation)","StSLib"],"gold_per_floor":[0,18,33,33,51,51,51,201,101,114,146,146,46,58,71,173,173,73,89,1,1,19,19,96,96,96,196,196,212,212,223,240,335,335,335,351,366,381,381,406,406,435,435,447,447,465,31,31,44,44,44,72,16,16,16,16],"floor_reached":57,"language":"ENG","playtime":6397,"items_purged":["Guardian:Strike_Guardian"],"score":1214,"play_id":"88cccaf9-90a6-45cf-af9e-49c71c6724a0","local_time":"20210207104049","is_ascension_mode":false,"campfire_choices":[{"data":"Guardian:TwinSlam","floor":1,"key":"SMITH"},{"floor":9,"key":"RECALL"},{"data":"Guardian:CurlUp","floor":13,"key":"SMITH"},{"data":"Guardian:Orbwalk","floor":18,"key":"SMITH"},{"data":"Guardian:WalkerClaw","floor":23,"key":"SMITH"},{"data":"Guardian:ShieldCharger","floor":25,"key":"SMITH"},{"floor":28,"key":"REST"},{"data":"Guardian:DecasProtection","floor":30,"key":"SMITH"},{"data":"Guardian:TemporalShield","floor":35,"key":"SMITH"},{"data":"Guardian:ShieldCharger","floor":43,"key":"SMITH"},{"floor":45,"key":"REST"},{"data":"Apotheosis","floor":54,"key":"SMITH"}],"circlet_count":0,"master_deck":["Guardian:Strike_Guardian","Guardian:Defend_Guardian","Guardian:Defend_Guardian+1","Guardian:Defend_Guardian","Guardian:Defend_Guardian","Guardian:CurlUp+1","Guardian:TwinSlam+1","Guardian:ShieldSpikes+1","Guardian:Planning+1","Guardian:PrimingBeam","Guardian:ShieldCharger+1","Guardian:Orbwalk+1","Guardian:DecasProtection+1","Guardian:TimeCapacitor","Guardian:WalkerClaw+1","Guardian:TemporalShield+1","Guardian:TemporalStrike+1","Guardian:WalkerClaw+1","Guardian:EvasiveProtocol+1","Guardian:ExploitGems","Guardian:PiercingHide","Guardian:DecasProtection+1","Guardian:Planning","Guardian:Emergency+1","Guardian:ShieldCharger+1","Guardian:Suspension+1","Guardian:SentryBeam+1","Guardian:TemporalShield+1","Guardian:Recover","Apotheosis+1","Guardian:Preprogram","Guardian:Suspension+1","Guardian:Harden+1","Guardian:ChargeUp"],"relics":["Guardian:ModeShifter","downfall:HeartBlessingBlue","Happy Flower","downfall:HeartBlessingRed","SlaversCollar","downfall:HeartBlessingGreen","Molten Egg 2","Guardian:SackOfGems","The Courier","Sozu","Question Card","Sundial","Akabeko","Sling","Shuriken","Bird Faced Urn"],"acts_visited":["Exordium","TheCity","TheBeyond","TheEnding"],"potions_floor_usage":[11,19,27,56,56,56],"damage_taken":[{"damage":0,"enemies":"2 Louse","floor":2,"turns":3},{"damage":2,"enemies":"Small Slimes","floor":3,"turns":5},{"damage":0,"enemies":"Cultist","floor":5,"turns":4},{"damage":0,"enemies":"3 Louse","floor":10,"turns":4},{"damage":12,"enemies":"Gremlin Nob","floor":11,"turns":4},{"damage":0,"enemies":"Blue Slaver","floor":14,"turns":4},{"damage":2,"enemies":"Exordium Thugs","floor":15,"turns":5},{"damage":19,"enemies":"WA_ARCHETYPE_RETAIN","floor":16,"turns":10},{"damage":7,"enemies":"3 Byrds","floor":19,"turns":5},{"damage":0,"enemies":"downfall:FleeingMerchant","floor":20,"turns":4},{"damage":0,"enemies":"Shell Parasite","floor":22,"turns":9},{"damage":24,"enemies":"Colosseum Nobs","floor":27,"turns":4},{"damage":2,"enemies":"Centurion and Healer","floor":29,"turns":8},{"damage":1,"enemies":"Cultist and Chosen","floor":31,"turns":7},{"damage":7,"enemies":"Shelled Parasite and Fungi","floor":32,"turns":5},{"damage":28,"enemies":"DF_ARCHETYPE_CLAW","floor":33,"turns":11},{"damage":2,"enemies":"3 Shapes","floor":36,"turns":8},{"damage":10,"enemies":"Orb Walker","floor":37,"turns":4},{"damage":18,"enemies":"Jaw Worm Horde","floor":38,"turns":6},{"damage":0,"enemies":"Giant Head","floor":40,"turns":7},{"damage":0,"enemies":"Nemesis","floor":42,"turns":9},{"damage":22,"enemies":"4 Shapes","floor":44,"turns":12},{"damage":6,"enemies":"Spire Growth","floor":46,"turns":7},{"damage":0,"enemies":"downfall:FleeingMerchant","floor":47,"turns":4},{"damage":26,"enemies":"Jaw Worm Horde","floor":49,"turns":6},{"damage":29,"enemies":"IC_BLOCK_ARCHETYPE","floor":50,"turns":13},{"damage":4,"enemies":"downfall:CharBossMerchant","floor":52,"turns":9},{"damage":11,"enemies":"downfall:NeowBoss","floor":55,"turns":16},{"damage":7,"enemies":"downfall:NeowBossFinal","floor":56,"turns":14}],"seed_played":"-6377382604743831975","potions_obtained":[{"floor":5,"key":"SteroidPotion"},{"floor":11,"key":"LiquidMemories"},{"floor":16,"key":"CultistPotion"},{"floor":19,"key":"LiquidBronze"},{"floor":26,"key":"CultistPotion"},{"floor":29,"key":"AttackPotion"},{"floor":31,"key":"Block Potion"}],"is_trial":false,"path_per_floor":["R","M","M","?","M","?","T","?","R","M","E","?","R","M","M","B",null,"R","M","$","?","M","R","T","R","?","?","R","M","R","M","M","B",null,"R","M","M","M","?","E","T","E","R","M","R","M","$","T","M","B",null,"E","$","R","B","B",null],"character_chosen":"GUARDIAN","items_purchased":["Guardian:TimeCapacitor","Sling","Guardian:Recover","Apotheosis","Guardian:Preprogram","Guardian:ChargeUp"],"campfire_rested":2,"item_purchase_floors":[20,47,47,47,47,53],"current_hp_per_floor":[80,80,78,78,78,78,78,78,88,88,76,76,76,76,74,55,90,90,83,83,83,83,83,83,83,83,59,86,84,84,83,76,48,90,90,88,78,60,100,100,100,100,100,78,100,94,94,94,68,39,100,96,96,96,89,90],"gold":16,"neow_bonus":"TRANSFORM_TWO_CARDS","is_daily":false,"chose_seed":false,"campfire_upgraded":9,"win_rate":0.0,"timestamp":1612662049,"path_taken":["R","M","M","?","M","?","T","?","R","M","E","?","R","M","M","BOSS","R","M","?","?","M","R","T","R","?","?","R","M","R","M","M","BOSS","R","M","M","M","?","E","T","E","R","M","R","?","$","?","M","BOSS","E","$","R","BOSS","BOSS"],"items_purchased_type":["Card","Relic","Card","Card","Card","Card"],"build_version":"2020-12-22","purchased_purges":1,"victory":true,"max_hp_per_floor":[80,80,80,80,80,80,80,80,90,90,90,90,90,90,90,90,90,90,90,90,90,90,90,90,90,90,90,90,90,90,90,90,90,90,90,90,90,90,100,100,100,100,100,100,100,100,100,100,100,100,100,100,100,100,100,100],"card_choices":[{"not_picked":["Guardian:WalkerClaw","Guardian:VentSteam"],"picked":"Guardian:Gem_Green","floor":2},{"not_picked":["Guardian:Suspension","Guardian:ShieldCharger"],"picked":"Guardian:Gem_Lightblue","floor":3},{"not_picked":["Guardian:Recover","Guardian:GuardianWhirl"],"picked":"Guardian:PrimingBeam","floor":5},{"not_picked":["Guardian:Gem_Lightblue","Guardian:Gem_Red"],"picked":"Guardian:Gem_Crimson","floor":10},{"not_picked":["Guardian:Reroute","Guardian:Gem_Lightblue"],"picked":"Guardian:Gem_Blue","floor":11},{"not_picked":["Guardian:PolyBeam","Guardian:TemporalStrike"],"picked":"Guardian:ShieldCharger","floor":14},{"not_picked":["Guardian:CrystalBeam","Guardian:ShieldCharger"],"picked":"Guardian:Orbwalk","floor":15},{"not_picked":["Guardian:SphericShield","Guardian:GatlingBeam"],"picked":"Guardian:RevengeProtocol","floor":16},{"not_picked":["Guardian:Repulse","Guardian:RollAttack"],"picked":"Guardian:DecasProtection","floor":19},{"not_picked":["Guardian:PrimingBeam+1","Guardian:RollAttack"],"picked":"Guardian:Gem_Red","floor":20},{"not_picked":["Guardian:Incinerate","Guardian:RollAttack"],"picked":"Guardian:WalkerClaw","floor":22},{"not_picked":["Guardian:PrimingBeam+1","Guardian:Gem_Red"],"picked":"Guardian:TemporalShield","floor":27},{"not_picked":["Guardian:Gem_Lightblue","Guardian:Gem_Cyan"],"picked":"Guardian:TemporalStrike+1","floor":29},{"not_picked":["Guardian:TemporalStrike+1","Guardian:GemFinder"],"picked":"Guardian:WalkerClaw+1","floor":31},{"not_picked":["Guardian:VentSteam+1","Guardian:TemporalStrike+1"],"picked":"Guardian:EvasiveProtocol+1","floor":32},{"not_picked":["Guardian:AncientConstruct","Guardian:Gem_Synthetic"],"picked":"Guardian:ExploitGems","floor":33},{"not_picked":["Guardian:TemporalStrike+1","Guardian:Gem_Red"],"picked":"Guardian:PiercingHide","floor":36},{"not_picked":["Guardian:RollAttack+1","Guardian:Clone"],"picked":"Guardian:DecasProtection+1","floor":37},{"not_picked":["Guardian:PolyBeam+1","Guardian:Gem_Green"],"picked":"Guardian:Planning","floor":38},{"not_picked":["Guardian:Planning","Guardian:Gem_Cyan"],"picked":"Guardian:Emergency+1","floor":40},{"not_picked":["Guardian:StasisField","Guardian:CompilePackage","Guardian:Gem_Lightblue"],"picked":"Guardian:ShieldCharger","floor":42},{"not_picked":["Guardian:BodySlam+1","Guardian:PrimingBeam+1","Guardian:RollAttack+1"],"picked":"Guardian:Suspension+1","floor":44},{"not_picked":["Guardian:Gem_Lightblue","Guardian:DecasProtection+1","Guardian:TimeBomb+1"],"picked":"Guardian:SentryBeam+1","floor":46},{"not_picked":["Guardian:Gem_Green","Guardian:Gem_Lightblue","Guardian:BronzeArmor+1"],"picked":"Guardian:TemporalShield+1","floor":47},{"not_picked":["Guardian:TemporalShield","Guardian:Gem_Cyan","Guardian:PrimingBeam+1"],"picked":"Guardian:Suspension+1","floor":49},{"not_picked":["Guardian:Gem_Green","Guardian:PrismaticBeam+1","Guardian:Reroute+1"],"picked":"Guardian:Harden+1","floor":52}],"player_experience":1684434,"relics_obtained":[{"floor":11,"key":"Happy Flower"},{"floor":24,"key":"Molten Egg 2"},{"floor":27,"key":"Guardian:SackOfGems"},{"floor":27,"key":"The Courier"},{"floor":40,"key":"Question Card"},{"floor":41,"key":"Sundial"},{"floor":42,"key":"Akabeko"},{"floor":48,"key":"Shuriken"},{"floor":52,"key":"Bird Faced Urn"}],"event_choices":[{"cards_removed":["downfall:Malfunctioning"],"damage_healed":0,"gold_gain":0,"player_choice":"Forget","damage_taken":0,"max_hp_gain":0,"max_hp_loss":0,"event_name":"Living Wall","floor":6,"gold_loss":0},{"cards_removed":["Guardian:RevengeProtocol"],"damage_healed":30,"gold_gain":0,"player_choice":"Offered Rare","damage_taken":0,"max_hp_gain":10,"max_hp_loss":0,"event_name":"Bonfire Elementals","floor":39,"gold_loss":0}],"is_beta":false,"boss_relics":[{"not_picked":["Pandora\u0027s Box","Fusion Hammer"],"picked":"SlaversCollar"},{"not_picked":["Snecko Eye","Guardian:StasisSlotReductionRelic"],"picked":"Sozu"}],"items_purged_floors":[47],"is_endless":false,"potions_floor_spawned":[5,11,16,19,29,31,36,42,44],"ascension_level":0}}