{"host":"2brg86hfzr3u5cix","time":1612707836,"event":{"mods":["AchievementEnabler","Ascension Unlocker","BaseMod","CapriCore","DeckTracker","Highlight Path","Keyboard Shortcuts","Minty Spire (QoL Compilation)","Permanent Neow","Relic Stats","StSLib","Twitch Utils","Uncapped","UnlockEverythingMod"],"gold_per_floor":[116,135,135,31,47,47,78,78,151,151,168,197,223,234,234,234,234],"floor_reached":16,"language":"KOR","playtime":537,"items_purged":["Strike_G"],"score":220,"play_id":"a98a65d3-490a-4e8a-aa7b-e2a85e4421b4","local_time":"20210207232356","is_ascension_mode":true,"campfire_choices":[{"data":"Dagger Spray","floor":6.0,"key":"SMITH"},{"floor":8.0,"key":"REST"},{"floor":10.0,"key":"REST"},{"data":"Poisoned Stab","floor":15.0,"key":"SMITH"}],"circlet_count":0,"master_deck":["AscendersBane","Strike_G","Strike_G","Strike_G","Defend_G","Defend_G","Defend_G","Defend_G","Defend_G","Survivor","Neutralize","Expertise","Dagger Spray+1","PiercingWail","Poisoned Stab+1","Die Die Die","Backflip","Reflex","Backstab","Blade Dance","Calculated Gamble"],"relics":["Ring of the Snake","Snake Skull","Nunchaku","Odd Mushroom","Shuriken"],"acts_visited":["Exordium"],"potions_floor_usage":[16],"damage_taken":[{"damage":4.0,"enemies":"Small Slimes","floor":1.0,"turns":6.0},{"damage":0.0,"enemies":"2 Louse","floor":2.0,"turns":3.0},{"damage":0.0,"enemies":"Jaw Worm","floor":5.0,"turns":5.0},{"damage":36.0,"enemies":"Lagavulin","floor":7.0,"turns":6.0},{"damage":1.0,"enemies":"Red Slaver","floor":11.0,"turns":5.0},{"damage":0.0,"enemies":"The Mushroom Lair","floor":12.0,"turns":2.0},{"damage":27.0,"enemies":"3 Sentries","floor":13.0,"turns":8.0},{"damage":1.0,"enemies":"Exordium Thugs","floor":14.0,"turns":3.0},{"damage":26,"enemies":"The Guardian","floor":16,"turns":8}],"seed_played":"-843538212744136572","potions_obtained":[{"floor":5.0,"key":"CunningPotion"},{"floor":7.0,"key":"BlessingOfTheForge"},{"floor":11.0,"key":"Explosive Potion"},{"floor":12.0,"key":"Strength Potion"}],"is_trial":false,"path_per_floor":["M","M","?","$","M","R","E","R","T","R","M","?","E","M","R","B"],"character_chosen":"THE_SILENT","items_purchased":["Poisoned Stab"],"campfire_rested":2,"item_purchase_floors":[4],"current_hp_per_floor":[55,55,50,50,50,50,14,33,33,52,51,51,24,23,23,0,0],"gold":234,"neow_bonus":"TRANSFORM_CARD","is_daily":false,"chose_seed":false,"campfire_upgraded":2,"win_rate":0.0,"timestamp":1612707836,"path_taken":["M","M","?","$","M","R","E","R","T","R","M","?","E","M","R","BOSS"],"items_purchased_type":["Card"],"build_version":"2020-12-22","purchased_purges":1,"victory":false,"max_hp_per_floor":[66,66,66,66,66,66,66,66,66,66,66,66,66,66,66,66,66],"relic_stats":{"Nunchaku":[4],"counters":[9,46],"Shuriken":[5],"Snake Skull":[11],"obtain_stats":[{"Nunchaku":7,"Shuriken":13,"Snake Skull":3,"Odd Mushroom":12,"Ring of the Snake":0},{"Nunchaku":4,"Shuriken":7,"Snake Skull":2,"Odd Mushroom":6,"Ring of the Snake":0},{"Nunchaku":20,"Shuriken":35,"Snake Skull":9,"Odd Mushroom":27,"Ring of the Snake":0}],"Ring of the Snake":[18]},"card_choices":[{"not_picked":["Dagger Throw","Flying Knee"],"picked":"Dagger Spray","floor":1.0},{"not_picked":["Sucker Punch","Dagger Spray"],"picked":"PiercingWail","floor":2.0},{"not_picked":["Heel Hook","Dagger Throw"],"picked":"Die Die Die","floor":5.0},{"not_picked":["Quick Slash","Dodge and Roll"],"picked":"Backflip","floor":7.0},{"not_picked":["Heel Hook","Predator"],"picked":"Reflex","floor":11.0},{"not_picked":["PiercingWail","Dagger Throw"],"picked":"Backstab","floor":12.0},{"not_picked":["Choke","Dodge and Roll"],"picked":"Blade Dance","floor":13.0},{"not_picked":["Bane","Caltrops"],"picked":"Calculated Gamble","floor":14.0}],"player_experience":359929,"relics_obtained":[{"floor":7.0,"key":"Nunchaku"},{"floor":12.0,"key":"Odd Mushroom"},{"floor":13.0,"key":"Shuriken"}],"event_choices":[{"damage_healed":0.0,"max_hp_gain":0.0,"max_hp_loss":0.0,"gold_gain":0.0,"event_name":"Scrap Ooze","player_choice":"Success","floor":3.0,"gold_loss":0.0,"damage_taken":5.0,"relics_obtained":["Snake Skull"]},{"damage_healed":0.0,"max_hp_gain":0.0,"max_hp_loss":0.0,"gold_gain":0.0,"event_name":"Mushrooms","player_choice":"Fought Mushrooms","floor":12.0,"gold_loss":0.0,"damage_taken":0.0}],"is_beta":false,"boss_relics":[],"items_purged_floors":[4],"is_endless":false,"potions_floor_spawned":[5,7,11,12],"killed_by":"The Guardian","ascension_level":20}}