{"host":"4ek4eq5z32z3zgvw","time":1612668866,"event":{"mods":["2.2 Compatiblity","AchievementEnabler","Act Like it!","AlwaysNeverKeys","Aspiration","BaseMod","Better Altar","Better Note","Better Sensory Stone","Better Skull","Better Third Choice","BetterRewards","Block Reminder","Card Filter","Colored Map","Colored Powertips","Conspire","Curses Come First","Dark Map","Defuse TimeMaze Blight","Energized Spire","Evolution","GifTheSpireLib","Halation","Hubris","Humility","Infinite Spire","Minty Spire (QoL Compilation)","Permanent Neow","Poor People Problems","Potion Indicator Mod","Quick Restart","Random Character Button","RatMod","Relic Filter","Relic Sorter","Relic Stats","Replay The Spire","Reworked Bosses","Shop Mod","Spikes Relics","StSLib","Stuff the Spire","SuperFastMode","The Blue Laboratory","The Sage","Uncapped","Unceasing Turn Reminder","UnlockEverythingMod","Username Fix","Waifu the Spire","egg"],"gold_per_floor":[112,125,50,325,217,252,252,283,364,364,44,64,64,81,81,81,81],"floor_reached":16,"language":"ENG","playtime":688,"items_purged":["Run Through","Regret"],"score":216,"play_id":"36c396a2-8f4c-4f5a-887d-48c17f5e1235","local_time":"20210206213426","is_ascension_mode":true,"campfire_choices":[{"data":"StuffTheSpire:Incineration","floor":7.0,"key":"SMITH"},{"data":"StuffTheSpire:Resist","floor":10.0,"key":"SMITH"},{"floor":15.0,"key":"REST"}],"circlet_count":0,"master_deck":["AscendersBane","Pommel Strike","Madness","Pommel Strike","Madness","Shrug It Off","True Grit","Shrug It Off","True Grit","Bash","StuffTheSpire:Pyroclast","StuffTheSpire:Incineration+1","StuffTheSpire:Slingshot","StuffTheSpire:Resist+1"],"relics":["Burning Blood","EVO:Axolotl","conspire:TreasureMap","Gremlin Horn","hubris:IronBody","Bag of Preparation","hubris:SphereOfDissonance","PrismaticShard"],"acts_visited":["Exordium"],"potions_floor_usage":[16],"damage_taken":[{"damage":0.0,"enemies":"2 Louse","floor":1.0,"turns":2.0},{"damage":0.0,"enemies":"Cultist","floor":2.0,"turns":3.0},{"damage":28.0,"enemies":"3 Sentries","floor":6.0,"turns":5.0},{"damage":40.0,"enemies":"Lagavulin","floor":8.0,"turns":6.0},{"damage":10.0,"enemies":"Jaw Worm","floor":12.0,"turns":2.0},{"damage":0.0,"enemies":"Exordium Wildlife","floor":14.0,"turns":2.0},{"damage":58,"enemies":"Slime Boss","floor":16,"turns":10}],"seed_played":"-731853028962729945","potions_obtained":[{"floor":1.0,"key":"SmokeBomb"},{"floor":2.0,"key":"blueLaboratory:TrueEctoplasm"}],"is_trial":false,"path_per_floor":["M","M","$","?","$","E","R","E","T","R","$","M","$","M","R","B"],"character_chosen":"IRONCLAD","items_purchased":["conspire:TreasureMap","StuffTheSpire:Pyroclast","StuffTheSpire:Incineration","PowerPotion","AttackPotion","PrismaticShard"],"campfire_rested":1,"item_purchase_floors":[0,0,5,5,11,11],"current_hp_per_floor":[77,78,78,78,78,56,56,22,22,22,22,18,18,24,47,0,0],"gold":81,"neow_bonus":"","is_daily":false,"chose_seed":false,"campfire_upgraded":2,"win_rate":0.0,"timestamp":1612668866,"path_taken":["M","M","$","?","?","E","R","E","T","R","$","M","?","M","R","BOSS"],"items_purchased_type":["Relic","Card","Card","Potion","Potion","Relic"],"build_version":"2020-12-22","purchased_purges":2,"victory":false,"max_hp_per_floor":[78,78,78,78,78,78,78,78,78,78,78,78,78,78,78,78,78],"relic_stats":{"Gremlin Horn":[5,5],"counters":[51,211],"Bag of Preparation":[150],"obtain_stats":[{"Gremlin Horn":0,"EVO:Axolotl":0,"Sling":3,"halation:RedSoulGem":0,"Sundial":46,"Strawberry":12,"Honey Jar":0,"Prayer Wheel":0,"vexMod:DeviousBotling":0,"halation:PromiseList":26,"Kunai":23,"aspiration:DSix":9,"LugNut":0,"vexMod:MegatonBomb":0,"hubris:MobiusCoin":0,"conspire:TreasureMap":0,"hubris:SphereOfDissonance":9,"infinitespire:Beetle Shell":6,"Replay:Baseball":43,"hubris:BottledHeart":0,"energizedSpire:NeverEndingSparkler":17,"halation:PenCase":0,"energizedSpire:MagnifyingGlass":17,"hubris:TenFootPole":0,"Grinning Jar":30,"aspiration:HatOfInfinitePower":0,"Pocketwatch":27,"halation:BlackBeret":0,"SnailShell":0,"aspiration:Lifesprig":12,"aspiration:TomeofQuesting":0,"GremlinMask":2,"RoseTintedShades":0,"Replay:Multitool":0,"Bag of Preparation":8,"HeavenlyBonsai":9,"Smiling Mask":21,"Ancient Tea Set":25,"vexMod:Spyglass":47,"PrismaticShard":11,"Burning Blood":10,"StuffTheSpire:OccultApparatus":3,"StuffTheSpire:Experiment12":7,"Frozen Eye":30,"Nunchaku":10,"hubris:Icosahedron":37,"Pantograph":26,"Tiny Chest":0,"hubris:IronBody":6,"StuffTheSpire:Nightcore":9,"Ring of the Snake":0,"Replay:Towering Pillar of Hats":0,"NeowsBlessing":0,"StuffTheSpire:Saxophone":0,"hubris:Towel":2,"CaptainsWheel":8,"vexMod:HeadHunter":40,"Bloody Idol":25,"rat:KircheisShard":13,"Membership Card":6,"halation:TwoAmDonut":9,"StuffTheSpire:ShivArchetype":0},{"Gremlin Horn":44,"EVO:Axolotl":0,"Sling":22,"halation:RedSoulGem":35,"Sundial":20,"Strawberry":7,"Honey Jar":35,"Prayer Wheel":21,"vexMod:DeviousBotling":35,"halation:PromiseList":34,"Kunai":34,"aspiration:DSix":7,"LugNut":35,"vexMod:MegatonBomb":35,"hubris:MobiusCoin":21,"conspire:TreasureMap":44,"hubris:SphereOfDissonance":48,"infinitespire:Beetle Shell":25,"Replay:Baseball":19,"hubris:BottledHeart":35,"energizedSpire:NeverEndingSparkler":42,"halation:PenCase":2,"energizedSpire:MagnifyingGlass":30,"hubris:TenFootPole":35,"Grinning Jar":14,"aspiration:HatOfInfinitePower":2,"Pocketwatch":13,"halation:BlackBeret":35,"SnailShell":2,"aspiration:Lifesprig":27,"aspiration:TomeofQuesting":2,"GremlinMask":22,"RoseTintedShades":35,"Replay:Multitool":2,"Bag of Preparation":48,"HeavenlyBonsai":26,"Smiling Mask":10,"Ancient Tea Set":12,"vexMod:Spyglass":20,"PrismaticShard":48,"Burning Blood":7,"StuffTheSpire:OccultApparatus":1,"StuffTheSpire:Experiment12":6,"Frozen Eye":13,"Nunchaku":27,"hubris:Icosahedron":16,"Pantograph":12,"Tiny Chest":2,"hubris:IronBody":47,"StuffTheSpire:Nightcore":39,"Ring of the Snake":0,"Replay:Towering Pillar of Hats":35,"NeowsBlessing":35,"StuffTheSpire:Saxophone":2,"hubris:Towel":1,"CaptainsWheel":26,"vexMod:HeadHunter":18,"Bloody Idol":34,"rat:KircheisShard":40,"Membership Card":5,"halation:TwoAmDonut":7,"StuffTheSpire:ShivArchetype":35},{"Gremlin Horn":181,"EVO:Axolotl":0,"Sling":90,"halation:RedSoulGem":147,"Sundial":81,"Strawberry":24,"Honey Jar":147,"Prayer Wheel":88,"vexMod:DeviousBotling":147,"halation:PromiseList":145,"Kunai":145,"aspiration:DSix":24,"LugNut":147,"vexMod:MegatonBomb":147,"hubris:MobiusCoin":88,"conspire:TreasureMap":181,"hubris:SphereOfDissonance":197,"infinitespire:Beetle Shell":98,"Replay:Baseball":75,"hubris:BottledHeart":147,"energizedSpire:NeverEndingSparkler":173,"halation:PenCase":6,"energizedSpire:MagnifyingGlass":123,"hubris:TenFootPole":147,"Grinning Jar":49,"aspiration:HatOfInfinitePower":6,"Pocketwatch":45,"halation:BlackBeret":147,"SnailShell":6,"aspiration:Lifesprig":110,"aspiration:TomeofQuesting":6,"GremlinMask":90,"RoseTintedShades":147,"Replay:Multitool":6,"Bag of Preparation":197,"HeavenlyBonsai":104,"Smiling Mask":34,"Ancient Tea Set":41,"vexMod:Spyglass":81,"PrismaticShard":197,"Burning Blood":24,"StuffTheSpire:OccultApparatus":5,"StuffTheSpire:Experiment12":22,"Frozen Eye":45,"Nunchaku":110,"hubris:Icosahedron":62,"Pantograph":41,"Tiny Chest":6,"hubris:IronBody":191,"StuffTheSpire:Nightcore":162,"Ring of the Snake":0,"Replay:Towering Pillar of Hats":147,"NeowsBlessing":147,"StuffTheSpire:Saxophone":6,"hubris:Towel":5,"CaptainsWheel":104,"vexMod:HeadHunter":71,"Bloody Idol":145,"rat:KircheisShard":165,"Membership Card":15,"halation:TwoAmDonut":24,"StuffTheSpire:ShivArchetype":147}],"Burning Blood":194},"card_choices":[{"not_picked":["Clash","ReplayTheSpireMod:Strike From Hell","Power Through"],"picked":"SKIP","floor":1.0},{"not_picked":["Wild Strike","Heavy Blade","Evolve"],"picked":"SKIP","floor":2.0},{"not_picked":["Perfected Strike","True Grit"],"picked":"StuffTheSpire:Slingshot","floor":6.0},{"not_picked":["True Grit","Cleave"],"picked":"StuffTheSpire:Resist","floor":8.0},{"not_picked":["Finesse","rat:DextrousStrike","Devotion"],"picked":"SKIP","floor":12.0},{"not_picked":["PathToVictory","rat:ArgentInfusion","Outmaneuver"],"picked":"SKIP","floor":14.0}],"player_experience":659121,"relics_obtained":[{"floor":6.0,"key":"hubris:IronBody"},{"floor":8.0,"key":"Bag of Preparation"},{"floor":9.0,"key":"hubris:SphereOfDissonance"}],"event_choices":[{"damage_healed":0.0,"max_hp_gain":0.0,"max_hp_loss":0.0,"gold_gain":275.0,"event_name":"Golden Shrine","player_choice":"Desecrate","floor":4.0,"gold_loss":0.0,"damage_taken":0.0,"cards_obtained":["Regret"]}],"is_beta":false,"boss_relics":[],"items_purged_floors":[3,11],"is_endless":true,"potions_floor_spawned":[1,2],"killed_by":"Slime Boss","ascension_level":20,"is_humility":true}}