{"host":"vlqej45p0v31lhdi","time":1612662730,"event":{"mods":["AchievementEnabler","BaseMod","Bestiary","Colored Powertips","Minty Spire (QoL Compilation)","Relic Sorter","Relic Stats"],"gold_per_floor":[113,113,126,126,126,126,161,161,210,249,264,283,283,24,24,153,153,173,198,198,198,218,246,246,246,246,246,24,123,142,181,181,292,292,302,302,20,20,30,56,81,81,108,108,148,148,5,34,34,34,34,34,9,50,50,50],"floor_reached":55,"language":"ENG","playtime":6541,"items_purged":["Strike_B"],"score":961,"play_id":"d49d212c-5144-4bff-8417-62aa1b624792","local_time":"20210206195210","is_ascension_mode":true,"campfire_choices":[{"data":"Zap","floor":6.0,"key":"SMITH"},{"data":"Darkness","floor":8.0,"key":"SMITH"},{"data":"Coolheaded","floor":15.0,"key":"SMITH"},{"data":"Genetic Algorithm","floor":25.0,"key":"SMITH"},{"data":"Echo Form","floor":27.0,"key":"SMITH"},{"floor":32.0,"key":"REST"},{"floor":42.0,"key":"RECALL"},{"data":"Machine Learning","floor":46.0,"key":"SMITH"},{"data":"Darkness","floor":49.0,"key":"SMITH"},{"data":"Dualcast","floor":52.0,"key":"SMITH"}],"circlet_count":0,"master_deck":["Strike_B+1","Strike_B+1","Defend_B","Defend_B","Defend_B","Defend_B+1","Zap+1","Dualcast+1","Rainbow+1","Cold Snap","Leap","Darkness+1","Lockon","Coolheaded+1","Echo Form+1","Consume+1","Leap","Genetic Algorithm+1","Creative AI","Heatsinks","Darkness+1","Redo+1","Machine Learning+1","Static Discharge","Leap+1","Storm+1","BootSequence+1","Ball Lightning"],"relics":["Cracked Core","Bloody Idol","Bag of Marbles","StoneCalendar","Happy Flower","HornCleat","Inserter","Bag of Preparation","InkBottle","CeramicFish","Letter Opener","Busted Crown","Anchor","Meat on the Bone","Lantern","Sundial","Membership Card","Whetstone"],"acts_visited":["Exordium","TheCity","TheBeyond","TheEnding"],"potions_floor_usage":[54,54],"damage_taken":[{"damage":0.0,"enemies":"Small Slimes","floor":1.0,"turns":2.0},{"damage":0.0,"enemies":"2 Louse","floor":3.0,"turns":2.0},{"damage":11.0,"enemies":"3 Sentries","floor":7.0,"turns":6.0},{"damage":5.0,"enemies":"Lagavulin","floor":10.0,"turns":4.0},{"damage":0.0,"enemies":"Jaw Worm","floor":11.0,"turns":2.0},{"damage":1.0,"enemies":"Large Slime","floor":12.0,"turns":4.0},{"damage":14.0,"enemies":"The Guardian","floor":16.0,"turns":8.0},{"damage":4.0,"enemies":"3 Byrds","floor":18.0,"turns":4.0},{"damage":9.0,"enemies":"Shell Parasite","floor":19.0,"turns":6.0},{"damage":16.0,"enemies":"Centurion and Healer","floor":22.0,"turns":7.0},{"damage":2.0,"enemies":"Book of Stabbing","floor":23.0,"turns":5.0},{"damage":10.0,"enemies":"Shelled Parasite and Fungi","floor":30.0,"turns":4.0},{"damage":40.0,"enemies":"Gremlin Leader","floor":31.0,"turns":8.0},{"damage":0.0,"enemies":"Automaton","floor":33.0,"turns":8.0},{"damage":12.0,"enemies":"3 Shapes","floor":35.0,"turns":5.0},{"damage":1.0,"enemies":"3 Darklings","floor":39.0,"turns":6.0},{"damage":3.0,"enemies":"Giant Head","floor":40.0,"turns":8.0},{"damage":7.0,"enemies":"Jaw Worm Horde","floor":41.0,"turns":5.0},{"damage":9.0,"enemies":"Nemesis","floor":45.0,"turns":7.0},{"damage":29.0,"enemies":"Transient","floor":48.0,"turns":5.0},{"damage":34.0,"enemies":"Awakened One","floor":50.0,"turns":14.0},{"damage":28,"enemies":"Shield and Spear","floor":54,"turns":6},{"damage":54,"enemies":"The Heart","floor":55,"turns":3}],"seed_played":"7246968227256377276","potions_obtained":[{"floor":3.0,"key":"Fire Potion"},{"floor":10.0,"key":"SpeedPotion"},{"floor":16.0,"key":"SpeedPotion"},{"floor":18.0,"key":"DistilledChaos"},{"floor":19.0,"key":"Explosive Potion"},{"floor":31.0,"key":"Block Potion"},{"floor":33.0,"key":"PowerPotion"},{"floor":40.0,"key":"Block Potion"},{"floor":41.0,"key":"Regen Potion"},{"floor":48.0,"key":"DuplicationPotion"},{"floor":54,"key":"SmokeBomb"}],"is_trial":false,"path_per_floor":["M","?","M","?","?","R","E","R","T","E","M","M","?","$","R","B",null,"M","M","?","?","M","E","?","R","T","R","$","?","M","E","R","B",null,"M","?","$","?","M","E","M","R","T","?","E","R","$","M","R","B",null,"R","$","E","B"],"character_chosen":"DEFECT","items_purchased":["HornCleat","CeramicFish","Heatsinks","Static Discharge","Anchor","Membership Card","FocusPotion"],"campfire_rested":1,"item_purchase_floors":[14,28,28,37,37,47,53],"current_hp_per_floor":[75,69,69,57,43,43,32,32,32,27,27,26,49,49,49,35,61,57,48,48,48,37,40,40,40,40,40,45,50,50,20,40,50,64,57,57,62,62,66,66,66,66,66,66,66,66,66,47,47,40,60,60,60,54,0,0],"gold":50,"neow_bonus":"ONE_RANDOM_RARE_CARD","is_daily":false,"chose_seed":false,"campfire_upgraded":8,"win_rate":0.0,"timestamp":1612662730,"path_taken":["M","?","M","?","?","R","E","R","T","E","?","M","?","$","R","BOSS","M","M","?","?","M","E","?","R","T","R","$","?","M","E","R","BOSS","M","?","$","?","M","E","M","R","T","?","E","R","?","M","R","BOSS","R","$","E","BOSS"],"items_purchased_type":["Relic","Relic","Card","Card","Relic","Relic","Potion"],"build_version":"2020-12-22","purchased_purges":1,"victory":false,"max_hp_per_floor":[75,69,69,69,69,69,69,69,69,69,69,69,69,69,69,69,69,69,69,69,69,69,69,69,69,69,69,69,69,69,69,69,69,69,69,66,66,66,66,66,66,66,66,66,66,66,66,66,66,66,66,66,66,66,66,66],"relic_stats":{"Inserter":[50],"Happy Flower":[38],"counters":[23,129],"CeramicFish":81,"StoneCalendar":[322],"Bag of Preparation":[24],"Letter Opener":[312],"Whetstone":["Strike_B","Strike_B"],"Busted Crown":14,"Sundial":[4],"Bloody Idol":104,"obtain_stats":[{"Lantern":43,"Inserter":17,"Happy Flower":10,"Golden Idol":2,"CeramicFish":28,"StoneCalendar":7,"Bag of Preparation":23,"Letter Opener":31,"Whetstone":54,"Anchor":37,"HornCleat":14,"Busted Crown":34,"Sundial":45,"Bloody Idol":21,"Bag of Marbles":4,"Membership Card":47,"Cracked Core":0,"InkBottle":26,"Meat on the Bone":40},{"Lantern":18,"Inserter":7,"Happy Flower":4,"Golden Idol":1,"CeramicFish":11,"StoneCalendar":3,"Bag of Preparation":11,"Letter Opener":13,"Whetstone":22,"Anchor":15,"HornCleat":6,"Busted Crown":14,"Sundial":19,"Bloody Idol":9,"Bag of Marbles":2,"Membership Card":19,"Cracked Core":0,"InkBottle":11,"Meat on the Bone":17},{"Lantern":94,"Inserter":28,"Happy Flower":14,"Golden Idol":2,"CeramicFish":50,"StoneCalendar":10,"Bag of Preparation":50,"Letter Opener":62,"Whetstone":126,"Anchor":75,"HornCleat":20,"Busted Crown":70,"Sundial":101,"Bloody Idol":38,"Bag of Marbles":4,"Membership Card":101,"Cracked Core":0,"InkBottle":50,"Meat on the Bone":89}],"InkBottle":[32],"Meat on the Bone":24},"card_choices":[{"not_picked":["Chill","Chaos"],"picked":"Cold Snap","floor":1.0},{"not_picked":["Hologram","Sunder"],"picked":"Leap","floor":3.0},{"not_picked":["Go for the Eyes","Gash"],"picked":"Darkness","floor":7.0},{"not_picked":["Force Field","Skim"],"picked":"Lockon","floor":10.0},{"not_picked":["Stack","Rebound","Beam Cell"],"picked":"SKIP","floor":11.0},{"not_picked":["Chill","Aggregate"],"picked":"Coolheaded","floor":12.0},{"not_picked":["Amplify","Creative AI"],"picked":"Echo Form","floor":16.0},{"not_picked":["Hologram+1","Redo"],"picked":"Consume+1","floor":18.0},{"not_picked":["Rebound","Sweeping Beam"],"picked":"Leap","floor":19.0},{"not_picked":["Stack","Conserve Battery","Sweeping Beam"],"picked":"SKIP","floor":22.0},{"not_picked":["Rip and Tear","Doom and Gloom"],"picked":"Creative AI","floor":23.0},{"not_picked":["Rip and Tear","Gash+1"],"picked":"Darkness","floor":30.0},{"not_picked":["Streamline","Cold Snap"],"picked":"Redo+1","floor":31.0},{"not_picked":["Creative AI","Seek"],"picked":"Machine Learning","floor":33.0},{"not_picked":["Streamline"],"picked":"SKIP","floor":35.0},{"not_picked":["Streamline"],"picked":"SKIP","floor":39.0},{"not_picked":["Leap"],"picked":"SKIP","floor":40.0},{"not_picked":[],"picked":"Leap+1","floor":41.0},{"not_picked":[],"picked":"Storm+1","floor":45.0},{"not_picked":[],"picked":"BootSequence+1","floor":48.0},{"not_picked":[],"picked":"Ball Lightning","floor":54}],"player_experience":2380648,"relics_obtained":[{"floor":7.0,"key":"StoneCalendar"},{"floor":10.0,"key":"Happy Flower"},{"floor":23.0,"key":"Bag of Preparation"},{"floor":26.0,"key":"InkBottle"},{"floor":31.0,"key":"Letter Opener"},{"floor":40.0,"key":"Meat on the Bone"},{"floor":43.0,"key":"Lantern"},{"floor":45.0,"key":"Sundial"},{"floor":54,"key":"Whetstone"}],"event_choices":[{"damage_healed":0.0,"max_hp_gain":0.0,"max_hp_loss":6.0,"gold_gain":0.0,"event_name":"Golden Idol","player_choice":"Lose Max HP","floor":2.0,"gold_loss":0.0,"damage_taken":0.0,"relics_obtained":["Golden Idol"]},{"damage_healed":0.0,"max_hp_gain":0.0,"max_hp_loss":0.0,"gold_gain":0.0,"event_name":"Scrap Ooze","player_choice":"Success","floor":4.0,"gold_loss":0.0,"damage_taken":12.0,"relics_obtained":["Bag of Marbles"]},{"damage_healed":0.0,"max_hp_gain":0.0,"max_hp_loss":0.0,"gold_gain":0.0,"event_name":"Shining Light","player_choice":"Entered Light","floor":5.0,"gold_loss":0.0,"damage_taken":14.0,"cards_upgraded":["Defend_B","Rainbow"]},{"damage_healed":23.0,"max_hp_gain":0.0,"max_hp_loss":0.0,"gold_gain":0.0,"event_name":"Big Fish","player_choice":"Banana","floor":13.0,"gold_loss":0.0,"damage_taken":0.0},{"damage_healed":0.0,"max_hp_gain":0.0,"max_hp_loss":0.0,"gold_gain":0.0,"event_name":"The Library","player_choice":"Read","floor":20.0,"gold_loss":0.0,"damage_taken":0.0,"cards_obtained":["Genetic Algorithm"]},{"damage_healed":0.0,"max_hp_gain":0.0,"max_hp_loss":0.0,"gold_gain":0.0,"event_name":"Forgotten Altar","player_choice":"Gave Idol","floor":21.0,"relics_lost":["Golden Idol"],"gold_loss":0.0,"damage_taken":0.0,"relics_obtained":["Bloody Idol"]},{"damage_healed":0.0,"max_hp_gain":0.0,"max_hp_loss":0.0,"gold_gain":0.0,"event_name":"Ghosts","player_choice":"Ignored","floor":24.0,"gold_loss":0.0,"damage_taken":0.0},{"damage_healed":0.0,"max_hp_gain":0.0,"max_hp_loss":0.0,"gold_gain":99.0,"event_name":"Nest","player_choice":"Stole From Cult","floor":29.0,"gold_loss":0.0,"damage_taken":0.0},{"damage_healed":0.0,"max_hp_gain":0.0,"max_hp_loss":3.0,"gold_gain":0.0,"event_name":"Winding Halls","player_choice":"Max HP","floor":36.0,"gold_loss":0.0,"damage_taken":0.0},{"cards_removed":["Strike_B"],"damage_healed":0.0,"max_hp_gain":0.0,"max_hp_loss":0.0,"gold_gain":0.0,"event_name":"Falling","player_choice":"Removed Attack","floor":38.0,"gold_loss":0.0,"damage_taken":0.0},{"damage_healed":0.0,"max_hp_gain":0.0,"max_hp_loss":0.0,"gold_gain":0.0,"event_name":"Tomb of Lord Red Mask","player_choice":"Ignored","floor":44.0,"gold_loss":0.0,"damage_taken":0.0}],"is_beta":false,"boss_relics":[{"not_picked":["Velvet Choker","Runic Dome"],"picked":"Inserter"},{"not_picked":["Sozu","SacredBark"],"picked":"Busted Crown"}],"items_purged_floors":[37],"is_endless":false,"potions_floor_spawned":[3,10,16,18,19,31,33,40,41,48,54],"killed_by":"The Heart","ascension_level":5}}