{"host":"mo324zvkdr1xwprd","time":1612708649,"event":{"mods":["BaseMod","Better Note","BetterRewards","Hermit","Highlight Path","Hubris","Minty Spire (QoL Compilation)","Quick Restart","Rare Cards Sparkle","Shop Mod","StSLib","The Cursed","The Hierophant"],"gold_per_floor":[139,171,183,183,193,245,245,284,332,361,27,43,59,134,134,208,208,245,259,278,7,41,93,93,124,124,124,177,189,209,234,234,310,310,327,338,356,374,3,49,75,75,75,108,145,190,217,229,229,249,249,249,4,30,30],"floor_reached":56,"language":"ENG","playtime":5625,"items_purged":[],"score":3055,"play_id":"9eb980d3-75c9-46e4-af13-dc11b4ebe2e8","local_time":"20210207143729","is_ascension_mode":true,"campfire_choices":[{"floor":7.0,"key":"REST"},{"floor":15.0,"key":"REST"},{"floor":24.0,"key":"RECALL"},{"data":"TheCursedMod:ShockAndAwe","floor":32.0,"key":"SMITH"},{"data":"TheCursedMod:NeowsMight","floor":49,"key":"SMITH"},{"data":"TheCursedMod:CollectTribute","floor":52,"key":"SMITH"}],"circlet_count":0,"master_deck":["AscendersBane","TheCursedMod:Strike_TheCursed","TheCursedMod:Strike_TheCursed","TheCursedMod:Strike_TheCursed","TheCursedMod:Strike_TheCursed","TheCursedMod:Defend_TheCursed","TheCursedMod:CursedWand","TheCursedMod:CleanUpWorkshop","TheCursedMod:Dregs","TheCursedMod:TroublousMinions","TheCursedMod:DarkBarrier","Dramatic Entrance+1","TheCursedMod:CircleOfCorruption","TheCursedMod:LuckyCharm","TheCursedMod:Wield","HandOfGreed","TheCursedMod:CursedBoomerang","TheCursedMod:SpitefulPlan","TheCursedMod:SmokeScreen","TheCursedMod:VoidForm","TheCursedMod:SurpriseAttack","TheCursedMod:CursedBlade","TheCursedMod:LuckyCharm","TheCursedMod:Stretching","TheCursedMod:CircleOfBlood","TheCursedMod:SurpriseAttack","Pain","TheCursedMod:SoulReap","TheCursedMod:SpitefulStrike","TheCursedMod:AntiAging","TheCursedMod:TroublousMinions","TheCursedMod:DemonicPact","TheCursedMod:ShockAndAwe+1","TheCursedMod:CircleOfBlood","TheCursedMod:CursedBoomerang","TheCursedMod:TacticalStrike","TheCursedMod:CursedShiv","TheCursedMod:CollectTribute+1","TheCursedMod:Obscuration+1","TheCursedMod:SmokeScreen","TheCursedMod:NeowsMight+1","TheCursedMod:SurpriseAttack+1","TheCursedMod:Neurasthenia","TheCursedMod:TacticalStrike+1","TheCursedMod:CursedShiv+1","TheCursedMod:WearCloak+1","TheCursedMod:SpitefulPray","TheCursedMod:DarkBarrier","TheCursedMod:AntiAging","TheCursedMod:Obscuration","TheCursedMod:Stretching+1","TheCursedMod:SpitefulPray","TheCursedMod:CursedAmulet","Mind Blast+1","TheCursedMod:HellfireBreathing","TheCursedMod:CircleOfAmplification","TheCursedMod:RapidMovement","TheCursedMod:CursedAmulet","TheCursedMod:ShockAndAwe+1","TheCursedMod:LuckyCharm+1","TheCursedMod:StingEye+1","TheCursedMod:CircleOfFlame","TheCursedMod:CursedRelics+1","hubris:EnhanceAbility","TheCursedMod:CursedBlade+1","TheCursedMod:CursedShiv+1"],"relics":["TheCursedMod:BlackMagic101","Membership Card","Kunai","hubris:FunFungus","WingedGreaves","hubris:SlimyHat","Torii","WarpedTongs","MealTicket","Juzu Bracelet","Mercury Hourglass","hubris:Backtick","Ice Cream","Bottled Lightning","Question Card","Red Mask","hubris:MedicalManual","Bag of Preparation","Molten Egg 2","hubris:Towel","Shuriken","Bottled Flame","Busted Crown","Du-Vu Doll","Matryoshka","hubris:CuriousFeather","hubris:Potato","hubris:BottledRain","Art of War","Pear","Incense Burner","Bronze Scales","hubris:EmptyBottle","Whetstone"],"acts_visited":["Exordium","TheCity","TheBeyond","TheEnding"],"potions_floor_usage":[55,55],"damage_taken":[{"damage":1.0,"enemies":"Jaw Worm","floor":1.0,"turns":3.0},{"damage":0.0,"enemies":"Cultist","floor":2.0,"turns":3.0},{"damage":6.0,"enemies":"Small Slimes","floor":3.0,"turns":2.0},{"damage":1.0,"enemies":"Exordium Wildlife","floor":5.0,"turns":2.0},{"damage":17.0,"enemies":"Gremlin Nob","floor":6.0,"turns":5.0},{"damage":0.0,"enemies":"Gremlin Gang","floor":8.0,"turns":1.0},{"damage":7.0,"enemies":"3 Sentries","floor":10.0,"turns":8.0},{"damage":0.0,"enemies":"Large Slime","floor":12.0,"turns":2.0},{"damage":1.0,"enemies":"Blue Slaver","floor":13.0,"turns":2.0},{"damage":15.0,"enemies":"The Guardian","floor":16.0,"turns":9.0},{"damage":1.0,"enemies":"3 Byrds","floor":18.0,"turns":3.0},{"damage":1.0,"enemies":"Chosen","floor":19.0,"turns":4.0},{"damage":4.0,"enemies":"Centurion and Healer","floor":20.0,"turns":5.0},{"damage":3.0,"enemies":"Masked Bandits","floor":22.0,"turns":2.0},{"damage":9.0,"enemies":"Slavers","floor":23.0,"turns":5.0},{"damage":7.0,"enemies":"Book of Stabbing","floor":25.0,"turns":5.0},{"damage":13.0,"enemies":"Gremlin Leader","floor":28.0,"turns":5.0},{"damage":0.0,"enemies":"Sentry and Sphere","floor":29.0,"turns":2.0},{"damage":1.0,"enemies":"Snake Plant","floor":30.0,"turns":4.0},{"damage":16.0,"enemies":"Slavers","floor":31.0,"turns":3.0},{"damage":8.0,"enemies":"Champ","floor":33.0,"turns":8.0},{"damage":0.0,"enemies":"Orb Walker","floor":35.0,"turns":2.0},{"damage":3.0,"enemies":"3 Darklings","floor":36.0,"turns":12.0},{"damage":3.0,"enemies":"Spire Growth","floor":37.0,"turns":5.0},{"damage":2.0,"enemies":"Transient","floor":38.0,"turns":5.0},{"damage":0.0,"enemies":"Nemesis","floor":40.0,"turns":1.0},{"damage":0.0,"enemies":"Reptomancer","floor":41.0,"turns":2.0},{"damage":1.0,"enemies":"Nemesis","floor":44.0,"turns":3.0},{"damage":0.0,"enemies":"3 Darklings","floor":45.0,"turns":1.0},{"damage":0.0,"enemies":"Mind Bloom Boss Battle","floor":46.0,"turns":6.0},{"damage":0,"enemies":"Reptomancer","floor":47,"turns":1},{"damage":0,"enemies":"4 Shapes","floor":48,"turns":2},{"damage":22,"enemies":"Donu and Deca","floor":50,"turns":5},{"damage":0,"enemies":"Shield and Spear","floor":54,"turns":1},{"damage":75,"enemies":"The Heart","floor":55,"turns":7}],"seed_played":"-5616570895895327450","potions_obtained":[{"floor":2.0,"key":"AttackPotion"},{"floor":8.0,"key":"AttackPotion"},{"floor":16.0,"key":"Dexterity Potion"},{"floor":18.0,"key":"ColorlessPotion"},{"floor":29.0,"key":"Fruit Juice"},{"floor":30.0,"key":"Fruit Juice"},{"floor":33.0,"key":"Dexterity Potion"},{"floor":35.0,"key":"PowerPotion"}],"is_trial":false,"path_per_floor":["M","M","M","?","M","E","R","M","T","E","$","M","M","?","R","B",null,"M","M","M","$","?","E","R","E","T","?","E","M","M","E","R","B",null,"M","M","M","M","$","E","E","?","T","E","M","?","E","M","R","B",null,"R","$","E","B",null],"character_chosen":"THE_CURSED","items_purchased":["Membership Card","Kunai","TheCursedMod:CircleOfCorruption","TheCursedMod:LuckyCharm","TheCursedMod:Wield","HandOfGreed","TheCursedMod:CursedBoomerang","TheCursedMod:SpitefulPlan","TheCursedMod:SmokeScreen","FairyPotion","hubris:SlimyHat","TheCursedMod:SurpriseAttack","TheCursedMod:CursedBlade","TheCursedMod:LuckyCharm","Mercury Hourglass","TheCursedMod:DemonicPact","TheCursedMod:ShockAndAwe","TheCursedMod:CircleOfBlood","TheCursedMod:CursedBoomerang","Bottled Lightning","Question Card","Du-Vu Doll","Matryoshka","Mind Blast+1","TheCursedMod:HellfireBreathing","hubris:EmptyBottle","TheCursedMod:CursedRelics+1","hubris:EnhanceAbility","TheCursedMod:CursedBlade+1"],"campfire_rested":2,"item_purchase_floors":[0,0,0,0,0,0,0,0,0,0,0,0,0,0,11,11,11,11,11,21,21,39,39,39,39,53,53,53,53],"current_hp_per_floor":[13,13,15,15,18,10,31,31,31,37,52,52,57,46,67,68,74,78,81,80,81,83,85,85,87,87,87,80,88,100,91,91,96,101,106,111,116,116,116,116,116,116,116,128,128,128,128,128,128,130,130,130,130,130,134],"gold":30,"neow_bonus":"","is_daily":false,"chose_seed":false,"campfire_upgraded":3,"win_rate":0.0,"timestamp":1612708649,"path_taken":["M","M","M","?","M","E","R","?","T","E","$","M","M","?","R","BOSS","M","M","M","$","?","E","R","E","T","?","E","M","M","E","R","BOSS","M","M","M","M","$","E","E","?","T","E","M","?","E","M","R","BOSS","R","$","E","BOSS"],"items_purchased_type":["Relic","Relic","Card","Card","Card","Card","Card","Card","Card","Potion","Relic","Card","Card","Card","Relic","Card","Card","Card","Card","Relic","Relic","Relic","Relic","Card","Card","Relic","Card","Card","Card"],"build_version":"2020-12-22","purchased_purges":0,"victory":true,"max_hp_per_floor":[71,71,71,71,71,71,71,71,71,73,73,73,73,73,73,76,76,79,81,81,81,83,85,85,88,88,88,88,95,100,100,100,102,102,106,111,116,116,116,116,116,116,116,128,128,128,128,128,128,130,130,130,130,130,134],"card_choices":[{"not_picked":["TheCursedMod:RavingStaff","TheCursedMod:SmokeScreen"],"picked":"TheCursedMod:Stretching","floor":1.0},{"not_picked":["TheCursedMod:TacticalStrike","TheCursedMod:CursedBlade"],"picked":"TheCursedMod:CircleOfBlood","floor":2.0},{"not_picked":["TheCursedMod:CircleOfFlame","TheCursedMod:Stigma"],"picked":"TheCursedMod:SurpriseAttack","floor":3.0},{"not_picked":["TheCursedMod:AbyssShockwave","TheCursedMod:ManaBullet"],"picked":"TheCursedMod:SoulReap","floor":5.0},{"not_picked":["TheCursedMod:CursedMace","TheCursedMod:SpitefulPlan"],"picked":"TheCursedMod:SpitefulStrike","floor":6.0},{"not_picked":["TheCursedMod:SurpriseAttack","TheCursedMod:RapidMovement"],"picked":"TheCursedMod:AntiAging","floor":8.0},{"not_picked":["TheCursedMod:HellsGateOpen","TheCursedMod:Stretching"],"picked":"TheCursedMod:TroublousMinions","floor":10.0},{"not_picked":["TheCursedMod:CircleOfCorruption","TheCursedMod:CircleOfFocus"],"picked":"TheCursedMod:TacticalStrike","floor":12.0},{"not_picked":["TheCursedMod:CircleOfCorruption","TheCursedMod:StingEye"],"picked":"TheCursedMod:CursedShiv","floor":13.0},{"not_picked":["TheCursedMod:OutForBlood","TheCursedMod:UltimatePain"],"picked":"TheCursedMod:CollectTribute","floor":16.0},{"not_picked":["TheCursedMod:CursedBlade","TheCursedMod:AshesToAshes"],"picked":"TheCursedMod:Obscuration+1","floor":18.0},{"not_picked":["TheCursedMod:VitalStrike","TheCursedMod:RavingStaff"],"picked":"TheCursedMod:SmokeScreen","floor":19.0},{"not_picked":["TheCursedMod:SpitefulStrike","TheCursedMod:SpitefulPlan"],"picked":"TheCursedMod:NeowsMight","floor":20.0},{"not_picked":["TheCursedMod:WearCloak","TheCursedMod:VitalStrike","TheCursedMod:CursedBlade+1"],"picked":"TheCursedMod:SurpriseAttack","floor":22.0},{"not_picked":["TheCursedMod:TacticalStrike+1","TheCursedMod:WearCloak","TheCursedMod:CursedMace"],"picked":"TheCursedMod:Neurasthenia","floor":23.0},{"not_picked":["TheCursedMod:FleshFromBone","TheCursedMod:PrepareRite","TheCursedMod:DemonicPact"],"picked":"TheCursedMod:TacticalStrike+1","floor":25.0},{"not_picked":["TheCursedMod:DemonicPact","TheCursedMod:WearCloak","TheCursedMod:CircleOfCorruption"],"picked":"TheCursedMod:CursedShiv+1","floor":28.0},{"not_picked":["TheCursedMod:DoubleShield","TheCursedMod:CircleOfAmplification+1","TheCursedMod:Stretching"],"picked":"TheCursedMod:WearCloak+1","floor":29.0},{"not_picked":["TheCursedMod:LuckyCharm","TheCursedMod:RavingStaff+1","TheCursedMod:CircleOfFocus"],"picked":"TheCursedMod:SpitefulPray","floor":30.0},{"not_picked":["TheCursedMod:CircleOfFlame","TheCursedMod:Stigma+1","TheCursedMod:BloodBarrier"],"picked":"TheCursedMod:DarkBarrier","floor":31.0},{"not_picked":["TheCursedMod:StunningStrike+1","TheCursedMod:ManaCirculation","TheCursedMod:VoidForm"],"picked":"TheCursedMod:AntiAging","floor":33.0},{"not_picked":["TheCursedMod:ManaBullet+1"],"picked":"TheCursedMod:Obscuration","floor":35.0},{"not_picked":["TheCursedMod:WearCloak+1"],"picked":"TheCursedMod:Stretching+1","floor":36.0},{"not_picked":["TheCursedMod:CursedAmulet"],"picked":"TheCursedMod:SpitefulPray","floor":37.0},{"not_picked":["TheCursedMod:RavingStaff+1"],"picked":"TheCursedMod:CursedAmulet","floor":38.0},{"not_picked":["TheCursedMod:RavingStaff+1"],"picked":"TheCursedMod:CircleOfAmplification","floor":40.0},{"not_picked":["TheCursedMod:AntiAging"],"picked":"TheCursedMod:RapidMovement","floor":41.0},{"not_picked":["TheCursedMod:FleshFromBone"],"picked":"TheCursedMod:CursedAmulet","floor":44.0},{"not_picked":["TheCursedMod:CursedMace+1"],"picked":"TheCursedMod:ShockAndAwe+1","floor":45.0},{"not_picked":["TheCursedMod:SpitefulPlan"],"picked":"TheCursedMod:LuckyCharm+1","floor":46.0},{"not_picked":["TheCursedMod:ReleasedKnowledge"],"picked":"TheCursedMod:StingEye+1","floor":47},{"not_picked":["TheCursedMod:Mangle+1"],"picked":"TheCursedMod:CircleOfFlame","floor":48},{"not_picked":["TheCursedMod:SmokeScreen+1"],"picked":"TheCursedMod:CursedShiv+1","floor":54}],"player_experience":506619,"relics_obtained":[{"floor":6.0,"key":"MealTicket"},{"floor":10.0,"key":"Juzu Bracelet"},{"floor":22.0,"key":"Red Mask"},{"floor":23.0,"key":"hubris:MedicalManual"},{"floor":25.0,"key":"Bag of Preparation"},{"floor":26.0,"key":"Molten Egg 2"},{"floor":28.0,"key":"Shuriken"},{"floor":31.0,"key":"Bottled Flame"},{"floor":40.0,"key":"hubris:CuriousFeather"},{"floor":41.0,"key":"hubris:Potato"},{"floor":43.0,"key":"hubris:BottledRain"},{"floor":43.0,"key":"Art of War"},{"floor":44.0,"key":"Pear"},{"floor":46.0,"key":"Incense Burner"},{"floor":47,"key":"Bronze Scales"},{"floor":54,"key":"Whetstone"}],"event_choices":[{"damage_healed":0.0,"max_hp_gain":0.0,"max_hp_loss":0.0,"gold_gain":0.0,"event_name":"Accursed Blacksmith","player_choice":"Rummage","floor":4.0,"gold_loss":0.0,"damage_taken":0.0,"relics_obtained":["WarpedTongs"],"cards_obtained":["Pain"]},{"damage_healed":0.0,"max_hp_gain":0.0,"max_hp_loss":0.0,"gold_gain":75.0,"event_name":"World of Goop","player_choice":"Gather Gold","floor":14.0,"gold_loss":0.0,"damage_taken":11.0},{"damage_healed":0.0,"max_hp_gain":0.0,"max_hp_loss":0.0,"gold_gain":0.0,"event_name":"Masked Bandits","player_choice":"Fought Bandits","floor":22.0,"gold_loss":0.0,"damage_taken":0.0},{"cards_removed":["TheCursedMod:Stretching"],"damage_healed":0.0,"max_hp_gain":0.0,"max_hp_loss":0.0,"gold_gain":0.0,"event_name":"Falling","player_choice":"Removed Skill","floor":42.0,"gold_loss":0.0,"damage_taken":0.0},{"damage_healed":0.0,"max_hp_gain":0.0,"max_hp_loss":0.0,"gold_gain":0.0,"event_name":"MindBloom","player_choice":"Fight","floor":46.0,"gold_loss":0.0,"damage_taken":0.0}],"is_beta":false,"boss_relics":[{"not_picked":["Runic Pyramid","Snecko Eye"],"picked":"hubris:Backtick"},{"not_picked":["hubris:CrackedHourglass","Velvet Choker"],"picked":"Busted Crown"}],"items_purged_floors":[],"is_endless":false,"potions_floor_spawned":[2,8,16,18,19,29,30,33,35,38,40,41,44,46],"ascension_level":16}}