{"host":"zwezhz46a5cjkxff","time":1612669623,"event":{"mods":["AchievementEnabler","BaseMod","Colored Map","Colored Powertips","DeckTracker","Minty Spire (QoL Compilation)","Permanent Neow","Quick Restart","Rare Cards Sparkle","Relic Stats","StSLib","SuperFastMode"],"gold_per_floor":[17,32,32,51,1,1,30,30,30,30,30],"floor_reached":10,"language":"ENG","playtime":253,"items_purged":[],"score":73,"play_id":"ba7ca522-189d-4050-bfab-9884ee6624f2","local_time":"20210206214703","is_ascension_mode":true,"campfire_choices":[{"data":"Neutralize","floor":6,"key":"SMITH"},{"floor":8,"key":"RECALL"}],"circlet_count":0,"master_deck":["Strike_G","Strike_G","Strike_G","Strike_G","Strike_G","Defend_G","Defend_G","Defend_G","Defend_G","Survivor","Neutralize+1","Bullet Time+1","Backflip"],"relics":["Ring of the Snake","Mango","Thread and Needle"],"acts_visited":["Exordium"],"potions_floor_usage":[7],"damage_taken":[{"damage":9,"enemies":"Cultist","floor":1,"turns":5},{"damage":4,"enemies":"2 Louse","floor":2,"turns":3},{"damage":0,"enemies":"Jaw Worm","floor":4,"turns":4},{"damage":18,"enemies":"Gremlin Nob","floor":7,"turns":5},{"damage":43,"enemies":"Lagavulin","floor":10,"turns":11}],"seed_played":"-2073957864048910608","potions_obtained":[{"floor":1,"key":"ColorlessPotion"}],"is_trial":false,"path_per_floor":["M","M","?","M","?","R","E","R","T","E"],"character_chosen":"THE_SILENT","items_purchased":[],"campfire_rested":0,"item_purchase_floors":[],"current_hp_per_floor":[61,57,57,57,57,57,53,53,53,10,10],"gold":30,"neow_bonus":"THREE_RARE_CARDS","is_daily":false,"chose_seed":false,"campfire_upgraded":1,"win_rate":0.0,"timestamp":1612669623,"path_taken":["M","?","?","?","?","R","E","R","T","E"],"items_purchased_type":[],"build_version":"2020-12-22","purchased_purges":0,"victory":false,"max_hp_per_floor":[70,70,70,70,70,70,84,84,84,84,84],"relic_stats":{"counters":[5,28],"obtain_stats":[{"Mango":7,"Thread and Needle":9,"Ring of the Snake":0},{"Mango":4,"Thread and Needle":4,"Ring of the Snake":0},{"Mango":17,"Thread and Needle":17,"Ring of the Snake":0}],"Ring of the Snake":[10]},"card_choices":[{"not_picked":["Unload","Envenom"],"picked":"Bullet Time","floor":0},{"not_picked":["Choke","Blade Dance","Outmaneuver"],"picked":"SKIP","floor":1},{"not_picked":["Dodge and Roll","Masterful Stab"],"picked":"Backflip","floor":2},{"not_picked":["Deadly Poison","Dodge and Roll","Dagger Throw"],"picked":"SKIP","floor":4},{"not_picked":["Masterful Stab","Endless Agony","Flying Knee"],"picked":"SKIP","floor":7}],"player_experience":77845,"relics_obtained":[{"floor":7,"key":"Mango"},{"floor":9,"key":"Thread and Needle"}],"event_choices":[{"damage_healed":0,"gold_gain":0,"player_choice":"Upgraded","damage_taken":0,"max_hp_gain":0,"max_hp_loss":0,"event_name":"Upgrade Shrine","floor":3,"gold_loss":0,"cards_upgraded":["Bullet Time"]},{"cards_removed":["Defend_G"],"damage_healed":0,"gold_gain":0,"player_choice":"Card Removal","damage_taken":0,"max_hp_gain":0,"max_hp_loss":0,"event_name":"The Cleric","floor":5,"gold_loss":50}],"is_beta":false,"boss_relics":[],"items_purged_floors":[],"is_endless":false,"potions_floor_spawned":[1],"killed_by":"Lagavulin","ascension_level":2}}