{"host":"kkheweh6jrpo3b02","time":1612658485,"event":{"mods":["AchievementEnabler","BaseMod","Colored Map","Googly Eyes","Jorbs\u0027s Wanderer Trilogy","Minty Spire (QoL Compilation)","Quick Restart","Replay The Spire","StSLib","SuperFastMode","The Construct","The Runesmith"],"gold_per_floor":[116,116,130,142,3,3,3,3,29,29,43,61,61,99,99,227,227,246,262,287,287,287,331,331,351,397,422,422,445,459,130,130,251,251,267,280,295,124,148,162,185,185,233,258,258,271,312,330,330,330],"floor_reached":51,"language":"ENG","playtime":6147,"items_purged":["Runesmith:Strike_RS","Runesmith:Strike_RS"],"score":857,"play_id":"24e26fc1-b3c7-420f-86f6-8287290fc41d","local_time":"20210206194125","is_ascension_mode":false,"campfire_choices":[{"data":"Runesmith:LightningRod","floor":6.0,"key":"SMITH"},{"data":"Runesmith:DoubleUp","floor":13.0,"key":"SMITH"},{"data":"Runesmith:CraftFirestone","floor":15.0,"key":"SMITH"},{"data":"RitualDagger","floor":24.0,"key":"SMITH"},{"data":"Runesmith:BackupBattery+1","floor":28.0,"key":"SMITH"},{"data":"Runesmith:Firestorm","floor":32.0,"key":"SMITH"},{"data":"Pot Of Greed","floor":45,"key":"SMITH"},{"data":"Pot Of Greed","floor":49,"key":"SMITH"}],"circlet_count":0,"master_deck":["Runesmith:Strike_RS","Runesmith:Defend_RS","Runesmith:Defend_RS","Runesmith:Defend_RS","Runesmith:Defend_RS","Runesmith:CraftFirestone+1","Runesmith:Fortify+1","Runesmith:DoubleUp+1","Trip","Runesmith:NanitesCloud","Runesmith:UnstableHammer","Runesmith:UnstableHammer","Runesmith:LightningRod+1","Protect+1","Runesmith:CraftProtectio","Runesmith:ChiselStab","Runesmith:FissionHammer","Runesmith:GoWithTheFlow+1","Runesmith:CraftMagma","RitualDagger+1","Runesmith:BackupBattery+2","Runesmith:FrozenChisel+1","Runesmith:Grindstone","Runesmith:Firestorm+1","Runesmith:MetallurgicalResearch","Runesmith:RuneHurl","Runesmith:Grindstone+1","Runesmith:LithiumIon+1","Runesmith:CraftSpiculum+1","Runesmith:RunicBlueprint+1","Runesmith:CraftVitae+1","Pot Of Greed+1","Pot Of Greed","Pot Of Greed+1","Runesmith:LithiumIon+1","Runesmith:Attraction+1"],"relics":["Runesmith:BrokenRuby","NeowsBlessing","Ring of Peace","Golden Idol","Centennial Puzzle","War Paint","Ring of Chaos","Simple Rune","Replay:Mystery Machine","ReplayTheSpireMod:Ninjato","Philosopher\u0027s Stone","Grinning Jar","construct:FoamFinger"],"acts_visited":["Exordium","TheCity","TheBeyond"],"potions_floor_usage":[50,50],"damage_taken":[{"damage":0.0,"enemies":"Cultist","floor":1.0,"turns":1.0},{"damage":0.0,"enemies":"Small Slimes","floor":3.0,"turns":1.0},{"damage":0.0,"enemies":"2 Louse","floor":4.0,"turns":1.0},{"damage":0.0,"enemies":"Gremlin Gang","floor":11.0,"turns":7.0},{"damage":0.0,"enemies":"Blue Slaver","floor":12.0,"turns":4.0},{"damage":0.0,"enemies":"3 Sentries","floor":14.0,"turns":9.0},{"damage":0.0,"enemies":"The Guardian","floor":16.0,"turns":13.0},{"damage":0.0,"enemies":"Shell Parasite","floor":18.0,"turns":8.0},{"damage":0.0,"enemies":"Spheric Guardian","floor":19.0,"turns":8.0},{"damage":0.0,"enemies":"Shelled Parasite and Fungi","floor":20.0,"turns":10.0},{"damage":14.0,"enemies":"Slavers","floor":23.0,"turns":16.0},{"damage":15.0,"enemies":"3 Cultists","floor":25.0,"turns":7.0},{"damage":0.0,"enemies":"Cultist and Chosen","floor":27.0,"turns":6.0},{"damage":0.0,"enemies":"Snake Plant","floor":29.0,"turns":5.0},{"damage":2.0,"enemies":"Shelled Parasite and Fungi","floor":30.0,"turns":7.0},{"damage":0.0,"enemies":"Automaton","floor":33.0,"turns":14.0},{"damage":0.0,"enemies":"Orb Walker","floor":35.0,"turns":5.0},{"damage":4.0,"enemies":"3 Darklings","floor":36.0,"turns":11.0},{"damage":8.0,"enemies":"Jaw Worm Horde","floor":37.0,"turns":6.0},{"damage":24.0,"enemies":"Sphere and 2 Shapes","floor":39.0,"turns":8.0},{"damage":7,"enemies":"3 Darklings","floor":40,"turns":9},{"damage":8,"enemies":"4 Shapes","floor":41,"turns":6},{"damage":0,"enemies":"Jaw Worm Horde","floor":44,"turns":5},{"damage":2,"enemies":"Sphere and 2 Shapes","floor":46,"turns":4},{"damage":0,"enemies":"Nemesis","floor":47,"turns":5},{"damage":0,"enemies":"Maw","floor":48,"turns":9},{"damage":4,"enemies":"Awakened One","floor":50,"turns":12}],"seed_played":"4932984901771572370","potions_obtained":[{"floor":1.0,"key":"FearPotion"},{"floor":4.0,"key":"BlessingOfTheForge"},{"floor":12.0,"key":"Explosive Potion"},{"floor":20.0,"key":"FearPotion"},{"floor":30.0,"key":"Block Potion"},{"floor":41,"key":"DuplicationPotion"},{"floor":46,"key":"construct:ShiftPotion"},{"floor":47,"key":"LiquidBronze"}],"is_trial":false,"path_per_floor":["M","?","M","M","$","R","?","?","T","?","M","M","R","E","R","B",null,"M","M","M","?","?","E","R","M","T","M","R","M","M","$","R","B",null,"M","M","M","$","M","M","M","?","T","M","R","M","E","M","R","B",null],"character_chosen":"RUNESMITH_CLASS","items_purchased":["Runesmith:LightningRod","ReplayTheSpireMod:Ninjato","Runesmith:LithiumIon"],"campfire_rested":0,"item_purchase_floors":[5,31,38],"current_hp_per_floor":[70,70,70,70,70,70,70,65,65,65,65,65,65,65,65,65,65,65,65,65,59,59,45,45,30,30,30,30,30,28,28,28,28,65,65,61,53,53,29,22,14,14,14,14,14,12,12,12,12,8],"gold":330,"neow_bonus":"THREE_ENEMY_KILL","is_daily":false,"chose_seed":false,"campfire_upgraded":8,"win_rate":0.0,"timestamp":1612658485,"path_taken":["M","?","M","?","?","R","?","?","T","?","M","M","R","E","R","BOSS","M","?","M","?","?","E","R","M","T","M","R","M","M","$","R","BOSS","M","M","M","$","M","?","M","?","T","M","R","?","E","?","R","BOSS"],"items_purchased_type":["Card","Relic","Card"],"build_version":"2020-12-22","purchased_purges":2,"victory":true,"max_hp_per_floor":[70,70,70,70,70,70,70,65,65,65,65,65,65,65,65,65,65,65,65,65,65,65,65,65,65,65,65,65,65,65,65,65,65,65,65,65,65,65,65,65,65,65,65,65,65,65,65,65,65,65],"card_choices":[{"not_picked":["Runesmith:Electrocute","Runesmith:MakeshiftArmor"],"picked":"Runesmith:DoubleUp","floor":1.0},{"not_picked":["Runesmith:RuneHurl","Runesmith:Augment"],"picked":"Runesmith:UnstableHammer","floor":3.0},{"not_picked":["Runesmith:Overpower","Runesmith:ElementalConversion"],"picked":"Runesmith:UnstableHammer","floor":4.0},{"not_picked":["Runesmith:UnstableHammer","Runesmith:Electrocute"],"picked":"Runesmith:CraftProtectio","floor":11.0},{"not_picked":["Runesmith:CraftProtectio","Runesmith:StaticCage"],"picked":"Runesmith:ChiselStab","floor":12.0},{"not_picked":["Runesmith:FissionHammer","Runesmith:CraftPrismatica","Runesmith:RuneHurl"],"picked":"SKIP","floor":14.0},{"not_picked":["Runesmith:GrandSlam","Runesmith:CraftMedicinae"],"picked":"Runesmith:FissionHammer","floor":16.0},{"not_picked":["Runesmith:RunicBlueprint","Runesmith:Discharge+1"],"picked":"Runesmith:GoWithTheFlow+1","floor":18.0},{"not_picked":["Runesmith:Grindstone","Runesmith:BackupBattery"],"picked":"Runesmith:CraftMagma","floor":19.0},{"not_picked":["Runesmith:ShiftingStrike","Runesmith:Accelerate","Runesmith:Grindstone"],"picked":"SKIP","floor":20.0},{"not_picked":["Runesmith:CraftProtectio+1","Runesmith:ChiselStab","Runesmith:StaticCage"],"picked":"SKIP","floor":23.0},{"not_picked":["Runesmith:Attraction","Runesmith:Refine+1"],"picked":"Runesmith:BackupBattery+1","floor":25.0},{"not_picked":["Runesmith:UnstableHammer","Runesmith:RuneHurl"],"picked":"Runesmith:FrozenChisel+1","floor":27.0},{"not_picked":["Runesmith:Firestorm","Runesmith:Prism"],"picked":"Runesmith:Grindstone","floor":29.0},{"not_picked":["Runesmith:HeatExchange","Runesmith:ShiftingStrike"],"picked":"Runesmith:Firestorm","floor":30.0},{"not_picked":["Runesmith:ReplicatingBarrier","Runesmith:UnlimitedPower"],"picked":"Runesmith:MetallurgicalResearch","floor":33.0},{"not_picked":["Runesmith:CraftProtectio","Runesmith:Repurpose+1"],"picked":"Runesmith:RuneHurl","floor":35.0},{"not_picked":["Runesmith:OneForEveryone","Runesmith:DoubleUp"],"picked":"Runesmith:Grindstone+1","floor":36.0},{"not_picked":["Runesmith:FrozenChisel+1","Runesmith:MakeshiftArmor","Runesmith:PerfectChisel"],"picked":"SKIP","floor":37.0},{"not_picked":["Runesmith:CraftMagma+1","Runesmith:HammerThrow+1"],"picked":"Runesmith:CraftSpiculum+1","floor":39.0},{"not_picked":["Runesmith:EarthShield+1","Runesmith:Firestorm"],"picked":"Runesmith:RunicBlueprint+1","floor":40},{"not_picked":["Runesmith:CraftObretio","Runesmith:HeatExchange+1"],"picked":"Runesmith:CraftVitae+1","floor":41},{"not_picked":["Runesmith:CraftObretio+1","Runesmith:PoweredAnvil+1"],"picked":"Runesmith:LithiumIon+1","floor":44},{"not_picked":["Runesmith:DoubleUp+1","Runesmith:ShiftingStrike"],"picked":"Runesmith:Attraction+1","floor":46},{"not_picked":["Runesmith:EnergizedChisel","Runesmith:Repurpose","Runesmith:PerfectChisel"],"picked":"SKIP","floor":47},{"not_picked":["Runesmith:Grindstone","Runesmith:Terraform","Runesmith:ReplicatingBarrier"],"picked":"SKIP","floor":48}],"player_experience":500178,"relics_obtained":[{"floor":7.0,"key":"Ring of Peace"},{"floor":9.0,"key":"Centennial Puzzle"},{"floor":14.0,"key":"War Paint"},{"floor":23.0,"key":"Simple Rune"},{"floor":26.0,"key":"Replay:Mystery Machine"},{"floor":43,"key":"Grinning Jar"},{"floor":47,"key":"construct:FoamFinger"}],"event_choices":[{"damage_healed":0.0,"max_hp_gain":0.0,"max_hp_loss":0.0,"gold_gain":0.0,"event_name":"Match and Keep!","player_choice":"2 cards matched","floor":2.0,"gold_loss":0.0,"damage_taken":0.0,"cards_obtained":["Trip","Runesmith:NanitesCloud"]},{"damage_healed":0.0,"max_hp_gain":0.0,"max_hp_loss":5.0,"gold_gain":0.0,"event_name":"Golden Idol","player_choice":"Lose Max HP","floor":8.0,"gold_loss":0.0,"damage_taken":0.0,"relics_obtained":["Golden Idol"]},{"cards_removed":["Sickly"],"damage_healed":0.0,"max_hp_gain":0.0,"max_hp_loss":0.0,"gold_gain":0.0,"event_name":"NoteForYourself","player_choice":"Took Card","floor":10.0,"gold_loss":0.0,"damage_taken":0.0,"cards_obtained":["Protect"]},{"damage_healed":0.0,"max_hp_gain":0.0,"max_hp_loss":0.0,"gold_gain":0.0,"event_name":"Nest","player_choice":"Joined the Cult","floor":21.0,"gold_loss":0.0,"damage_taken":6.0,"cards_obtained":["RitualDagger"]},{"cards_removed":["Runesmith:Strike_RS"],"damage_healed":0.0,"max_hp_gain":0.0,"max_hp_loss":0.0,"gold_gain":0.0,"event_name":"Purifier","player_choice":"Purged","floor":22.0,"gold_loss":0.0,"damage_taken":0.0},{"damage_healed":0,"gold_gain":0,"player_choice":"Upgraded","damage_taken":0,"max_hp_gain":0,"max_hp_loss":0,"event_name":"Upgrade Shrine","floor":42,"gold_loss":0,"cards_upgraded":["Runesmith:LithiumIon"]}],"is_beta":false,"boss_relics":[{"not_picked":["Replay:Drink Me","Honey Jar"],"picked":"Ring of Chaos"},{"not_picked":["Replay:Ancient Bell","Astrolabe"],"picked":"Philosopher\u0027s Stone"}],"items_purged_floors":[31,38],"is_endless":false,"potions_floor_spawned":[1,4,12,14,20,25,30,41,46,47],"ascension_level":0}}