{"host":"08z5bj28eube4vug","time":1612739221,"event":{"mods":["100% Spire Juice","2.2 Compatiblity","Abigail Mod","Act Like it!","BaseMod","Beaked The Cultist","Bestiary","Friendly Minions","Gensokyo","GungeonMod","Hallownest","Kiyohime????","Koishi","Lobotomy","Marisa????????","Minty Spire (QoL Compilation)","Prisma Mod","Remilia??????","Replay The Spire","Spire Arcade","StSLib","Td1madao Mod","The Alterego","The Bug Knight","The Jungle","The Sage","The Senshi","The Servant 0.9.4","Waifu the Spire","WarShipGirlsR/????R mod","Yuri Mod"],"gold_per_floor":[111,126,138,157,4,4,33,33,33,46,46,105,130,147,147,263,275,300,329,29,29,44,44,122,154,180,180,192,210,115,40,0,99,99,113,131,146,146,199,199,79,79,79,95,122,17,48,61,61,61],"floor_reached":51,"language":"ENG","playtime":2921,"items_purged":[],"score":662,"play_id":"be5477e3-2827-49d1-ba8b-bbcca138c8f4","local_time":"20210208020701","is_ascension_mode":true,"campfire_choices":[{"data":"Moonworks:IndiscriminateFireSupport","floor":6,"key":"SMITH"},{"data":"Moonworks:HolyNight","floor":8,"key":"SMITH"},{"data":"Moonworks:SakisCookie","floor":11,"key":"SMITH"},{"floor":15,"key":"DIG"},{"floor":23,"key":"REST"},{"data":"Moonworks:StiffCrystal","floor":27,"key":"SMITH"},{"data":"Moonworks:AnotherUltimateWeapon","floor":40,"key":"SMITH"},{"data":"Moonworks:RagingMadness","floor":42,"key":"SMITH"},{"data":"Moonworks:DevilHand","floor":49,"key":"SMITH"}],"circlet_count":0,"master_deck":["Moonworks:Strike","Moonworks:Strike","Moonworks:Strike","Moonworks:Strike","Moonworks:Defend","Moonworks:Defend","Moonworks:Defend","Moonworks:Defend","Moonworks:Ambush+1","Moonworks:LongDistanceShot","Moonworks:IndiscriminateFireSupport+1","Moonworks:EvilSpyWorkPreparation","Moonworks:SakisCookie+1","Moonworks:HolyNight+1","Moonworks:ImOnFire","Moonworks:SakisCookie","Moonworks:DeployBits","Moonworks:StiffCrystal+1","Moonworks:NicePresent+1","Moonworks:RagingMadness+1","Moonworks:IndiscriminateFireSupport+1","Moonworks:AnotherUltimateWeapon+1","Moonworks:LulusLuckyEgg","Moonworks:GoAway","Moonworks:JonathanRush+1","Moonworks:ExtendedPhotonRifle+1","Moonworks:StiffCrystal+1","Moonworks:NicePresent+1","Moonworks:DevilHand+1","Moonworks:EvilSpyWorkPreparation+1","Moonworks:NicePresent+1"],"relics":["Moonworks:BrokenBomb","Moonworks:Homemark","Medical Kit","Counterbalance","Tiny Chest","Nunchaku","Simple Rune","MawBank","Replay:Fungal Core","Chemical X","DemoMod:Relodestone","Meat on the Bone","Red Mask","Boot","DemoMod:Metronome","Snecko Heart","sagemod:Red_Beast_Statue","CatCart","Replay:Wax Seal","Bottled Tornado","Replay:Bottled Steam","DemoMod:GlassGuonStoneRelic"],"acts_visited":["Exordium","TheCity","TheBeyond"],"potions_floor_usage":[4,7,16,28,33,33,33,37,47,50],"damage_taken":[{"damage":0,"enemies":"Small Slimes","floor":1,"turns":4},{"damage":2,"enemies":"Jaw Worm","floor":2,"turns":3},{"damage":0,"enemies":"2 Louse","floor":3,"turns":2},{"damage":0,"enemies":"2 Fungi Beasts","floor":4,"turns":1},{"damage":0,"enemies":"3 Sentries","floor":7,"turns":5},{"damage":5,"enemies":"Exordium Wildlife","floor":10,"turns":2},{"damage":13,"enemies":"3 Sentries","floor":12,"turns":3},{"damage":11,"enemies":"Blue Slaver","floor":14,"turns":2},{"damage":16,"enemies":"Slime Boss","floor":16,"turns":7},{"damage":11,"enemies":"Spheric Guardian","floor":18,"turns":3},{"damage":18,"enemies":"Chosen","floor":19,"turns":5},{"damage":7,"enemies":"Centurion and Healer","floor":22,"turns":3},{"damage":25,"enemies":"Masked Bandits","floor":25,"turns":4},{"damage":16,"enemies":"Cultist and Chosen","floor":28,"turns":5},{"damage":10,"enemies":"3 Cultists","floor":29,"turns":3},{"damage":31,"enemies":"Book of Stabbing","floor":30,"turns":4},{"damage":8,"enemies":"Automaton","floor":33,"turns":5},{"damage":27,"enemies":"3 Shapes","floor":35,"turns":2},{"damage":3,"enemies":"3 Darklings","floor":36,"turns":1},{"damage":14,"enemies":"Transient","floor":37,"turns":5},{"damage":0,"enemies":"Orin","floor":39,"turns":7},{"damage":3,"enemies":"Jaw Worm Horde","floor":44,"turns":2},{"damage":3,"enemies":"Giant Head","floor":45,"turns":3},{"damage":3,"enemies":"Sphere and 2 Shapes","floor":46,"turns":2},{"damage":6,"enemies":"Reptomancer","floor":47,"turns":3},{"damage":0,"enemies":"3 Darklings","floor":48,"turns":2},{"damage":0,"enemies":"Replay:Hell Engine","floor":50,"turns":2}],"seed_played":"-7839121835420559679","potions_obtained":[{"floor":3,"key":"Strength Potion"},{"floor":4,"key":"SkillPotion"},{"floor":10,"key":"SpeedPotion"},{"floor":16,"key":"Venom Potion"},{"floor":25,"key":"Regen Potion"},{"floor":30,"key":"Dexterity Potion"},{"floor":33,"key":"DemoMod:BlankPotion"},{"floor":36,"key":"FearPotion"},{"floor":39,"key":"LiquidMemories"},{"floor":44,"key":"Block Potion"},{"floor":46,"key":"DuplicationPotion"},{"floor":48,"key":"SkillPotion"}],"is_trial":false,"path_per_floor":["M","M","M","M","$","R","E","R","T","M","R","?","T","M","R","B",null,"M","M","$","?","M","R","T","?","T","R","M","M","E","$","R","B",null,"M","M","M","T","?","R","$","R","T","M","E","M","E","M","R","B",null],"character_chosen":"THE_STARBREAKER","items_purchased":["Medical Kit","Chemical X","Moonworks:RagingMadness","DemoMod:LeadSkinPotion"],"campfire_rested":1,"item_purchase_floors":[5,20,20,31],"current_hp_per_floor":[60,58,58,58,58,58,58,58,58,53,53,43,43,32,32,19,60,49,36,36,36,32,50,50,39,39,39,42,35,21,21,21,28,60,36,33,36,36,39,39,39,39,39,36,33,32,41,41,41,41],"gold":61,"neow_bonus":"UPGRADE_CARD","is_daily":false,"chose_seed":false,"campfire_upgraded":7,"win_rate":0.0,"timestamp":1612739221,"path_taken":["M","M","M","M","$","R","E","R","T","M","R","?","?","M","R","BOSS","M","M","$","?","M","R","?","?","T","R","M","M","E","?","R","BOSS","M","M","?","?","?","R","?","R","T","M","E","M","E","M","R","BOSS"],"items_purchased_type":["Relic","Relic","Card","Undefined"],"build_version":"2020-12-22","purchased_purges":0,"victory":true,"max_hp_per_floor":[60,60,60,60,60,60,60,60,60,60,60,60,60,60,60,60,60,60,60,60,60,60,60,60,60,60,60,60,60,60,60,60,60,60,60,60,60,60,60,60,60,60,60,60,60,60,60,60,60,60],"card_choices":[{"not_picked":["Moonworks:SakisCookie","Moonworks:JonathanRush"],"picked":"Moonworks:IndiscriminateFireSupport","floor":1},{"not_picked":["Moonworks:AwakeningOfTalent","Moonworks:Heat300Percent","Moonworks:FullSpeedAlicianrone"],"picked":"SKIP","floor":2},{"not_picked":["Moonworks:NicePresent","Moonworks:TacticalRetreat"],"picked":"Moonworks:EvilSpyWorkPreparation","floor":3},{"not_picked":["Moonworks:DeployBits","Moonworks:BigMagnum"],"picked":"Moonworks:SakisCookie","floor":4},{"not_picked":["Moonworks:DeployBits","Moonworks:UnpaidWork"],"picked":"Moonworks:HolyNight","floor":7},{"not_picked":["Moonworks:BigMagnum","Moonworks:LulusLuckyEgg"],"picked":"Moonworks:ImOnFire","floor":10},{"not_picked":["Moonworks:StiffCrystal","Moonworks:IntelligenceOfficer"],"picked":"Moonworks:SakisCookie","floor":12},{"not_picked":["Moonworks:Dinner","Moonworks:CloudOfSeagulls"],"picked":"Moonworks:DeployBits","floor":14},{"not_picked":["Moonworks:BigMagnum","Moonworks:MiracleRedBeanIceCream+1"],"picked":"Moonworks:StiffCrystal","floor":18},{"not_picked":["Moonworks:x16BigRocket+1","Moonworks:BigBangBell"],"picked":"Moonworks:NicePresent+1","floor":19},{"not_picked":["Moonworks:StiffCrystal","Moonworks:ImOnFire+1","Moonworks:JonathanRush"],"picked":"SKIP","floor":22},{"not_picked":["Moonworks:IntelligenceOfficer","Moonworks:RagingMadness+1"],"picked":"Moonworks:IndiscriminateFireSupport+1","floor":28},{"not_picked":["Moonworks:BigBangBell","Moonworks:BeyondHell","Moonworks:FullSpeedAlicianrone"],"picked":"SKIP","floor":29},{"not_picked":["Moonworks:SakisCookie","Moonworks:AwakeningOfTalent+1"],"picked":"Moonworks:AnotherUltimateWeapon","floor":30},{"not_picked":[],"picked":"Moonworks:LulusLuckyEgg","floor":32},{"not_picked":["Moonworks:StarBlastingFuse","Moonworks:EvilMastermind"],"picked":"Moonworks:GoAway","floor":33},{"not_picked":["Moonworks:ImOnFire","Moonworks:IndiscriminateFireSupport","Moonworks:ForcedRevival+1"],"picked":"SKIP","floor":35},{"not_picked":["Moonworks:Assault+1","Moonworks:ReproductionOfRecords+1"],"picked":"Moonworks:JonathanRush+1","floor":36},{"not_picked":["Moonworks:Poppoformation","Moonworks:CloudOfSeagulls+1"],"picked":"Moonworks:ExtendedPhotonRifle+1","floor":37},{"not_picked":["Moonworks:CloudOfSeagulls+1","Moonworks:DeployBits+1"],"picked":"Moonworks:StiffCrystal+1","floor":39},{"not_picked":["Moonworks:OutOfAmmo","Moonworks:ImOnFire+1"],"picked":"Moonworks:NicePresent+1","floor":44},{"not_picked":["Moonworks:MiracleRedBeanIceCream","Moonworks:TacticalRetreat+1"],"picked":"Moonworks:DevilHand","floor":45},{"not_picked":["Moonworks:LuckyCharm","Moonworks:BigMagnum+1"],"picked":"Moonworks:EvilSpyWorkPreparation+1","floor":46},{"not_picked":["Moonworks:MeltingMemories","Moonworks:DeployBits"],"picked":"Moonworks:NicePresent+1","floor":47},{"not_picked":["Moonworks:CloudOfSeagulls","Moonworks:BeyondHell","Moonworks:ImOnFire"],"picked":"SKIP","floor":48}],"player_experience":892300,"relics_obtained":[{"floor":7,"key":"Counterbalance"},{"floor":9,"key":"Tiny Chest"},{"floor":12,"key":"Nunchaku"},{"floor":13,"key":"Simple Rune"},{"floor":15,"key":"MawBank"},{"floor":24,"key":"Meat on the Bone"},{"floor":25,"key":"Red Mask"},{"floor":26,"key":"Boot"},{"floor":30,"key":"DemoMod:Metronome"},{"floor":38,"key":"sagemod:Red_Beast_Statue"},{"floor":39,"key":"CatCart"},{"floor":43,"key":"Replay:Wax Seal"},{"floor":45,"key":"Bottled Tornado"},{"floor":47,"key":"Replay:Bottled Steam"}],"event_choices":[{"damage_healed":0,"gold_gain":30,"player_choice":"Searched \u00272\u0027 times","damage_taken":0,"max_hp_gain":0,"max_hp_loss":0,"event_name":"Dead Adventurer","floor":12,"gold_loss":0},{"damage_healed":0,"gold_gain":0,"player_choice":"Fought Bandits","damage_taken":0,"max_hp_gain":0,"max_hp_loss":0,"event_name":"Masked Bandits","floor":25,"gold_loss":0},{"damage_healed":0,"gold_gain":0,"player_choice":"Fight","damage_taken":0,"max_hp_gain":0,"max_hp_loss":0,"event_name":"OrinTheCat","floor":39,"gold_loss":0}],"is_beta":false,"boss_relics":[{"not_picked":["Coffee Dripper","sagemod:Falmels_Amulet"],"picked":"Replay:Fungal Core"},{"not_picked":["Velvet Choker","Moonworks:SBBomb"],"picked":"Snecko Heart"}],"items_purged_floors":[],"is_endless":false,"potions_floor_spawned":[3,4,10,16,25,30,33,36,39,44,46,48],"ascension_level":2}}