{"host":"q0n29fk303drktj8","time":1612692711,"event":{"mods":["Act Like it!","BaseMod","Challenge The Spire","Colored Powertips","Gensokyo","Minty Spire (QoL Compilation)","Reimu£¨²©ÀöÁéÃÎ£©","Remilia£¨ÀÙÃ×ÀòÑÇ£©","RumiaBox-Â¶Ã×æ«µÄÉñÃØºÐ×Ó","StSLib","UnlockEverythingMod"],"gold_per_floor":[110,110,129,141,1,1,1,1,54,80,0,19,19,31,31,126,176,191,71,0,0,0,0,13,13,83,103,114,145,156,174,174,271,271,291,291,291,306,231,231,231,231],"floor_reached":41,"language":"ZHS","playtime":2681,"items_purged":["Strike_Lin:ReiMu"],"score":461,"play_id":"a0995ec9-88df-4a06-a096-2d2ab44392b3","local_time":"20210207181151","is_ascension_mode":false,"campfire_choices":[{"data":"Revelation:ReiMu","floor":6,"key":"SMITH"},{"data":"NB:ReiMu","floor":8,"key":"SMITH"},{"data":"DoubleButterfly:ReiMu","floor":13,"key":"SMITH"},{"floor":15,"key":"RECALL"},{"data":"SubcavityFantasy:ReiMu","floor":23,"key":"SMITH"},{"data":"RainPray2:ReiMu","floor":25,"key":"SMITH"},{"floor":32,"key":"REST"},{"data":"HakureiPhantom:ReiMu","floor":40,"key":"SMITH"}],"circlet_count":0,"master_deck":["Strike_Lin:ReiMu","Strike_Lin:ReiMu","Strike_Lin:ReiMu","Defend_Lin:ReiMu+1","Defend_Lin:ReiMu","Defend_Lin:ReiMu","Defend_Lin:ReiMu+1","NB:ReiMu+1","Stagnation:ReiMu","Revelation:ReiMu+1","DoubleButterfly:ReiMu+1","SubcavityFantasy:ReiMu+1","RainPray2:ReiMu+1","InherentArray:ReiMu+1","RainPray2:ReiMu+1","SealNeedle:ReiMu","HakureiPhantom:ReiMu+1","CareerPray:ReiMu+1","Gensokyo:MedicineKit"],"relics":["FlyPower:ReiMu","NeowsBlessing","StrikeDummy","Pocketwatch","Happy Flower","Pen Nib","Tiny House","Gensokyo:LionMask","Gensokyo:ConquerorOfFear","SecretRecord","Busted Crown","Gensokyo:DualWield"],"acts_visited":["Gensokyo:Gensokyo","Gensokyo:Gensokyoer","Gensokyo:Gensokyoest"],"potions_floor_usage":[29],"damage_taken":[{"damage":0,"enemies":"Gensokyo:2_Kodama","floor":1,"turns":1},{"damage":0,"enemies":"Gensokyo:Python","floor":3,"turns":1},{"damage":0,"enemies":"Gensokyo:3_Fairies","floor":4,"turns":2},{"damage":30,"enemies":"Gensokyo:Cirno","floor":10,"turns":7},{"damage":0,"enemies":"Gensokyo:2_Rabbits","floor":12,"turns":4},{"damage":2,"enemies":"Gensokyo:3_Kodama","floor":14,"turns":4},{"damage":0,"enemies":"Gensokyo:Reimu","floor":16,"turns":11},{"damage":8,"enemies":"Gensokyo:3_Dogs","floor":18,"turns":6},{"damage":10,"enemies":"Gensokyo:AngelMirror","floor":24,"turns":4},{"damage":8,"enemies":"Gensokyo:Chomper_and_Gloop","floor":27,"turns":6},{"damage":21,"enemies":"Gensokyo:Monolith_and_Dog","floor":28,"turns":7},{"damage":4,"enemies":"Gensokyo:Tenshi","floor":29,"turns":2},{"damage":0,"enemies":"Gensokyo:Wraith","floor":30,"turns":4},{"damage":22,"enemies":"Gensokyo:3_Gloops","floor":31,"turns":6},{"damage":9,"enemies":"Gensokyo:Eternal_Rivals","floor":33,"turns":10},{"damage":0,"enemies":"Gensokyo:AncientGuardian","floor":35,"turns":4},{"damage":0,"enemies":"Gensokyo:3_Bats","floor":38,"turns":1},{"damage":0,"enemies":"Gensokyo:Marisa","floor":41,"turns":1}],"seed_played":"3612414831088397139","potions_obtained":[{"floor":1,"key":"AttackPotion"},{"floor":4,"key":"FairyPotion"},{"floor":10,"key":"FairyPotion"},{"floor":14,"key":"Strength Potion"},{"floor":17,"key":"DistilledChaos"},{"floor":28,"key":"LiquidFlight:ReiMu"},{"floor":33,"key":"LiquidBronze"}],"is_trial":false,"path_per_floor":["M","?","M","M","?","R","COS","R","T","E","?","M","R","M","R","B",null,"M","?","?","?","$","R","M","R","T","M","M","E","M","M","R","B",null,"M","?","?","M","$","R","E"],"character_chosen":"REIMU","items_purchased":[],"campfire_rested":1,"item_purchase_floors":[],"current_hp_per_floor":[65,52,52,52,52,52,52,52,52,22,62,62,62,60,60,60,70,62,62,62,62,62,62,52,52,52,44,23,19,19,19,40,31,70,70,70,70,70,70,70,70,70],"gold":231,"neow_bonus":"THREE_ENEMY_KILL","is_daily":false,"chose_seed":false,"campfire_upgraded":6,"win_rate":0.0,"timestamp":1612692711,"path_taken":["M","?","M","M","?","R","COS","R","T","E","?","M","R","M","R","BOSS","M","?","?","?","$","R","M","R","T","?","M","E","M","M","R","BOSS","M","?","?","M","$","R","E"],"items_purchased_type":[],"build_version":"2020-12-22","purchased_purges":1,"victory":false,"max_hp_per_floor":[65,65,65,65,65,65,65,65,65,65,65,65,65,65,65,65,70,70,70,70,70,70,70,70,70,70,70,70,70,70,70,70,70,70,70,70,70,70,70,70,70,70],"card_choices":[{"not_picked":["Mountainwind:ReiMu","PassingAway:ReiMu"],"picked":"Revelation:ReiMu","floor":1},{"not_picked":["FineLineFantasy:ReiMu","Meditation:ReiMu","SpreadBorder2:ReiMu"],"picked":"SKIP","floor":3},{"not_picked":["AirManeuver:ReiMu","SubcavityInstant:ReiMu","EmergencyTakeOff:ReiMu"],"picked":"SKIP","floor":4},{"not_picked":["Meditation:ReiMu","FoulBorder2:ReiMu"],"picked":"DoubleButterfly:ReiMu","floor":10},{"not_picked":["Gathering:ReiMu","Intuition:ReiMu","OrbThrow:ReiMu"],"picked":"SKIP","floor":12},{"not_picked":["SafetyPray:ReiMu","FantasyBorder:ReiMu","OrbThrow:ReiMu"],"picked":"SKIP","floor":14},{"not_picked":["DependentForm:ReiMu","Authority:ReiMu"],"picked":"SubcavityFantasy:ReiMu","floor":16},{"not_picked":["FantasyMoon:ReiMu","MountainWay:ReiMu"],"picked":"RainPray2:ReiMu","floor":17},{"not_picked":["SpiritualOutbreak2:ReiMu","BarrageOfMoneybags:ReiMu+1"],"picked":"InherentArray:ReiMu+1","floor":18},{"not_picked":["WonderfulDomain:ReiMu","OrbThrow:ReiMu+1","Crusade:ReiMu"],"picked":"SKIP","floor":24},{"not_picked":["Enchanting:ReiMu","TightArray:ReiMu"],"picked":"RainPray2:ReiMu+1","floor":27},{"not_picked":["Meditation:ReiMu","Gathering:ReiMu","OrbThrow:ReiMu"],"picked":"SKIP","floor":28},{"not_picked":["Dreaming:ReiMu","SpringWay:ReiMu"],"picked":"SealNeedle:ReiMu","floor":29},{"not_picked":["PhosphorusFlame:ReiMu","Conquer:ReiMu","Gathering:ReiMu"],"picked":"SKIP","floor":30},{"not_picked":["AirStrike:ReiMu","OctopathBindingBorder2:ReiMu","TakeOff:ReiMu"],"picked":"SKIP","floor":31},{"not_picked":["CleanRite:ReiMu","Determination:ReiMu"],"picked":"HakureiPhantom:ReiMu","floor":33},{"not_picked":[],"picked":"CareerPray:ReiMu+1","floor":35},{"not_picked":["PayForSelf:ReiMu+1"],"picked":"SKIP","floor":38}],"player_experience":326489,"relics_obtained":[{"floor":9,"key":"Happy Flower"},{"floor":10,"key":"Pen Nib"},{"floor":24,"key":"Gensokyo:ConquerorOfFear"},{"floor":29,"key":"SecretRecord"}],"event_choices":[],"is_beta":false,"boss_relics":[{"not_picked":["Cursed Key","Pandora\u0027s Box"],"picked":"Tiny House"},{"not_picked":["Runic Pyramid","SlaversCollar"],"picked":"Busted Crown"}],"items_purged_floors":[39],"is_endless":false,"potions_floor_spawned":[1,4,10,14,18,28,33],"killed_by":"Gensokyo:Marisa","ascension_level":0}}