{"host":"uy3vg6glkp8m6iit","time":1612681871,"event":{"mods":["AchievementEnabler","BaseMod","Colored Map","DeckTracker","Highlight Path","Keyboard Shortcuts","Minty Spire (QoL Compilation)","Quick Restart","Random Character Button","Rare Cards Sparkle","Relic Stats","StSLib","everything is the same but u backflip on backflip"],"gold_per_floor":[110,110,127,127,140,140,140,169,169,169,204,222,222,256,256,327,327,345,363,363,363],"floor_reached":20,"language":"KOR","playtime":716,"items_purged":[],"score":355,"play_id":"f8e8e4ea-00a2-4c7e-9e19-2c63fea5f07d","local_time":"20210207161111","is_ascension_mode":true,"campfire_choices":[{"data":"Glass Knife","floor":6.0,"key":"SMITH"},{"data":"Neutralize","floor":10.0,"key":"SMITH"},{"data":"Noxious Fumes","floor":13.0,"key":"SMITH"},{"data":"Caltrops","floor":15.0,"key":"SMITH"}],"circlet_count":0,"master_deck":["AscendersBane","Strike_G","Strike_G","Strike_G","Strike_G","Defend_G","Defend_G","Defend_G","Defend_G","Defend_G","Survivor","Neutralize+1","Glass Knife+1","Footwork","Cloak And Dagger","Endless Agony","Noxious Fumes+1","Caltrops+1","A Thousand Cuts","Bouncing Flask+1"],"relics":["Ring of the Snake","Pantograph","PreservedInsect","Meat on the Bone","Bag of Marbles","Black Star"],"acts_visited":["Exordium","TheCity"],"potions_floor_usage":[20,20],"damage_taken":[{"damage":3.0,"enemies":"Small Slimes","floor":1.0,"turns":3.0},{"damage":0.0,"enemies":"2 Louse","floor":3.0,"turns":3.0},{"damage":0.0,"enemies":"Jaw Worm","floor":5.0,"turns":4.0},{"damage":20.0,"enemies":"Lagavulin","floor":8.0,"turns":10.0},{"damage":8.0,"enemies":"3 Sentries","floor":11.0,"turns":5.0},{"damage":1.0,"enemies":"Exordium Wildlife","floor":12.0,"turns":5.0},{"damage":7.0,"enemies":"Gremlin Nob","floor":14.0,"turns":3.0},{"damage":30.0,"enemies":"Hexaghost","floor":16.0,"turns":9.0},{"damage":18.0,"enemies":"Shell Parasite","floor":18.0,"turns":8.0},{"damage":25.0,"enemies":"2 Thieves","floor":19.0,"turns":5.0},{"damage":34,"enemies":"Masked Bandits","floor":20,"turns":2}],"seed_played":"5808927198110434640","potions_obtained":[{"floor":1.0,"key":"ColorlessPotion"},{"floor":11.0,"key":"Strength Potion"},{"floor":12.0,"key":"ColorlessPotion"},{"floor":16.0,"key":"Regen Potion"}],"is_trial":false,"path_per_floor":["M","?","M","?","M","R","?","E","T","R","E","M","R","E","R","B",null,"M","M","?"],"character_chosen":"THE_SILENT","items_purchased":[],"campfire_rested":0,"item_purchase_floors":[],"current_hp_per_floor":[56,56,56,49,49,49,49,29,29,29,21,32,32,37,37,42,56,38,25,0,0],"gold":363,"neow_bonus":"THREE_RARE_CARDS","is_daily":false,"chose_seed":false,"campfire_upgraded":4,"win_rate":0.0,"timestamp":1612681871,"path_taken":["M","?","M","?","M","R","?","E","T","R","E","M","R","E","R","BOSS","M","M","?"],"items_purchased_type":[],"build_version":"2020-12-22","purchased_purges":0,"victory":false,"max_hp_per_floor":[60,60,60,60,60,60,60,60,60,60,60,60,60,60,60,60,60,60,60,60,60],"relic_stats":{"counters":[11,57],"Pantograph":23,"PreservedInsect":55,"Black Star":0,"obtain_stats":[{"Pantograph":8,"PreservedInsect":9,"Bag of Marbles":14,"Black Star":17,"Ring of the Snake":0,"Meat on the Bone":11},{"Pantograph":4,"PreservedInsect":4,"Bag of Marbles":7,"Black Star":8,"Ring of the Snake":0,"Meat on the Bone":5},{"Pantograph":20,"PreservedInsect":20,"Bag of Marbles":33,"Black Star":42,"Ring of the Snake":0,"Meat on the Bone":25}],"Ring of the Snake":[22],"Meat on the Bone":48},"card_choices":[{"not_picked":["Tools of the Trade","A Thousand Cuts"],"picked":"Glass Knife","floor":0.0},{"not_picked":["Well Laid Plans","Quick Slash"],"picked":"Footwork","floor":1.0},{"not_picked":["Catalyst","Underhanded Strike"],"picked":"Cloak And Dagger","floor":3.0},{"not_picked":["Outmaneuver","Sucker Punch","Quick Slash"],"picked":"SKIP","floor":5.0},{"not_picked":["Expertise","Slice"],"picked":"Endless Agony","floor":8.0},{"not_picked":["Predator","Bane"],"picked":"Noxious Fumes","floor":11.0},{"not_picked":["Accuracy","Slice"],"picked":"Caltrops","floor":12.0},{"not_picked":["Night Terror","Accuracy","Flechettes"],"picked":"SKIP","floor":14.0},{"not_picked":["Unload","Phantasmal Killer"],"picked":"A Thousand Cuts","floor":16.0},{"not_picked":["Poisoned Stab","Escape Plan","Dash"],"picked":"SKIP","floor":18.0},{"not_picked":["Sucker Punch","Tactician"],"picked":"Bouncing Flask+1","floor":19.0}],"player_experience":1507708,"relics_obtained":[{"floor":8.0,"key":"Pantograph"},{"floor":9.0,"key":"PreservedInsect"},{"floor":11.0,"key":"Meat on the Bone"},{"floor":14.0,"key":"Bag of Marbles"}],"event_choices":[{"damage_healed":0.0,"max_hp_gain":0.0,"max_hp_loss":0.0,"gold_gain":0.0,"event_name":"Scrap Ooze","player_choice":"Fled","floor":2.0,"gold_loss":0.0,"damage_taken":0.0},{"cards_removed":["Strike_G"],"damage_healed":0.0,"max_hp_gain":0.0,"max_hp_loss":0.0,"gold_gain":0.0,"event_name":"Golden Wing","player_choice":"Card Removal","floor":4.0,"gold_loss":0.0,"damage_taken":7.0},{"damage_healed":0.0,"max_hp_gain":0.0,"max_hp_loss":0.0,"gold_gain":0.0,"event_name":"Dead Adventurer","player_choice":"Searched \u00271\u0027 times","floor":7.0,"gold_loss":0.0,"damage_taken":0.0},{"damage_healed":0,"gold_gain":0,"player_choice":"Fought Bandits","damage_taken":0,"max_hp_gain":0,"max_hp_loss":0,"event_name":"Masked Bandits","floor":20,"gold_loss":0}],"is_beta":false,"boss_relics":[{"not_picked":["Calling Bell","Fusion Hammer"],"picked":"Black Star"}],"items_purged_floors":[],"is_endless":false,"potions_floor_spawned":[1,11,12,16],"killed_by":"Masked Bandits","ascension_level":17}}