{"host":"dn2xyj3kd3d9cfyb","time":1612667386,"event":{"mods":["BaseMod","Colored Powertips","Downfall","Hubris","Marisa£®ÏF”Í°°ƒß¿Ì…≥£©","Minty Spire (QoL Compilation)","Remilia£®¿Ÿ√◊¿Ú—«£©","Replay The Spire","StSLib","The Animator","The Construct","The Cursed","The Mystic","Youmu£®ªÍ∆«—˝√Œ£©","Yuri Mod","Yuyuko"],"gold_per_floor":[249,329,349,349,362,362,362,362,362,397,397,424,491,531,531],"floor_reached":14,"language":"ZHS","playtime":393,"items_purged":[],"score":346,"play_id":"5fe0de58-262f-4d46-8fbc-2f1922a1ef9b","local_time":"20210207110946","daily_mods":["Draft","Hoarder","Insanity","Vintage","ControlledChaos","Allstar","Heirloom","Time Dilation","Flight","DeadlyEvents","Cursed Run"],"is_ascension_mode":false,"campfire_choices":[{"data":"animator:Entoma+5","floor":6,"key":"SMITH"},{"data":"animator:Entoma+6","floor":7,"key":"SMITH"},{"data":"animator:Entoma+7","floor":8,"key":"SMITH"}],"circlet_count":0,"master_deck":["Demon Form","Wraith Form v2","Echo Form","DevaForm","bronze:Verify","construct:SiegeForm","sneckomod:SerpentMind","mysticmod:GeminiForm","Guardian:ConstructionForm","Slimebound:DuplicatedForm","BatForm","yuri:DragonForm","yuri:GhostForm","hexamod:HexaLevel","champ:GladiatorForm","animator:Mikaela","animator:DwarfShaman","animator:Rider","animator:Benimaru","animator:SakuraMatou","animator:ShinjiMatou","animator:Witch","animator:Genos","animator:TukaLunaMarceau","animator:Archer","animator:Chris","animator:Shion","animator:ZankiKiguchi","animator:Gillette","animator:ElricAlphonse","animator:Vanir","animator:Tatsumaki","animator:Souei","animator:Shigure","animator:Rider","animator:NagisaMomoe","animator:Berserker","animator:Cocytus","animator:Yoichi","animator:UneriGinkaku","animator:HiiragiShinya","animator:Tatsumaki","animator:LeleiLaLalena","animator:Demiurge","animator:YaoHaDucy","animator:Gillette","animator:Sebas","animator:Evileye","animator:MaesHughes","animator:ShinjiMatou","animator:OrikoMikuni","animator:Laby","animator:Raven","animator:Priestess","animator:Genos","animator:HighElfArcher","animator:Sloth","animator:Verdia","animator:ElricAlphonse","animator:Azekura","animator:Tyuule","animator:DolaSchwi","animator:Tatsumaki","animator:Chung","animator:Caster","animator:Vanir","animator:Vanir","animator:Vanir","animator:Benimaru","animator:Benimaru","animator:Benimaru","animator:WinryRockbell","animator:WinryRockbell","animator:WinryRockbell","animator:Archer","animator:Archer","animator:Archer","animator:Hakurou","animator:Hakurou","animator:Hakurou","animator:Mikaela","animator:Mikaela","animator:Mikaela","animator:Illya","animator:Illya","animator:Illya","animator:Megumin+2","animator:Millim+2","animator:Viivi","animator:Viivi","animator:Viivi","animator:Entoma+8","animator:Mikaela","animator:Mikaela","animator:Mikaela","animator:Alexander","animator:Alexander","animator:Alexander","animator:Mitsurugi","animator:Mitsurugi","animator:Mitsurugi","Sickly","Sickly","Sickly","animator:Ainz","animator:Ainz","animator:Ainz"],"relics":["Cursed Key","Darkstone Periapt","Du-Vu Doll","Frozen Eye","Unceasing Top","hubris:SlimyHat","Potion Belt","animator:BattleDrones","Replay:Bottled Flurry","hubris:OldNail","hubris:FruitBowl","hubris:EvacipatedBox","Nunchaku","Replay:Bandana","Mirror","Iron Hammer"],"acts_visited":["Exordium"],"potions_floor_usage":[13,13],"damage_taken":[{"damage":2,"enemies":"Cultist","floor":3,"turns":2},{"damage":0,"enemies":"Small Slimes","floor":5,"turns":2},{"damage":4,"enemies":"Lagavulin","floor":10,"turns":2},{"damage":0,"enemies":"2 Louse","floor":12,"turns":2},{"damage":0,"enemies":"Replay:BlueRogue","floor":13,"turns":2},{"damage":10,"enemies":"Lagavulin","floor":14,"turns":4}],"seed_played":"7906122558362992625","potions_obtained":[{"floor":10,"key":"SkillPotion"},{"floor":12,"key":"Fire Potion"}],"is_trial":true,"path_per_floor":["$","?","M","$","M","R","R","R","T","E","$","M","E","E"],"character_chosen":"THE_ANIMATOR","items_purchased":["hubris:OldNail","hubris:FruitBowl","hubris:EvacipatedBox","Nunchaku","Replay:Bandana"],"campfire_rested":0,"item_purchase_floors":[11,11,11,11,11],"current_hp_per_floor":[66,66,64,64,64,64,64,64,82,78,10,10,10,0,0],"gold":531,"neow_bonus":"","is_daily":false,"chose_seed":false,"campfire_upgraded":3,"win_rate":0.0,"timestamp":1612667386,"path_taken":["?","?","M","?","?","R","R","R","T","?","?","M","E","E"],"items_purchased_type":["Relic","Relic","Relic","Relic","Relic"],"build_version":"2020-12-22","purchased_purges":0,"victory":false,"max_hp_per_floor":[66,66,66,66,66,66,66,66,84,84,84,84,84,84,84],"card_choices":[{"not_picked":["animator:Kazuma","animator:Shinoa"],"picked":"animator:Vanir","floor":0},{"not_picked":["animator:Darkness","animator:Millim"],"picked":"animator:Benimaru","floor":0},{"not_picked":["animator:RinTohsaka","animator:EmiyaShirou"],"picked":"animator:WinryRockbell","floor":0},{"not_picked":["animator:Yoichi","animator:ElricAlphonse"],"picked":"animator:Archer","floor":0},{"not_picked":["animator:CrowleyEusford","animator:Mikaela"],"picked":"animator:Hakurou","floor":0},{"not_picked":["animator:RoyMustang","animator:ElricAlphonse"],"picked":"animator:Mikaela","floor":0},{"not_picked":["animator:Berserker","animator:Shinoa"],"picked":"animator:Illya","floor":0},{"not_picked":["animator:ChaikaBohdan","animator:Demiurge"],"picked":"animator:Megumin","floor":0},{"not_picked":["animator:Mitsuba","animator:Kazuma"],"picked":"animator:Millim","floor":0},{"not_picked":["animator:Kaijin","animator:ElricEdward"],"picked":"animator:Viivi","floor":0},{"not_picked":["animator:Viivi","animator:Rider"],"picked":"animator:Entoma","floor":0},{"not_picked":["animator:Berserker","animator:Kaijin"],"picked":"animator:Entoma","floor":0},{"not_picked":["animator:GazelDwargon","animator:ChaikaBohdan"],"picked":"animator:Mikaela","floor":0},{"not_picked":["animator:Shalltear","animator:Shinoa"],"picked":"animator:Alexander","floor":0},{"not_picked":["animator:Guy","animator:Gluttony"],"picked":"animator:Mitsurugi","floor":0},{"not_picked":["animator:Caster","animator:Rider","animator:ShinjiMatou"],"picked":"SKIP","floor":10},{"not_picked":["animator:Aqua","animator:Hakurou"],"picked":"animator:Ainz","floor":13}],"player_experience":651512,"relics_obtained":[{"floor":3,"key":"hubris:SlimyHat"},{"floor":5,"key":"Potion Belt"},{"floor":9,"key":"animator:BattleDrones"},{"floor":10,"key":"Replay:Bottled Flurry"},{"floor":12,"key":"Mirror"},{"floor":13,"key":"Iron Hammer"}],"event_choices":[],"is_beta":false,"boss_relics":[],"items_purged_floors":[],"is_endless":true,"potions_floor_spawned":[10,12],"killed_by":"Lagavulin","ascension_level":0}}