{"host":"xp27heuvanyklt0b","time":1612703543,"event":{"mods":["BaseMod","Minty Spire (QoL Compilation)","Prisma Mod","StSLib"],"gold_per_floor":[110,123,136,151,167,198,211,167,167,167,167,187,222,232,232,334,334,334,334],"floor_reached":18,"language":"KOR","playtime":1221,"items_purged":[],"score":226,"play_id":"6dd83182-16e8-47ac-8a03-67cc629513a1","local_time":"20210207221223","is_ascension_mode":false,"campfire_choices":[{"data":"PrismaMod:ChloeUnlimitedBladeWorks","floor":10,"key":"SMITH"},{"floor":15,"key":"REST"}],"circlet_count":0,"master_deck":["PrismaMod:ChloeCommonAttack","PrismaMod:ChloeCommonAttack","PrismaMod:ChloeCommonDefend","PrismaMod:ChloeCommonDefend","PrismaMod:ChloeCommonDefend","PrismaMod:ChloeCommonDefend","PrismaMod:ChloeCommonDefend","PrismaMod:ChloeCheapAttack","PrismaMod:ChloeCheapDefend","PrismaMod:ChloeEyeOfTheEuryale+1","PrismaMod:ChloeCommonAOEAttack","PrismaMod:ChloeMordred","PrismaMod:ChloeMaid","PrismaMod:ChloeCommonAOEAttack","PrismaMod:ChloeUnlimitedBladeWorks+1","PrismaMod:ChloeExcalibur","PrismaMod:ChloeRitsuka","PrismaMod:ChloeGaeBolg","PrismaMod:ChloeCaladbolg","PrismaMod:ChloeAnyPowerTrace","PrismaMod:ChloeAnyAttackTrace+1","PrismaMod:ChloeExhaustThree+1","PrismaMod:ChloeAnyRareTrace+1"],"relics":["PrismaMod:PrismaTraceOn","NeowsBlessing","FossilizedHelix","Mango","Du-Vu Doll","Astrolabe"],"acts_visited":["Exordium","TheCity"],"potions_floor_usage":[],"damage_taken":[{"damage":0,"enemies":"Cultist","floor":1,"turns":1},{"damage":0,"enemies":"Small Slimes","floor":2,"turns":1},{"damage":0,"enemies":"Jaw Worm","floor":3,"turns":1},{"damage":0,"enemies":"Red Slaver","floor":4,"turns":5},{"damage":3,"enemies":"Exordium Thugs","floor":5,"turns":5},{"damage":27,"enemies":"Lagavulin","floor":6,"turns":6},{"damage":1,"enemies":"Blue Slaver","floor":7,"turns":5},{"damage":1,"enemies":"Red Slaver","floor":12,"turns":4},{"damage":0,"enemies":"Gremlin Nob","floor":13,"turns":4},{"damage":20,"enemies":"Exordium Thugs","floor":14,"turns":5},{"damage":52,"enemies":"The Guardian","floor":16,"turns":10},{"damage":18,"enemies":"3 Byrds","floor":18,"turns":4}],"seed_played":"-1723838335949717014","potions_obtained":[{"floor":1,"key":"SkillPotion"},{"floor":12,"key":"BlessingOfTheForge"},{"floor":13,"key":"Dexterity Potion"}],"is_trial":false,"path_per_floor":["M","M","M","M","M","E","M","?","T","R","?","M","E","M","R","B",null,"M"],"character_chosen":"CHLOE","items_purchased":[],"campfire_rested":1,"item_purchase_floors":[],"current_hp_per_floor":[75,75,75,75,72,45,44,44,58,58,58,57,60,43,70,18,92,74,74],"gold":334,"neow_bonus":"THREE_ENEMY_KILL","is_daily":false,"chose_seed":false,"campfire_upgraded":1,"win_rate":0.0,"timestamp":1612703543,"path_taken":["M","M","?","M","M","E","M","?","T","R","?","?","E","M","R","BOSS","M"],"items_purchased_type":[],"build_version":"2020-12-22","purchased_purges":0,"victory":false,"max_hp_per_floor":[75,75,75,75,75,75,75,75,89,89,89,89,92,92,92,92,92,92,92],"card_choices":[{"not_picked":["PrismaMod:ChloeCheapAttackTwo","PrismaMod:ChloeCheapAttack"],"picked":"PrismaMod:ChloeEyeOfTheEuryale","floor":1},{"not_picked":["PrismaMod:ChloeCheapDefend","PrismaMod:ChloeCheapAttackTwo"],"picked":"PrismaMod:ChloeCommonAOEAttack","floor":2},{"not_picked":["PrismaMod:ChloeCheapDefendTwo","PrismaMod:ChloeCheapAttack"],"picked":"PrismaMod:ChloeMordred","floor":3},{"not_picked":["PrismaMod:ChloeCheapDefend","PrismaMod:ChloeCommonAOEAttack"],"picked":"PrismaMod:ChloeMaid","floor":4},{"not_picked":["PrismaMod:ChloeMaid","PrismaMod:ChloeCheapAttackTwo"],"picked":"PrismaMod:ChloeCommonAOEAttack","floor":5},{"not_picked":["PrismaMod:ChloeDemonicTutor","PrismaMod:ChloeCommonAOEAttack"],"picked":"PrismaMod:ChloeUnlimitedBladeWorks","floor":6},{"not_picked":["PrismaMod:ChloeCommonAOEAttack","PrismaMod:ChloeCheapDefendTwo"],"picked":"PrismaMod:ChloeExcalibur","floor":7},{"not_picked":["PrismaMod:ChloeEyeOfTheEuryale","PrismaMod:ChloeMordred"],"picked":"PrismaMod:ChloeRitsuka","floor":12},{"not_picked":["PrismaMod:ChloeUncommonAOEAttack","PrismaMod:ChloeDiscardRecovery"],"picked":"PrismaMod:ChloeGaeBolg","floor":13},{"not_picked":["PrismaMod:ChloeCheapAttackTwo","PrismaMod:ChloeDemonicTutor"],"picked":"PrismaMod:ChloeCaladbolg","floor":14},{"not_picked":["PrismaMod:ChloeUnlimitedBladeWorks","PrismaMod:ChloeAnyUncommonTrace"],"picked":"PrismaMod:ChloeAnyPowerTrace","floor":16}],"player_experience":157102,"relics_obtained":[{"floor":6,"key":"FossilizedHelix"},{"floor":9,"key":"Mango"},{"floor":13,"key":"Du-Vu Doll"}],"event_choices":[{"damage_healed":0,"gold_gain":0,"player_choice":"Left Gold","damage_taken":0,"max_hp_gain":0,"max_hp_loss":0,"event_name":"World of Goop","floor":8,"gold_loss":44},{"damage_healed":0,"gold_gain":0,"player_choice":"Forge","damage_taken":0,"max_hp_gain":0,"max_hp_loss":0,"event_name":"Accursed Blacksmith","floor":11,"gold_loss":0,"cards_upgraded":["PrismaMod:ChloeEyeOfTheEuryale"]}],"is_beta":false,"boss_relics":[{"not_picked":["SacredBark","Ectoplasm"],"picked":"Astrolabe"}],"items_purged_floors":[],"is_endless":false,"potions_floor_spawned":[1,12,13,14],"killed_by":"3 Byrds","ascension_level":0}}