{"host":"d52brwsy6af8zvaq","time":1612718993,"event":{"mods":["AchievementEnabler","BaseMod","Bestiary","Highlight Path","Minty Spire (QoL Compilation)","Quick Restart","Relic Stats","ojb\u0027s Better Paths Mod"],"gold_per_floor":[19,19,30,30,30,30,30,48,98,133,133,158,170,189,189,268,268,287,287,102,116,139,139,139],"floor_reached":23,"language":"ENG","playtime":890,"items_purged":["Strike_B"],"score":398,"play_id":"f1f77927-86ca-4e54-b8c0-dfca3b94586d","local_time":"20210207102953","is_ascension_mode":true,"campfire_choices":[{"floor":6.0,"key":"REST"},{"floor":11.0,"key":"REST"},{"floor":15.0,"key":"REST"}],"circlet_count":0,"master_deck":["AscendersBane","Defend_B","Defend_B","Defend_B","Defend_B","Zap","Dualcast","Creative AI+1","Melter","BootSequence","Streamline","Coolheaded","Gash","Chaos","Storm","Double Energy","Multi-Cast","Steam Power+1","Go for the Eyes+1","Tempest+1","Loop+1","Self Repair","Defragment","Redo"],"relics":["Cracked Core","Letter Opener","DataDisk","Dream Catcher","Shuriken","Astrolabe","Strawberry"],"acts_visited":["Exordium","TheCity"],"potions_floor_usage":[23],"damage_taken":[{"damage":12.0,"enemies":"Jaw Worm","floor":1.0,"turns":4.0},{"damage":0.0,"enemies":"2 Louse","floor":3.0,"turns":2.0},{"damage":3.0,"enemies":"Small Slimes","floor":8.0,"turns":3.0},{"damage":19.0,"enemies":"Lagavulin","floor":10.0,"turns":7.0},{"damage":21.0,"enemies":"3 Sentries","floor":12.0,"turns":7.0},{"damage":0.0,"enemies":"Looter","floor":13.0,"turns":2.0},{"damage":11.0,"enemies":"Exordium Wildlife","floor":14.0,"turns":4.0},{"damage":21.0,"enemies":"Hexaghost","floor":16.0,"turns":9.0},{"damage":20.0,"enemies":"3 Byrds","floor":18.0,"turns":4.0},{"damage":20.0,"enemies":"Chosen","floor":21.0,"turns":4.0},{"damage":39,"enemies":"Slavers","floor":23,"turns":2}],"seed_played":"6446446141546755535","potions_obtained":[{"floor":3.0,"key":"Explosive Potion"},{"floor":8.0,"key":"BlessingOfTheForge"},{"floor":16.0,"key":"ColorlessPotion"},{"floor":18.0,"key":"FocusPotion"},{"floor":21.0,"key":"LiquidMemories"}],"is_trial":false,"path_per_floor":["M","?","M","?","?","R","T","M","T","E","R","E","M","M","R","B",null,"M","?","$","M","T","E"],"character_chosen":"DEFECT","items_purchased":["Defragment","Redo"],"campfire_rested":3,"item_purchase_floors":[20,20],"current_hp_per_floor":[52,52,52,57,31,53,53,50,50,31,53,32,32,21,43,22,63,43,43,43,30,37,0,0],"gold":139,"neow_bonus":"THREE_RARE_CARDS","is_daily":false,"chose_seed":false,"campfire_upgraded":0,"win_rate":0.0,"timestamp":1612718993,"path_taken":["M","?","M","?","?","R","?","M","T","E","R","E","M","M","R","BOSS","M","?","$","M","?","E"],"items_purchased_type":["Card","Card"],"build_version":"2020-12-22","purchased_purges":1,"victory":false,"max_hp_per_floor":[71,71,71,76,76,76,76,76,76,76,76,76,76,76,76,76,76,76,76,76,76,83,83,83],"relic_stats":{"Dream Catcher":2,"counters":[11,47],"Shuriken":[2],"Astrolabe":["Steam Power","Go for the Eyes","Tempest"],"Letter Opener":[85],"obtain_stats":[{"DataDisk":9,"Dream Catcher":10,"Shuriken":12,"Astrolabe":17,"Strawberry":22,"Letter Opener":5,"Cracked Core":0},{"DataDisk":3,"Dream Catcher":4,"Shuriken":5,"Astrolabe":8,"Strawberry":10,"Letter Opener":2,"Cracked Core":0},{"DataDisk":9,"Dream Catcher":15,"Shuriken":22,"Astrolabe":37,"Strawberry":45,"Letter Opener":6,"Cracked Core":0}]},"card_choices":[{"not_picked":["Core Surge","Multi-Cast"],"picked":"Creative AI","floor":0.0},{"not_picked":["Turbo","Blizzard"],"picked":"Melter","floor":1.0},{"not_picked":["Coolheaded","Leap"],"picked":"BootSequence","floor":3.0},{"not_picked":["Hologram","Compile Driver"],"picked":"Streamline","floor":8.0},{"not_picked":["Ball Lightning","Go for the Eyes"],"picked":"Coolheaded","floor":10.0},{"not_picked":["Streamline","Barrage"],"picked":"Gash","floor":11.0},{"not_picked":["Cold Snap","Rip and Tear","Beam Cell"],"picked":"SKIP","floor":12.0},{"not_picked":["Barrage","Sweeping Beam"],"picked":"Chaos","floor":13.0},{"not_picked":["Reboot","Stack"],"picked":"Storm","floor":14.0},{"not_picked":["Streamline","Chaos"],"picked":"Double Energy","floor":15.0},{"not_picked":["Rainbow","Fission"],"picked":"Multi-Cast","floor":16.0},{"not_picked":["Streamline","Recycle"],"picked":"Loop+1","floor":18.0},{"not_picked":["Streamline","Ball Lightning","Rebound"],"picked":"SKIP","floor":21.0}],"player_experience":2179830,"relics_obtained":[{"floor":9.0,"key":"DataDisk"},{"floor":10.0,"key":"Dream Catcher"},{"floor":12.0,"key":"Shuriken"},{"floor":22.0,"key":"Strawberry"}],"event_choices":[{"damage_healed":0.0,"max_hp_gain":0.0,"max_hp_loss":0.0,"gold_gain":0.0,"event_name":"Living Wall","player_choice":"Grow","floor":2.0,"gold_loss":0.0,"damage_taken":0.0,"cards_upgraded":["Creative AI"]},{"damage_healed":0.0,"max_hp_gain":5.0,"max_hp_loss":0.0,"gold_gain":0.0,"event_name":"Big Fish","player_choice":"Donut","floor":4.0,"gold_loss":0.0,"damage_taken":0.0},{"damage_healed":0.0,"max_hp_gain":0.0,"max_hp_loss":0.0,"gold_gain":0.0,"event_name":"Scrap Ooze","player_choice":"Success","floor":5.0,"gold_loss":0.0,"damage_taken":26.0,"relics_obtained":["Letter Opener"]},{"damage_healed":0.0,"max_hp_gain":0.0,"max_hp_loss":0.0,"gold_gain":0.0,"event_name":"The Library","player_choice":"Read","floor":19.0,"gold_loss":0.0,"damage_taken":0.0,"cards_obtained":["Self Repair"]}],"is_beta":false,"boss_relics":[{"not_picked":["Calling Bell","FrozenCore"],"picked":"Astrolabe"}],"items_purged_floors":[20],"is_endless":false,"potions_floor_spawned":[3,8,16,18,21],"killed_by":"Slavers","ascension_level":20}}