{"host":"34ep1ixvv1fq2ewd","time":1612666370,"event":{"mods":["AchievementEnabler","BaseMod","Colored Map","Colored Powertips","Downfall","Googly Eyes","Hubris","Marisa????????","Minty Spire (QoL Compilation)","Rare Cards Sparkle","Replay The Spire","StSLib","The Hierophant"],"gold_per_floor":[118,118,133,151,116,116,12,22,22,22,41,41,52,62,62,62,62],"floor_reached":16,"language":"ENG","playtime":863,"items_purged":[],"score":94,"play_id":"8eeec5da-477f-4431-8121-919c2c569cc5","local_time":"20210207135250","is_ascension_mode":false,"campfire_choices":[{"data":"MeteoricShower","floor":6,"key":"SMITH"}],"circlet_count":0,"master_deck":["Strike_MRS","Strike_MRS","Strike_MRS+1","Strike_MRS","Defend_MRS","Defend_MRS","Defend_MRS","MasterSpark+1","UpSweep","MeteoricShower+1","SprinkleStarSeal","DragonMeteor","UnstableBomb+1","DoubleSpark","JA","BlazeAway","OortCloud","FairyDestructionRay"],"relics":["MiniHakkero","Smiling Mask"],"acts_visited":["Exordium"],"potions_floor_usage":[16,16,16],"damage_taken":[{"damage":8,"enemies":"2 Louse","floor":1,"turns":2},{"damage":0,"enemies":"Small Slimes","floor":3,"turns":2},{"damage":4,"enemies":"Cultist","floor":4,"turns":3},{"damage":7,"enemies":"Blue Slaver","floor":8,"turns":3},{"damage":13,"enemies":"Red Slaver","floor":11,"turns":4},{"damage":30,"enemies":"Exordium Thugs","floor":13,"turns":3},{"damage":10,"enemies":"Looter","floor":14,"turns":2},{"damage":38,"enemies":"Hexaghost","floor":16,"turns":9}],"seed_played":"-1996192759309773636","potions_obtained":[{"floor":4,"key":"Adrenaline Potion"},{"floor":8,"key":"StarNLove"},{"floor":14,"key":"Energy Potion"}],"is_trial":false,"path_per_floor":["M","?","M","M","?","R","$","M","T","?","M","?","M","M","R_BF","B"],"character_chosen":"MARISA","items_purchased":["UnstableBomb","DoubleSpark"],"campfire_rested":0,"item_purchase_floors":[7,7],"current_hp_per_floor":[67,67,67,63,75,75,75,68,68,68,55,55,25,15,37,0,0],"gold":62,"neow_bonus":"RANDOM_EVENT","is_daily":false,"chose_seed":false,"campfire_upgraded":1,"win_rate":0.0,"timestamp":1612666370,"path_taken":["M","?","M","M","?","R","$","M","T","?","?","?","?","M","R_BF","BOSS"],"items_purchased_type":["Card","Card"],"build_version":"2020-12-22","purchased_purges":0,"victory":false,"max_hp_per_floor":[75,75,75,75,75,75,75,75,75,75,75,75,75,75,75,75,75],"card_choices":[{"not_picked":["DoubleSpark","Acceleration"],"picked":"MeteoricShower","floor":1},{"not_picked":["MysteriousBeam","GrandCross"],"picked":"SprinkleStarSeal","floor":3},{"not_picked":["MachineGunSpark","GravityBeat"],"picked":"DragonMeteor","floor":4},{"not_picked":["GrandCross","IllusionStar"],"picked":"JA","floor":8},{"not_picked":["ShootingEcho","ChargeUpSpray"],"picked":"BlazeAway","floor":11},{"not_picked":["DarkMatter","PowerUp"],"picked":"OortCloud","floor":13},{"not_picked":["WitchLeyline","MysteriousBeam"],"picked":"FairyDestructionRay","floor":14}],"player_experience":33313,"relics_obtained":[{"floor":9,"key":"Smiling Mask"}],"event_choices":[{"damage_healed":0,"gold_gain":0,"player_choice":"Grow","damage_taken":0,"max_hp_gain":0,"max_hp_loss":0,"event_name":"Living Wall","floor":0,"gold_loss":0,"cards_upgraded":["MasterSpark"]},{"damage_healed":18,"gold_gain":0,"player_choice":"Healed","damage_taken":0,"max_hp_gain":0,"max_hp_loss":0,"event_name":"The Cleric","floor":5,"gold_loss":35},{"cards_removed":["Defend_MRS"],"damage_healed":0,"gold_gain":0,"player_choice":"Purged","damage_taken":0,"max_hp_gain":0,"max_hp_loss":0,"event_name":"Purifier","floor":10,"gold_loss":0},{"damage_healed":0,"gold_gain":0,"player_choice":"Ignored","damage_taken":0,"max_hp_gain":0,"max_hp_loss":0,"event_name":"NoteForYourself","floor":12,"gold_loss":0}],"is_beta":false,"boss_relics":[],"items_purged_floors":[],"is_endless":false,"potions_floor_spawned":[4,8,14],"killed_by":"Hexaghost","ascension_level":0}}