{"host":"hka8b3f4pkvnp4ei","time":1612702581,"event":{"mods":["BaseMod","Minty Spire (QoL Compilation)","Quick Restart","Replay The Spire","StSLib"],"gold_per_floor":[114,114,114,45,63,92,111,127,127,127,161,180,180,194,194,297,297,313,238,266,278,353,380,400,400,424,442,476,476,336,352,352,449,449,463,463,190,190,200,200,226,76,102,102,114,114,166,199,199,199,199,199,48,81,81],"floor_reached":56,"language":"ZHS","playtime":2872,"items_purged":["Strike_G","Strike_G","Defend_G","Defend_G"],"score":1969,"play_id":"8ef2a695-90ba-4f33-9618-65386fdf16ab","local_time":"20210207205621","is_ascension_mode":true,"campfire_choices":[{"data":"Reflex","floor":10.0,"key":"SMITH"},{"data":"Concentrate","floor":13.0,"key":"SMITH"},{"data":"Strike_G","floor":15.0,"key":"PURGE"},{"data":"Prepared","floor":25.0,"key":"SMITH"},{"data":"Acrobatics","floor":29.0,"key":"SMITH"},{"data":"Tactician","floor":32.0,"key":"SMITH"},{"floor":40.0,"key":"RECALL"},{"data":"Strike_G","floor":49,"key":"PURGE"}],"circlet_count":0,"master_deck":["Defend_G+1","Defend_G","Survivor","Neutralize","Eviscerate+1","Concentrate+1","Reflex+1","Prepared+1","Predator","Acrobatics+1","Adrenaline","Tactician+1","Venomology+1","Footwork","After Image","Backflip+1"],"relics":["Ring of the Snake","NeowsBlessing","Calipers","Chameleon Ring","Eternal Feather","Juzu Bracelet","Ring of Chaos","Red Mask","Pocketwatch","Bronze Scales","Tiny Chest","Replay:Grab Bag","Fusion Hammer","Philosopher\u0027s Stone","Empty Cage","Medical Kit","Gambling Chip","Omamori","Potion Belt","War Paint","Snack Pack"],"acts_visited":["Exordium","TheCity","TheBeyond","TheEnding"],"potions_floor_usage":[54,55,55],"damage_taken":[{"damage":0.0,"enemies":"2 Louse","floor":1.0,"turns":1.0},{"damage":0.0,"enemies":"Small Slimes","floor":5.0,"turns":1.0},{"damage":0.0,"enemies":"3 Sentries","floor":6.0,"turns":1.0},{"damage":2.0,"enemies":"Cultist","floor":7.0,"turns":4.0},{"damage":17.0,"enemies":"Gremlin Gang","floor":8.0,"turns":5.0},{"damage":0.0,"enemies":"Gremlin Nob","floor":11.0,"turns":2.0},{"damage":20.0,"enemies":"Lots of Slimes","floor":12.0,"turns":4.0},{"damage":12.0,"enemies":"Large Slime","floor":14.0,"turns":5.0},{"damage":22.0,"enemies":"Hexaghost","floor":16.0,"turns":9.0},{"damage":6.0,"enemies":"Spheric Guardian","floor":18.0,"turns":3.0},{"damage":0.0,"enemies":"Masked Bandits","floor":20.0,"turns":3.0},{"damage":2.0,"enemies":"Shell Parasite","floor":21.0,"turns":6.0},{"damage":0.0,"enemies":"Gremlin Leader","floor":23.0,"turns":3.0},{"damage":11.0,"enemies":"Centurion and Healer","floor":24.0,"turns":4.0},{"damage":0.0,"enemies":"Chosen and Byrds","floor":27.0,"turns":3.0},{"damage":0.0,"enemies":"Book of Stabbing","floor":28.0,"turns":4.0},{"damage":0.0,"enemies":"Cultist and Chosen","floor":31.0,"turns":2.0},{"damage":0.0,"enemies":"Automaton","floor":33.0,"turns":9.0},{"damage":6.0,"enemies":"3 Darklings","floor":35.0,"turns":6.0},{"damage":0.0,"enemies":"3 Shapes","floor":39.0,"turns":3.0},{"damage":0.0,"enemies":"Reptomancer","floor":41.0,"turns":3.0},{"damage":0.0,"enemies":"3 Darklings","floor":45.0,"turns":1.0},{"damage":0.0,"enemies":"R_Hoarder","floor":48.0,"turns":7.0},{"damage":0,"enemies":"Time Eater","floor":50,"turns":7},{"damage":0,"enemies":"Shield and Spear","floor":54,"turns":1},{"damage":0,"enemies":"The Heart","floor":55,"turns":4}],"seed_played":"7935164188198735370","potions_obtained":[{"floor":6.0,"key":"Fire Potion"},{"floor":7.0,"key":"ColorlessPotion"},{"floor":11.0,"key":"Dexterity Potion"},{"floor":14.0,"key":"LiquidBronze"},{"floor":16.0,"key":"Dexterity Potion"},{"floor":20.0,"key":"Adrenaline Potion"},{"floor":24.0,"key":"PowerPotion"},{"floor":28.0,"key":"Adrenaline Potion"},{"floor":31.0,"key":"Ancient Potion"},{"floor":38.0,"key":"Elixir"},{"floor":38.0,"key":"Regen Potion"},{"floor":39.0,"key":"Energy Potion"},{"floor":46.0,"key":"Block Potion"},{"floor":52,"key":"ColorlessPotion"},{"floor":52,"key":"Energy Potion"}],"is_trial":false,"path_per_floor":["M","?","?","$","M","E","M","M","T","R","E","M","R","M","R","B",null,"M","$","?","M","?","E","M","R","T","M","E","R","$","M","R","B",null,"M","?","$","?","M","R","E","$","T","?","M","R","T","E","R","B",null,"R","$","E","B",null],"character_chosen":"THE_SILENT","items_purchased":["Concentrate","Footwork","Medical Kit","War Paint"],"campfire_rested":0,"item_purchase_floors":[4,30,37,53],"current_hp_per_floor":[70,58,58,58,58,58,56,39,39,48,48,28,37,25,34,12,70,64,64,64,62,55,55,44,53,53,53,53,62,62,62,70,70,70,64,64,64,64,70,70,70,70,70,70,70,70,70,70,70,70,70,70,70,70,70],"gold":81,"neow_bonus":"THREE_ENEMY_KILL","is_daily":false,"chose_seed":false,"campfire_upgraded":5,"win_rate":0.0,"timestamp":1612702581,"path_taken":["M","?","?","$","?","E","?","M","T","R","E","M","R","M","R","BOSS","M","$","?","M","?","E","M","R","T","M","E","R","$","M","R","BOSS","M","?","$","?","M","R","E","$","T","?","M","R","?","E","R","BOSS","R","$","E","BOSS"],"items_purchased_type":["Card","Card","Relic","Relic"],"build_version":"2020-12-22","purchased_purges":4,"victory":true,"max_hp_per_floor":[70,70,70,70,70,70,70,70,70,70,70,70,70,70,70,70,70,70,70,70,70,70,70,70,70,70,70,70,70,70,70,70,70,70,70,70,70,70,70,70,70,70,70,70,70,70,70,70,70,70,70,70,70,70,70],"card_choices":[{"not_picked":["Dagger Throw","Deadly Poison"],"picked":"Eviscerate","floor":1.0},{"not_picked":["Terror","PiercingWail"],"picked":"Reflex","floor":5.0},{"not_picked":["Quick Slash","Choke"],"picked":"Prepared","floor":6.0},{"not_picked":["Backstab","Finisher"],"picked":"Predator","floor":7.0},{"not_picked":["Bane","Dagger Throw","Underhanded Strike"],"picked":"SKIP","floor":8.0},{"not_picked":["Wraith Form v2","Bane"],"picked":"Acrobatics","floor":11.0},{"not_picked":["Infinite Blades","Acrobatics","Toxin Wave"],"picked":"SKIP","floor":12.0},{"not_picked":["Flying Knee","Riddle With Holes","Dagger Throw"],"picked":"SKIP","floor":14.0},{"not_picked":["Flying Knee","Riddle With Holes","Dagger Throw"],"picked":"SKIP","floor":14.0},{"not_picked":["Phantasmal Killer","Storm of Steel"],"picked":"Adrenaline","floor":16.0},{"not_picked":["PiercingWail","Crippling Poison","Backflip"],"picked":"SKIP","floor":18.0},{"not_picked":["Endless Agony","Draining Mist","ReplayTheSpireMod:Tripwire"],"picked":"SKIP","floor":21.0},{"not_picked":["Prepared","Dagger Spray","Hidden Blade"],"picked":"SKIP","floor":23.0},{"not_picked":["Prepared+1","PiercingWail"],"picked":"Tactician","floor":24.0},{"not_picked":["Endless Agony+1","Accuracy"],"picked":"Venomology","floor":27.0},{"not_picked":["Cloak And Dagger+1","Poisoned Stab","Underhanded Strike"],"picked":"SKIP","floor":28.0},{"not_picked":["Outmaneuver+1","Slice","Setup"],"picked":"SKIP","floor":31.0},{"not_picked":["A Thousand Cuts","Grand Finale"],"picked":"After Image","floor":33.0},{"not_picked":["Heel Hook+1","Flechettes+1","Flying Knee"],"picked":"SKIP","floor":35.0},{"not_picked":["Dagger Spray","Fluid Movement","Dagger Throw+1"],"picked":"SKIP","floor":39.0},{"not_picked":["Dagger Spray","Fluid Movement","Dagger Throw+1"],"picked":"SKIP","floor":39.0},{"not_picked":["Dagger Throw","Dagger Spray","Flying Knee"],"picked":"SKIP","floor":41.0},{"not_picked":["Blade Dance+1","ReplayTheSpireMod:Exploit Weakness"],"picked":"Backflip+1","floor":45.0},{"not_picked":["Flying Knee+1","Hidden Blade+1","Dagger Spray"],"picked":"SKIP","floor":48.0},{"not_picked":["Tactician","Footwork+1","Toxin Wave"],"picked":"SKIP","floor":54}],"player_experience":453336,"relics_obtained":[{"floor":6.0,"key":"Chameleon Ring"},{"floor":9.0,"key":"Eternal Feather"},{"floor":11.0,"key":"Juzu Bracelet"},{"floor":20.0,"key":"Red Mask"},{"floor":23.0,"key":"Pocketwatch"},{"floor":26.0,"key":"Bronze Scales"},{"floor":28.0,"key":"Tiny Chest"},{"floor":41.0,"key":"Gambling Chip"},{"floor":47.0,"key":"Omamori"},{"floor":48.0,"key":"Potion Belt"},{"floor":54,"key":"Snack Pack"}],"event_choices":[{"damage_healed":0.0,"max_hp_gain":0.0,"max_hp_loss":0.0,"gold_gain":0.0,"event_name":"Scrap Ooze","player_choice":"Success","floor":2.0,"gold_loss":0.0,"damage_taken":12.0,"relics_obtained":["Calipers"]},{"damage_healed":0.0,"max_hp_gain":0.0,"max_hp_loss":0.0,"gold_gain":0.0,"event_name":"Upgrade Shrine","player_choice":"Upgraded","floor":3.0,"gold_loss":0.0,"damage_taken":0.0,"cards_upgraded":["Eviscerate"]},{"damage_healed":0.0,"max_hp_gain":0.0,"max_hp_loss":0.0,"gold_gain":0.0,"event_name":"Masked Bandits","player_choice":"Fought Bandits","floor":20.0,"gold_loss":0.0,"damage_taken":0.0},{"damage_healed":0.0,"max_hp_gain":0.0,"max_hp_loss":0.0,"gold_gain":75.0,"event_name":"FaceTrader","player_choice":"Touch","floor":22.0,"gold_loss":0.0,"damage_taken":7.0},{"damage_healed":0.0,"max_hp_gain":0.0,"max_hp_loss":0.0,"gold_gain":0.0,"event_name":"Transmorgrifier","player_choice":"Ignored","floor":36.0,"gold_loss":0.0,"damage_taken":0.0},{"damage_healed":0.0,"max_hp_gain":0.0,"max_hp_loss":0.0,"gold_gain":0.0,"event_name":"Lab","player_choice":"Got Potions","floor":38.0,"gold_loss":0.0,"damage_taken":0.0},{"damage_healed":0.0,"max_hp_gain":0.0,"max_hp_loss":0.0,"gold_gain":0.0,"event_name":"SecretPortal","player_choice":"Ignored","floor":44.0,"gold_loss":0.0,"damage_taken":0.0}],"is_beta":false,"boss_relics":[{"not_picked":["Calling Bell","Snecko Scales"],"picked":"Ring of Chaos"},{"not_picked":["Pandora\u0027s Box","Kintsugi"],"picked":"Replay:Grab Bag"},{"not_picked":["ChewingGum","Sozu"],"picked":"Fusion Hammer"},{"not_picked":["Cursed Key","SlaversCollar"],"picked":"Philosopher\u0027s Stone"},{"not_picked":["Tiny House","SacredBark"],"picked":"Empty Cage"}],"items_purged_floors":[19,30,37,42],"is_endless":false,"potions_floor_spawned":[6,7,11,14,16,20,24,28,31,39,45,54],"ascension_level":4}}