{"host":"qez2w9o4mdgkjem4","time":1612688543,"event":{"mods":["BaseMod","Hermit","Minty Spire (QoL Compilation)","StSLib"],"gold_per_floor":[110,35,49,62,76,76,86,86,134,134,149,149,249,269,269,369,369,385,385,385,403,502,502,534,552,579,183,212,133,133,148,148,248,248,261,275,275,150,150,150,166,166,166,185,201,201,215,65,65,65,65,65,65,94,94],"floor_reached":56,"language":"ZHS","playtime":4890,"items_purged":["hermit:Strike_Hermit","hermit:Defend_Hermit","hermit:Snapshot","hermit:Snipe+1"],"score":1204,"play_id":"2fb4cc69-f35a-4071-8a3e-dea8fe896081","local_time":"20210207170223","is_ascension_mode":false,"campfire_choices":[{"data":"hermit:LoneWolf","floor":6.0,"key":"SMITH"},{"data":"hermit:Dive","floor":8.0,"key":"SMITH"},{"floor":15.0,"key":"REST"},{"data":"hermit:HeroicBravado","floor":23.0,"key":"SMITH"},{"data":"hermit:HighNoon","floor":30.0,"key":"SMITH"},{"floor":32.0,"key":"RECALL"},{"data":"hermit:LuckOfTheDraw","floor":40.0,"key":"SMITH"},{"data":"hermit:Strike_Hermit","floor":42.0,"key":"SMITH"},{"data":"hermit:Strike_Hermit","floor":46.0,"key":"SMITH"},{"data":"hermit:Strike_Hermit","floor":49.0,"key":"SMITH"},{"data":"hermit:Defend_Hermit","floor":52.0,"key":"SMITH"}],"circlet_count":0,"master_deck":["hermit:Strike_Hermit+1","hermit:Strike_Hermit+1","hermit:Strike_Hermit+1","hermit:Defend_Hermit+1","hermit:Defend_Hermit+1","hermit:Covet+1","hermit:Dive+1","hermit:LoneWolf+1","hermit:LuckOfTheDraw+1","hermit:Glare","hermit:HeroicBravado+1","CurseOfTheBell","hermit:Dive+1","hermit:HighNoon+1","hermit:LuckOfTheDraw+1","hermit:Maintenance+1","hermit:GhostlyPresence+1","hermit:FullyLoaded+1"],"relics":["hermit:Momento","MealTicket","Eternal Feather","Calling Bell","Bag of Preparation","hermit:Horseshoe","Du-Vu Doll","Oddly Smooth Stone","Toxic Egg 2","Toy Ornithopter","hermit:BartenderGlass","Darkstone Periapt","Strawberry"],"acts_visited":["Exordium","TheCity","TheBeyond","TheEnding"],"potions_floor_usage":[55,55,55],"damage_taken":[{"damage":0.0,"enemies":"Cultist","floor":1.0,"turns":3.0},{"damage":5.0,"enemies":"Small Slimes","floor":3.0,"turns":4.0},{"damage":0.0,"enemies":"2 Louse","floor":4.0,"turns":2.0},{"damage":8.0,"enemies":"Exordium Thugs","floor":5.0,"turns":6.0},{"damage":9.0,"enemies":"Red Slaver","floor":7.0,"turns":6.0},{"damage":1.0,"enemies":"Exordium Wildlife","floor":11.0,"turns":4.0},{"damage":5.0,"enemies":"3 Louse","floor":14.0,"turns":5.0},{"damage":0.0,"enemies":"Slime Boss","floor":16.0,"turns":15.0},{"damage":8.0,"enemies":"Shell Parasite","floor":18.0,"turns":10.0},{"damage":0.0,"enemies":"Spheric Guardian","floor":21.0,"turns":6.0},{"damage":0.0,"enemies":"Book of Stabbing","floor":24.0,"turns":5.0},{"damage":4.0,"enemies":"Snecko","floor":25.0,"turns":9.0},{"damage":14.0,"enemies":"Slavers","floor":28.0,"turns":10.0},{"damage":0.0,"enemies":"Snake Plant","floor":31.0,"turns":6.0},{"damage":1.0,"enemies":"Champ","floor":33.0,"turns":9.0},{"damage":11.0,"enemies":"3 Darklings","floor":35.0,"turns":7.0},{"damage":2.0,"enemies":"Orb Walker","floor":36.0,"turns":4.0},{"damage":6.0,"enemies":"3 Darklings","floor":41.0,"turns":4.0},{"damage":26.0,"enemies":"4 Shapes","floor":44.0,"turns":7.0},{"damage":4.0,"enemies":"Transient","floor":45.0,"turns":5.0},{"damage":1.0,"enemies":"Jaw Worm Horde","floor":47.0,"turns":8.0},{"damage":29.0,"enemies":"Time Eater","floor":50.0,"turns":12.0},{"damage":2.0,"enemies":"Shield and Spear","floor":54.0,"turns":9.0},{"damage":40,"enemies":"The Heart","floor":55,"turns":11}],"seed_played":"-3762588345186901100","potions_obtained":[{"floor":3.0,"key":"FearPotion"},{"floor":7.0,"key":"Fire Potion"},{"floor":14.0,"key":"EssenceOfSteel"},{"floor":24.0,"key":"FearPotion"},{"floor":25.0,"key":"hermit:BlackBile"},{"floor":28.0,"key":"Weak Potion"},{"floor":44.0,"key":"SteroidPotion"},{"floor":47.0,"key":"Dexterity Potion"},{"floor":54.0,"key":"Strength Potion"}],"is_trial":false,"path_per_floor":["M","$","M","M","M","R","M","R","T","?","M","?","?","M","R","B",null,"M","?","?","M","?","R","E","M","T","$","E","$","R","M","R","B",null,"M","M","?","$","?","R","M","R","T","M","M","R","M","$","R","B",null,"R","$","E","B",null],"character_chosen":"HERMIT","items_purchased":["Toxic Egg 2","hermit:Snipe+1","hermit:Maintenance+1"],"campfire_rested":1,"item_purchase_floors":[27,27,29],"current_hp_per_floor":[82,82,77,77,69,69,60,60,60,60,59,43,43,38,68,68,82,74,74,74,74,74,82,82,78,78,82,68,82,82,82,82,81,82,71,69,69,82,82,82,76,82,82,56,52,61,60,75,82,54,82,82,82,87,62],"gold":94,"neow_bonus":"TEN_PERCENT_HP_BONUS","is_daily":false,"chose_seed":false,"campfire_upgraded":9,"win_rate":0.0,"timestamp":1612688543,"path_taken":["M","?","M","M","M","R","M","R","T","?","?","?","?","?","R","BOSS","M","?","?","?","?","R","E","M","T","$","E","$","R","M","R","BOSS","M","M","?","$","?","R","M","R","T","M","M","R","?","$","R","BOSS","R","$","E","BOSS"],"items_purchased_type":["Relic","Card","Card"],"build_version":"2020-12-22","purchased_purges":4,"victory":true,"max_hp_per_floor":[82,82,82,82,82,82,82,82,82,82,82,82,82,82,82,82,82,82,82,82,82,82,82,82,82,82,82,82,82,82,82,82,82,82,82,82,82,82,82,82,82,82,82,82,82,82,82,82,82,82,82,82,82,89,89],"card_choices":[{"not_picked":["hermit:Quickdraw","hermit:NoHoldsBarred","hermit:WideOpen"],"picked":"SKIP","floor":1.0},{"not_picked":["hermit:ItchyTrigger","hermit:Misfire"],"picked":"hermit:Dive","floor":3.0},{"not_picked":["hermit:PistolWhip","hermit:WideOpen","hermit:ItchyTrigger"],"picked":"SKIP","floor":4.0},{"not_picked":["hermit:FromBeyond","hermit:DeadMansHand"],"picked":"hermit:LoneWolf","floor":5.0},{"not_picked":["hermit:Headshot","hermit:Glare","hermit:Ricochet"],"picked":"SKIP","floor":7.0},{"not_picked":["hermit:HighCaliber","hermit:Manifest"],"picked":"hermit:LuckOfTheDraw","floor":11.0},{"not_picked":["hermit:Spite","hermit:Brawl"],"picked":"hermit:Glare","floor":14.0},{"not_picked":["hermit:Adapt","hermit:FromBeyond"],"picked":"hermit:HeroicBravado","floor":16.0},{"not_picked":["hermit:ItchyTrigger","hermit:HighCaliber"],"picked":"hermit:Dive+1","floor":18.0},{"not_picked":["hermit:Cheat","hermit:Ricochet","hermit:LowProfile"],"picked":"SKIP","floor":21.0},{"not_picked":["hermit:LoneWolf","hermit:BodyArmor","hermit:Determination"],"picked":"SKIP","floor":24.0},{"not_picked":["hermit:Quickdraw","hermit:ItchyTrigger+1"],"picked":"hermit:HighNoon","floor":25.0},{"not_picked":["hermit:LowProfile+1","hermit:WideOpen"],"picked":"hermit:LuckOfTheDraw+1","floor":28.0},{"not_picked":["hermit:BodyArmor+1","hermit:Manifest+1","hermit:TakeCover+1"],"picked":"SKIP","floor":31.0},{"not_picked":["hermit:TrackingShot+1","hermit:Midnight+1","hermit:Determination+1"],"picked":"SKIP","floor":35.0},{"not_picked":["hermit:Ricochet+1","hermit:Scavenge+1","hermit:Gestalt+1"],"picked":"SKIP","floor":36.0},{"not_picked":["hermit:SprayPray","hermit:Virtue+1","hermit:Headshot"],"picked":"SKIP","floor":41.0},{"not_picked":["hermit:FlashPowder+1","hermit:CalledShot+1","hermit:WideOpen"],"picked":"SKIP","floor":44.0},{"not_picked":["hermit:SprayPray+1","hermit:NoHoldsBarred"],"picked":"hermit:GhostlyPresence+1","floor":45.0},{"not_picked":["hermit:Glare+1","hermit:Coalescence+1"],"picked":"hermit:FullyLoaded+1","floor":47.0},{"not_picked":["hermit:HoleUp+1","hermit:BodyArmor+1","hermit:Determination"],"picked":"SKIP","floor":54.0}],"player_experience":60186,"relics_obtained":[{"floor":9.0,"key":"MealTicket"},{"floor":17.0,"key":"Bag of Preparation"},{"floor":17.0,"key":"hermit:Horseshoe"},{"floor":17.0,"key":"Du-Vu Doll"},{"floor":24.0,"key":"Oddly Smooth Stone"},{"floor":28.0,"key":"Toy Ornithopter"},{"floor":43.0,"key":"Darkstone Periapt"},{"floor":54.0,"key":"Strawberry"}],"event_choices":[{"damage_healed":0.0,"max_hp_gain":0.0,"max_hp_loss":0.0,"gold_gain":0.0,"event_name":"WeMeetAgain","player_choice":"Gave Potion","floor":10.0,"gold_loss":0.0,"damage_taken":0.0,"relics_obtained":["Eternal Feather"]},{"damage_healed":0.0,"max_hp_gain":0.0,"max_hp_loss":0.0,"gold_gain":0.0,"event_name":"Shining Light","player_choice":"Entered Light","floor":12.0,"gold_loss":0.0,"damage_taken":16.0,"cards_upgraded":["hermit:Covet","hermit:Defend_Hermit"]},{"damage_healed":0.0,"max_hp_gain":0.0,"max_hp_loss":0.0,"gold_gain":100.0,"event_name":"Golden Shrine","player_choice":"Pray","floor":13.0,"gold_loss":0.0,"damage_taken":0.0},{"damage_healed":0.0,"max_hp_gain":0.0,"max_hp_loss":0.0,"gold_gain":0.0,"event_name":"Vampires","player_choice":"Ignored","floor":19.0,"gold_loss":0.0,"damage_taken":0.0},{"cards_removed":["hermit:Defend_Hermit"],"damage_healed":0.0,"max_hp_gain":0.0,"max_hp_loss":0.0,"gold_gain":0.0,"event_name":"Bonfire Elementals","player_choice":"Offered Basic","floor":20.0,"gold_loss":0.0,"damage_taken":0.0},{"damage_healed":0.0,"max_hp_gain":0.0,"max_hp_loss":0.0,"gold_gain":99.0,"event_name":"Nest","player_choice":"Stole From Cult","floor":22.0,"gold_loss":0.0,"damage_taken":0.0},{"damage_healed":0.0,"max_hp_gain":0.0,"max_hp_loss":0.0,"gold_gain":0.0,"event_name":"Tomb of Lord Red Mask","player_choice":"Ignored","floor":37.0,"gold_loss":0.0,"damage_taken":0.0},{"damage_healed":0.0,"max_hp_gain":0.0,"max_hp_loss":0.0,"gold_gain":0.0,"event_name":"NoteForYourself","player_choice":"Ignored","floor":39.0,"gold_loss":0.0,"damage_taken":0.0}],"is_beta":false,"boss_relics":[{"not_picked":["SacredBark","Philosopher\u0027s Stone"],"picked":"Calling Bell"},{"not_picked":["Snecko Eye","Runic Pyramid"],"picked":"hermit:BartenderGlass"}],"items_purged_floors":[2,27,38,48],"is_endless":false,"potions_floor_spawned":[3,7,14,24,25,28,41,44,47,54],"ascension_level":0}}