{"host":"684z1xpuwaoqmmh1","time":1612716887,"event":{"mods":["A Magickal Journey","Astrologer","BaseMod","Downfall","Hermit","Jorbs\u0027s Wanderer Trilogy","Marisa????????","Minty Spire (QoL Compilation)","Robot Space Explorer","Shade Mod","StSLib","The Bug Knight","The Dragon Tamer","The Elementalist","The Hayseed","The Hierophant","The Marked","The Mystic","The Runesmith","The Saiyan","The Senshi","The Spell Scribe","The Vixen","TheBandit","TheFirefly"],"gold_per_floor":[117,134,134,147,147,147,181,181,206,206,235,249,274,293,293,389,439,424,424,434,484,500,500,528,528,528,538,564,577,577,591,591,591,591],"floor_reached":33,"language":"ENG","playtime":1564,"items_purged":[],"score":556,"play_id":"7f89a20d-fccb-4ae7-82c4-c5ae716022de","local_time":"20210207185447","is_ascension_mode":true,"campfire_choices":[{"data":"theSenshi:MercurysCunning","floor":6,"key":"SMITH"},{"floor":10,"key":"REST"},{"data":"theSenshi:MoonCrisisMakeUp","floor":15,"key":"SMITH"},{"floor":23,"key":"REST"},{"floor":25,"key":"REST"},{"floor":32,"key":"REST"}],"circlet_count":0,"master_deck":["AscendersBane","theSenshi:SailorKick","theSenshi:SailorKick","theSenshi:SailorKick+1","theSenshi:SailorBlock+1","theSenshi:SailorBlock","theSenshi:SailorBlock","theSenshi:SailorBlock+1","theSenshi:RoseThrow+1","theSenshi:MoonPrismPowerMakeUp","theSenshi:MercurysCunning+1","theSenshi:SailorPlanetAttack","theSenshi:SailorMarsAssists","theSenshi:MoonCrisisMakeUp+1","theSenshi:MoonCosmicPowerMakeUp","theSenshi:MoonPunch","theSenshi:SailorChibiMoonAssists","theSenshi:StarlightHoneymoonTherapyKiss","theSenshi:MoonTiaraMagic","theSenshi:LateForSchool","theSenshi:SailorV","theSenshi:SailorJupiterAssists","theSenshi:MoonTwilightFlash+1","theSenshi:MoonPunch+1","theSenshi:MoonGorgeousMeditation"],"relics":["theSenshi:TransformationBroochRelic","Tiny Chest","Regal Pillow","HollowMod:StagPassRelic","Runesmith:Nanobots","Tiny House","Pen Nib","Vajra","Bottled Flame"],"acts_visited":["Exordium","TheCity"],"potions_floor_usage":[11,18,22,24,28],"damage_taken":[{"damage":0,"enemies":"2 Louse","floor":1,"turns":4},{"damage":3,"enemies":"Small Slimes","floor":2,"turns":4},{"damage":0,"enemies":"Cultist","floor":4,"turns":3},{"damage":12,"enemies":"Gremlin Nob","floor":7,"turns":4},{"damage":12,"enemies":"3 Sentries","floor":11,"turns":6},{"damage":3,"enemies":"Blue Slaver","floor":12,"turns":3},{"damage":0,"enemies":"Lagavulin","floor":13,"turns":7},{"damage":8,"enemies":"Exordium Thugs","floor":14,"turns":5},{"damage":10,"enemies":"Hexaghost","floor":16,"turns":10},{"damage":0,"enemies":"2 Thieves","floor":18,"turns":4},{"damage":28,"enemies":"Spheric Guardian","floor":20,"turns":6},{"damage":31,"enemies":"Chosen and Byrds","floor":22,"turns":7},{"damage":21,"enemies":"Gremlin Leader","floor":24,"turns":7},{"damage":0,"enemies":"Centurion and Healer","floor":27,"turns":5},{"damage":24,"enemies":"Book of Stabbing","floor":28,"turns":6},{"damage":12,"enemies":"Cultist and Chosen","floor":29,"turns":5},{"damage":8,"enemies":"Snake Plant","floor":31,"turns":4},{"damage":65,"enemies":"Champ","floor":33,"turns":7}],"seed_played":"5436694694885997790","potions_obtained":[{"floor":2,"key":"PowerPotion"},{"floor":7,"key":"Explosive Potion"},{"floor":11,"key":"Block Potion"},{"floor":20,"key":"Energy Potion"},{"floor":22,"key":"PowerPotion"},{"floor":29,"key":"SteroidPotion"}],"is_trial":false,"path_per_floor":["M","M","?","M","?","R","E","?","T","R","E","M","E","M","R","B",null,"M","?","M","?","M","R","E","R","T","M","E","M","T","M","R","B"],"character_chosen":"THE_SENSHI","items_purchased":[],"campfire_rested":4,"item_purchase_floors":[],"current_hp_per_floor":[68,65,58,58,43,43,31,36,36,75,63,60,60,52,52,42,76,76,60,32,32,1,43,22,64,64,64,40,28,28,20,62,0,0],"gold":591,"neow_bonus":"UPGRADE_CARD","is_daily":false,"chose_seed":false,"campfire_upgraded":2,"win_rate":0.0,"timestamp":1612716887,"path_taken":["M","M","?","M","?","R","E","?","T","R","E","M","E","M","R","BOSS","M","?","M","?","M","R","E","R","T","M","E","M","?","M","R","BOSS"],"items_purchased_type":[],"build_version":"2020-12-22","purchased_purges":0,"victory":false,"max_hp_per_floor":[75,75,75,75,75,75,75,80,80,80,80,80,80,80,80,80,85,85,90,90,90,90,90,90,90,90,90,90,90,90,90,90,90,90],"card_choices":[{"not_picked":["theSenshi:MoonPower","theSenshi:LunasBite"],"picked":"theSenshi:MercurysCunning","floor":1},{"not_picked":["theSenshi:SteeledNerves","theSenshi:PlutosSolemnity"],"picked":"theSenshi:SailorPlanetAttack","floor":2},{"not_picked":["theSenshi:LunaWiseMentor","theSenshi:MoonPrincessHalation","theSenshi:SailorPlanetPower"],"picked":"SKIP","floor":4},{"not_picked":["theSenshi:Sidestep","theSenshi:TuxedoSmokingBomber"],"picked":"theSenshi:SailorMarsAssists","floor":7},{"not_picked":["theSenshi:CrisisMakeUp","theSenshi:SailorPlanetPower"],"picked":"theSenshi:MoonCrisisMakeUp","floor":11},{"not_picked":["theSenshi:VenusGlamour","theSenshi:RainbowMoonHeartAche"],"picked":"theSenshi:MoonCosmicPowerMakeUp","floor":12},{"not_picked":["theSenshi:MercurysCunning","theSenshi:MoonTiaraMagic"],"picked":"theSenshi:MoonPunch","floor":13},{"not_picked":["theSenshi:LunasBite","theSenshi:MoonsReflection"],"picked":"theSenshi:SailorChibiMoonAssists","floor":14},{"not_picked":["theSenshi:WarriorOfTheMoon","theSenshi:LunaSensingAllies"],"picked":"theSenshi:StarlightHoneymoonTherapyKiss","floor":16},{"not_picked":["theSenshi:MoonCrisisMakeUp","theSenshi:SailorStarMakerAssists"],"picked":"theSenshi:MoonTiaraMagic","floor":17},{"not_picked":["theSenshi:NeptunesGrace","theSenshi:EncouragingSpeech+1"],"picked":"theSenshi:LateForSchool","floor":18},{"not_picked":["theSenshi:SailorVenusAssists","theSenshi:MoonKick"],"picked":"theSenshi:SailorV","floor":20},{"not_picked":["theSenshi:SailorPlanetAttack","theSenshi:SchoolBag"],"picked":"theSenshi:SailorJupiterAssists","floor":22},{"not_picked":["theSenshi:TuxedoSmokingBomber+1","theSenshi:SupersonicWaves"],"picked":"theSenshi:MoonTwilightFlash+1","floor":24},{"not_picked":["theSenshi:SailorPlanetPower+1","theSenshi:MoonKick"],"picked":"theSenshi:MoonPunch+1","floor":27},{"not_picked":["theSenshi:InTheNickOfTime","theSenshi:EncouragingSpeech"],"picked":"theSenshi:MoonGorgeousMeditation","floor":28},{"not_picked":["theSenshi:SupersonicWaves","theSenshi:SailorStarMakerAssists","theSenshi:TuxedoSmokingBomber+1"],"picked":"SKIP","floor":29},{"not_picked":["theSenshi:MoonKick","theSenshi:EncouragingSpeech+1","theSenshi:MoonPunch+1"],"picked":"SKIP","floor":31}],"player_experience":3223138,"relics_obtained":[{"floor":7,"key":"Tiny Chest"},{"floor":9,"key":"Regal Pillow"},{"floor":11,"key":"HollowMod:StagPassRelic"},{"floor":13,"key":"Runesmith:Nanobots"},{"floor":24,"key":"Pen Nib"},{"floor":28,"key":"Vajra"},{"floor":30,"key":"Bottled Flame"}],"event_choices":[{"cards_removed":["theSenshi:SailorKick"],"damage_healed":0,"gold_gain":0,"player_choice":"Card Removal","damage_taken":7,"max_hp_gain":0,"max_hp_loss":0,"event_name":"Golden Wing","floor":3,"gold_loss":0},{"damage_healed":0,"gold_gain":0,"player_choice":"Entered Light","damage_taken":15,"max_hp_gain":0,"max_hp_loss":0,"event_name":"Shining Light","floor":5,"gold_loss":0,"cards_upgraded":["theSenshi:SailorKick","theSenshi:SailorBlock"]},{"damage_healed":0,"gold_gain":0,"player_choice":"Donut","damage_taken":0,"max_hp_gain":5,"max_hp_loss":0,"event_name":"Big Fish","floor":8,"gold_loss":0},{"damage_healed":0,"gold_gain":0,"player_choice":"Shed Blood","damage_taken":21,"max_hp_gain":5,"max_hp_loss":0,"event_name":"Forgotten Altar","floor":19,"gold_loss":0},{"damage_healed":0,"gold_gain":100,"player_choice":"Bet on Murderer","damage_taken":0,"max_hp_gain":0,"max_hp_loss":0,"event_name":"The Joust","floor":21,"gold_loss":50}],"is_beta":false,"boss_relics":[{"not_picked":["Ectoplasm","Fusion Hammer"],"picked":"Tiny House"}],"items_purged_floors":[],"is_endless":false,"potions_floor_spawned":[2,7,11,13,16,20,22,29],"killed_by":"Champ","ascension_level":12}}