{"host":"imy0w7zcgpxryx7c","time":1612676790,"event":{"mods":["AchievementEnabler","BaseMod","Colored Map","Colored Powertips","Minty Spire (QoL Compilation)","Relic Sorter","StSLib"],"gold_per_floor":[110,24,24,42,42,42,76,76,76,92,192,203,232,252,252,353,353,371,214,226,245,257,257,273,273,296,322,322,23,50,69,69,69,69],"floor_reached":33,"language":"ENG","playtime":3958,"items_purged":["Strike_P"],"score":378,"play_id":"5d5979ea-3b9e-4c78-a379-b84ea62a036a","local_time":"20210207004630","is_ascension_mode":true,"campfire_choices":[{"data":"Eruption","floor":6,"key":"SMITH"},{"data":"Blind","floor":8,"key":"SMITH"},{"floor":15,"key":"DIG"},{"floor":23,"key":"REST"},{"floor":28,"key":"REST"},{"floor":32,"key":"DIG"}],"circlet_count":0,"master_deck":["Strike_P+1","Strike_P+1","Defend_P+1","Defend_P+1","Eruption+1","Vigilance+1","DeusExMachina","Evaluate+1","Blind+1","InnerPeace+1","Halt","CrushJoints+1","LessonLearned+1","Indignation","Tantrum+1","Scrawl","Wallop+1","Alpha+1","LessonLearned+1","Good Instincts+1","Study+1","EmptyBody+1","Halt+1","FollowUp+1","ClearTheMind+1"],"relics":["PureWater","Happy Flower","Dream Catcher","Shovel","Bag of Preparation","Astrolabe","Molten Egg 2","Whetstone","Girya","Strawberry","Mummified Hand"],"acts_visited":["Exordium","TheCity"],"potions_floor_usage":[7,13,14,14,16,22,24,33,33],"damage_taken":[{"damage":1,"enemies":"2 Louse","floor":1,"turns":4},{"damage":0,"enemies":"Cultist","floor":4,"turns":3},{"damage":12,"enemies":"Lagavulin","floor":7,"turns":8},{"damage":1,"enemies":"Jaw Worm","floor":10,"turns":3},{"damage":0,"enemies":"Large Slime","floor":12,"turns":4},{"damage":0,"enemies":"3 Sentries","floor":13,"turns":9},{"damage":0,"enemies":"Looter","floor":14,"turns":1},{"damage":38,"enemies":"Hexaghost","floor":16,"turns":8},{"damage":0,"enemies":"3 Byrds","floor":18,"turns":4},{"damage":0,"enemies":"Spheric Guardian","floor":20,"turns":1},{"damage":27,"enemies":"Centurion and Healer","floor":21,"turns":6},{"damage":15,"enemies":"Snake Plant","floor":22,"turns":3},{"damage":25,"enemies":"Cultist and Chosen","floor":24,"turns":6},{"damage":9,"enemies":"Slavers","floor":30,"turns":5},{"damage":0,"enemies":"Sentry and Sphere","floor":31,"turns":3},{"damage":123,"enemies":"Automaton","floor":33,"turns":6}],"seed_played":"9118140703715566294","potions_obtained":[{"floor":3,"key":"PowerPotion"},{"floor":3,"key":"SkillPotion"},{"floor":3,"key":"Swift Potion"},{"floor":10,"key":"Dexterity Potion"},{"floor":13,"key":"DuplicationPotion"},{"floor":16,"key":"Energy Potion"},{"floor":18,"key":"Swift Potion"},{"floor":21,"key":"SpeedPotion"},{"floor":22,"key":"LiquidMemories"},{"floor":24,"key":"BlessingOfTheForge"}],"is_trial":false,"path_per_floor":["M","$","?","M","$","R","E","R","T","M","?","M","E","M","R","B",null,"M","$","M","M","M","R","M","T","T","T","R","$","E","M","R","B"],"character_chosen":"WATCHER","items_purchased":["Blind","Good Instincts","Girya"],"campfire_rested":2,"item_purchase_floors":[2,19,29],"current_hp_per_floor":[71,71,71,71,71,71,59,59,59,58,58,58,58,58,58,20,59,59,59,59,32,17,38,13,13,13,13,34,34,32,32,32,0,0],"gold":69,"neow_bonus":"ONE_RANDOM_RARE_CARD","is_daily":false,"chose_seed":false,"campfire_upgraded":2,"win_rate":0.0,"timestamp":1612676790,"path_taken":["M","$","?","M","?","R","E","R","T","M","?","M","E","M","R","BOSS","M","$","?","M","M","R","M","?","T","?","R","$","E","M","R","BOSS"],"items_purchased_type":["Card","Card","Relic"],"build_version":"2020-12-22","purchased_purges":1,"victory":false,"max_hp_per_floor":[72,72,72,72,72,72,72,72,72,72,72,72,72,72,72,72,72,72,72,72,72,72,72,72,72,72,72,72,72,79,79,79,79,79],"card_choices":[{"not_picked":["CrushJoints","FlyingSleeves"],"picked":"Evaluate","floor":1},{"not_picked":["EmptyBody","EmptyFist"],"picked":"InnerPeace","floor":4},{"not_picked":["BowlingBash","DeceiveReality"],"picked":"Halt","floor":7},{"not_picked":["Weave","FlyingSleeves"],"picked":"CrushJoints","floor":10},{"not_picked":["ThirdEye","ReachHeaven"],"picked":"LessonLearned","floor":12},{"not_picked":["Wireheading","TalkToTheHand"],"picked":"Indignation","floor":13},{"not_picked":["LikeWater","Swivel"],"picked":"Tantrum","floor":14},{"not_picked":["Brilliance","ConjureBlade"],"picked":"Scrawl","floor":16},{"not_picked":["ThirdEye","Tantrum+1","CarveReality+1"],"picked":"SKIP","floor":18},{"not_picked":["EmptyBody","Worship","Crescendo+1"],"picked":"SKIP","floor":20},{"not_picked":["BowlingBash+1","Crescendo"],"picked":"Study","floor":21},{"not_picked":["CarveReality","Prostrate"],"picked":"EmptyBody+1","floor":22},{"not_picked":["PathToVictory","MentalFortress+1"],"picked":"Halt+1","floor":24},{"not_picked":["Evaluate","ThirdEye"],"picked":"FollowUp+1","floor":30},{"not_picked":["Tantrum+1","Wireheading"],"picked":"ClearTheMind+1","floor":31}],"player_experience":375449,"relics_obtained":[{"floor":7,"key":"Happy Flower"},{"floor":9,"key":"Dream Catcher"},{"floor":13,"key":"Shovel"},{"floor":15,"key":"Bag of Preparation"},{"floor":25,"key":"Molten Egg 2"},{"floor":27,"key":"Whetstone"},{"floor":30,"key":"Strawberry"},{"floor":32,"key":"Mummified Hand"}],"event_choices":[{"damage_healed":0,"gold_gain":0,"player_choice":"Got Potions","damage_taken":0,"max_hp_gain":0,"max_hp_loss":0,"event_name":"Lab","floor":3,"gold_loss":0},{"damage_healed":0,"gold_gain":100,"player_choice":"Pray","damage_taken":0,"max_hp_gain":0,"max_hp_loss":0,"event_name":"Golden Shrine","floor":11,"gold_loss":0}],"is_beta":false,"boss_relics":[{"not_picked":["Snecko Eye","Busted Crown"],"picked":"Astrolabe"}],"items_purged_floors":[19],"is_endless":false,"potions_floor_spawned":[4,10,13,16,18,21,22,24],"killed_by":"Automaton","ascension_level":5}}