{"host":"m7jrdcbl89w2s34c","time":1612703063,"event":{"mods":["AchievementEnabler","BaseMod","Bestiary","Block Reminder","Colored Map","Colored Powertips","Minty Spire (QoL Compilation)","Permanent Neow","Relic Stats","StSLib"],"gold_per_floor":[118,37,37,53,69,69,98,115,139,139,186,186,216,235,235,309,309,325,325,336,353,353,353,20,20,44,59,23,40,40,50,50,123,123,135,148,148,148,48,73,73,88,115,133,133,146,1,19,19,19],"floor_reached":51,"language":"ENG","playtime":3820,"items_purged":["Pain","Writhe","Defend_B"],"score":1239,"play_id":"b4d321a6-e08d-4db1-a9b7-ae459fc86600","local_time":"20210207140423","is_ascension_mode":true,"campfire_choices":[{"data":"Zap","floor":6,"key":"SMITH"},{"floor":10,"key":"REST"},{"floor":15,"key":"REST"},{"data":"Defragment","floor":23,"key":"SMITH"},{"data":"Defragment","floor":25,"key":"SMITH"},{"data":"Mind Blast","floor":30,"key":"SMITH"},{"data":"Loop","floor":32,"key":"SMITH"},{"data":"Creative AI","floor":41,"key":"SMITH"},{"data":"Loop","floor":45,"key":"SMITH"},{"data":"Echo Form","floor":49,"key":"SMITH"}],"circlet_count":0,"master_deck":["AscendersBane","Strike_B","Strike_B","Strike_B","Strike_B","Defend_B","Defend_B","Defend_B","Zap+1","Dualcast","Cold Snap","Glacier","Coolheaded","Reinforced Body","Glacier","Defragment+1","Conserve Battery","Creative AI","Mind Blast+1","Creative AI+1","Coolheaded","Loop+1","Defragment+1","Defragment+1","Compile Driver","Reinforced Body","Loop+1","Capacitor+1","Echo Form+1","Conserve Battery+1","Capacitor","Echo Form","Auto Shields+1","Leap+1","Go for the Eyes"],"relics":["Cracked Core","NeowsBlessing","WarpedTongs","Centennial Puzzle","Bronze Scales","Potion Belt","MealTicket","Coffee Dripper","DollysMirror","Pen Nib","Snecko Eye","Toxic Egg 2","Smiling Mask"],"acts_visited":["Exordium","TheCity","TheBeyond"],"potions_floor_usage":[14,16,21,33,42,48,50,50,50,50],"damage_taken":[{"damage":0,"enemies":"2 Louse","floor":1,"turns":1},{"damage":0,"enemies":"Cultist","floor":4,"turns":1},{"damage":0,"enemies":"Small Slimes","floor":5,"turns":1},{"damage":34,"enemies":"Gremlin Nob","floor":7,"turns":5},{"damage":7,"enemies":"Looter","floor":8,"turns":3},{"damage":7,"enemies":"3 Sentries","floor":13,"turns":10},{"damage":7,"enemies":"Lots of Slimes","floor":14,"turns":3},{"damage":36,"enemies":"Hexaghost","floor":16,"turns":16},{"damage":5,"enemies":"Shell Parasite","floor":18,"turns":9},{"damage":23,"enemies":"Chosen","floor":20,"turns":6},{"damage":13,"enemies":"Snecko","floor":21,"turns":7},{"damage":19,"enemies":"Snake Plant","floor":27,"turns":3},{"damage":4,"enemies":"Centurion and Healer","floor":29,"turns":11},{"damage":18,"enemies":"Chosen and Byrds","floor":31,"turns":8},{"damage":0,"enemies":"Champ","floor":33,"turns":12},{"damage":9,"enemies":"3 Shapes","floor":35,"turns":5},{"damage":0,"enemies":"3 Darklings","floor":36,"turns":6},{"damage":0,"enemies":"Giant Head","floor":40,"turns":9},{"damage":0,"enemies":"4 Shapes","floor":42,"turns":4},{"damage":0,"enemies":"Maw","floor":44,"turns":8},{"damage":3,"enemies":"Sphere and 2 Shapes","floor":46,"turns":5},{"damage":0,"enemies":"3 Darklings","floor":48,"turns":6},{"damage":13,"enemies":"Awakened One","floor":50,"turns":17}],"seed_played":"1063052106799640912","potions_obtained":[{"floor":7,"key":"DistilledChaos"},{"floor":13,"key":"SkillPotion"},{"floor":14,"key":"Energy Potion"},{"floor":16,"key":"Energy Potion"},{"floor":18,"key":"Strength Potion"},{"floor":29,"key":"PotionOfCapacity"},{"floor":31,"key":"FearPotion"},{"floor":35,"key":"EssenceOfDarkness"},{"floor":40,"key":"DistilledChaos"},{"floor":42,"key":"ColorlessPotion"},{"floor":46,"key":"LiquidBronze"},{"floor":48,"key":"Strength Potion"}],"is_trial":false,"path_per_floor":["M","$","?","M","M","R","E","M","T","R","T","?","E","M","R","B",null,"M","?","M","M","?","R","$","R","T","M","$","M","R","M","R","B",null,"M","M","?","?","$","E","R","M","T","M","R","M","$","M","R","B",null],"character_chosen":"DEFECT","items_purchased":["Glacier","DollysMirror","Defragment","Compile Driver","Loop","Leap+1","FocusPotion"],"campfire_rested":2,"item_purchase_floors":[2,24,24,24,28,47,47],"current_hp_per_floor":[64,64,64,64,64,64,30,23,23,44,44,44,37,30,51,15,57,52,52,29,16,71,71,71,71,71,52,67,63,63,45,45,45,65,56,56,71,71,71,71,71,71,71,71,71,68,71,71,71,58],"gold":19,"neow_bonus":"THREE_ENEMY_KILL","is_daily":false,"chose_seed":false,"campfire_upgraded":8,"win_rate":0.0,"timestamp":1612703063,"path_taken":["M","$","?","M","?","R","E","M","T","R","?","?","E","M","R","BOSS","M","?","?","M","?","R","$","R","T","M","?","M","R","M","R","BOSS","M","M","?","?","$","E","R","M","T","M","R","M","$","M","R","BOSS"],"items_purchased_type":["Card","Relic","Card","Card","Card","Card","Potion"],"build_version":"2020-12-22","purchased_purges":3,"victory":true,"max_hp_per_floor":[71,71,71,71,71,71,71,71,71,71,71,71,71,71,71,71,71,71,71,71,71,71,71,71,71,71,71,71,71,71,71,71,71,71,71,71,71,71,71,71,71,71,71,71,71,71,71,71,71,71],"relic_stats":{"Centennial Puzzle":[39],"counters":[23,155],"Bronze Scales":[484],"Snecko Eye":[97,111,99,105],"MealTicket":18,"Pen Nib":[9],"Smiling Mask":75,"obtain_stats":[{"Potion Belt":11,"NeowsBlessing":0,"Pen Nib":26,"Smiling Mask":43,"WarpedTongs":3,"Centennial Puzzle":7,"DollysMirror":24,"Bronze Scales":9,"Snecko Eye":34,"MealTicket":13,"Coffee Dripper":17,"Toxic Egg 2":40,"Cracked Core":0},{"Potion Belt":5,"NeowsBlessing":0,"Pen Nib":11,"Smiling Mask":19,"WarpedTongs":1,"Centennial Puzzle":4,"DollysMirror":11,"Bronze Scales":5,"Snecko Eye":15,"MealTicket":6,"Coffee Dripper":8,"Toxic Egg 2":18,"Cracked Core":0},{"Potion Belt":11,"NeowsBlessing":0,"Pen Nib":62,"Smiling Mask":120,"WarpedTongs":1,"Centennial Puzzle":8,"DollysMirror":62,"Bronze Scales":11,"Snecko Eye":96,"MealTicket":21,"Coffee Dripper":40,"Toxic Egg 2":116,"Cracked Core":0}],"WarpedTongs":[152]},"card_choices":[{"not_picked":["Compile Driver","Sweeping Beam"],"picked":"Cold Snap","floor":1},{"not_picked":["Redo","Beam Cell","Thunder Strike"],"picked":"SKIP","floor":4},{"not_picked":["Melter","Conserve Battery"],"picked":"Coolheaded","floor":5},{"not_picked":["Skim","Rebound"],"picked":"Reinforced Body","floor":7},{"not_picked":["Turbo","Sweeping Beam"],"picked":"Glacier","floor":8},{"not_picked":["Consume","White Noise"],"picked":"Defragment","floor":13},{"not_picked":["Scrape","Blizzard"],"picked":"Conserve Battery","floor":14},{"not_picked":["All For One","Electrodynamics"],"picked":"Creative AI","floor":16},{"not_picked":["Stack","Genetic Algorithm","Scrape"],"picked":"SKIP","floor":18},{"not_picked":["Static Discharge+1","Redo"],"picked":"Coolheaded","floor":20},{"not_picked":["Force Field","Double Energy"],"picked":"Loop","floor":21},{"not_picked":["Barrage","Gash"],"picked":"Reinforced Body","floor":27},{"not_picked":["Hello World","Static Discharge","Redo"],"picked":"SKIP","floor":29},{"not_picked":["Amplify","Barrage"],"picked":"Capacitor+1","floor":31},{"not_picked":["Machine Learning","Hyperbeam"],"picked":"Echo Form","floor":33},{"not_picked":["Redo+1","Force Field+1","Scrape"],"picked":"SKIP","floor":35},{"not_picked":["Streamline","Sweeping Beam","Static Discharge+1"],"picked":"SKIP","floor":36},{"not_picked":["Gash","Streamline+1"],"picked":"Conserve Battery+1","floor":40},{"not_picked":["Loop","Cold Snap"],"picked":"Capacitor","floor":42},{"not_picked":["Redo+1","Rebound"],"picked":"Echo Form","floor":44},{"not_picked":["Doom and Gloom","Hologram+1"],"picked":"Auto Shields+1","floor":46},{"not_picked":["Beam Cell+1","Double Energy+1"],"picked":"Go for the Eyes","floor":48}],"player_experience":250278,"relics_obtained":[{"floor":7,"key":"Centennial Puzzle"},{"floor":9,"key":"Bronze Scales"},{"floor":11,"key":"Potion Belt"},{"floor":13,"key":"MealTicket"},{"floor":26,"key":"Pen Nib"},{"floor":40,"key":"Toxic Egg 2"},{"floor":43,"key":"Smiling Mask"}],"event_choices":[{"damage_healed":0,"gold_gain":0,"player_choice":"Rummage","damage_taken":0,"relics_obtained":["WarpedTongs"],"max_hp_gain":0,"max_hp_loss":0,"event_name":"Accursed Blacksmith","floor":3,"gold_loss":0,"cards_obtained":["Pain"]},{"damage_healed":0,"gold_gain":0,"player_choice":"Ignored","damage_taken":0,"max_hp_gain":0,"max_hp_loss":0,"event_name":"Golden Idol","floor":12,"gold_loss":0},{"damage_healed":0,"gold_gain":0,"player_choice":"2 cards matched","damage_taken":0,"max_hp_gain":0,"max_hp_loss":0,"event_name":"Match and Keep!","floor":19,"gold_loss":0,"cards_obtained":["Mind Blast","Creative AI"]},{"damage_healed":55,"gold_gain":0,"player_choice":"Full Heal","damage_taken":0,"max_hp_gain":0,"max_hp_loss":0,"event_name":"Wheel of Change","floor":22,"gold_loss":0},{"damage_healed":18,"gold_gain":0,"player_choice":"Writhe","damage_taken":0,"max_hp_gain":0,"max_hp_loss":0,"event_name":"Winding Halls","floor":37,"gold_loss":0,"cards_obtained":["Writhe"]},{"damage_healed":0,"gold_gain":0,"player_choice":"Bought 0 Potions","damage_taken":0,"max_hp_gain":0,"max_hp_loss":0,"event_name":"The Woman in Blue","floor":38,"gold_loss":0}],"is_beta":false,"boss_relics":[{"not_picked":["Black Star","Fusion Hammer"],"picked":"Coffee Dripper"},{"not_picked":["Pandora\u0027s Box","Empty Cage"],"picked":"Snecko Eye"}],"items_purged_floors":[24,39,47],"is_endless":false,"potions_floor_spawned":[7,13,14,16,18,29,31,35,40,42,46,48],"ascension_level":14}}