{"host":"kkheweh6jrpo3b02","time":1612732680,"event":{"mods":["AchievementEnabler","BaseMod","Colored Map","Googly Eyes","Jorbs\u0027s Wanderer Trilogy","Minty Spire (QoL Compilation)","Quick Restart","Replay The Spire","StSLib","SuperFastMode","The Construct","The Runesmith"],"gold_per_floor":[116,66,80,80,100,133,133,58,84,115,115,148,200,375,375,475,475,491,491,21,38,38,38,78,101,101,101,16,16,16,16,16,123,123,141,156,256,312,312,352,352,352,375,88,88,88,124,153,153,159],"floor_reached":51,"language":"ENG","playtime":3013,"items_purged":["Runesmith:Strike_RS","Runesmith:Strike_RS","Looming Evil"],"score":868,"play_id":"24418ba8-1352-452a-881e-8b649ad78766","local_time":"20210207161800","is_ascension_mode":true,"campfire_choices":[{"floor":7,"key":"REST"},{"data":"Runesmith:Firestorm","floor":11,"key":"SMITH"},{"data":"Runesmith:HammerThrow","floor":15,"key":"SMITH"},{"floor":23,"key":"REST"},{"floor":27,"key":"REST"},{"data":"Runesmith:GoWithTheFlow","floor":32,"key":"SMITH"},{"floor":46,"key":"REST"},{"floor":49,"key":"REST"}],"circlet_count":0,"master_deck":["Runesmith:Defend_RS","Runesmith:Defend_RS","Runesmith:Defend_RS","Runesmith:Defend_RS","Runesmith:CraftFirestone","Runesmith:Fortify+1","Runesmith:Firestorm+1","Runesmith:HammerThrow+1","Runesmith:Grindstone","Runesmith:Firewall+1","Runesmith:Retool+1","Runesmith:Grindstone+1","Runesmith:CreatorForm+1","Runesmith:HeatExchange","Runesmith:Reinforce","Runesmith:LithiumIon+1","Apotheosis+1","Runesmith:CraftIncendium+1","Runesmith:GoWithTheFlow+1","Runesmith:UnlimitedPower","Runesmith:CraftSpiculum","Runesmith:Malloc","Runesmith:BackupBattery+1","Shame","Runesmith:GrandSlam"],"relics":["Runesmith:BrokenRuby","Gremlin Food","Strawberry","Juzu Bracelet","ReplayTheSpireMod:Shallot","Omamori","Chameleon Ring","Sozu","Replay:Bandana","ReplayFunnel","Replay:Bottled Snecko","Replay:Ringing Soul","Darkstone Periapt","Cursed Key","Du-Vu Doll","construct:RocketBooster","Ring of Chaos","Simple Rune","Replay:Baseball"],"acts_visited":["Exordium","TheCity","TheBeyond"],"potions_floor_usage":[24,50],"damage_taken":[{"damage":2,"enemies":"Jaw Worm","floor":1,"turns":4},{"damage":0,"enemies":"Small Slimes","floor":3,"turns":4},{"damage":2,"enemies":"Cultist","floor":5,"turns":5},{"damage":21,"enemies":"3 Sentries","floor":6,"turns":9},{"damage":10,"enemies":"Lagavulin","floor":10,"turns":7},{"damage":0,"enemies":"Replay:BlueRogue","floor":12,"turns":7},{"damage":5,"enemies":"The Guardian","floor":16,"turns":12},{"damage":4,"enemies":"Chosen","floor":18,"turns":6},{"damage":6,"enemies":"2 Thieves","floor":21,"turns":4},{"damage":24,"enemies":"Slavers","floor":24,"turns":5},{"damage":0,"enemies":"Snake Plant","floor":25,"turns":4},{"damage":13,"enemies":"Champ","floor":33,"turns":10},{"damage":1,"enemies":"Orb Walker","floor":35,"turns":5},{"damage":0,"enemies":"3 Shapes","floor":36,"turns":4},{"damage":0,"enemies":"2 Orb Walkers","floor":38,"turns":5},{"damage":16,"enemies":"Reptomancer","floor":40,"turns":5},{"damage":6,"enemies":"Nemesis","floor":47,"turns":4},{"damage":5,"enemies":"Sphere and 2 Shapes","floor":48,"turns":4},{"damage":40,"enemies":"Donu and Deca","floor":50,"turns":7}],"seed_played":"7549956199322473941","potions_obtained":[{"floor":1,"key":"Milkshake"},{"floor":5,"key":"SteroidPotion"},{"floor":13,"key":"Adrenaline Potion"},{"floor":16,"key":"Elixir"}],"is_trial":false,"path_per_floor":["M","?","M","?","M","E","R","$","T","E","R","E","?","?","R","B",null,"M","?","$","M","?","R","E","M","T","R","?","?","$","T","R","B",null,"M","M","?","?","?","E","?","?","T","$","?","R","E","M","R","B",null],"character_chosen":"RUNESMITH_CLASS","items_purchased":["Runesmith:LithiumIon","Apotheosis","Replay:Bandana","Runesmith:GrandSlam"],"campfire_rested":5,"item_purchase_floors":[20,20,20,44],"current_hp_per_floor":[68,68,68,68,66,52,75,75,75,65,65,65,65,65,65,60,77,73,73,73,67,67,77,53,53,53,76,76,76,76,76,76,66,80,82,85,85,88,88,72,81,81,90,93,93,110,104,99,110,70],"gold":159,"neow_bonus":"RANDOM_COMMON_RELIC","is_daily":false,"chose_seed":false,"campfire_upgraded":3,"win_rate":0.0,"timestamp":1612732680,"path_taken":["M","?","M","?","?","E","R","?","T","E","R","E","?","?","R","BOSS","M","?","?","M","?","R","E","M","T","R","?","?","?","?","R","BOSS","M","M","?","?","?","E","?","?","T","$","?","R","E","M","R","BOSS"],"items_purchased_type":["Card","Card","Relic","Card"],"build_version":"2020-12-22","purchased_purges":3,"victory":true,"max_hp_per_floor":[70,70,70,70,70,77,77,77,77,77,77,77,77,77,77,77,77,77,77,77,77,77,77,77,77,77,77,77,77,77,77,77,80,80,83,86,86,89,89,89,98,98,107,110,110,110,110,110,110,110],"card_choices":[{"not_picked":["Runesmith:UnstableHammer","Runesmith:Superposition"],"picked":"Runesmith:Firestorm","floor":1},{"not_picked":["Runesmith:UnstableHammer","Runesmith:Superposition"],"picked":"Runesmith:HammerThrow","floor":3},{"not_picked":["Runesmith:ChargedHammer","Runesmith:Electrocute"],"picked":"Runesmith:Firewall","floor":5},{"not_picked":["Runesmith:EnergizedChisel","Runesmith:HeatedChisel","Runesmith:CraftPrismatica"],"picked":"SKIP","floor":6},{"not_picked":["Runesmith:HeatedChisel","Runesmith:EarthShield","Runesmith:HeatExchange"],"picked":"SKIP","floor":10},{"not_picked":["Runesmith:CraftMagma","Runesmith:ShiftingStrike"],"picked":"Runesmith:Retool","floor":12},{"not_picked":["Runesmith:CraftProtectio","Runesmith:BackupBattery"],"picked":"Runesmith:Grindstone","floor":13},{"not_picked":["Runesmith:Duplicate","Runesmith:DuctTape"],"picked":"Runesmith:CreatorForm","floor":16},{"not_picked":["Runesmith:Terraform","Runesmith:FieryHammer"],"picked":"Runesmith:HeatExchange","floor":18},{"not_picked":["Runesmith:CraftProtectio+1","Runesmith:CraftVitae"],"picked":"Runesmith:CraftIncendium+1","floor":21},{"not_picked":["Runesmith:Terraform","Runesmith:EnergizedChisel"],"picked":"Runesmith:GoWithTheFlow","floor":24},{"not_picked":["Runesmith:EarthShield+1","Runesmith:ShiftingStrike","Runesmith:Prism"],"picked":"SKIP","floor":25},{"not_picked":["Runesmith:Supernova","Runesmith:CraftMedicinae"],"picked":"Runesmith:UnlimitedPower","floor":33},{"not_picked":["Runesmith:HeatExchange","Runesmith:ShiftingStrike+1"],"picked":"Runesmith:CraftSpiculum","floor":35},{"not_picked":["Runesmith:PerfectChisel","Runesmith:WhiteBalance"],"picked":"Runesmith:Malloc","floor":36},{"not_picked":["Runesmith:HeatedChisel+1","Runesmith:Firewall+1"],"picked":"Runesmith:BackupBattery+1","floor":38},{"not_picked":["Runesmith:StaticCage","Runesmith:HammerThrow+1","Runesmith:NegativeSpace+1"],"picked":"SKIP","floor":40},{"not_picked":["Runesmith:HammerThrow+1","Runesmith:StaticCage+1","Runesmith:CraftIncendium+1"],"picked":"SKIP","floor":47},{"not_picked":["Runesmith:EarthShield+1","Runesmith:UnstableHammer+1","Runesmith:CraftVitae"],"picked":"SKIP","floor":48}],"player_experience":513884,"relics_obtained":[{"floor":6,"key":"Strawberry"},{"floor":9,"key":"Juzu Bracelet"},{"floor":10,"key":"ReplayTheSpireMod:Shallot"},{"floor":12,"key":"Omamori"},{"floor":13,"key":"Chameleon Ring"},{"floor":24,"key":"ReplayFunnel"},{"floor":26,"key":"Replay:Bottled Snecko"},{"floor":31,"key":"Darkstone Periapt"},{"floor":38,"key":"Du-Vu Doll"},{"floor":40,"key":"construct:RocketBooster"},{"floor":41,"key":"Ring of Chaos"},{"floor":43,"key":"Simple Rune"},{"floor":47,"key":"Replay:Baseball"}],"event_choices":[{"cards_removed":["Runesmith:Strike_RS"],"damage_healed":0,"gold_gain":0,"player_choice":"Card Removal","damage_taken":0,"max_hp_gain":0,"max_hp_loss":0,"event_name":"The Cleric","floor":2,"gold_loss":50},{"damage_healed":0,"gold_gain":0,"cards_transformed":["Runesmith:Strike_RS"],"player_choice":"Transformed","damage_taken":0,"max_hp_gain":0,"max_hp_loss":0,"event_name":"Transmorgrifier","floor":4,"gold_loss":0,"cards_obtained":["Runesmith:Grindstone"]},{"damage_healed":0,"gold_gain":175,"player_choice":"AGREE","damage_taken":0,"max_hp_gain":0,"max_hp_loss":0,"event_name":"Liars Game","floor":14,"gold_loss":0,"cards_obtained":["Doubt"]},{"damage_healed":0,"gold_gain":0,"player_choice":"1 cards matched","damage_taken":0,"max_hp_gain":0,"max_hp_loss":0,"event_name":"Match and Keep!","floor":19,"gold_loss":0,"cards_obtained":["Runesmith:Reinforce"]},{"damage_healed":0,"gold_gain":0,"player_choice":"Forge","damage_taken":0,"max_hp_gain":0,"max_hp_loss":0,"event_name":"Accursed Blacksmith","floor":22,"gold_loss":0,"cards_upgraded":["Apotheosis"]},{"damage_healed":0,"gold_gain":0,"player_choice":"Obtained Relic","damage_taken":0,"relics_obtained":["Replay:Ringing Soul"],"max_hp_gain":0,"max_hp_loss":0,"event_name":"Addict","floor":28,"gold_loss":85},{"damage_healed":0,"gold_gain":0,"player_choice":"Upgraded","damage_taken":0,"max_hp_gain":0,"max_hp_loss":0,"event_name":"Upgrade Shrine","floor":29,"gold_loss":0,"cards_upgraded":["Runesmith:CreatorForm"]},{"damage_healed":0,"gold_gain":100,"player_choice":"Pray","damage_taken":0,"max_hp_gain":0,"max_hp_loss":0,"event_name":"Golden Shrine","floor":37,"gold_loss":0},{"damage_healed":0,"gold_gain":0,"player_choice":"Fight","damage_taken":0,"max_hp_gain":0,"max_hp_loss":0,"event_name":"Mysterious Sphere","floor":38,"gold_loss":0},{"damage_healed":0,"gold_gain":0,"player_choice":"Ignored","damage_taken":0,"max_hp_gain":0,"max_hp_loss":0,"event_name":"Tomb of Lord Red Mask","floor":39,"gold_loss":0},{"damage_healed":0,"gold_gain":0,"player_choice":"Bought 0 Potions","damage_taken":0,"max_hp_gain":0,"max_hp_loss":0,"event_name":"The Woman in Blue","floor":42,"gold_loss":0},{"damage_healed":0,"gold_gain":0,"player_choice":"Memory 1","damage_taken":0,"max_hp_gain":0,"max_hp_loss":0,"event_name":"SensoryStone","floor":45,"gold_loss":0}],"is_beta":false,"boss_relics":[{"not_picked":["Replay:Bronze Core","Runic Dome"],"picked":"Sozu"},{"not_picked":["Tiny House","ChewingGum"],"picked":"Cursed Key"}],"items_purged_floors":[8,20,44],"is_endless":false,"potions_floor_spawned":[1,5,16,18,25,35,47,48],"ascension_level":1}}