{"host":"oigynbtg272c19pw","time":1612711017,"event":{"mods":["BaseMod","Colored Map","Minty Spire (QoL Compilation)","Relic Stats","Slay the Relics Exporter","StSLib"],"gold_per_floor":[117,117,77,97,22,53,68,68,68],"floor_reached":8,"playtime":178,"items_purged":[],"score":162,"play_id":"a31ea6e3-7677-4799-925e-e054320c016b","local_time":"20210207161657","is_ascension_mode":true,"campfire_choices":[],"circlet_count":0,"master_deck":["AscendersBane","Strike_P","Strike_P","Strike_P","Defend_P","Defend_P","Defend_P","Defend_P","Eruption","Vigilance","CutThroughFate","BowlingBash","TalkToTheHand","ThirdEye"],"relics":["PureWater","NeowsBlessing","Golden Idol","Bag of Marbles"],"acts_visited":["Exordium"],"potions_floor_usage":[8],"damage_taken":[{"damage":0,"enemies":"Jaw Worm","floor":1,"turns":1},{"damage":0,"enemies":"Cultist","floor":4,"turns":1},{"damage":0,"enemies":"3 Sentries","floor":6,"turns":1},{"damage":0,"enemies":"2 Louse","floor":7,"turns":1},{"damage":9,"enemies":"Lagavulin","floor":8,"turns":7}],"seed_played":"8511261493520777076","potions_obtained":[{"floor":3,"key":"Ambrosia"},{"floor":3,"key":"Explosive Potion"}],"is_trial":false,"path_per_floor":["M","?","?","M","?","E","M","E"],"character_chosen":"WATCHER","items_purchased":[],"campfire_rested":0,"item_purchase_floors":[],"current_hp_per_floor":[61,61,61,61,61,61,61,52,52],"gold":68,"neow_bonus":"THREE_ENEMY_KILL","is_daily":false,"chose_seed":false,"campfire_upgraded":0,"win_rate":0.0,"timestamp":1612711017,"path_taken":["M","?","?","?","?","E","M","E"],"items_purchased_type":[],"build_version":"2020-12-13","purchased_purges":0,"victory":false,"max_hp_per_floor":[68,62,62,62,62,62,62,62,62],"relic_stats":{"counters":[5,11],"Golden Idol":13,"obtain_stats":[{"NeowsBlessing":0,"Golden Idol":2,"Bag of Marbles":6,"PureWater":0},{"NeowsBlessing":0,"Golden Idol":1,"Bag of Marbles":3,"PureWater":0},{"NeowsBlessing":0,"Golden Idol":1,"Bag of Marbles":3,"PureWater":0}]},"card_choices":[{"not_picked":["JustLucky","FollowUp"],"picked":"CutThroughFate","floor":1},{"not_picked":["Halt","PathToVictory"],"picked":"BowlingBash","floor":4},{"not_picked":["FlyingSleeves","Wish"],"picked":"TalkToTheHand","floor":6},{"not_picked":["ClearTheMind","FlyingSleeves"],"picked":"ThirdEye","floor":7}],"player_experience":1560286,"relics_obtained":[{"floor":6,"key":"Bag of Marbles"}],"event_choices":[{"damage_healed":0,"gold_gain":0,"player_choice":"Lose Max HP","damage_taken":0,"relics_obtained":["Golden Idol"],"max_hp_gain":0,"max_hp_loss":6,"event_name":"Golden Idol","floor":2,"gold_loss":0},{"damage_healed":0,"gold_gain":0,"player_choice":"Bought 3 Potions","damage_taken":0,"max_hp_gain":0,"max_hp_loss":0,"event_name":"The Woman in Blue","floor":3,"gold_loss":0},{"cards_removed":["Strike_P"],"damage_healed":0,"gold_gain":0,"player_choice":"Card Removal","damage_taken":0,"max_hp_gain":0,"max_hp_loss":0,"event_name":"The Cleric","floor":5,"gold_loss":75}],"is_beta":false,"boss_relics":[],"items_purged_floors":[],"is_endless":false,"potions_floor_spawned":[6],"killed_by":"Lagavulin","ascension_level":20}}