{"host":"id1lehtnb7dzklac","time":1612706700,"event":{"mods":["AchievementEnabler","BaseMod","Bestiary","Block Reminder","Colored Map","Highlight Path","Minty Spire (QoL Compilation)","Permanent Neow","Quick Restart","Random Character Button","StSLib","slay the spire mod where everything is the same but ironclad has a cowboy hat"],"gold_per_floor":[119,137,148,160,172,201,201,226,226,243,277,227,262,282,282,388,388,416,450,262,262,276,304,313,330,330,330,330],"floor_reached":27,"language":"ENG","playtime":967,"items_purged":["Strike_P"],"score":410,"play_id":"f7f3031c-2ed7-46cd-9cfb-230b3097784f","local_time":"20210207220500","is_ascension_mode":true,"campfire_choices":[{"floor":7.0,"key":"RECALL"},{"floor":15.0,"key":"REST"}],"circlet_count":0,"master_deck":["Strike_P","Defend_P+1","Defend_P","Defend_P+1","Defend_P","Eruption+1","Vigilance","Wallop","EmptyFist+1","EmptyFist","TalkToTheHand","FlurryOfBlows","Omniscience","DeusExMachina","TalkToTheHand","CutThroughFate","Pain"],"relics":["Fusion Hammer","Art of War","Singing Bowl","CeramicFish","Whetstone","Yang","Black Star","Red Mask","Membership Card","Orichalcum","Ancient Tea Set","WarpedTongs","War Paint"],"acts_visited":["Exordium","TheCity"],"potions_floor_usage":[23],"damage_taken":[{"damage":0.0,"enemies":"Small Slimes","floor":1.0,"turns":2.0},{"damage":0.0,"enemies":"2 Louse","floor":2.0,"turns":2.0},{"damage":0.0,"enemies":"Cultist","floor":3.0,"turns":2.0},{"damage":0.0,"enemies":"Large Slime","floor":4.0,"turns":4.0},{"damage":3.0,"enemies":"Gremlin Gang","floor":5.0,"turns":5.0},{"damage":0.0,"enemies":"3 Sentries","floor":6.0,"turns":5.0},{"damage":0.0,"enemies":"Gremlin Nob","floor":8.0,"turns":3.0},{"damage":8.0,"enemies":"Red Slaver","floor":10.0,"turns":2.0},{"damage":8.0,"enemies":"3 Sentries","floor":11.0,"turns":6.0},{"damage":4.0,"enemies":"Lagavulin","floor":13.0,"turns":6.0},{"damage":1.0,"enemies":"Large Slime","floor":14.0,"turns":4.0},{"damage":0.0,"enemies":"Slime Boss","floor":16.0,"turns":5.0},{"damage":0.0,"enemies":"Chosen","floor":18.0,"turns":3.0},{"damage":0.0,"enemies":"Masked Bandits","floor":19.0,"turns":3.0},{"damage":6.0,"enemies":"3 Byrds","floor":22.0,"turns":5.0},{"damage":0,"enemies":"Book of Stabbing","floor":23,"turns":3},{"damage":4,"enemies":"Shelled Parasite and Fungi","floor":25,"turns":6},{"damage":0,"enemies":"Slavers","floor":27,"turns":1}],"seed_played":"-7400700727879540083","potions_obtained":[{"floor":2.0,"key":"LiquidMemories"},{"floor":4.0,"key":"Swift Potion"},{"floor":5.0,"key":"Swift Potion"},{"floor":6.0,"key":"GamblersBrew"},{"floor":19.0,"key":"DistilledChaos"},{"floor":23,"key":"Energy Potion"}],"is_trial":false,"path_per_floor":["M","M","M","M","M","E","R","E","T","M","E","?","E","M","R","B",null,"M","?","$","?","M","E","?","M","T","E"],"character_chosen":"WATCHER","items_purchased":["Membership Card"],"campfire_rested":1,"item_purchase_floors":[20],"current_hp_per_floor":[72,72,72,72,69,69,69,69,69,63,57,57,53,52,74,74,76,76,76,76,76,72,74,74,72,72,72,72],"gold":330,"neow_bonus":"BOSS_RELIC","is_daily":false,"chose_seed":false,"campfire_upgraded":0,"win_rate":0.0,"timestamp":1612706700,"path_taken":["M","M","M","M","M","E","R","E","T","M","E","?","E","M","R","BOSS","M","?","$","?","?","E","?","M","T","E"],"items_purchased_type":["Relic"],"build_version":"2020-12-22","purchased_purges":1,"victory":false,"max_hp_per_floor":[72,72,72,72,72,72,72,72,72,74,76,76,76,76,76,76,76,76,76,76,76,78,80,80,82,82,82,82],"card_choices":[{"not_picked":["BowlingBash","ThirdEye"],"picked":"Wallop","floor":1.0},{"not_picked":["Vengeance","Weave","Pray"],"picked":"SKIP","floor":2.0},{"not_picked":["WaveOfTheHand","SashWhip"],"picked":"EmptyFist","floor":3.0},{"not_picked":["ClearTheMind","MentalFortress"],"picked":"EmptyFist","floor":4.0},{"not_picked":["Consecrate","Halt","SignatureMove"],"picked":"SKIP","floor":5.0},{"not_picked":["WaveOfTheHand","Consecrate","EmptyFist"],"picked":"SKIP","floor":6.0},{"not_picked":["SignatureMove","CutThroughFate"],"picked":"TalkToTheHand","floor":8.0},{"not_picked":["EmptyBody","Halt","WaveOfTheHand"],"picked":"Singing Bowl","floor":10.0},{"not_picked":["JustLucky","CarveReality","ThirdEye"],"picked":"Singing Bowl","floor":11.0},{"not_picked":["Vengeance","Evaluate"],"picked":"FlurryOfBlows","floor":13.0},{"not_picked":["FlurryOfBlows","CutThroughFate"],"picked":"Omniscience","floor":14.0},{"not_picked":["ConjureBlade","Brilliance"],"picked":"DeusExMachina","floor":16.0},{"not_picked":["Weave+1","Crescendo"],"picked":"TalkToTheHand","floor":18.0},{"not_picked":["Consecrate","Pray"],"picked":"CutThroughFate","floor":19.0},{"not_picked":["CrushJoints","CutThroughFate","Halt+1"],"picked":"Singing Bowl","floor":22.0},{"not_picked":["Halt","PathToVictory","Consecrate"],"picked":"Singing Bowl","floor":23},{"not_picked":["Perseverance","SandsOfTime","CrushJoints+1"],"picked":"Singing Bowl","floor":25}],"player_experience":250007,"relics_obtained":[{"floor":6.0,"key":"Art of War"},{"floor":8.0,"key":"Singing Bowl"},{"floor":9.0,"key":"CeramicFish"},{"floor":11.0,"key":"Whetstone"},{"floor":13.0,"key":"Yang"},{"floor":19.0,"key":"Red Mask"},{"floor":23,"key":"Orichalcum"},{"floor":23,"key":"Ancient Tea Set"},{"floor":26,"key":"War Paint"}],"event_choices":[{"cards_removed":["Strike_P"],"damage_healed":0.0,"max_hp_gain":0.0,"max_hp_loss":0.0,"gold_gain":0.0,"event_name":"The Cleric","player_choice":"Card Removal","floor":12.0,"gold_loss":50.0,"damage_taken":0.0},{"damage_healed":0.0,"max_hp_gain":0.0,"max_hp_loss":0.0,"gold_gain":0.0,"event_name":"Masked Bandits","player_choice":"Fought Bandits","floor":19.0,"gold_loss":0.0,"damage_taken":0.0},{"cards_removed":["Strike_P"],"damage_healed":0.0,"max_hp_gain":0.0,"max_hp_loss":0.0,"gold_gain":0.0,"event_name":"Purifier","player_choice":"Purged","floor":21.0,"gold_loss":0.0,"damage_taken":0.0},{"damage_healed":0,"gold_gain":0,"player_choice":"Rummage","damage_taken":0,"relics_obtained":["WarpedTongs"],"max_hp_gain":0,"max_hp_loss":0,"event_name":"Accursed Blacksmith","floor":24,"gold_loss":0,"cards_obtained":["Pain"]}],"is_beta":false,"boss_relics":[{"not_picked":["VioletLotus","Ectoplasm"],"picked":"Black Star"}],"items_purged_floors":[20],"is_endless":false,"potions_floor_spawned":[2,4,5,6,11,19,23],"killed_by":"Slavers","ascension_level":1}}