{"host":"g2yp6paluzgljz05","time":1612690172,"event":{"mods":["BaseMod","Bestiary","Colored Powertips","DeckTracker","Highlight Path","Minty Spire (QoL Compilation)","Quick Restart"],"gold_per_floor":[115,40,40,60,77,105,105,120,120,120,120,120,120,140,140,241,241,253,253,253,253,253,253,253,253],"floor_reached":24,"language":"ENG","playtime":1205,"items_purged":["Strike_R"],"score":288,"play_id":"2daf916b-73f1-4f13-9e48-e83040a2707b","local_time":"20210207202932","is_ascension_mode":true,"campfire_choices":[{"data":"Bash","floor":7,"key":"SMITH"},{"data":"Metallicize","floor":11,"key":"SMITH"},{"floor":13,"key":"REST"},{"floor":15,"key":"REST"},{"data":"Juggernaut","floor":23,"key":"SMITH"}],"circlet_count":0,"master_deck":["AscendersBane","Defend_R+1","Defend_R","Defend_R","Bash+1","Metallicize+1","Battle Trance","Juggernaut+1","Necronomicurse"],"relics":["Burning Blood","White Beast Statue","Sundial","Shuriken","Empty Cage","Necronomicon"],"acts_visited":["Exordium","TheCity"],"potions_floor_usage":[6,16,16,24],"damage_taken":[{"damage":6,"enemies":"2 Louse","floor":1,"turns":4},{"damage":6,"enemies":"Cultist","floor":4,"turns":3},{"damage":9,"enemies":"Small Slimes","floor":5,"turns":4},{"damage":18,"enemies":"3 Sentries","floor":6,"turns":15},{"damage":9,"enemies":"Exordium Wildlife","floor":8,"turns":4},{"damage":23,"enemies":"Exordium Thugs","floor":14,"turns":6},{"damage":16,"enemies":"Slime Boss","floor":16,"turns":10},{"damage":20,"enemies":"Shell Parasite","floor":18,"turns":5},{"damage":68,"enemies":"Gremlin Leader","floor":24,"turns":5}],"seed_played":"5403866725870645614","potions_obtained":[{"floor":5,"key":"HeartOfIron"},{"floor":8,"key":"ColorlessPotion"},{"floor":14,"key":"BlessingOfTheForge"},{"floor":16,"key":"FearPotion"},{"floor":18,"key":"BlessingOfTheForge"}],"is_trial":false,"path_per_floor":["M","$","?","M","M","E","R","M","T","?","R","T","R","M","R","B",null,"M","?","?","?","?","R","E"],"character_chosen":"IRONCLAD","items_purchased":[],"campfire_rested":2,"item_purchase_floors":[],"current_hp_per_floor":[72,72,72,72,69,57,57,54,54,38,38,38,62,45,69,59,75,61,45,45,30,58,58,0,0],"gold":253,"neow_bonus":"REMOVE_CARD","is_daily":false,"chose_seed":false,"campfire_upgraded":3,"win_rate":0.0,"timestamp":1612690172,"path_taken":["M","$","?","M","?","E","R","?","T","?","R","?","R","M","R","BOSS","M","?","?","?","?","R","E"],"items_purchased_type":[],"build_version":"2020-12-22","purchased_purges":1,"victory":false,"max_hp_per_floor":[80,80,80,80,80,80,80,80,80,80,80,80,80,80,80,80,80,80,80,80,85,85,85,85,85],"card_choices":[{"not_picked":["Havoc","Twin Strike","Thunderclap"],"picked":"SKIP","floor":1},{"not_picked":["Blood for Blood","Burning Pact"],"picked":"Metallicize","floor":4},{"not_picked":["Dark Embrace","Flex","Clothesline"],"picked":"SKIP","floor":5},{"not_picked":["Headbutt","Sword Boomerang","Second Wind"],"picked":"SKIP","floor":6},{"not_picked":["Armaments","Sever Soul","Body Slam"],"picked":"SKIP","floor":8},{"not_picked":["Clash","Dark Embrace"],"picked":"Battle Trance","floor":14},{"not_picked":["Bludgeon","Brutality"],"picked":"Juggernaut","floor":16},{"not_picked":["True Grit","Intimidate","Pommel Strike+1"],"picked":"SKIP","floor":18}],"player_experience":335399,"relics_obtained":[{"floor":6,"key":"White Beast Statue"},{"floor":9,"key":"Sundial"},{"floor":12,"key":"Shuriken"},{"floor":19,"key":"Necronomicon"}],"event_choices":[{"cards_removed":["Defend_R"],"damage_healed":0,"gold_gain":0,"player_choice":"Offered Basic","damage_taken":0,"max_hp_gain":0,"max_hp_loss":0,"event_name":"Bonfire Elementals","floor":3,"gold_loss":0},{"damage_healed":0,"gold_gain":0,"player_choice":"Entered Light","damage_taken":16,"max_hp_gain":0,"max_hp_loss":0,"event_name":"Shining Light","floor":10,"gold_loss":0,"cards_upgraded":["Defend_R","Strike_R"]},{"damage_healed":0,"gold_gain":0,"player_choice":"Obtained Book","damage_taken":16,"max_hp_gain":0,"max_hp_loss":0,"event_name":"Cursed Tome","floor":19,"gold_loss":0},{"cards_removed":["Strike_R"],"damage_healed":0,"gold_gain":0,"player_choice":"Elegance","damage_taken":0,"max_hp_gain":0,"max_hp_loss":0,"event_name":"Back to Basics","floor":20,"gold_loss":0},{"damage_healed":0,"gold_gain":0,"player_choice":"Shed Blood","damage_taken":20,"max_hp_gain":5,"max_hp_loss":0,"event_name":"Forgotten Altar","floor":21,"gold_loss":0},{"damage_healed":28,"gold_gain":0,"player_choice":"Heal","damage_taken":0,"max_hp_gain":0,"max_hp_loss":0,"event_name":"The Library","floor":22,"gold_loss":0}],"is_beta":false,"boss_relics":[{"not_picked":["Runic Cube","Calling Bell"],"picked":"Empty Cage"}],"items_purged_floors":[2],"is_endless":false,"potions_floor_spawned":[5,8,14,16,18],"killed_by":"Gremlin Leader","ascension_level":10}}