{"host":"ek3xvuouaw6vk9if","time":1612660273,"event":{"mods":["BaseMod","BetterRewards","Curses Come First","Dark Map","Hubris","Minty Spire (QoL Compilation)","Permanent Neow","Quick Restart","Relic Stats","Replay The Spire","Robot Space Explorer","Spire Arcade","StSLib","The Cursed"],"gold_per_floor":[115,135,151,162,178,208,219,219,243,121,153,173,184,201,201,201,201],"floor_reached":16,"language":"ENG","playtime":10248,"items_purged":[],"score":193,"play_id":"6562e660-fbca-45ec-9707-9d901df82021","local_time":"20210206201113","is_ascension_mode":true,"campfire_choices":[{"floor":8,"key":"REST"},{"floor":15,"key":"REST"}],"circlet_count":0,"master_deck":["TheCursedMod:Strike_TheCursed+1","TheCursedMod:Strike_TheCursed","TheCursedMod:Strike_TheCursed","TheCursedMod:Strike_TheCursed+1","TheCursedMod:Defend_TheCursed","TheCursedMod:Defend_TheCursed","TheCursedMod:Defend_TheCursed","TheCursedMod:Defend_TheCursed","TheCursedMod:CursedWand","TheCursedMod:CleanUpWorkshop","TheCursedMod:Dregs","TheCursedMod:SpreadPlague","TheCursedMod:Stigma","TheCursedMod:Torture","TheCursedMod:SpreadPlague","TheCursedMod:TacticalStrike","TheCursedMod:Stigma","TheCursedMod:CircleOfCorruption","TheCursedMod:SurpriseAttack","TheCursedMod:StingEye","TheCursedMod:Stigma","TheCursedMod:SpitefulPray"],"relics":["TheCursedMod:BlackMagic101","hubris:FunFungus","ReplayTheSpireMod:Lightbulb","Happy Flower","Whetstone","Pen Nib"],"acts_visited":["Exordium"],"potions_floor_usage":[6,11,14,16,16],"damage_taken":[{"damage":7,"enemies":"Jaw Worm","floor":1,"turns":3},{"damage":6,"enemies":"Cultist","floor":2,"turns":3},{"damage":0,"enemies":"2 Louse","floor":3,"turns":2},{"damage":8,"enemies":"Blue Slaver","floor":4,"turns":4},{"damage":0,"enemies":"Exordium Wildlife","floor":5,"turns":3},{"damage":42,"enemies":"3 Sentries","floor":6,"turns":9},{"damage":9,"enemies":"2 Fungi Beasts","floor":7,"turns":4},{"damage":13,"enemies":"Lagavulin","floor":11,"turns":5},{"damage":7,"enemies":"Large Slime","floor":12,"turns":4},{"damage":0,"enemies":"Exordium Wildlife","floor":13,"turns":2},{"damage":0,"enemies":"Blue Slaver","floor":14,"turns":2},{"damage":54,"enemies":"Fading Forest","floor":16,"turns":10}],"seed_played":"-3429506473788711879","potions_obtained":[{"floor":1,"key":"Languid Potion"},{"floor":2,"key":"Adrenaline Potion"},{"floor":6,"key":"Block Potion"},{"floor":11,"key":"LiquidMemories"},{"floor":12,"key":"EssenceOfSteel"}],"is_trial":false,"path_per_floor":["M","M","M","M","M","E","M","R","T","$","E","M","M","M","R","B"],"character_chosen":"THE_CURSED","items_purchased":["ReplayTheSpireMod:Lightbulb","TheCursedMod:SpreadPlague","TheCursedMod:StingEye","TheCursedMod:Stigma"],"campfire_rested":2,"item_purchase_floors":[0,0,10,10],"current_hp_per_floor":[68,62,62,54,54,13,4,26,26,26,13,8,8,8,30,0,0],"gold":201,"neow_bonus":"","is_daily":false,"chose_seed":false,"campfire_upgraded":0,"win_rate":0.0,"timestamp":1612660273,"path_taken":["M","M","M","M","M","E","M","R","T","$","E","M","M","M","R","BOSS"],"items_purchased_type":["Relic","Card","Card","Card"],"build_version":"2020-12-22","purchased_purges":0,"victory":false,"max_hp_per_floor":[75,75,75,75,75,75,75,75,75,75,75,75,75,75,75,75,75],"relic_stats":{"Happy Flower":[9],"counters":[36,165],"Pen Nib":[4],"Whetstone":["TheCursedMod:Strike_TheCursed","TheCursedMod:Strike_TheCursed"],"obtain_stats":[{"ReplayFunnel":7,"Potion Belt":40,"TheCursedMod:BlackMagic101":0,"Singing Bowl":25,"Happy Flower":6,"Golden Idol":14,"Vajra":26,"Pen Nib":11,"Bag of Preparation":48,"Whetstone":9,"hubris:Towel":42,"hubris:EmptyBottle":48,"Replay:Rubber Ducky":29,"hubris:Zylophone":43,"Busted Crown":34,"Chameleon Ring":46,"TheCursedMod:OminousMark":17,"Mummified Hand":10,"Pantograph":30,"hubris:FunFungus":0,"Necronomicon":19,"Durian":23,"Replay:Bottled Snecko":9,"ReplayTheSpireMod:Lightbulb":0},{"ReplayFunnel":6,"Potion Belt":20,"TheCursedMod:BlackMagic101":0,"Singing Bowl":12,"Happy Flower":30,"Golden Idol":8,"Vajra":12,"Pen Nib":32,"Bag of Preparation":23,"Whetstone":31,"hubris:Towel":21,"hubris:EmptyBottle":23,"Replay:Rubber Ducky":13,"hubris:Zylophone":21,"Busted Crown":16,"Chameleon Ring":23,"TheCursedMod:OminousMark":9,"Mummified Hand":8,"Pantograph":14,"hubris:FunFungus":24,"Necronomicon":10,"Durian":11,"Replay:Bottled Snecko":7,"ReplayTheSpireMod:Lightbulb":24},{"ReplayFunnel":21,"Potion Belt":90,"TheCursedMod:BlackMagic101":0,"Singing Bowl":53,"Happy Flower":138,"Golden Idol":31,"Vajra":53,"Pen Nib":147,"Bag of Preparation":107,"Whetstone":142,"hubris:Towel":95,"hubris:EmptyBottle":107,"Replay:Rubber Ducky":57,"hubris:Zylophone":95,"Busted Crown":70,"Chameleon Ring":107,"TheCursedMod:OminousMark":41,"Mummified Hand":31,"Pantograph":62,"hubris:FunFungus":114,"Necronomicon":44,"Durian":48,"Replay:Bottled Snecko":26,"ReplayTheSpireMod:Lightbulb":114}]},"card_choices":[{"not_picked":["TheCursedMod:BloodBarrier","TheCursedMod:VitalStrike"],"picked":"TheCursedMod:Stigma","floor":1},{"not_picked":["TheCursedMod:SpitefulStrike","TheCursedMod:CursedShiv"],"picked":"TheCursedMod:Torture","floor":2},{"not_picked":["TheCursedMod:CircleOfWindfury","TheCursedMod:FleshFromBone"],"picked":"TheCursedMod:SpreadPlague","floor":3},{"not_picked":["TheCursedMod:CircleOfFlame","TheCursedMod:SpitefulStrike"],"picked":"TheCursedMod:TacticalStrike","floor":4},{"not_picked":["TheCursedMod:RavingStaff","TheCursedMod:Stretching"],"picked":"TheCursedMod:Stigma","floor":5},{"not_picked":["TheCursedMod:CursedRelics","TheCursedMod:HellsGateOpen"],"picked":"TheCursedMod:CircleOfCorruption","floor":6},{"not_picked":["TheCursedMod:Wield","TheCursedMod:ReleasedKnowledge"],"picked":"TheCursedMod:SurpriseAttack","floor":7},{"not_picked":["TheCursedMod:SurpriseAttack","TheCursedMod:AshesToAshes"],"picked":"TheCursedMod:SpitefulPray","floor":11},{"not_picked":["TheCursedMod:BlessingInDisguise","TheCursedMod:HellfireBreathing","TheCursedMod:CursedMace"],"picked":"SKIP","floor":12},{"not_picked":["TheCursedMod:CursedAmulet","TheCursedMod:HellsGateOpen","TheCursedMod:CursedMace"],"picked":"SKIP","floor":13},{"not_picked":["TheCursedMod:CursedAmulet","TheCursedMod:CircleOfCorruption","TheCursedMod:Neurasthenia"],"picked":"SKIP","floor":14}],"player_experience":547467,"relics_obtained":[{"floor":6,"key":"Happy Flower"},{"floor":9,"key":"Whetstone"},{"floor":11,"key":"Pen Nib"}],"event_choices":[],"is_beta":false,"boss_relics":[],"items_purged_floors":[],"is_endless":false,"potions_floor_spawned":[1,2,6,11,12],"killed_by":"Fading Forest","ascension_level":3}}