{"host":"xp5rvh2jwe2ejyfm","time":1612732595,"event":{"mods":["2.2 Compatiblity","Aspiration","BaseMod","Better Altar","Better Match","Better Note","Better Sensory Stone","Better Skull","BetterRewards","Colored Powertips","Conspire","Downfall","GifTheSpireLib","Gremlin Mod","GungeonMod","Hermit","Hubris","Jorbs\u0027s Wanderer Trilogy","Minty Spire (QoL Compilation)","Potionbrewer","Quick Restart","Replay The Spire","Robot Space Explorer","Shade Mod","Somnambulant","StSLib","The Bug Knight","The Clintock","The Construct","The Cursed","The Disciple","The Forsaken","The Hierophant","The Necromancer","The Runesmith","The Servant 0.9.4","The Valiant","The Witch","TheFirefly","thorton"],"gold_per_floor":[109,120,120,130,146,180,180,180,180,200,229,154,164,184,184,280,280,293,304,322,334,334,334,347,83,83,3,3,15,32,47,47,47,47],"floor_reached":33,"language":"ENG","playtime":1911,"items_purged":["Sickly"],"score":292,"play_id":"72353c93-f315-4cea-bf95-b34398f0a9cc","local_time":"20210207161635","is_ascension_mode":false,"campfire_choices":[{"data":"potionbrewer:Collect","floor":7,"key":"SMITH"},{"floor":15,"key":"REST"},{"floor":23,"key":"REST"},{"floor":28,"key":"REST"},{"floor":32,"key":"REST"}],"circlet_count":0,"master_deck":["potionbrewer:PotionbrewerStrike","potionbrewer:PotionbrewerStrike","potionbrewer:PotionbrewerStrike","potionbrewer:PotionbrewerStrike","potionbrewer:PotionbrewerDefend","potionbrewer:PotionbrewerDefend","potionbrewer:PotionbrewerDefend","potionbrewer:PotionbrewerDefend","potionbrewer:Collect+1","potionbrewer:ChemicalSpill","potionbrewer:Shovel","potionbrewer:FlareUp","potionbrewer:UnstableFormula","potionbrewer:Experimentation","potionbrewer:Prototype","potionbrewer:FlareUp","potionbrewer:ExplosiveReaction","potionbrewer:Shovel+1","potionbrewer:MicrobeSpray+1","potionbrewer:BlindingMist","potionbrewer:CausticBarrier","potionbrewer:Transmute+1","potionbrewer:MicrobeSpray+1","potionbrewer:ChainReaction+1","potionbrewer:Refill","potionbrewer:TestSubject+1","potionbrewer:Hoarder","potionbrewer:ChemicalRage","potionbrewer:ChainReaction+1","potionbrewer:ChemicalRage+1","potionbrewer:TestFormula+1","potionbrewer:Prototype"],"relics":["potionbrewer:PotionKit","NeowsBlessing","hubris:Icosahedron","Question Card","Ring of Peace","Ring of Misfortune","Letter Opener","Runesmith:AutoHammer","thethorton:BottledFunds","Gremlin Food","potionbrewer:WarMedal"],"acts_visited":["Exordium","TheCity"],"potions_floor_usage":[5,6,6,10,10,10,11,11,14,16,16,16,16,18,18,19,19,20,22,22,24,24,29,29,30,30,31,33,33,33,33],"damage_taken":[{"damage":0,"enemies":"Jaw Worm","floor":1,"turns":1},{"damage":0,"enemies":"Small Slimes","floor":2,"turns":2},{"damage":0,"enemies":"Cultist","floor":4,"turns":1},{"damage":16,"enemies":"Exordium Thugs","floor":5,"turns":5},{"damage":19,"enemies":"Gremlin Nob","floor":6,"turns":4},{"damage":4,"enemies":"Large Slime","floor":10,"turns":5},{"damage":0,"enemies":"HollowMod:MossKnight","floor":11,"turns":3},{"damage":5,"enemies":"Red Slaver","floor":13,"turns":3},{"damage":3,"enemies":"Exordium Thugs","floor":14,"turns":4},{"damage":4,"enemies":"Slime Boss","floor":16,"turns":7},{"damage":7,"enemies":"2 Thieves","floor":18,"turns":4},{"damage":27,"enemies":"Snake Plant","floor":19,"turns":5},{"damage":25,"enemies":"Sentry and Sphere","floor":20,"turns":8},{"damage":0,"enemies":"conspire:HollyBat","floor":21,"turns":7},{"damage":13,"enemies":"Shelled Parasite and Fungi","floor":22,"turns":5},{"damage":10,"enemies":"Sentry and Sphere","floor":24,"turns":5},{"damage":7,"enemies":"Centurion and Healer","floor":29,"turns":7},{"damage":2,"enemies":"3 Cultists","floor":30,"turns":6},{"damage":0,"enemies":"conspire:HollyBat","floor":31,"turns":6},{"damage":55,"enemies":"Champ","floor":33,"turns":12}],"seed_played":"-2130870788527976484","potions_obtained":[{"floor":1,"key":"potionbrewer:CleansingPotion"},{"floor":5,"key":"Fire Potion"},{"floor":10,"key":"champ:CounterPotion"},{"floor":13,"key":"FearPotion"},{"floor":16,"key":"hexamod:SoulburnPotion"},{"floor":18,"key":"Doom Potion"},{"floor":24,"key":"DemoMod:LeadSkinPotion"},{"floor":29,"key":"potionbrewer:AcidPotion"}],"is_trial":false,"path_per_floor":["M","M","?","M","M","E","R","?","T","M","E","?","M","M","R","B",null,"M","M","M","M","M","R","M","$","T","$","R","M","M","M","R","B"],"character_chosen":"POTIONBREWER","items_purchased":["potionbrewer:ChemicalRage","Gremlin Food","potionbrewer:ChainReaction"],"campfire_rested":4,"item_purchase_floors":[25,25,27],"current_hp_per_floor":[75,75,75,75,59,40,40,40,40,36,36,36,31,28,50,46,75,68,41,16,16,3,25,15,15,15,15,37,30,28,28,50,0,0],"gold":47,"neow_bonus":"THREE_ENEMY_KILL","is_daily":false,"chose_seed":false,"campfire_upgraded":1,"win_rate":0.0,"timestamp":1612732595,"path_taken":["M","M","?","M","M","E","R","?","T","M","E","?","?","M","R","BOSS","M","M","M","M","M","R","M","$","T","$","R","M","M","M","R","BOSS"],"items_purchased_type":["Card","Relic","Card"],"build_version":"2020-12-22","purchased_purges":1,"victory":false,"max_hp_per_floor":[75,75,75,75,75,75,75,75,75,75,75,75,75,75,75,75,75,75,75,75,75,75,75,75,75,75,75,75,75,75,75,75,75,75],"card_choices":[{"not_picked":["potionbrewer:Contingency","potionbrewer:ChemicalShroud"],"picked":"potionbrewer:Shovel","floor":1},{"not_picked":["potionbrewer:QuickStep","potionbrewer:Brandish"],"picked":"potionbrewer:FlareUp","floor":2},{"not_picked":["potionbrewer:WizBang","potionbrewer:TimeBomb"],"picked":"potionbrewer:UnstableFormula","floor":4},{"not_picked":["potionbrewer:ResearchResults","potionbrewer:LabJournal"],"picked":"potionbrewer:Experimentation","floor":5},{"not_picked":["potionbrewer:HazardousMaterials","potionbrewer:FlashPowder","potionbrewer:TimeBomb"],"picked":"potionbrewer:Prototype","floor":6},{"not_picked":["potionbrewer:Shovel","potionbrewer:OneTwoPunch","potionbrewer:FortifiedSerum"],"picked":"potionbrewer:FlareUp","floor":10},{"not_picked":["potionbrewer:LabAccident","potionbrewer:VolatileSolution","potionbrewer:QuickStep"],"picked":"potionbrewer:ExplosiveReaction","floor":11},{"not_picked":["potionbrewer:TimeBomb+1","potionbrewer:Brandish+1","potionbrewer:Biohazard+1"],"picked":"potionbrewer:Shovel+1","floor":12},{"not_picked":["potionbrewer:EmptyBottle+1","potionbrewer:FuelCell+1","potionbrewer:BlindingMist+1"],"picked":"potionbrewer:MicrobeSpray+1","floor":12},{"not_picked":["potionbrewer:TestFormula","potionbrewer:ChemicalWeapons","potionbrewer:Biohazard"],"picked":"potionbrewer:BlindingMist","floor":13},{"not_picked":["potionbrewer:ChemicalRage","potionbrewer:Brandish","potionbrewer:ExothermicReaction"],"picked":"potionbrewer:CausticBarrier","floor":14},{"not_picked":["potionbrewer:ResearchResults","potionbrewer:IronFlesh","potionbrewer:Bribery"],"picked":"potionbrewer:Transmute","floor":16},{"not_picked":["potionbrewer:ExplosiveReaction","potionbrewer:FlashPowder","potionbrewer:UnstableFormula"],"picked":"potionbrewer:MicrobeSpray+1","floor":18},{"not_picked":["potionbrewer:TimeBomb","potionbrewer:VolatileSolution+1","potionbrewer:Toxicity+1"],"picked":"potionbrewer:ChainReaction+1","floor":19},{"not_picked":["potionbrewer:Smokescreen","potionbrewer:BlindingMist","potionbrewer:Brandish"],"picked":"potionbrewer:Refill","floor":20},{"not_picked":["potionbrewer:ExplosiveReaction","potionbrewer:FlashPowder","potionbrewer:TimeBomb"],"picked":"potionbrewer:TestSubject+1","floor":21},{"not_picked":["potionbrewer:QuickStep","potionbrewer:Toxicity","potionbrewer:Contingency"],"picked":"potionbrewer:Hoarder","floor":24},{"not_picked":["potionbrewer:HazardousMaterials","potionbrewer:UnstableFormula","potionbrewer:Toxicity","potionbrewer:Prototype"],"picked":"potionbrewer:ChemicalRage+1","floor":29},{"not_picked":["potionbrewer:ChemicalWeapons","potionbrewer:LeftoverSpecimen","potionbrewer:Smack+1","potionbrewer:Prototype"],"picked":"potionbrewer:TestFormula+1","floor":30},{"not_picked":["potionbrewer:Refill","potionbrewer:TimeBomb+1","potionbrewer:Smack+1","potionbrewer:PrivateReserves"],"picked":"potionbrewer:Prototype","floor":31}],"player_experience":462942,"relics_obtained":[{"floor":6,"key":"Question Card"},{"floor":8,"key":"Ring of Peace"},{"floor":8,"key":"Ring of Misfortune"},{"floor":9,"key":"Letter Opener"},{"floor":11,"key":"Runesmith:AutoHammer"},{"floor":26,"key":"potionbrewer:WarMedal"}],"event_choices":[{"damage_healed":0,"gold_gain":0,"player_choice":"2","damage_taken":0,"max_hp_gain":0,"max_hp_loss":0,"event_name":"betterMatch:BetterMatch","floor":12,"gold_loss":0,"cards_obtained":["betterMatch:CommonCard","betterMatch:UncommonCard"]}],"is_beta":false,"boss_relics":[{"not_picked":["Sozu","aspiration:PoetsPen_weak"],"picked":"thethorton:BottledFunds"}],"items_purged_floors":[25],"is_endless":false,"potions_floor_spawned":[1,5,10,13,16,18,22,24,29],"killed_by":"Champ","ascension_level":0}}