{"host":"Alvar","time":1612686567,"event":{"mods":["AchievementEnabler","BaseMod","Minty Spire (QoL Compilation)","StSLib"],"gold_per_floor":[109,136,136,156,171,204,204,238,538,554,230,230,273,298,298,391,391,409,409,409,424,449,449,492,492,563,607,346,346,346,376,376],"floor_reached":31,"language":"ENG","playtime":1375,"items_purged":["Strike_P"],"score":665,"play_id":"39fc45f4-f406-4580-8cba-c9988208cb21","local_time":"20210207152927","is_ascension_mode":true,"campfire_choices":[{"data":"Eruption","floor":7.0,"key":"SMITH"},{"data":"FlurryOfBlows","floor":15.0,"key":"SMITH"},{"data":"TalkToTheHand","floor":23,"key":"SMITH"},{"data":"CutThroughFate","floor":25,"key":"SMITH"}],"circlet_count":0,"master_deck":["AscendersBane","Eruption+1","Vigilance","EmptyFist+1","FollowUp","FlurryOfBlows+1","LikeWater+1","CutThroughFate+1","InnerPeace+1","Wireheading+1","DeusExMachina+1","Ragnarok","ReachHeaven","Establishment+1","MentalFortress+1","Brilliance","Pray+1","BowlingBash","TalkToTheHand+1","Ghostly+1","Ghostly+1","Ghostly+1","EmptyBody+1","Protect+1","Meditate+1","Weave","TalkToTheHand","FlurryOfBlows","EmptyMind+1","Wish+1"],"relics":["PureWater","NeowsBlessing","Whetstone","Smiling Mask","Frozen Egg 2","Happy Flower","Old Coin","Toxic Egg 2","Golden Idol","Gremlin Horn","Pandora\u0027s Box","The Courier","Yang","Pantograph","OrangePellets"],"acts_visited":["Exordium","TheCity"],"potions_floor_usage":[31],"damage_taken":[{"damage":0.0,"enemies":"Cultist","floor":1.0,"turns":1.0},{"damage":0.0,"enemies":"Jaw Worm","floor":4.0,"turns":1.0},{"damage":0.0,"enemies":"Small Slimes","floor":5.0,"turns":1.0},{"damage":22.0,"enemies":"Lagavulin","floor":6.0,"turns":5.0},{"damage":0.0,"enemies":"Gremlin Nob","floor":8.0,"turns":2.0},{"damage":0.0,"enemies":"Blue Slaver","floor":10.0,"turns":1.0},{"damage":21.0,"enemies":"3 Sentries","floor":13.0,"turns":14.0},{"damage":0.0,"enemies":"2 Fungi Beasts","floor":14.0,"turns":2.0},{"damage":2.0,"enemies":"Hexaghost","floor":16.0,"turns":8.0},{"damage":21,"enemies":"3 Byrds","floor":18,"turns":4},{"damage":3,"enemies":"Spheric Guardian","floor":21,"turns":5},{"damage":1,"enemies":"Centurion and Healer","floor":22,"turns":5},{"damage":0,"enemies":"Gremlin Leader","floor":24,"turns":6},{"damage":9,"enemies":"Slavers","floor":27,"turns":6},{"damage":23,"enemies":"Chosen and Byrds","floor":31,"turns":3}],"seed_played":"8199705005295987580","potions_obtained":[{"floor":4.0,"key":"Dexterity Potion"},{"floor":6.0,"key":"Strength Potion"},{"floor":21,"key":"GamblersBrew"},{"floor":30,"key":"Strength Potion"}],"is_trial":false,"path_per_floor":["M","T","T","M","M","E","R","E","T","M","$","?","E","M","R","B",null,"M","?","?","M","M","R","E","R","T","E","$","?","?","M"],"character_chosen":"WATCHER","items_purchased":["Toxic Egg 2","TalkToTheHand","OrangePellets","FlurryOfBlows","EmptyMind+1"],"campfire_rested":0,"item_purchase_floors":[11,28,28,28,28],"current_hp_per_floor":[61,61,61,61,61,39,39,39,39,39,39,39,18,18,18,16,51,30,30,24,21,20,20,20,20,20,11,11,11,11,0,0],"gold":376,"neow_bonus":"THREE_ENEMY_KILL","is_daily":false,"chose_seed":false,"campfire_upgraded":4,"win_rate":0.0,"timestamp":1612686567,"path_taken":["M","?","?","?","M","E","R","E","T","M","$","?","E","M","R","BOSS","M","?","?","M","M","R","E","R","T","E","$","?","?","M"],"items_purchased_type":["Relic","Card","Relic","Card","Card"],"build_version":"2020-12-18","purchased_purges":1,"victory":false,"max_hp_per_floor":[68,68,68,68,68,68,68,68,68,68,68,62,62,62,62,62,62,62,31,36,36,36,36,36,36,36,36,36,36,36,36,36],"card_choices":[{"not_picked":["ClearTheMind","EmptyMind"],"picked":"EmptyFist","floor":1.0},{"not_picked":["Halt","Evaluate"],"picked":"FollowUp","floor":4.0},{"not_picked":["Nirvana","Halt"],"picked":"FlurryOfBlows","floor":5.0},{"not_picked":["Scrawl","EmptyFist"],"picked":"LikeWater+1","floor":6.0},{"not_picked":["Study+1","SignatureMove"],"picked":"CutThroughFate","floor":8.0},{"not_picked":["FlurryOfBlows","Devotion+1","BowlingBash"],"picked":"SKIP","floor":10.0},{"not_picked":["Sanctity+1","Vengeance+1"],"picked":"InnerPeace+1","floor":13.0},{"not_picked":["Adaptation+1","PathToVictory+1"],"picked":"Wireheading+1","floor":14.0},{"not_picked":["Establishment+1","MasterReality+1"],"picked":"DeusExMachina+1","floor":16.0},{"not_picked":["CutThroughFate","SashWhip"],"picked":"TalkToTheHand","floor":18},{"not_picked":["CrushJoints+1","Consecrate"],"picked":"EmptyBody+1","floor":21},{"not_picked":["SashWhip","Weave"],"picked":"Protect+1","floor":22},{"not_picked":["DeusExMachina+1","EmptyBody+1"],"picked":"Meditate+1","floor":24},{"not_picked":["FlyingSleeves","Halt+1"],"picked":"Weave","floor":27}],"player_experience":802546,"relics_obtained":[{"floor":2.0,"key":"Whetstone"},{"floor":3.0,"key":"Smiling Mask"},{"floor":6.0,"key":"Frozen Egg 2"},{"floor":8.0,"key":"Happy Flower"},{"floor":9.0,"key":"Old Coin"},{"floor":13.0,"key":"Gremlin Horn"},{"floor":24,"key":"The Courier"},{"floor":26,"key":"Yang"},{"floor":27,"key":"Pantograph"}],"event_choices":[{"damage_healed":0.0,"max_hp_gain":0.0,"max_hp_loss":6.0,"gold_gain":0.0,"event_name":"Golden Idol","player_choice":"Lose Max HP","floor":12.0,"gold_loss":0.0,"damage_taken":0.0,"relics_obtained":["Golden Idol"]},{"damage_healed":0,"gold_gain":0,"player_choice":"Became a Ghost","damage_taken":0,"max_hp_gain":0,"max_hp_loss":31,"event_name":"Ghosts","floor":19,"gold_loss":0,"cards_obtained":["Ghostly","Ghostly","Ghostly"]},{"damage_healed":0,"gold_gain":0,"player_choice":"Shed Blood","damage_taken":11,"max_hp_gain":5,"max_hp_loss":0,"event_name":"Forgotten Altar","floor":20,"gold_loss":0},{"damage_healed":0,"gold_gain":0,"player_choice":"Read","damage_taken":0,"max_hp_gain":0,"max_hp_loss":0,"event_name":"The Library","floor":29,"gold_loss":0,"cards_obtained":["Wish"]},{"damage_healed":0,"gold_gain":0,"player_choice":"Got Potions","damage_taken":0,"max_hp_gain":0,"max_hp_loss":0,"event_name":"Lab","floor":30,"gold_loss":0}],"is_beta":true,"boss_relics":[{"not_picked":["SacredBark","Runic Dome"],"picked":"Pandora\u0027s Box"}],"items_purged_floors":[11],"is_endless":false,"potions_floor_spawned":[4,6,13,14,21,22],"killed_by":"Chosen and Byrds","ascension_level":19}}