{"host":"qjy62f5erwny7xxh","time":1612668310,"event":{"mods":["2.2 Compatiblity","AchievementEnabler","BaseMod","Colored Powertips","Curses Come First","Downfall","Minty Spire (QoL Compilation)","StSLib"],"gold_per_floor":[99,110,110,121,134,144,144,157,176,208,227,11,11,11,30,129,129,129,144,154,166,41,57,83,102,131,131,144,144,144,29,40,145,145,145,157,34,84,101,101,101,120,120,120,153,167,183,202,222,222],"floor_reached":51,"language":"ENG","playtime":6360,"items_purged":["downfall:Icky","bronze:Strike"],"score":709,"play_id":"d63c85b7-6091-4da5-9112-b9f44102ad4c","local_time":"20210207032510","is_ascension_mode":false,"campfire_choices":[{"data":"bronze:Mutator","floor":1.0,"key":"SMITH"},{"data":"bronze:SpaghettiCode","floor":13.0,"key":"SMITH"},{"data":"bronze:FindAndReplace","floor":18.0,"key":"SMITH"},{"floor":27,"key":"REST"},{"data":"bronze:Boost","floor":30,"key":"SMITH"},{"data":"bronze:MaxOutput","floor":35,"key":"SMITH"}],"circlet_count":0,"master_deck":["bronze:Strike","bronze:Strike","bronze:Defend","bronze:Defend","bronze:Defend","bronze:Defend","bronze:Replicate","bronze:Goto","bronze:Mutator+1","bronze:Invalidate","bronze:DelayedSlice","bronze:Fortify","bronze:Repair","bronze:SpaghettiCode+1","bronze:Iterate","bronze:Overheat","bronze:WhirlingStrike","bronze:Overload+1","bronze:Turbo","bronze:Mutator+1","bronze:SpaghettiCode+1","bronze:MaxOutput+1","bronze:FindAndReplace+1","bronze:Overheat","bronze:Deprecate+1","bronze:ClassDefault","bronze:Boost+1","bronze:FindAndReplace","bronze:ChildClass","bronze:Shell+1","bronze:CleanCode","bronze:BitShift","bronze:Allocate+1","bronze:Optimize+1","bronze:Frontload+1","bronze:ForLoop+1","bronze:HardenedForm+1","bronze:Boost","expansioncontent:YouAreMine","expansioncontent:Chronoboost+1","expansioncontent:YouAreMine","bronze:ItsAFeature+1"],"relics":["bronze:PlatinumCore","Question Card","Ornamental Fan","Nunchaku","Busted Crown","Bag of Marbles","Bottled Tornado","Frozen Egg 2","Medical Kit","Ginger","bronze:CableSpool","Boot"],"acts_visited":["Exordium","TheCity","TheBeyond"],"potions_floor_usage":[25,28,36,48,49,49,50,50],"damage_taken":[{"damage":1.0,"enemies":"Jaw Worm","floor":2.0,"turns":4.0},{"damage":1.0,"enemies":"Cultist","floor":4.0,"turns":3.0},{"damage":0.0,"enemies":"2 Louse","floor":5.0,"turns":2.0},{"damage":13.0,"enemies":"Lots of Slimes","floor":6.0,"turns":3.0},{"damage":0.0,"enemies":"Gremlin Gang","floor":8.0,"turns":3.0},{"damage":0.0,"enemies":"Exordium Thugs","floor":9.0,"turns":4.0},{"damage":9.0,"enemies":"Lagavulin","floor":10.0,"turns":6.0},{"damage":7.0,"enemies":"Blue Slaver","floor":11.0,"turns":2.0},{"damage":0.0,"enemies":"downfall:FleeingMerchant","floor":12.0,"turns":4.0},{"damage":0.0,"enemies":"Lots of Slimes","floor":15.0,"turns":1.0},{"damage":15.0,"enemies":"WA_ARCHETYPE_RETAIN","floor":16.0,"turns":3.0},{"damage":3.0,"enemies":"Shell Parasite","floor":19.0,"turns":3.0},{"damage":11.0,"enemies":"Centurion and Healer","floor":20.0,"turns":3.0},{"damage":22.0,"enemies":"Shelled Parasite and Fungi","floor":21.0,"turns":6.0},{"damage":0.0,"enemies":"downfall:FleeingMerchant","floor":22.0,"turns":4.0},{"damage":22,"enemies":"Cultist and Chosen","floor":23,"turns":5},{"damage":2,"enemies":"Sentry and Sphere","floor":25,"turns":4},{"damage":20,"enemies":"Book of Stabbing","floor":26,"turns":5},{"damage":2,"enemies":"Centurion and Healer","floor":28,"turns":6},{"damage":0,"enemies":"downfall:FleeingMerchant","floor":31,"turns":4},{"damage":0,"enemies":"Snake Plant","floor":32,"turns":2},{"damage":49,"enemies":"DF_ARCHETYPE_CLAW","floor":33,"turns":10},{"damage":4,"enemies":"3 Shapes","floor":36,"turns":5},{"damage":0,"enemies":"downfall:FleeingMerchant","floor":37,"turns":1},{"damage":4,"enemies":"downfall:FleeingMerchant","floor":38,"turns":4},{"damage":0,"enemies":"3 Darklings","floor":39,"turns":3},{"damage":0,"enemies":"Sphere and 2 Shapes","floor":42,"turns":4},{"damage":2,"enemies":"Giant Head","floor":45,"turns":8},{"damage":0,"enemies":"Maw","floor":46,"turns":6},{"damage":14,"enemies":"4 Shapes","floor":47,"turns":4},{"damage":11,"enemies":"3 Darklings","floor":48,"turns":4},{"damage":17,"enemies":"Maw","floor":49,"turns":11},{"damage":30,"enemies":"IC_BLOCK_ARCHETYPE","floor":50,"turns":14}],"seed_played":"2979498967453167803","potions_obtained":[{"floor":3.0,"key":"bronze:BurnAndBuffPotion"},{"floor":3.0,"key":"bronze:CleanCodePotion"},{"floor":3.0,"key":"LiquidMemories"},{"floor":6.0,"key":"Block Potion"},{"floor":8.0,"key":"SpeedPotion"},{"floor":10.0,"key":"Energy Potion"},{"floor":11.0,"key":"Dexterity Potion"},{"floor":16.0,"key":"SpeedPotion"},{"floor":19.0,"key":"Fire Potion"},{"floor":23,"key":"Block Potion"},{"floor":25,"key":"Ancient Potion"},{"floor":28,"key":"SmokeBomb"},{"floor":32,"key":"SteroidPotion"},{"floor":33,"key":"AttackPotion"},{"floor":42,"key":"Regen Potion"},{"floor":47,"key":"AttackPotion"},{"floor":48,"key":"SkillPotion"},{"floor":49,"key":"BlessingOfTheForge"}],"is_trial":false,"path_per_floor":["R","M","?","M","M","M","T","M","M","E","M","$","R","?","M","B",null,"R","M","M","M","$","M","T","M","E","R","M","?","R","$","M","B",null,"R","M","$","?","M","?","T","M","?","?","E","M","M","M","M","B",null],"character_chosen":"THE_AUTOMATON","items_purchased":["Nunchaku","bronze:Turbo","bronze:ClassDefault","Frozen Egg 2","Medical Kit","bronze:Optimize+1"],"campfire_rested":1,"item_purchase_floors":[12,12,22,37,37,37],"current_hp_per_floor":[70,69,69,68,68,55,55,62,62,60,60,60,60,60,60,45,70,70,67,56,41,48,33,33,38,25,46,51,70,70,70,70,21,70,70,66,66,62,69,61,61,70,70,60,68,70,66,55,48,43],"gold":222,"neow_bonus":"ONE_RANDOM_RARE_CARD","is_daily":false,"chose_seed":false,"campfire_upgraded":5,"win_rate":0.0,"timestamp":1612668310,"path_taken":["R","M","?","M","?","M","T","?","M","E","M","$","R","?","M","BOSS","R","M","M","M","?","?","T","M","E","R","M","?","R","?","M","BOSS","R","M","$","?","M","?","T","?","?","?","E","M","M","M","M","BOSS"],"items_purchased_type":["Relic","Card","Card","Relic","Relic","Card"],"build_version":"2020-12-22","purchased_purges":2,"victory":true,"max_hp_per_floor":[70,70,70,70,70,70,70,70,70,70,70,70,70,70,70,70,70,70,70,70,70,70,70,70,70,70,70,70,70,70,70,70,70,70,70,70,70,70,70,70,70,70,70,70,70,70,70,70,70,70],"card_choices":[{"not_picked":["bronze:CutThrough","bronze:Frontload"],"picked":"bronze:Invalidate","floor":2.0},{"not_picked":["bronze:Backtrace","bronze:CutThrough"],"picked":"bronze:DelayedSlice","floor":4.0},{"not_picked":["bronze:OilSpill","bronze:Iterate"],"picked":"bronze:Fortify","floor":5.0},{"not_picked":["bronze:Flail","bronze:WhirlingStrike"],"picked":"bronze:Repair","floor":6.0},{"not_picked":["bronze:DelayedSlice","bronze:NullPointer","bronze:CutThrough"],"picked":"bronze:SpaghettiCode","floor":8.0},{"not_picked":["bronze:Deprecate","bronze:ClassDefault","bronze:Constructor"],"picked":"bronze:Iterate","floor":9.0},{"not_picked":["bronze:Branch","bronze:SpaghettiCode","bronze:BitShift"],"picked":"bronze:Overheat","floor":10.0},{"not_picked":["bronze:WildBeam","bronze:ForLoop","bronze:Separator"],"picked":"bronze:WhirlingStrike","floor":11.0},{"not_picked":["bronze:BugBarrage","bronze:Constructor","bronze:Invalidate"],"picked":"bronze:Overload","floor":12.0},{"not_picked":["bronze:Shell","bronze:Backtrace","bronze:Deprecate"],"picked":"bronze:MaxOutput","floor":15.0},{"not_picked":["bronze:HardenedForm","bronze:Assembly","bronze:AlphaBuild"],"picked":"bronze:FindAndReplace","floor":16.0},{"not_picked":["bronze:BronzeArmor","bronze:ForLoop"],"picked":"SKIP","floor":19.0},{"not_picked":["bronze:Invalidate"],"picked":"bronze:Overheat","floor":20.0},{"not_picked":["bronze:WildBeam"],"picked":"bronze:Deprecate+1","floor":21.0},{"not_picked":["bronze:Separator","bronze:DigitalCarnage"],"picked":"SKIP","floor":22.0},{"not_picked":["bronze:Deprecate"],"picked":"bronze:Boost","floor":23},{"not_picked":["bronze:WildBeam+1","bronze:Overload"],"picked":"SKIP","floor":25},{"not_picked":["bronze:DarkDash"],"picked":"bronze:FindAndReplace","floor":26},{"not_picked":["bronze:Constructor","bronze:OilSpill"],"picked":"SKIP","floor":28},{"not_picked":["bronze:ForLoop"],"picked":"bronze:ChildClass","floor":31},{"not_picked":["bronze:Turbo"],"picked":"bronze:Shell","floor":32},{"not_picked":["bronze:RecursiveStrike"],"picked":"bronze:CleanCode","floor":33},{"not_picked":["bronze:DigitalCarnage+1"],"picked":"bronze:BitShift","floor":36},{"not_picked":["bronze:Branch+1"],"picked":"bronze:Allocate+1","floor":37},{"not_picked":["bronze:Overheat+1"],"picked":"bronze:Frontload+1","floor":38},{"not_picked":["bronze:OilSpill"],"picked":"bronze:ForLoop+1","floor":39},{"not_picked":["bronze:DelayedSlice"],"picked":"bronze:HardenedForm+1","floor":42},{"not_picked":["expansioncontent:Hexaburn","expansioncontent:PrepareCrush"],"picked":"expansioncontent:YouAreMine","floor":44},{"not_picked":["expansioncontent:PrepareCrush","expansioncontent:PolyBeam"],"picked":"expansioncontent:Chronoboost","floor":44},{"not_picked":["expansioncontent:GuardianWhirl","expansioncontent:AwakenDeath"],"picked":"expansioncontent:YouAreMine","floor":44},{"not_picked":["bronze:Shield"],"picked":"bronze:ItsAFeature+1","floor":45},{"not_picked":["bronze:Invalidate+1","bronze:ForceShield"],"picked":"SKIP","floor":46},{"not_picked":["bronze:ClassDefault+1","bronze:CloningBeam+1"],"picked":"SKIP","floor":47},{"not_picked":["bronze:DelayedGuard","bronze:Iterate+1"],"picked":"SKIP","floor":48},{"not_picked":["bronze:Constructor","bronze:ChildClass+1"],"picked":"SKIP","floor":49}],"player_experience":1176666,"relics_obtained":[{"floor":7.0,"key":"Question Card"},{"floor":10.0,"key":"Ornamental Fan"},{"floor":24,"key":"Bag of Marbles"},{"floor":26,"key":"Bottled Tornado"},{"floor":38,"key":"Ginger"},{"floor":41,"key":"bronze:CableSpool"},{"floor":45,"key":"Boot"}],"event_choices":[{"damage_healed":0.0,"max_hp_gain":0.0,"max_hp_loss":0.0,"gold_gain":0.0,"event_name":"Lab","player_choice":"Got Potions","floor":3.0,"gold_loss":0.0,"damage_taken":0.0},{"damage_healed":23,"gold_gain":0,"player_choice":"Heal","damage_taken":0,"max_hp_gain":0,"max_hp_loss":0,"event_name":"The Library","floor":29,"gold_loss":0}],"is_beta":false,"boss_relics":[{"not_picked":["Fusion Hammer","Snecko Eye"],"picked":"Busted Crown"},{"not_picked":["Cursed Key","Tiny House"],"picked":"bronze:PlatinumCore"}],"items_purged_floors":[22,31],"is_endless":false,"potions_floor_spawned":[6,8,10,11,15,16,19,23,25,28,32,33,42,46,47,48,49],"ascension_level":0}}