{"host":"s41rn2jhghpwfrvz","time":1612664212,"event":{"mods":["BaseMod","Minty Spire (QoL Compilation)","Quick Restart","Relic Stats","SuperFastMode"],"gold_per_floor":[115,115,125,50,50,50,82,117,170,195,195,205,205,222,222,293,293,310,44,44,44,59,90,90,90,90,117,130,144,178,192,192,265,265,276,286,161,161,175,200,200,212,212,55,65,97,115,141,141,141,141,141,141,40,70,70],"floor_reached":57,"language":"ENG","playtime":1346,"items_purged":["Reckless Charge","Dagger Spray+1","Sweeping Beam+1"],"score":3740,"play_id":"d1d0adfd-b30f-498a-b28f-7128c6e6140a","local_time":"20210207041652","daily_mods":["SealedDeck","Diverse","DeadlyEvents"],"is_ascension_mode":true,"campfire_choices":[{"data":"Tactician","floor":6,"key":"SMITH"},{"data":"Acrobatics","floor":11,"key":"SMITH"},{"data":"Pommel Strike","floor":13,"key":"SMITH"},{"data":"Sweeping Beam","floor":15,"key":"SMITH"},{"data":"Grand Finale","floor":25,"key":"SMITH"},{"floor":32,"key":"RECALL"},{"data":"Shrug It Off","floor":41,"key":"SMITH"},{"data":"Shrug It Off","floor":49,"key":"SMITH"},{"data":"Caltrops","floor":53,"key":"SMITH"}],"circlet_count":0,"master_deck":["AscendersBane","Leap+1","Caltrops+1","Tactician+1","Pommel Strike+1","Shrug It Off+1","Acrobatics+1","Grand Finale+1","Shrug It Off+1","Blur+1","Adrenaline+1","Deep Breath+1"],"relics":["Burning Blood","Anchor","Incense Burner","Art of War","Runic Pyramid","Medical Kit","Mango","Lizard Tail","Toxic Egg 2","Prayer Wheel","Coffee Dripper","Lantern","Eternal Feather","TheAbacus","Smiling Mask","Question Card","Unceasing Top"],"acts_visited":["Exordium","TheCity","TheBeyond","TheEnding"],"potions_floor_usage":[16,56,56],"damage_taken":[{"damage":4,"enemies":"Jaw Worm","floor":1,"turns":3},{"damage":0,"enemies":"Small Slimes","floor":3,"turns":2},{"damage":0,"enemies":"Lagavulin","floor":7,"turns":5},{"damage":11,"enemies":"Gremlin Nob","floor":8,"turns":3},{"damage":0,"enemies":"3 Sentries","floor":10,"turns":4},{"damage":0,"enemies":"Cultist","floor":12,"turns":2},{"damage":0,"enemies":"3 Louse","floor":14,"turns":2},{"damage":18,"enemies":"Slime Boss","floor":16,"turns":5},{"damage":0,"enemies":"Shell Parasite","floor":18,"turns":2},{"damage":0,"enemies":"2 Thieves","floor":22,"turns":1},{"damage":0,"enemies":"Slavers","floor":23,"turns":1},{"damage":0,"enemies":"Book of Stabbing","floor":27,"turns":2},{"damage":0,"enemies":"Sentry and Sphere","floor":28,"turns":1},{"damage":0,"enemies":"Snake Plant","floor":29,"turns":1},{"damage":0,"enemies":"Gremlin Leader","floor":30,"turns":1},{"damage":0,"enemies":"Chosen and Byrds","floor":31,"turns":2},{"damage":0,"enemies":"Champ","floor":33,"turns":2},{"damage":17,"enemies":"3 Darklings","floor":35,"turns":2},{"damage":0,"enemies":"3 Shapes","floor":36,"turns":1},{"damage":0,"enemies":"Transient","floor":39,"turns":3},{"damage":0,"enemies":"Nemesis","floor":40,"turns":3},{"damage":0,"enemies":"Maw","floor":42,"turns":1},{"damage":0,"enemies":"3 Darklings","floor":45,"turns":1},{"damage":0,"enemies":"Giant Head","floor":46,"turns":1},{"damage":0,"enemies":"Transient","floor":47,"turns":2},{"damage":0,"enemies":"Nemesis","floor":48,"turns":1},{"damage":0,"enemies":"Awakened One","floor":50,"turns":2},{"damage":0,"enemies":"Donu and Deca","floor":51,"turns":1},{"damage":0,"enemies":"Shield and Spear","floor":55,"turns":1},{"damage":0,"enemies":"The Heart","floor":56,"turns":4}],"seed_played":"-1628162567335248260","potions_obtained":[{"floor":8,"key":"FearPotion"},{"floor":12,"key":"Dexterity Potion"},{"floor":16,"key":"FearPotion"},{"floor":23,"key":"Dexterity Potion"}],"is_trial":true,"path_per_floor":["M","?","M","$","?","R","E","E","T","E","R","M","R","M","R","B",null,"M","$","?","?","M","E","$","R","T","E","M","M","E","M","R","B",null,"M","M","$","?","M","E","R","M","T","$","M","E","M","E","R","B","B",null,"R","$","E","B",null],"character_chosen":"IRONCLAD","items_purchased":["Medical Kit","TheAbacus","Deep Breath+1"],"campfire_rested":0,"item_purchase_floors":[19,44,54],"current_hp_per_floor":[70,47,53,53,46,46,52,47,47,53,53,59,59,65,65,53,70,75,75,75,54,60,80,80,80,80,86,92,94,94,94,94,94,94,83,89,89,89,94,94,94,94,94,94,94,94,94,94,94,94,94,94,94,94,94,94],"gold":70,"neow_bonus":"","is_daily":false,"chose_seed":false,"campfire_upgraded":8,"win_rate":0.0,"timestamp":1612664212,"path_taken":["M","?","M","?","?","R","E","?","T","?","R","?","R","M","R","BOSS","M","$","?","?","M","E","?","R","T","E","M","M","E","M","R","BOSS","M","M","$","?","M","E","R","?","T","$","M","E","M","E","R","BOSS","BOSS","R","$","E","BOSS"],"items_purchased_type":["Relic","Relic","Card"],"build_version":"2020-12-22","purchased_purges":3,"victory":true,"max_hp_per_floor":[75,75,75,75,75,75,75,75,75,75,75,75,75,75,75,75,75,75,75,75,80,80,94,94,94,94,94,94,94,94,94,94,94,94,94,94,94,94,94,94,94,94,94,94,94,94,94,94,94,94,94,94,94,94,94,94],"relic_stats":{"Lizard Tail":0,"TheAbacus":[816],"counters":[30,62],"Prayer Wheel":7,"Eternal Feather":0,"Art of War":[4],"Medical Kit":[9],"Smiling Mask":0,"Question Card":1,"obtain_stats":[{"Lantern":40,"Mango":23,"Eternal Feather":43,"Incense Burner":8,"Medical Kit":19,"Smiling Mask":46,"Question Card":48,"Burning Blood":0,"Anchor":7,"Lizard Tail":26,"TheAbacus":44,"Prayer Wheel":30,"Art of War":10,"Coffee Dripper":34,"Toxic Egg 2":27,"Unceasing Top":55,"Runic Pyramid":17},{"Lantern":21,"Mango":11,"Eternal Feather":22,"Incense Burner":4,"Medical Kit":9,"Smiling Mask":24,"Question Card":26,"Burning Blood":0,"Anchor":3,"Lizard Tail":11,"TheAbacus":22,"Prayer Wheel":15,"Art of War":5,"Coffee Dripper":17,"Toxic Egg 2":12,"Unceasing Top":29,"Runic Pyramid":8},{"Lantern":48,"Mango":30,"Eternal Feather":49,"Incense Burner":13,"Medical Kit":28,"Smiling Mask":51,"Question Card":54,"Burning Blood":0,"Anchor":10,"Lizard Tail":30,"TheAbacus":49,"Prayer Wheel":35,"Art of War":17,"Coffee Dripper":39,"Toxic Egg 2":32,"Unceasing Top":58,"Runic Pyramid":26}],"Burning Blood":96,"Unceasing Top":[0]},"card_choices":[{"not_picked":["EmptyMind","Halt"],"picked":"Acrobatics","floor":1},{"not_picked":["White Noise","Reinforced Body","JustLucky"],"picked":"SKIP","floor":3},{"not_picked":["Metallicize","Infinite Blades","ForeignInfluence"],"picked":"SKIP","floor":7},{"not_picked":["Auto Shields","Anger","Cloak And Dagger"],"picked":"SKIP","floor":8},{"not_picked":["Sweeping Beam","SashWhip","Flame Barrier"],"picked":"SKIP","floor":10},{"not_picked":["Chaos","Coolheaded","Compile Driver"],"picked":"SKIP","floor":12},{"not_picked":["Pommel Strike","FlyingSleeves","Blizzard"],"picked":"SKIP","floor":14},{"not_picked":["Rainbow","MasterReality"],"picked":"Grand Finale","floor":16},{"not_picked":["FollowUp","Ball Lightning"],"picked":"Shrug It Off","floor":18},{"not_picked":["Glacier","Underhanded Strike","FlurryOfBlows"],"picked":"SKIP","floor":22},{"not_picked":["Consecrate","Rampage","Chaos"],"picked":"SKIP","floor":23},{"not_picked":["Pommel Strike","Juggernaut","Poisoned Stab"],"picked":"SKIP","floor":27},{"not_picked":["Flying Knee","Dagger Spray","Evaluate+1"],"picked":"SKIP","floor":28},{"not_picked":["FTL+1","Coolheaded+1","ClearTheMind+1"],"picked":"SKIP","floor":29},{"not_picked":["Demon Form","Underhanded Strike+1"],"picked":"Blur+1","floor":30},{"not_picked":["Headbutt","Sword Boomerang","BootSequence+1"],"picked":"SKIP","floor":31},{"not_picked":["White Noise+1","Sucker Punch","Pommel Strike"],"picked":"SKIP","floor":31},{"not_picked":["Consecrate","Sever Soul+1","Pommel Strike"],"picked":"SKIP","floor":35},{"not_picked":["Whirlwind","Sentinel+1","SashWhip"],"picked":"SKIP","floor":35},{"not_picked":["Burning Pact+1","Pray+1","True Grit+1"],"picked":"SKIP","floor":36},{"not_picked":["Self Repair","Shrug It Off+1","Pummel"],"picked":"SKIP","floor":36},{"not_picked":["Tantrum+1","JustLucky+1"],"picked":"Adrenaline+1","floor":39},{"not_picked":["Cleave+1","Beam Cell","Clash+1"],"picked":"SKIP","floor":39},{"not_picked":["Twin Strike","Perseverance+1","Recycle+1"],"picked":"SKIP","floor":40},{"not_picked":["Blade Dance+1","Dagger Spray","Deflect+1"],"picked":"SKIP","floor":42},{"not_picked":["Sentinel+1","Wallop+1","ThirdEye+1"],"picked":"SKIP","floor":42},{"not_picked":["Sunder","FlurryOfBlows","Ball Lightning"],"picked":"SKIP","floor":45},{"not_picked":["FearNoEvil","Sever Soul","Recycle+1"],"picked":"SKIP","floor":45},{"not_picked":["Inflame","Feel No Pain","Thunder Strike"],"picked":"SKIP","floor":46},{"not_picked":["FlyingSleeves+1","Calculated Gamble+1","Storm"],"picked":"SKIP","floor":47},{"not_picked":["Evaluate+1","FearNoEvil","Havoc+1"],"picked":"SKIP","floor":47},{"not_picked":["Deflect+1","Barrage+1","WaveOfTheHand+1"],"picked":"SKIP","floor":48},{"not_picked":["Uppercut","Dagger Throw","Turbo+1","Body Slam"],"picked":"SKIP","floor":55}],"player_experience":1875250,"relics_obtained":[{"floor":7,"key":"Anchor"},{"floor":8,"key":"Incense Burner"},{"floor":10,"key":"Art of War"},{"floor":23,"key":"Mango"},{"floor":26,"key":"Lizard Tail"},{"floor":27,"key":"Toxic Egg 2"},{"floor":30,"key":"Prayer Wheel"},{"floor":40,"key":"Lantern"},{"floor":43,"key":"Eternal Feather"},{"floor":46,"key":"Smiling Mask"},{"floor":48,"key":"Question Card"},{"floor":55,"key":"Unceasing Top"}],"event_choices":[{"damage_healed":0,"gold_gain":0,"player_choice":"Entered Light","damage_taken":23,"max_hp_gain":0,"max_hp_loss":0,"event_name":"Shining Light","floor":2,"gold_loss":0,"cards_upgraded":["Leap","Dagger Spray"]},{"cards_removed":["JustLucky"],"damage_healed":0,"gold_gain":0,"player_choice":"Card Removal","damage_taken":7,"max_hp_gain":0,"max_hp_loss":0,"event_name":"Golden Wing","floor":5,"gold_loss":0},{"damage_healed":0,"gold_gain":0,"player_choice":"Shed Blood","damage_taken":26,"max_hp_gain":5,"max_hp_loss":0,"event_name":"Forgotten Altar","floor":21,"gold_loss":0},{"cards_removed":["Caltrops"],"damage_healed":0,"gold_gain":0,"player_choice":"Removed Power","damage_taken":0,"max_hp_gain":0,"max_hp_loss":0,"event_name":"Falling","floor":38,"gold_loss":0}],"is_beta":false,"boss_relics":[{"not_picked":["Philosopher\u0027s Stone","SlaversCollar"],"picked":"Runic Pyramid"},{"not_picked":["SacredBark","Snecko Eye"],"picked":"Coffee Dripper"}],"items_purged_floors":[4,19,37],"is_endless":false,"potions_floor_spawned":[8,12,14,16,23,27,29,30,33,39,40,42,45,48],"ascension_level":20}}