{"host":"e326moqq81vao3qq","time":1612716242,"event":{"mods":["BaseMod","Colored Powertips","Highlight Path","Minty Spire (QoL Compilation)","Quick Restart","Relic Stats","Spicy Shops","StSLib","The Bug Knight"],"gold_per_floor":[110,110,110,110,124,152,152,152,230,230,246,246,281,295,295,423,423,436,536,550,573,86,86,130,143,143,166,166,166,186,186,186,310,310,331,352,376,80,80,80,0,21,21,36,55,55,55,55,55,55,55,55,48,86,86],"floor_reached":56,"language":"ENG","playtime":4433,"items_purged":["Strike_G"],"score":1428,"play_id":"770b5bf2-2a51-442a-9e0a-eb509060d969","local_time":"20210207114402","is_ascension_mode":true,"campfire_choices":[{"data":"Neutralize","floor":10,"key":"SMITH"},{"floor":12,"key":"REST"},{"data":"Deadly Poison","floor":15,"key":"SMITH"},{"data":"Footwork","floor":23,"key":"SMITH"},{"data":"Tools of the Trade","floor":28,"key":"SMITH"},{"data":"Ghostly","floor":32,"key":"SMITH"},{"floor":40,"key":"RECALL"},{"data":"Ghostly","floor":46,"key":"SMITH"},{"data":"Ghostly","floor":49,"key":"SMITH"},{"data":"Dark Shackles","floor":52,"key":"SMITH"}],"circlet_count":0,"master_deck":["Strike_G+1","Strike_G+1","Defend_G","Defend_G","Defend_G","Defend_G","Defend_G","Survivor","Neutralize+1","Deadly Poison+1","Deadly Poison+1","Dodge and Roll","Tools of the Trade+1","Catalyst+1","Footwork+1","Deadly Poison+1","Necronomicurse","Blur","Ghostly+1","Ghostly","Ghostly","Ghostly+1","Ghostly+1","Adrenaline","Poisoned Stab","Noxious Fumes","Madness","Madness","Dark Shackles+1","Catalyst","Wraith Form v2"],"relics":["Ring of the Snake","NeowsBlessing","Blood Vial","Golden Idol","Meat on the Bone","Pen Nib","Runic Pyramid","Bottled Tornado","Lee\u0027s Waffle","White Beast Statue","Gremlin Horn","Necronomicon","SacredBark","Strange Spoon","Red Mask","Tough Bandages"],"acts_visited":["Exordium","TheCity","TheBeyond","TheEnding"],"potions_floor_usage":[13,13,25,25,30,33,33,35,36,50,54,55,55],"damage_taken":[{"damage":0,"enemies":"Cultist","floor":1,"turns":1},{"damage":0,"enemies":"2 Louse","floor":5,"turns":1},{"damage":0,"enemies":"HollowMod:MossKnight","floor":6,"turns":1},{"damage":0,"enemies":"Small Slimes","floor":11,"turns":4},{"damage":19,"enemies":"3 Sentries","floor":13,"turns":6},{"damage":10,"enemies":"2 Fungi Beasts","floor":14,"turns":3},{"damage":13,"enemies":"The Guardian","floor":16,"turns":9},{"damage":10,"enemies":"Shell Parasite","floor":18,"turns":5},{"damage":2,"enemies":"Chosen","floor":20,"turns":4},{"damage":30,"enemies":"3 Cultists","floor":21,"turns":7},{"damage":15,"enemies":"Book of Stabbing","floor":24,"turns":7},{"damage":0,"enemies":"Cultist and Chosen","floor":25,"turns":7},{"damage":12,"enemies":"Chosen and Byrds","floor":27,"turns":7},{"damage":29,"enemies":"3 Cultists","floor":30,"turns":7},{"damage":20,"enemies":"Automaton","floor":33,"turns":9},{"damage":0,"enemies":"3 Shapes","floor":35,"turns":5},{"damage":0,"enemies":"Orb Walker","floor":36,"turns":3},{"damage":1,"enemies":"Writhing Mass","floor":37,"turns":6},{"damage":0,"enemies":"Maw","floor":42,"turns":8},{"damage":2,"enemies":"Spire Growth","floor":44,"turns":7},{"damage":3,"enemies":"4 Shapes","floor":45,"turns":7},{"damage":11,"enemies":"Time Eater","floor":50,"turns":10},{"damage":9,"enemies":"Shield and Spear","floor":54,"turns":8},{"damage":12,"enemies":"The Heart","floor":55,"turns":9}],"seed_played":"-6506185284115372724","potions_obtained":[{"floor":5,"key":"Energy Potion"},{"floor":6,"key":"PowerPotion"},{"floor":14,"key":"Strength Potion"},{"floor":21,"key":"SpeedPotion"},{"floor":24,"key":"GamblersBrew"},{"floor":25,"key":"GamblersBrew"},{"floor":27,"key":"Regen Potion"},{"floor":30,"key":"FearPotion"},{"floor":33,"key":"CunningPotion"},{"floor":35,"key":"CunningPotion"},{"floor":36,"key":"Weak Potion"},{"floor":37,"key":"Swift Potion"},{"floor":42,"key":"SteroidPotion"},{"floor":44,"key":"LiquidMemories"},{"floor":45,"key":"Energy Potion"},{"floor":54,"key":"ColorlessPotion"}],"is_trial":false,"path_per_floor":["M","?","?","?","M","E","?","?","T","R","M","R","E","M","R","B",null,"M","?","M","M","$","R","E","M","T","M","R","?","M","?","R","B",null,"M","M","M","$","?","R","?","M","T","M","M","R","?","?","R","B",null,"R","$","E","B",null],"character_chosen":"THE_SILENT","items_purchased":["Footwork","Bottled Tornado","Lee\u0027s Waffle","Strange Spoon","Noxious Fumes","Catalyst"],"campfire_rested":1,"item_purchase_floors":[22,22,22,38,38,53],"current_hp_per_floor":[70,75,75,75,75,75,60,42,42,42,44,66,49,41,41,42,67,59,59,59,43,82,82,67,69,69,59,59,43,43,41,41,21,36,38,40,40,40,35,35,35,37,37,37,36,36,36,36,36,27,38,38,38,31,21],"gold":86,"neow_bonus":"THREE_ENEMY_KILL","is_daily":false,"chose_seed":false,"campfire_upgraded":8,"win_rate":0.0,"timestamp":1612716242,"path_taken":["M","?","?","?","?","E","?","?","T","R","M","R","E","M","R","BOSS","M","?","?","M","$","R","E","M","T","?","R","?","M","?","R","BOSS","M","M","M","$","?","R","?","M","T","M","M","R","?","?","R","BOSS","R","$","E","BOSS"],"items_purchased_type":["Card","Relic","Relic","Relic","Card","Card"],"build_version":"2020-12-22","purchased_purges":1,"victory":true,"max_hp_per_floor":[70,75,75,75,75,75,75,75,75,75,75,75,75,75,75,75,75,75,75,75,75,82,82,82,82,82,82,82,82,82,41,41,41,41,41,41,41,41,41,41,41,41,41,41,41,41,41,41,41,41,41,41,41,41,41],"relic_stats":{"Blood Vial":37,"Strange Spoon":[30],"Lee\u0027s Waffle":39,"Tough Bandages":[27],"Gremlin Horn":[10,10],"counters":[24,141],"Golden Idol":178,"Pen Nib":[11],"Necronomicon":[0],"obtain_stats":[{"Lee\u0027s Waffle":22,"NeowsBlessing":0,"Gremlin Horn":26,"Golden Idol":8,"SacredBark":34,"Pen Nib":13,"Bottled Tornado":22,"White Beast Statue":24,"Blood Vial":6,"Strange Spoon":38,"Tough Bandages":54,"Necronomicon":29,"Red Mask":41,"Ring of the Snake":0,"Meat on the Bone":9,"Runic Pyramid":17},{"Lee\u0027s Waffle":10,"NeowsBlessing":0,"Gremlin Horn":12,"Golden Idol":3,"SacredBark":15,"Pen Nib":5,"Bottled Tornado":10,"White Beast Statue":11,"Blood Vial":3,"Strange Spoon":18,"Tough Bandages":23,"Necronomicon":13,"Red Mask":18,"Ring of the Snake":0,"Meat on the Bone":3,"Runic Pyramid":7},{"Lee\u0027s Waffle":41,"NeowsBlessing":0,"Gremlin Horn":55,"Golden Idol":3,"SacredBark":78,"Pen Nib":13,"Bottled Tornado":41,"White Beast Statue":48,"Blood Vial":3,"Strange Spoon":92,"Tough Bandages":132,"Necronomicon":62,"Red Mask":92,"Ring of the Snake":0,"Meat on the Bone":3,"Runic Pyramid":25}],"Ring of the Snake":[48],"Meat on the Bone":36},"card_choices":[{"not_picked":["Outmaneuver","Acrobatics"],"picked":"Deadly Poison","floor":1},{"not_picked":["Eviscerate","Quick Slash","Sucker Punch"],"picked":"SKIP","floor":5},{"not_picked":["Blade Dance","Deflect","Sucker Punch"],"picked":"SKIP","floor":6},{"not_picked":["Deflect","Flying Knee","Predator"],"picked":"SKIP","floor":11},{"not_picked":["Masterful Stab","Dagger Throw"],"picked":"Deadly Poison","floor":13},{"not_picked":["Unload","Flying Knee"],"picked":"Dodge and Roll","floor":14},{"not_picked":["Night Terror","Grand Finale"],"picked":"Tools of the Trade","floor":16},{"not_picked":["Concentrate","All Out Attack"],"picked":"Catalyst+1","floor":18},{"not_picked":["Sucker Punch","Expertise","Blade Dance+1"],"picked":"SKIP","floor":20},{"not_picked":["Acrobatics","Blade Dance","Reflex+1"],"picked":"SKIP","floor":21},{"not_picked":["Dagger Spray+1","Cloak And Dagger+1","Flying Knee"],"picked":"SKIP","floor":24},{"not_picked":["Outmaneuver","Setup","Cloak And Dagger+1"],"picked":"SKIP","floor":25},{"not_picked":["Blade Dance","PiercingWail"],"picked":"Deadly Poison+1","floor":27},{"not_picked":["Dash+1","Underhanded Strike"],"picked":"Blur","floor":30},{"not_picked":["After Image","Storm of Steel"],"picked":"Adrenaline","floor":33},{"not_picked":["Dodge and Roll","Backflip+1","Bane+1"],"picked":"SKIP","floor":35},{"not_picked":["Dagger Spray+1","Quick Slash+1"],"picked":"Poisoned Stab","floor":36},{"not_picked":["Infinite Blades","Deflect+1","Poisoned Stab"],"picked":"SKIP","floor":37},{"not_picked":["Slice+1","Prepared+1","Endless Agony"],"picked":"SKIP","floor":42},{"not_picked":["Escape Plan","Infinite Blades+1","Bane"],"picked":"SKIP","floor":44},{"not_picked":["Flying Knee+1","Backflip+1","Choke+1"],"picked":"SKIP","floor":45},{"not_picked":["Forethought","Finesse"],"picked":"Dark Shackles","floor":47},{"not_picked":["Poisoned Stab","Blur+1"],"picked":"Wraith Form v2","floor":54}],"player_experience":235119,"relics_obtained":[{"floor":6,"key":"Blood Vial"},{"floor":9,"key":"Meat on the Bone"},{"floor":13,"key":"Pen Nib"},{"floor":24,"key":"White Beast Statue"},{"floor":26,"key":"Gremlin Horn"},{"floor":29,"key":"Necronomicon"},{"floor":54,"key":"Tough Bandages"}],"event_choices":[{"damage_healed":0,"gold_gain":0,"player_choice":"Donut","damage_taken":0,"max_hp_gain":5,"max_hp_loss":0,"event_name":"Big Fish","floor":2,"gold_loss":0},{"damage_healed":0,"gold_gain":0,"player_choice":"Grow","damage_taken":0,"max_hp_gain":0,"max_hp_loss":0,"event_name":"Living Wall","floor":3,"gold_loss":0,"cards_upgraded":["Deadly Poison"]},{"cards_removed":["Strike_G"],"damage_healed":0,"gold_gain":0,"player_choice":"Offered Basic","damage_taken":0,"max_hp_gain":0,"max_hp_loss":0,"event_name":"Bonfire Elementals","floor":4,"gold_loss":0},{"damage_healed":0,"gold_gain":0,"player_choice":"Entered Light","damage_taken":15,"max_hp_gain":0,"max_hp_loss":0,"event_name":"Shining Light","floor":7,"gold_loss":0,"cards_upgraded":["Strike_G","Strike_G"]},{"damage_healed":0,"gold_gain":0,"player_choice":"Take Damage","damage_taken":18,"relics_obtained":["Golden Idol"],"max_hp_gain":0,"max_hp_loss":0,"event_name":"Golden Idol","floor":8,"gold_loss":0},{"damage_healed":0,"gold_gain":100,"player_choice":"Pray","damage_taken":0,"max_hp_gain":0,"max_hp_loss":0,"event_name":"Golden Shrine","floor":19,"gold_loss":0},{"damage_healed":0,"gold_gain":0,"player_choice":"Obtained Book","damage_taken":16,"max_hp_gain":0,"max_hp_loss":0,"event_name":"Cursed Tome","floor":29,"gold_loss":0},{"damage_healed":0,"gold_gain":0,"player_choice":"Became a Ghost","damage_taken":0,"max_hp_gain":0,"max_hp_loss":41,"event_name":"Ghosts","floor":31,"gold_loss":0,"cards_obtained":["Ghostly","Ghostly","Ghostly","Ghostly","Ghostly"]},{"damage_healed":0,"gold_gain":0,"player_choice":"Embrace Madness","damage_taken":5,"max_hp_gain":0,"max_hp_loss":0,"event_name":"Winding Halls","floor":39,"gold_loss":0,"cards_obtained":["Madness","Madness"]},{"damage_healed":0,"gold_gain":0,"player_choice":"Paid","damage_taken":0,"relics_obtained":["Red Mask"],"max_hp_gain":0,"max_hp_loss":0,"event_name":"Tomb of Lord Red Mask","floor":41,"gold_loss":80},{"damage_healed":0,"gold_gain":0,"player_choice":"Memory 1","damage_taken":0,"max_hp_gain":0,"max_hp_loss":0,"event_name":"SensoryStone","floor":47,"gold_loss":0},{"cards_removed":["Strike_G"],"damage_healed":0,"gold_gain":0,"player_choice":"Removed Attack","damage_taken":0,"max_hp_gain":0,"max_hp_loss":0,"event_name":"Falling","floor":48,"gold_loss":0}],"is_beta":false,"boss_relics":[{"not_picked":["Astrolabe","Velvet Choker"],"picked":"Runic Pyramid"},{"not_picked":["HoveringKite","Fusion Hammer"],"picked":"SacredBark"}],"items_purged_floors":[38],"is_endless":false,"potions_floor_spawned":[5,6,14,21,24,25,27,30,33,35,36,37,42,44,45,54],"ascension_level":5}}