{"host":"rn4c402gwd40h2z6","time":1612718181,"event":{"mods":["10 clothes from DAL","A Penny For Your Troubles","ATMod(阿瑾Mod)","Act Like it!","Ascension Unlocker","BaseMod","CapriCore","Card Forge","Challenge The Spire","Crowbot","DNKmod","Data Control","Downfall","Easy Mod","Friendly Minions","Infinite Spire","Mimic Mod","Minty Spire (QoL Compilation)","MostiFishMod","Pale of the Ancients","Permanent Neow","Quick Restart","Random Character Button","RumiaBox-露米娅的神秘盒子","Spicy Shops","StSLib","TestMod","The Construct","[GremlinLeader]The Maniac","[LAZYMAN]RSMod","noobMod","theHeart","【功能Mod】混沌之环修复补丁","【功能Mod】精心准备","【功能Mod】聪明的最终Boss","【遗物Mod】死灵法师NEW","【遗物卡牌】REMEMod","老伊莉雅"],"gold_per_floor":[99,119,139,39,39,75,75,91,158,32,49,83,83,83,101,186,186,86,101,101,115,140,187,234,234,247,47,66,66,82,190,212,306,306,306,321,381,381,381,381,432,432,538,579,579,597,597,618,638,638,638,690,25,25,46,70],"floor_reached":57,"language":"ZHS","playtime":6116,"items_purged":["downfall:Bewildered","Slimebound:SplitSpecialist+1"],"score":2319,"play_id":"52fb5512-06e6-4c8e-8373-d12808166f41","local_time":"20210208011621","is_ascension_mode":true,"campfire_choices":[{"floor":1,"key":"RECALL"},{"data":"Slimebound:Prepare","floor":13,"key":"SMITH"},{"data":"EasyMod:card_1","floor":18,"key":"SMITH"},{"floor":27,"key":"REST"},{"floor":29,"key":"REST"},{"data":"EasyMod:card_1","floor":35,"key":"SMITH"},{"data":"EasyMod:card_1","floor":40,"key":"SMITH"},{"data":"EasyMod:card_1","floor":42,"key":"SMITH"},{"floor":47,"key":"REST"},{"data":"EasyMod:card_1","floor":54,"key":"SMITH"}],"circlet_count":0,"master_deck":["EasyMod:card_1","AscendersBane","AT_FamilyPortrait+1","A Thousand Cuts+1","Slimebound:Schlurp+1","Slimebound:GoopTackle+1","Slimebound:Prepare+1","Slimebound:ForwardTackle+1","Slimebound:LivingWall+1","Slimebound:HauntingLick+1","Slimebound:GoopSpray+1","Slimebound:RollThrough+1","Slimebound:GrowthPunch+1","Slimebound:GoopTackle+1","Slimebound:PrepareCrush+1","Slimebound:ComboTackle+1","Slimebound:ViciousTackle+1","Slimebound:Chomp+1","infinitespire:SevenWalls+1","infinitespire:Gouge+1","infinitespire:FinalStrike+1","Slimebound:CheckThePlaybook+1","infinitespire:Oblivion+1"],"relics":["Slimebound:AbsorbEndCombat","Hammer of Thor","Seething Fire","Anvil of the Gods","REME_ComplimentaryCards","ice","AT_ATBox","DaveBox","testmod-TestBox","testmod-DeterminationOfClimber","BloodWine","LastBattle","dwlrmod:ProjectRecorder","testmod-AssaultLearning","REME_CardOfGreed","infinitespire:CheckeredPen","Matryoshka","REME_ChargedStone","downfall:HeartBlessingRed","sneckomod:BabySnecko","UndeadPower","Strawberry","EasyMod:Hard_0","downfall:HeartBlessingGreen","downfall:HeartBlessingBlue","Turnip","InkBottle","Pandora\u0027s Box","Calipers","SumBook","testmod-Laevatain","Juzu Bracelet","Potion Belt","EasyMod:Easy_5","EasyMod:Easy_0","SharePain","DALC_EIGHT"],"acts_visited":["Exordium","TheCity","TheBeyond","TheEnding"],"potions_floor_usage":[],"damage_taken":[{"damage":0,"enemies":"Cultist","floor":2,"turns":2},{"damage":0,"enemies":"Small Slimes","floor":3,"turns":2},{"damage":9,"enemies":"downfall:FleeingMerchant","floor":4,"turns":4},{"damage":9,"enemies":"Lagavulin","floor":6,"turns":2},{"damage":0,"enemies":"Jaw Worm","floor":8,"turns":1},{"damage":0,"enemies":"Gremlin Nob","floor":9,"turns":2},{"damage":9,"enemies":"downfall:FleeingMerchant","floor":10,"turns":2},{"damage":0,"enemies":"Blue Slaver","floor":11,"turns":2},{"damage":7,"enemies":"3 Sentries","floor":12,"turns":1},{"damage":0,"enemies":"2 Fungi Beasts","floor":15,"turns":1},{"damage":0,"enemies":"DF_ARCHETYPE_STREAMLINE","floor":16,"turns":2},{"damage":0,"enemies":"Shell Parasite","floor":19,"turns":1},{"damage":0,"enemies":"3 Byrds","floor":21,"turns":1},{"damage":3,"enemies":"Sentry and Sphere","floor":22,"turns":1},{"damage":65,"enemies":"Nightmare","floor":23,"turns":5},{"damage":0,"enemies":"Snake Plant","floor":26,"turns":1},{"damage":0,"enemies":"Chosen and Byrds","floor":28,"turns":2},{"damage":0,"enemies":"Shelled Parasite and Fungi","floor":30,"turns":1},{"damage":0,"enemies":"Colosseum Nobs","floor":31,"turns":1},{"damage":0,"enemies":"Snecko","floor":32,"turns":1},{"damage":0,"enemies":"WA_ARCHETYPE_CALM","floor":33,"turns":2},{"damage":0,"enemies":"Orb Walker","floor":36,"turns":2},{"damage":8,"enemies":"2 Orb Walkers","floor":37,"turns":2},{"damage":0,"enemies":"3 Darklings","floor":41,"turns":5},{"damage":3,"enemies":"downfall:LadyInBlue","floor":43,"turns":2},{"damage":0,"enemies":"Nemesis","floor":44,"turns":1},{"damage":9,"enemies":"3 Darklings","floor":46,"turns":2},{"damage":0,"enemies":"Writhing Mass","floor":48,"turns":1},{"damage":3,"enemies":"Jaw Worm Horde","floor":49,"turns":1},{"damage":0,"enemies":"IC_BLOCK_ARCHETYPE","floor":50,"turns":1},{"damage":12,"enemies":"IC_BLOCK_ARCHETYPE","floor":52,"turns":6},{"damage":0,"enemies":"downfall:NeowBoss","floor":55,"turns":3},{"damage":0,"enemies":"downfall:NeowBossFinal","floor":56,"turns":4}],"seed_played":"-4318890908939173633","potions_obtained":[{"floor":9,"key":"AttackPotion"},{"floor":12,"key":"Guardian:BlockOnCardUsePotion"},{"floor":43,"key":"LiquidBronze"},{"floor":43,"key":"SpeedPotion"}],"is_trial":false,"path_per_floor":["R","M","M","$","?","E","T","M","E","$","M","E","R","?","M","B",null,"R","M","?","M","M","NM","T","?","M","R","M","R","M","?","M","B",null,"R","M","?","AVR","?","R","MIM","R","?","E","?","M","R","M","M","B",null,"E","$","R","B","B",null],"character_chosen":"SLIMEBOUND","items_purchased":["Slimebound:LivingWall","REME_CardOfGreed","infinitespire:CheckeredPen","SharePain","DALC_EIGHT"],"campfire_rested":3,"item_purchase_floors":[4,10,10,53,53],"current_hp_per_floor":[53,59,59,59,59,59,59,59,59,54,59,57,57,57,59,59,59,59,59,59,59,59,4,11,2,7,39,50,72,76,76,76,76,76,76,76,76,76,76,76,76,76,76,76,57,62,76,76,76,76,76,71,71,71,76,76],"gold":70,"neow_bonus":"THREE_CARDS","is_daily":false,"chose_seed":false,"campfire_upgraded":6,"win_rate":0.0,"timestamp":1612718181,"path_taken":["R","M","M","$","?","E","T","M","E","?","M","E","R","?","M","BOSS","R","M","?","M","M","NM","T","?","M","R","M","R","M","?","M","BOSS","R","M","?","AVR","?","R","MIM","R","?","E","?","M","R","M","M","BOSS","E","$","R","BOSS","BOSS"],"items_purchased_type":["Card","Relic","Relic","Relic","Relic"],"build_version":"2020-12-22","purchased_purges":2,"victory":true,"max_hp_per_floor":[59,59,59,59,59,59,59,59,59,59,59,59,59,59,59,59,59,59,59,59,59,59,59,66,66,66,76,76,76,76,76,76,76,76,76,76,76,76,76,76,76,76,76,76,76,76,76,76,76,76,76,76,76,76,76,76],"card_choices":[{"not_picked":["Slimebound:SplitMire","Slimebound:SplitAcid"],"picked":"Slimebound:Schlurp","floor":0},{"not_picked":["Slimebound:SlimeSpikes","Slimebound:Gluttony"],"picked":"Slimebound:GoopTackle","floor":2},{"not_picked":["Slimebound:ComboTackle","Slimebound:PressTheAttack"],"picked":"Slimebound:Prepare","floor":3},{"not_picked":["Slimebound:Repurpose","Slimebound:SplitAcid"],"picked":"Slimebound:ForwardTackle","floor":4},{"not_picked":["Slimebound:FirmFortitude","Slimebound:Equalize"],"picked":"Slimebound:SplitSpecialist","floor":6},{"not_picked":["dwlrmod:CascadingDisaster","dwlrmod:Kazakus"],"picked":"dwlrmod:ChillingDream","floor":8},{"not_picked":["Slimebound:Gluttony","Slimebound:LeechingTouch"],"picked":"Slimebound:HauntingLick","floor":8},{"not_picked":["Slimebound:TagTeam","Slimebound:SplitBruiser"],"picked":"Slimebound:GoopSpray","floor":9},{"not_picked":["Slimebound:HauntingLick","Slimebound:SplitAcid","Slimebound:TagTeam"],"picked":"SKIP","floor":10},{"not_picked":["Slimebound:MegaLick","Slimebound:Repurpose"],"picked":"Slimebound:RollThrough","floor":11},{"not_picked":["Slimebound:LeechEnergy","Slimebound:LeechingTouch","Slimebound:FinishingTackle"],"picked":"SKIP","floor":12},{"not_picked":["Slimebound:ViciousTackle","Slimebound:SplitLeeching"],"picked":"Slimebound:GoopTackle","floor":15},{"not_picked":["Slimebound:RallyTheTroops","Slimebound:OozeBath"],"picked":"Slimebound:PrepareCrush","floor":16},{"not_picked":["Slimebound:LivingWall","Slimebound:LeechEnergy+1"],"picked":"Slimebound:ComboTackle","floor":19},{"not_picked":["Slimebound:SlimeSpikes+1","Slimebound:ItLooksTasty+1","Slimebound:SplitAcid"],"picked":"SKIP","floor":21},{"not_picked":["Slimebound:HauntingLick","Slimebound:Teamwork","Slimebound:Gluttony"],"picked":"SKIP","floor":22},{"not_picked":["Slimebound:Replication","Slimebound:HungryTackle","Slimebound:PressTheAttack"],"picked":"SKIP","floor":23},{"not_picked":["Slimebound:Replication","Slimebound:HungryTackle","Slimebound:PressTheAttack"],"picked":"SKIP","floor":23},{"not_picked":["Slimebound:MegaLick","Slimebound:Recollect","Slimebound:SplitBruiser"],"picked":"SKIP","floor":26},{"not_picked":["Slimebound:SplitSpecialist","Slimebound:AcidTongue","Slimebound:LeechEnergy"],"picked":"SKIP","floor":28},{"not_picked":["Slimebound:Equalize","Slimebound:LeechingTouch","Slimebound:GoopSpray+1"],"picked":"SKIP","floor":30},{"not_picked":["Slimebound:Repurpose","Slimebound:HungryTackle","Slimebound:SplitSpecialist"],"picked":"SKIP","floor":32},{"not_picked":["Slimebound:FlameTackle","Slimebound:SplitLeeching","Slimebound:DisruptingSlam"],"picked":"SKIP","floor":36},{"not_picked":["Slimebound:LivingWall+1","Slimebound:SlimeBarrage+1","Slimebound:MegaLick"],"picked":"SKIP","floor":44},{"not_picked":["Slimebound:LivingWall+1","Slimebound:SlimeBarrage+1","Slimebound:MegaLick"],"picked":"SKIP","floor":44},{"not_picked":["infinitespire:UltimateForm","infinitespire:FinalStrike"],"picked":"infinitespire:Oblivion","floor":45},{"not_picked":["Slimebound:Schlurp","Slimebound:LeechEnergy","Slimebound:SpikyOuterGoop"],"picked":"SKIP","floor":46},{"not_picked":["Slimebound:ItLooksTasty","Slimebound:FinishingTackle","Slimebound:GoopTackle"],"picked":"SKIP","floor":48},{"not_picked":["Slimebound:Nibble+1","Slimebound:ProtectTheBoss+1","Slimebound:SplitMire"],"picked":"SKIP","floor":49},{"not_picked":["Slimebound:LeechEnergy","Slimebound:Schlurp","Slimebound:ServeAndProtect"],"picked":"SKIP","floor":52}],"player_experience":158897,"relics_obtained":[{"floor":6,"key":"LastBattle"},{"floor":6,"key":"dwlrmod:ProjectRecorder"},{"floor":9,"key":"testmod-AssaultLearning"},{"floor":12,"key":"Matryoshka"},{"floor":23,"key":"UndeadPower"},{"floor":24,"key":"Strawberry"},{"floor":24,"key":"EasyMod:Hard_0"},{"floor":31,"key":"Turnip"},{"floor":31,"key":"InkBottle"},{"floor":37,"key":"Calipers"},{"floor":41,"key":"testmod-Laevatain"},{"floor":41,"key":"Juzu Bracelet"},{"floor":43,"key":"Potion Belt"},{"floor":44,"key":"EasyMod:Easy_5"},{"floor":52,"key":"EasyMod:Easy_0"}],"event_choices":[{"cards_removed":["Slimebound:Defend_Slimebound"],"damage_healed":0,"gold_gain":0,"player_choice":"Offered Basic","damage_taken":0,"max_hp_gain":0,"max_hp_loss":0,"event_name":"Bonfire Elementals","floor":5,"gold_loss":0},{"damage_healed":0,"gold_gain":0,"player_choice":"Ignored","damage_taken":9,"max_hp_gain":0,"max_hp_loss":0,"event_name":"恩洛斯的盘子","floor":25,"gold_loss":0},{"damage_healed":0,"gold_gain":0,"player_choice":"Fight","damage_taken":0,"max_hp_gain":0,"max_hp_loss":0,"event_name":"Mysterious Sphere","floor":37,"gold_loss":0}],"is_beta":false,"boss_relics":[{"not_picked":["testmod-NegativeEmotionEnhancer","testmod-StringDisintegrator"],"picked":"REME_ChargedStone"},{"not_picked":["testmod-EnergyCheck","bronze:MakeshiftBattery"],"picked":"Pandora\u0027s Box"}],"items_purged_floors":[38,53],"is_endless":false,"potions_floor_spawned":[9,12,15,26,28,30,33,36,43,48,49],"ascension_level":20}}