{"host":"xp5rvh2jwe2ejyfm","time":1612657863,"event":{"mods":["2.2 Compatiblity","Aspiration","BaseMod","Better Altar","Better Match","Better Note","Better Sensory Stone","Better Skull","BetterRewards","Colored Powertips","Conspire","Downfall","GifTheSpireLib","Gremlin Mod","GungeonMod","Hermit","Hubris","Jorbs\u0027s Wanderer Trilogy","Minty Spire (QoL Compilation)","Potionbrewer","Quick Restart","Replay The Spire","Robot Space Explorer","Shade Mod","Somnambulant","StSLib","The Bug Knight","The Clintock","The Construct","The Cursed","The Disciple","The Forsaken","The Hierophant","The Necromancer","The Runesmith","The Servant 0.9.4","The Valiant","The Witch","TheFirefly","thorton"],"gold_per_floor":[116,134,154,154,179,215,238,238,265,18,58,58,89,89,89,219,219,232,232,232,256,12,12,12],"floor_reached":23,"language":"ENG","playtime":863,"items_purged":[],"score":209,"play_id":"ada32cdf-e900-443f-8115-2a6cb870d5d7","local_time":"20210206193103","is_ascension_mode":false,"campfire_choices":[{"floor":8,"key":"REST"},{"floor":12,"key":"REST"},{"floor":15,"key":"REST"}],"circlet_count":0,"master_deck":["Strike_Witch","Strike_Witch","Strike_Witch","Strike_Witch","Defend_Witch","Defend_Witch","Defend_Witch","Defend_Witch","Hexguard","ZombieSpit","IllOmen","PainBolt","SoulBarrier","Injury","Demonfyre","SummonToadFamiliar","Malady","CrystalResonance","Demonfyre","RiteOfSummer","LivingBomb","SummonRavenFamiliar","BlackShield","TwistedMind","BleedOut","The Bomb"],"relics":["BlackCat","aspiration:Nostalgia","potionbrewer:PotionKit","Golden Idol","hubris:TenFootPole","Anchor","Toolbox","Akabeko","Letter Opener","construct:ClawGrip"],"acts_visited":["Exordium","TheCity"],"potions_floor_usage":[6,6,6,11,13,13,16,16,16,16,16,16,16,18,18],"damage_taken":[{"damage":8,"enemies":"Jaw Worm","floor":1,"turns":5},{"damage":0,"enemies":"Small Slimes","floor":2,"turns":3},{"damage":2,"enemies":"2 Louse","floor":3,"turns":3},{"damage":8,"enemies":"Gremlin Gang","floor":5,"turns":3},{"damage":25,"enemies":"Lagavulin","floor":6,"turns":7},{"damage":7,"enemies":"2 Fungi Beasts","floor":7,"turns":4},{"damage":27,"enemies":"3 Sentries","floor":11,"turns":7},{"damage":11,"enemies":"Gremlin Nob","floor":13,"turns":4},{"damage":32,"enemies":"Hexaghost","floor":16,"turns":11},{"damage":35,"enemies":"3 Byrds","floor":18,"turns":5},{"damage":14,"enemies":"2 Thieves","floor":21,"turns":4},{"damage":21,"enemies":"Snake Plant","floor":23,"turns":4}],"seed_played":"8538076078486679292","potions_obtained":[{"floor":1,"key":"potionbrewer:BoundlessPotion"},{"floor":5,"key":"PowerPotion"},{"floor":11,"key":"potionbrewer:NoxiousPotion"}],"is_trial":false,"path_per_floor":["M","M","M","?","M","E","M","R","T","$","E","R","E","?","R","B",null,"M","?","?","M","$","M"],"character_chosen":"WITCH","items_purchased":["Toolbox","CrystalResonance","Demonfyre","BleedOut","The Bomb"],"campfire_rested":3,"item_purchase_floors":[10,10,10,22,22],"current_hp_per_floor":[59,59,57,57,49,24,17,37,37,37,10,30,19,19,39,7,67,32,32,32,18,18,0,0],"gold":12,"neow_bonus":"NOSTALGIA","is_daily":false,"chose_seed":false,"campfire_upgraded":0,"win_rate":0.0,"timestamp":1612657863,"path_taken":["M","M","M","?","M","E","M","R","T","$","E","R","E","?","R","BOSS","M","?","?","M","$","M"],"items_purchased_type":["Relic","Card","Card","Card","Card"],"build_version":"2020-12-22","purchased_purges":0,"victory":false,"max_hp_per_floor":[67,67,67,67,67,67,67,67,67,67,67,67,67,67,67,67,67,67,67,67,67,67,67,67],"card_choices":[{"not_picked":["Decrepify","Broomstick"],"picked":"IllOmen","floor":1},{"not_picked":["WretchedNails","SaltCircle"],"picked":"PainBolt","floor":2},{"not_picked":["GnarledBody","SaltCircle"],"picked":"SoulBarrier","floor":3},{"not_picked":["MercuryWand","BlackBolt"],"picked":"Demonfyre","floor":5},{"not_picked":["WickedThoughts","BoneCarving"],"picked":"SummonToadFamiliar","floor":6},{"not_picked":["Decrepify","MementoMori"],"picked":"Malady","floor":7},{"not_picked":["GnarledBody","MercuryWand"],"picked":"RiteOfSummer","floor":11},{"not_picked":["Athame","BleedOut"],"picked":"LivingBomb","floor":13},{"not_picked":["EternalThirst","RiteOfSpring"],"picked":"SummonRavenFamiliar","floor":16},{"not_picked":["Bewitch","SummonRatFamiliar"],"picked":"BlackShield","floor":18},{"not_picked":["Atonement","Puncture"],"picked":"TwistedMind","floor":21}],"player_experience":453372,"relics_obtained":[{"floor":6,"key":"hubris:TenFootPole"},{"floor":9,"key":"Anchor"},{"floor":11,"key":"Akabeko"},{"floor":13,"key":"Letter Opener"}],"event_choices":[{"damage_healed":0,"gold_gain":0,"player_choice":"Take Wound","damage_taken":0,"relics_obtained":["Golden Idol"],"max_hp_gain":0,"max_hp_loss":0,"event_name":"Golden Idol","floor":4,"gold_loss":0,"cards_obtained":["Injury"]},{"damage_healed":0,"gold_gain":0,"player_choice":"Disagree","damage_taken":0,"max_hp_gain":0,"max_hp_loss":0,"event_name":"conspire:LoneGhost","floor":14,"gold_loss":0},{"cards_removed":["RiteOfSummer"],"damage_healed":0,"gold_gain":0,"player_choice":"Give","damage_taken":0,"max_hp_gain":0,"max_hp_loss":0,"event_name":"betterNote:BetterNote","floor":19,"gold_loss":0,"cards_obtained":["Iron Wave"]}],"is_beta":false,"boss_relics":[{"not_picked":["Runic Dome","Ectoplasm"],"picked":"construct:ClawGrip"}],"items_purged_floors":[],"is_endless":false,"potions_floor_spawned":[1,5,11],"killed_by":"Snake Plant","ascension_level":0}}