{"host":"3z4ju2qnfrhpg6py","time":1612710545,"event":{"mods":["BaseMod","Colored Powertips","Decade(王小明)","Lobotomy","LobotomyExtend","Minty Spire (QoL Compilation)","StSLib","UnlockEverythingMod","[IsaacMod]以撒尖塔","noobMod","【功能Mod】混沌之环修复补丁","【遗物卡牌】REMEMod","沙雕材质包mod"],"gold_per_floor":[109,120,137,137,137,169,169,181,258,293,311,339,414,414,414,511,511,531,531,541,541,541,541,541],"floor_reached":23,"language":"ZHS","playtime":1455,"items_purged":[],"score":309,"play_id":"07c359f9-4370-48b6-ab31-5ae7d439fd20","local_time":"20210207230905","is_ascension_mode":false,"campfire_choices":[{"data":"KamenRideKuuga","floor":7,"key":"SMITH"},{"data":"Kuuga_Rising","floor":15,"key":"SMITH"}],"circlet_count":0,"master_deck":["Decade_Attack","Decade_Attack","Decade_Attack","KamenRide","Decade_SpecialSkill","Decade_Defend","Decade_Defend","Decade_Defend","Decade_Defend","Heatsinks","GreedKing","RideBooker_Skill_1","UnarmedAttack7","BlackSwan","FormRide","KamenRideKuuga+1","SpiderBud","Blade_Beat","MeltingLove","Decade_Defend3","NMDAZYYGL","UnarmedAttack1","UnarmedAttack4","HeroicMonk","Kuuga_GouramAttack","CrumblingArmor","FormRidePegasus","AttackRide","PunishingBird","Kuuga_Rising+1","BeautyBeast","DecadeViolentEmotion","AttackRide","LittlePrince","Writhe","QueenOfHatred","RideBooker_Skill_3","OldLady"],"relics":["Decadriver","TOEIDeficitBill","REME_ComplimentaryCards","ice","HushsDoor","DeadEye","CogitoBucket","LetterFromLob","Thread and Needle","REME_HandOfSuture","DeathBook","TreeSap","PillsDrop","Black Star","Incubus","Pocketwatch","ChangeAnything"],"acts_visited":["Exordium","TheCity"],"potions_floor_usage":[],"damage_taken":[{"damage":1,"enemies":"Jaw Worm","floor":1,"turns":3},{"damage":0,"enemies":"2 Louse","floor":2,"turns":3},{"damage":1,"enemies":"Cultist","floor":3,"turns":4},{"damage":51,"enemies":"3 Sentries","floor":6,"turns":10},{"damage":0,"enemies":"Blue Slaver","floor":8,"turns":4},{"damage":69,"enemies":"Gremlin Nob","floor":10,"turns":5},{"damage":33,"enemies":"Exordium Thugs","floor":11,"turns":4},{"damage":0,"enemies":"3 Sentries","floor":12,"turns":2},{"damage":0,"enemies":"Slime Boss","floor":16,"turns":4},{"damage":0,"enemies":"Shell Parasite","floor":18,"turns":1},{"damage":0,"enemies":"3 Byrds","floor":20,"turns":1},{"damage":32,"enemies":"Snake Plant","floor":22,"turns":2},{"damage":61,"enemies":"REME_1_Revenger","floor":23,"turns":3}],"seed_played":"-2162599979814212099","potions_obtained":[{"floor":2,"key":"BlessingOfTheForge"},{"floor":8,"key":"SpeedPotion"},{"floor":16,"key":"EssenceOfSteel"}],"is_trial":false,"path_per_floor":["M","M","M","?","?","E","R","M","T","E","M","E","?","?","R","B",null,"M","?","M","?","M","E"],"character_chosen":"Decade","items_purchased":["AttackRide","Incubus"],"campfire_rested":0,"item_purchase_floors":[17,17],"current_hp_per_floor":[69,69,70,58,70,46,46,61,61,6,55,60,49,42,42,63,53,53,53,53,53,22,0,0],"gold":541,"neow_bonus":"","is_daily":false,"chose_seed":false,"campfire_upgraded":2,"win_rate":0.0,"timestamp":1612710545,"path_taken":["M","M","M","?","?","E","R","M","T","E","M","E","?","?","R","BOSS","M","?","M","?","?","E"],"items_purchased_type":["Card","Relic"],"build_version":"2020-12-22","purchased_purges":0,"victory":false,"max_hp_per_floor":[70,70,70,70,70,70,70,70,70,70,75,76,76,76,76,76,53,53,53,53,53,61,64,64],"card_choices":[{"not_picked":[],"picked":"ChaosCard","floor":0},{"not_picked":["BlackSwan","Bloodbath"],"picked":"GreedKing","floor":1},{"not_picked":["KamenRideDecade","KamenRideDenO"],"picked":"RideBooker_Skill_1","floor":1},{"not_picked":["Dragreder","FormRideBasshaa"],"picked":"UnarmedAttack7","floor":1},{"not_picked":["Wellcheers","BeautyBeast"],"picked":"BlackSwan","floor":2},{"not_picked":["KamenRideAgito","Decade_Invisible"],"picked":"FormRide","floor":2},{"not_picked":["KamenRideFaiz","Blade_Beat"],"picked":"KamenRideKuuga","floor":2},{"not_picked":["Woodsman","Porccubus"],"picked":"SpiderBud","floor":3},{"not_picked":["UnarmedAttack6","UnarmedAttack5"],"picked":"Blade_Beat","floor":3},{"not_picked":["MeatLantern","LittlePrince"],"picked":"MeltingLove","floor":6},{"not_picked":["Bomb","FormRideGaruru"],"picked":"Decade_Defend3","floor":6},{"not_picked":["KamenRideHibiki","Hibiki_Attack1"],"picked":"NMDAZYYGL","floor":6},{"not_picked":["PunishingBird","CherryBlossoms"],"picked":"VoidDream","floor":8},{"not_picked":["Dragreder","KamenRideFaiz"],"picked":"UnarmedAttack1","floor":8},{"not_picked":["PrometheusPower","Decade_Dash1"],"picked":"UnarmedAttack4","floor":8},{"not_picked":["SingingMachine","QueenBee"],"picked":"HeroicMonk","floor":10},{"not_picked":["DenO_Gun","RideBooker"],"picked":"Kuuga_GouramAttack","floor":10},{"not_picked":["FormRidePegasus","RideBooker_Skill_1"],"picked":"Blade_Slash","floor":10},{"not_picked":["BodiesMountain","WallGazer"],"picked":"CrumblingArmor","floor":11},{"not_picked":["UnarmedAttack7","FormRideStorm"],"picked":"FormRidePegasus","floor":11},{"not_picked":["Decade_Illusion","MirrorWorld"],"picked":"AttackRide","floor":11},{"not_picked":["SingingMachine","BigBird"],"picked":"PunishingBird","floor":12},{"not_picked":["FormRidePegasus","RideBooker_Skill_1"],"picked":"Kuuga_Rising","floor":12},{"not_picked":["Wellcheers","Scorched"],"picked":"BeautyBeast","floor":16},{"not_picked":["DenO_Climax","TimeVent"],"picked":"DecadeViolentEmotion","floor":16},{"not_picked":["QueenBee","ShyLook"],"picked":"LittlePrince","floor":18},{"not_picked":["DenO_Gun","Blade_Beat","Decade_Dash2"],"picked":"SKIP","floor":18},{"not_picked":["Laetitia","BodiesMountain"],"picked":"QueenOfHatred","floor":20},{"not_picked":["TimeVent","FormRideDogga"],"picked":"RideBooker_Skill_3","floor":20},{"not_picked":["QueenBee","Woodsman"],"picked":"OldLady","floor":22}],"player_experience":2316,"relics_obtained":[{"floor":1,"key":"LetterFromLob"},{"floor":6,"key":"REME_HandOfSuture"},{"floor":10,"key":"DeathBook"},{"floor":12,"key":"PillsDrop"}],"event_choices":[{"damage_healed":0,"gold_gain":0,"player_choice":"Success","damage_taken":12,"relics_obtained":["Thread and Needle"],"max_hp_gain":0,"max_hp_loss":0,"event_name":"Scrap Ooze","floor":4,"gold_loss":0},{"damage_healed":0,"gold_gain":75,"player_choice":"Gather Gold","damage_taken":11,"max_hp_gain":0,"max_hp_loss":0,"event_name":"World of Goop","floor":13,"gold_loss":0},{"cards_removed":["Blade_Slash"],"damage_healed":0,"gold_gain":0,"player_choice":"Card Removal","damage_taken":7,"max_hp_gain":0,"max_hp_loss":0,"event_name":"Golden Wing","floor":14,"gold_loss":0},{"damage_healed":0,"gold_gain":0,"player_choice":"Opened","damage_taken":0,"relics_obtained":["Pocketwatch"],"max_hp_gain":0,"max_hp_loss":0,"event_name":"The Mausoleum","floor":19,"gold_loss":0,"cards_obtained":["Writhe"]}],"is_beta":false,"boss_relics":[{"not_picked":["Astrolabe","REME_ChargedStone"],"picked":"Black Star"},{"not_picked":[]}],"items_purged_floors":[],"is_endless":false,"potions_floor_spawned":[2,8,16],"killed_by":"REME_1_Revenger","ascension_level":0}}