{"host":"9m2ifqaul2xw9r3j","time":1612657564,"event":{"mods":["BaseMod","Minty Spire (QoL Compilation)"],"gold_per_floor":[115,133,133,133,146,180,180,208,208,220,220,47,47,73,73,175,175,190,190,90,107,107,107,58,90,90,90,190,225,150,184,184,287,287,297,22,34,34,34,68,68,78,146,146,179,232,260,279,279,279],"floor_reached":51,"language":"ENG","playtime":7820,"items_purged":["Strike_G","Strike_G","Strike_G"],"score":1163,"play_id":"7d7ae7ec-f2f4-47f2-8993-93ca281a433d","local_time":"20210207012604","is_ascension_mode":true,"campfire_choices":[{"data":"Blade Dance","floor":7.0,"key":"SMITH"},{"data":"Backflip","floor":11.0,"key":"SMITH"},{"data":"Trip","floor":13.0,"key":"SMITH"},{"data":"Malaise","floor":15.0,"key":"SMITH"},{"data":"Phantasmal Killer","floor":23.0,"key":"SMITH"},{"data":"Defend_G","floor":27.0,"key":"PURGE"},{"data":"Backflip","floor":32.0,"key":"SMITH"},{"data":"Burst","floor":41.0,"key":"SMITH"},{"data":"Noxious Fumes","floor":44.0,"key":"SMITH"},{"data":"1","floor":49.0,"key":"LIFT"}],"circlet_count":0,"master_deck":["Survivor","Neutralize","Sucker Punch","Sucker Punch","Blade Dance+1","Malaise+1","Backflip+1","Trip+1","Phantasmal Killer+1","Backflip+1","Escape Plan+1","Noxious Fumes+1","Burst+1","Infinite Blades+1","Footwork+1","Jack Of All Trades","Backstab+1","Backflip+1"],"relics":["Ring of the Snake","Bottled Flame","Shuriken","Juzu Bracelet","Meat on the Bone","Pen Nib","SlaversCollar","Enchiridion","Peace Pipe","InkBottle","Gambling Chip","Eternal Feather","Thread and Needle","Centennial Puzzle","Empty Cage","Nunchaku","Matryoshka","Orichalcum","White Beast Statue","Girya","Sundial"],"acts_visited":["Exordium","TheCity","TheBeyond"],"potions_floor_usage":[50,50],"damage_taken":[{"damage":0.0,"enemies":"Cultist","floor":1.0,"turns":4.0},{"damage":1.0,"enemies":"Jaw Worm","floor":2.0,"turns":4.0},{"damage":0.0,"enemies":"Small Slimes","floor":5.0,"turns":4.0},{"damage":30.0,"enemies":"3 Sentries","floor":6.0,"turns":11.0},{"damage":17.0,"enemies":"Gremlin Nob","floor":8.0,"turns":4.0},{"damage":1.0,"enemies":"Exordium Wildlife","floor":10.0,"turns":4.0},{"damage":6.0,"enemies":"3 Sentries","floor":14.0,"turns":8.0},{"damage":2.0,"enemies":"Hexaghost","floor":16.0,"turns":7.0},{"damage":14.0,"enemies":"Shell Parasite","floor":18.0,"turns":4.0},{"damage":0.0,"enemies":"3 Byrds","floor":21.0,"turns":5.0},{"damage":0.0,"enemies":"Gremlin Leader","floor":25.0,"turns":3.0},{"damage":0.0,"enemies":"Colosseum Slavers","floor":28.0,"turns":4.0},{"damage":0.0,"enemies":"Colosseum Nobs","floor":28.0,"turns":4.0},{"damage":5.0,"enemies":"Slavers","floor":29.0,"turns":4.0},{"damage":0.0,"enemies":"Gremlin Leader","floor":31.0,"turns":4.0},{"damage":0.0,"enemies":"Automaton","floor":33.0,"turns":5.0},{"damage":0.0,"enemies":"3 Shapes","floor":35.0,"turns":3.0},{"damage":15.0,"enemies":"Orb Walker","floor":37.0,"turns":4.0},{"damage":0.0,"enemies":"Nemesis","floor":40.0,"turns":3.0},{"damage":0.0,"enemies":"Writhing Mass","floor":42.0,"turns":5.0},{"damage":0.0,"enemies":"Reptomancer","floor":45.0,"turns":4.0},{"damage":5.0,"enemies":"2 Orb Walkers","floor":46.0,"turns":3.0},{"damage":24.0,"enemies":"Nemesis","floor":47.0,"turns":4.0},{"damage":12.0,"enemies":"Maw","floor":48.0,"turns":4.0},{"damage":3,"enemies":"Time Eater","floor":50,"turns":7}],"seed_played":"4487416629470648817","potions_obtained":[{"floor":1.0,"key":"Explosive Potion"},{"floor":5.0,"key":"DistilledChaos"},{"floor":6.0,"key":"DuplicationPotion"},{"floor":16.0,"key":"FearPotion"},{"floor":18.0,"key":"LiquidMemories"},{"floor":31.0,"key":"LiquidBronze"},{"floor":33.0,"key":"Ancient Potion"},{"floor":35.0,"key":"BlessingOfTheForge"},{"floor":42.0,"key":"GamblersBrew"},{"floor":46.0,"key":"SpeedPotion"},{"floor":47.0,"key":"SpeedPotion"},{"floor":48.0,"key":"Dexterity Potion"}],"is_trial":false,"path_per_floor":["M","M","?","T","M","E","R","E","T","M","R","$","R","E","R","B",null,"M","$","$","M","?","R","$","E","T","R","?","E","?","E","R","B",null,"M","$","M","?","?","E","R","M","T","R","E","?","E","M","R","B",null],"character_chosen":"THE_SILENT","items_purchased":["Trip","Backflip","Nunchaku"],"campfire_rested":0,"item_purchase_floors":[12,24,36],"current_hp_per_floor":[70,69,69,69,69,39,39,22,22,33,33,33,33,39,39,37,62,48,48,48,48,32,32,32,44,44,44,44,39,39,39,48,48,65,65,65,50,50,45,45,54,54,54,63,63,58,46,46,55,52],"gold":279,"neow_bonus":"REMOVE_CARD","is_daily":false,"chose_seed":false,"campfire_upgraded":8,"win_rate":0.0,"timestamp":1612657564,"path_taken":["M","M","?","?","?","E","R","E","T","M","R","?","R","E","R","BOSS","M","?","$","M","?","R","$","E","T","R","?","E","?","E","R","BOSS","M","$","M","?","?","E","R","M","T","R","E","?","E","M","R","BOSS"],"items_purchased_type":["Card","Card","Relic"],"build_version":"2020-12-22","purchased_purges":3,"victory":true,"max_hp_per_floor":[70,70,70,70,70,70,70,70,70,70,70,70,70,70,70,70,70,70,70,70,70,70,70,70,70,70,70,70,70,70,70,70,70,70,70,70,70,70,70,70,70,70,70,70,70,70,70,70,70,70],"card_choices":[{"not_picked":["Setup","All Out Attack"],"picked":"Sucker Punch","floor":1.0},{"not_picked":["Poisoned Stab","PiercingWail"],"picked":"Sucker Punch","floor":2.0},{"not_picked":["Dagger Throw","Slice"],"picked":"Blade Dance","floor":5.0},{"not_picked":["Dagger Spray","Bane"],"picked":"Malaise","floor":6.0},{"not_picked":["Acrobatics","Sucker Punch"],"picked":"Backflip","floor":8.0},{"not_picked":["PiercingWail","Catalyst","Acrobatics"],"picked":"SKIP","floor":10.0},{"not_picked":["Deadly Poison","Underhanded Strike","All Out Attack"],"picked":"SKIP","floor":14.0},{"not_picked":["Wraith Form v2","Die Die Die"],"picked":"Phantasmal Killer","floor":16.0},{"not_picked":["Flying Knee+1","Dagger Spray","Tactician"],"picked":"SKIP","floor":18.0},{"not_picked":["PiercingWail","Sucker Punch","Dagger Spray"],"picked":"SKIP","floor":21.0},{"not_picked":["Leg Sweep+1","Dagger Spray","Acrobatics"],"picked":"SKIP","floor":25.0},{"not_picked":["Backflip","Terror+1"],"picked":"Escape Plan+1","floor":28.0},{"not_picked":["Sucker Punch","Unload","Acrobatics"],"picked":"SKIP","floor":29.0},{"not_picked":["Backflip","Reflex"],"picked":"Noxious Fumes","floor":31.0},{"not_picked":["Glass Knife","Grand Finale"],"picked":"Burst","floor":33.0},{"not_picked":["Poisoned Stab","Acrobatics"],"picked":"Infinite Blades+1","floor":35.0},{"not_picked":["Deflect+1","Noxious Fumes+1"],"picked":"Footwork+1","floor":37.0},{"not_picked":["Secret Weapon","The Bomb"],"picked":"Jack Of All Trades","floor":39.0},{"not_picked":["Acrobatics","Underhanded Strike+1","Concentrate"],"picked":"SKIP","floor":40.0},{"not_picked":["Poisoned Stab+1","Noxious Fumes","Dagger Spray"],"picked":"SKIP","floor":42.0},{"not_picked":["Dagger Throw","Dagger Spray"],"picked":"Backstab+1","floor":45.0},{"not_picked":["Blade Dance","Bouncing Flask","Choke"],"picked":"SKIP","floor":47.0},{"not_picked":["Catalyst+1","Setup+1"],"picked":"Backflip+1","floor":48.0}],"player_experience":346719,"relics_obtained":[{"floor":4.0,"key":"Bottled Flame"},{"floor":6.0,"key":"Shuriken"},{"floor":8.0,"key":"Juzu Bracelet"},{"floor":9.0,"key":"Meat on the Bone"},{"floor":14.0,"key":"Pen Nib"},{"floor":22.0,"key":"Enchiridion"},{"floor":25.0,"key":"Peace Pipe"},{"floor":26.0,"key":"InkBottle"},{"floor":28.0,"key":"Gambling Chip"},{"floor":28.0,"key":"Eternal Feather"},{"floor":29.0,"key":"Thread and Needle"},{"floor":31.0,"key":"Centennial Puzzle"},{"floor":40.0,"key":"Matryoshka"},{"floor":43.0,"key":"Orichalcum"},{"floor":45.0,"key":"White Beast Statue"},{"floor":46.0,"key":"Girya"},{"floor":47.0,"key":"Sundial"}],"event_choices":[{"cards_removed":["Strike_G"],"damage_healed":0.0,"max_hp_gain":0.0,"max_hp_loss":0.0,"gold_gain":0.0,"event_name":"Living Wall","player_choice":"Forget","floor":3.0,"gold_loss":0.0,"damage_taken":0.0},{"damage_healed":0.0,"max_hp_gain":0.0,"max_hp_loss":0.0,"gold_gain":0.0,"event_name":"Cursed Tome","player_choice":"Obtained Book","floor":22.0,"gold_loss":0.0,"damage_taken":16.0},{"damage_healed":0.0,"max_hp_gain":0.0,"max_hp_loss":0.0,"gold_gain":0.0,"event_name":"Colosseum","player_choice":"Fight","floor":28.0,"gold_loss":0.0,"damage_taken":0.0},{"damage_healed":0.0,"max_hp_gain":0.0,"max_hp_loss":0.0,"gold_gain":0.0,"event_name":"Colosseum","player_choice":"Fought Nobs","floor":28.0,"gold_loss":0.0,"damage_taken":0.0},{"cards_removed":["Defend_G"],"damage_healed":0.0,"max_hp_gain":0.0,"max_hp_loss":0.0,"gold_gain":0.0,"event_name":"Beggar","player_choice":"Gave Gold","floor":30.0,"gold_loss":75.0,"damage_taken":0.0},{"cards_removed":["Defend_G"],"damage_healed":0.0,"max_hp_gain":0.0,"max_hp_loss":0.0,"gold_gain":0.0,"event_name":"Purifier","player_choice":"Purged","floor":38.0,"gold_loss":0.0,"damage_taken":0.0},{"damage_healed":0.0,"max_hp_gain":0.0,"max_hp_loss":0.0,"gold_gain":0.0,"event_name":"SensoryStone","player_choice":"Memory 2","floor":39.0,"gold_loss":0.0,"damage_taken":5.0},{"damage_healed":0.0,"max_hp_gain":0.0,"max_hp_loss":0.0,"gold_gain":0.0,"event_name":"Mysterious Sphere","player_choice":"Fight","floor":46.0,"gold_loss":0.0,"damage_taken":0.0}],"is_beta":false,"boss_relics":[{"not_picked":["Snecko Eye","Coffee Dripper"],"picked":"SlaversCollar"},{"not_picked":["HoveringKite","Fusion Hammer"],"picked":"Empty Cage"}],"items_purged_floors":[12,20,36],"is_endless":false,"potions_floor_spawned":[1,5,6,16,18,28,31,33,35,42,46,47,48],"ascension_level":5}}