{"host":"mqhvlr3kpxebko0t","time":1612701977,"event":{"mods":["AchievementEnabler","BaseMod","Colored Map","Colored Powertips","KOR Keyword Fix","Keyboard Shortcuts","Minty Spire (QoL Compilation)","StSLib","SuperFastMode"],"gold_per_floor":[113,190,190,115,115,141,141,169,169,169,230,55,180,212,212,283,283,301,351,128,198,248,248,248,248],"floor_reached":24,"language":"KOR","playtime":246,"items_purged":["Strike_B","Strike_B","Rip and Tear"],"score":452,"play_id":"0f998c01-648f-4e18-ae0b-76778ad2d60e","local_time":"20210207214617","is_ascension_mode":true,"campfire_choices":[{"data":"Zap","floor":7,"key":"SMITH"},{"data":"Defragment","floor":15,"key":"SMITH"},{"data":"Fission","floor":23,"key":"SMITH"}],"circlet_count":0,"master_deck":["AscendersBane","Zap+1","Dualcast","FTL","Go for the Eyes","Ball Lightning","Defragment+1","Defragment+1","Thunder Strike","Fission+1","Static Discharge","Thunder Strike","Core Surge","Chaos","Capacitor","Cold Snap","Coolheaded"],"relics":["Cracked Core","NeowsBlessing","InkBottle","Bag of Preparation","Boot","Singing Bowl","SsserpentHead","Matryoshka","Pandora\u0027s Box"],"acts_visited":["Exordium","TheCity"],"potions_floor_usage":[24,24],"damage_taken":[{"damage":0,"enemies":"Cultist","floor":1,"turns":1},{"damage":0,"enemies":"Gremlin Nob","floor":6,"turns":1},{"damage":0,"enemies":"Lagavulin","floor":8,"turns":1},{"damage":2,"enemies":"Jaw Worm","floor":11,"turns":2},{"damage":20,"enemies":"3 Sentries","floor":14,"turns":5},{"damage":14,"enemies":"Hexaghost","floor":16,"turns":7},{"damage":8,"enemies":"Chosen","floor":18,"turns":3},{"damage":31,"enemies":"2 Thieves","floor":21,"turns":3},{"damage":34,"enemies":"Slavers","floor":24,"turns":1}],"seed_played":"-6925703302697095069","potions_obtained":[{"floor":6,"key":"BlessingOfTheForge"},{"floor":16,"key":"CultistPotion"}],"is_trial":false,"path_per_floor":["M","T","?","$","?","E","R","E","T","?","M","$","?","E","R","B",null,"M","?","$","M","?","R","E"],"character_chosen":"DEFECT","items_purchased":["Defragment","Capacitor","Cold Snap"],"campfire_rested":0,"item_purchase_floors":[12,20,20],"current_hp_per_floor":[64,64,57,57,62,62,62,62,62,62,60,60,49,29,29,15,61,53,53,53,24,24,24,0,0],"gold":248,"neow_bonus":"THREE_ENEMY_KILL","is_daily":false,"chose_seed":false,"campfire_upgraded":3,"win_rate":0.0,"timestamp":1612701977,"path_taken":["M","?","?","$","?","E","R","E","T","?","?","$","?","E","R","BOSS","M","?","$","?","?","R","E"],"items_purchased_type":["Card","Card","Card"],"build_version":"2020-12-22","purchased_purges":3,"victory":false,"max_hp_per_floor":[71,71,71,71,76,76,76,76,76,76,76,76,76,76,76,76,76,76,76,76,78,78,78,78,78],"card_choices":[{"not_picked":["Stack","Gash"],"picked":"FTL","floor":1},{"not_picked":["Gash","Turbo","Ball Lightning"],"picked":"SKIP","floor":6},{"not_picked":["Hologram","Amplify"],"picked":"Go for the Eyes","floor":8},{"not_picked":["Steam","Rebound"],"picked":"Ball Lightning","floor":11},{"not_picked":["Skim","Redo"],"picked":"Defragment","floor":14},{"not_picked":["Hyperbeam","Seek"],"picked":"Thunder Strike","floor":16},{"not_picked":["Go for the Eyes","Storm"],"picked":"Chaos","floor":18},{"not_picked":["Ball Lightning","Hologram","Beam Cell"],"picked":"Singing Bowl","floor":21}],"player_experience":695396,"relics_obtained":[{"floor":2,"key":"InkBottle"},{"floor":6,"key":"Bag of Preparation"},{"floor":8,"key":"Boot"},{"floor":9,"key":"Singing Bowl"},{"floor":14,"key":"Matryoshka"}],"event_choices":[{"cards_removed":["Strike_B"],"damage_healed":0,"gold_gain":0,"player_choice":"Card Removal","damage_taken":7,"max_hp_gain":0,"max_hp_loss":0,"event_name":"Golden Wing","floor":3,"gold_loss":0},{"damage_healed":0,"gold_gain":0,"player_choice":"Donut","damage_taken":0,"max_hp_gain":5,"max_hp_loss":0,"event_name":"Big Fish","floor":5,"gold_loss":0},{"damage_healed":0,"gold_gain":0,"player_choice":"Trade","damage_taken":0,"relics_obtained":["SsserpentHead"],"max_hp_gain":0,"max_hp_loss":0,"event_name":"FaceTrader","floor":10,"gold_loss":0},{"damage_healed":0,"gold_gain":75,"player_choice":"Gather Gold","damage_taken":11,"max_hp_gain":0,"max_hp_loss":0,"event_name":"World of Goop","floor":13,"gold_loss":0},{"damage_healed":0,"gold_gain":0,"player_choice":"Forge","damage_taken":0,"max_hp_gain":0,"max_hp_loss":0,"event_name":"Accursed Blacksmith","floor":19,"gold_loss":0,"cards_upgraded":["Defragment"]},{"damage_healed":0,"gold_gain":0,"player_choice":"Read","damage_taken":0,"max_hp_gain":0,"max_hp_loss":0,"event_name":"The Library","floor":22,"gold_loss":0,"cards_obtained":["Coolheaded"]}],"is_beta":false,"boss_relics":[{"not_picked":["Ectoplasm","Runic Dome"],"picked":"Pandora\u0027s Box"}],"items_purged_floors":[4,12,20],"is_endless":false,"potions_floor_spawned":[6,16],"killed_by":"Slavers","ascension_level":15}}