{"host":"6lsob4l0icwczu35","time":1612698502,"event":{"mods":["BaseMod","Curses Come First","Minty Spire (QoL Compilation)","Relic Stats","StSLib"],"gold_per_floor":[110,58,75,75,25,59,71,71,71,101,101,127,127,145,145,241,241,256,32,32,42,57,82,82,114,114,114,124,124,124,154,154,249,249,259,271,287,307,324,353,353,388,415,429,440,453,453,487,487,487,487,487,12,42,42],"floor_reached":56,"language":"ENG","playtime":3251,"items_purged":["Strike_R","Defend_R"],"score":1732,"play_id":"e957442d-0954-4f7e-b239-c716806e0c8e","local_time":"20210207134822","is_ascension_mode":true,"campfire_choices":[{"data":"Dual Wield","floor":8.0,"key":"SMITH"},{"data":"Perfected Strike","floor":11.0,"key":"SMITH"},{"data":"Bash","floor":13.0,"key":"SMITH"},{"data":"Thunderclap","floor":15.0,"key":"SMITH"},{"data":"Bludgeon","floor":24.0,"key":"SMITH"},{"data":"Immolate","floor":27.0,"key":"SMITH"},{"data":"Reaper","floor":32.0,"key":"SMITH"},{"floor":41.0,"key":"RECALL"},{"data":"Impervious","floor":49.0,"key":"SMITH"},{"data":"Impervious","floor":52.0,"key":"SMITH"}],"circlet_count":0,"master_deck":["Strike_R","Strike_R","Strike_R","Strike_R","Defend_R","Defend_R","Bash+1","Thunderclap+1","Perfected Strike+1","Corruption","Dual Wield+1","Shrug It Off+1","Wild Strike","Bludgeon+1","Shrug It Off+1","Dual Wield+1","Dark Embrace+1","Immolate+1","Dropkick","Feel No Pain+1","Pommel Strike+1","Carnage+1","Reaper+1","Impervious+1","Flame Barrier+1","Clothesline+1","Impervious+1","Dark Embrace","Mind Blast","Body Slam+1"],"relics":["Snecko Eye","Strawberry","Potion Belt","Mercury Hourglass","Blood Vial","Mummified Hand","Coffee Dripper","Orrery","Incense Burner","Pear","CaptainsWheel","Shuriken","MutagenicStrength","Singing Bowl","SacredBark","Bronze Scales","Sundial","Letter Opener","OrangePellets","War Paint"],"acts_visited":["Exordium","TheCity","TheBeyond","TheEnding"],"potions_floor_usage":[55,55,55,55,55,55,55,55,55],"damage_taken":[{"damage":6.0,"enemies":"2 Louse","floor":1.0,"turns":2.0},{"damage":0.0,"enemies":"Small Slimes","floor":3.0,"turns":2.0},{"damage":25.0,"enemies":"3 Sentries","floor":6.0,"turns":5.0},{"damage":0.0,"enemies":"Cultist","floor":7.0,"turns":2.0},{"damage":7.0,"enemies":"Gremlin Nob","floor":10.0,"turns":3.0},{"damage":2.0,"enemies":"Lagavulin","floor":12.0,"turns":4.0},{"damage":0.0,"enemies":"Exordium Wildlife","floor":14.0,"turns":1.0},{"damage":15.0,"enemies":"The Guardian","floor":16.0,"turns":5.0},{"damage":6.0,"enemies":"Shell Parasite","floor":18.0,"turns":3.0},{"damage":0.0,"enemies":"3 Byrds","floor":21.0,"turns":2.0},{"damage":0.0,"enemies":"Centurion and Healer","floor":22.0,"turns":1.0},{"damage":8.0,"enemies":"Slavers","floor":23.0,"turns":3.0},{"damage":13.0,"enemies":"Gremlin Leader","floor":25.0,"turns":3.0},{"damage":0.0,"enemies":"3 Cultists","floor":28.0,"turns":2.0},{"damage":0.0,"enemies":"Slavers","floor":31.0,"turns":2.0},{"damage":3.0,"enemies":"Collector","floor":33.0,"turns":3.0},{"damage":16.0,"enemies":"3 Darklings","floor":35.0,"turns":2.0},{"damage":8.0,"enemies":"3 Shapes","floor":36.0,"turns":2.0},{"damage":10.0,"enemies":"Spire Growth","floor":37.0,"turns":3.0},{"damage":19.0,"enemies":"Transient","floor":38.0,"turns":5.0},{"damage":0.0,"enemies":"3 Darklings","floor":39.0,"turns":1.0},{"damage":4.0,"enemies":"Reptomancer","floor":40.0,"turns":5.0},{"damage":3.0,"enemies":"Nemesis","floor":42.0,"turns":5.0},{"damage":0.0,"enemies":"Writhing Mass","floor":44.0,"turns":6.0},{"damage":0.0,"enemies":"Sphere and 2 Shapes","floor":45.0,"turns":1.0},{"damage":0.0,"enemies":"Transient","floor":46.0,"turns":5.0},{"damage":27.0,"enemies":"Giant Head","floor":48.0,"turns":8.0},{"damage":30.0,"enemies":"Time Eater","floor":50.0,"turns":3.0},{"damage":0,"enemies":"Shield and Spear","floor":54,"turns":5},{"damage":24,"enemies":"The Heart","floor":55,"turns":4}],"seed_played":"-207964760481739162","potions_obtained":[{"floor":7.0,"key":"AttackPotion"},{"floor":12.0,"key":"FearPotion"},{"floor":16.0,"key":"ElixirPotion"},{"floor":18.0,"key":"Block Potion"},{"floor":23.0,"key":"GamblersBrew"},{"floor":25.0,"key":"Swift Potion"},{"floor":30.0,"key":"SneckoOil"},{"floor":30.0,"key":"Strength Potion"},{"floor":30.0,"key":"EntropicBrew"},{"floor":31.0,"key":"ColorlessPotion"},{"floor":33.0,"key":"FearPotion"},{"floor":35.0,"key":"AttackPotion"},{"floor":37.0,"key":"PowerPotion"},{"floor":40.0,"key":"SpeedPotion"},{"floor":45.0,"key":"Explosive Potion"},{"floor":48.0,"key":"DistilledChaos"}],"is_trial":false,"path_per_floor":["M","$","M","?","?","E","M","R","T","E","R","E","R","M","R","B",null,"M","$","?","M","M","E","R","E","T","R","M","?","?","E","R","B",null,"M","M","M","M","M","E","R","E","T","M","M","M","?","E","R","B",null,"R","$","E","B",null],"character_chosen":"IRONCLAD","items_purchased":["Perfected Strike","Orrery","OrangePellets","Dark Embrace","Mind Blast","ColorlessPotion"],"campfire_rested":0,"item_purchase_floors":[2,19,53,53,53,53],"current_hp_per_floor":[66,66,66,66,66,41,41,41,41,34,34,34,34,36,36,23,71,67,67,67,69,71,75,75,64,64,64,66,66,66,68,68,67,90,78,95,91,83,87,103,103,102,102,107,109,111,113,88,88,70,104,104,104,115,91],"gold":42,"neow_bonus":"BOSS_RELIC","is_daily":false,"chose_seed":false,"campfire_upgraded":9,"win_rate":0.0,"timestamp":1612698502,"path_taken":["M","$","M","?","?","E","M","R","T","E","R","E","R","M","R","BOSS","M","$","?","M","M","E","R","E","T","R","M","?","?","E","R","BOSS","M","?","M","M","M","E","R","E","T","M","M","M","?","E","R","BOSS","R","$","E","BOSS"],"items_purchased_type":["Card","Relic","Relic","Card","Card","Potion"],"build_version":"2020-12-22","purchased_purges":2,"victory":true,"max_hp_per_floor":[80,80,80,87,87,87,87,87,87,87,87,87,87,87,87,87,87,87,87,87,87,87,97,97,97,97,97,97,97,97,97,97,97,97,99,99,101,101,103,103,103,105,105,107,109,111,113,115,115,115,115,115,115,115,115],"relic_stats":{"Singing Bowl":18,"counters":[30,95],"Letter Opener":[25],"War Paint":["Shrug It Off","Shrug It Off"],"Mercury Hourglass":[334],"Blood Vial":40,"OrangePellets":[4],"Mummified Hand":[88],"Shuriken":[43],"Sundial":[6],"Bronze Scales":[148],"Snecko Eye":[173,134,188,174],"obtain_stats":[{"Potion Belt":6,"Pear":23,"Singing Bowl":31,"SacredBark":34,"Incense Burner":20,"Letter Opener":48,"War Paint":54,"Burning Blood":0,"Mercury Hourglass":9,"Blood Vial":10,"OrangePellets":53,"CaptainsWheel":25,"Mummified Hand":12,"Shuriken":26,"Sundial":42,"Strawberry":4,"MutagenicStrength":29,"Bronze Scales":40,"Snecko Eye":0,"Orrery":19,"Coffee Dripper":17},{"Potion Belt":3,"Pear":12,"Singing Bowl":15,"SacredBark":16,"Incense Burner":9,"Letter Opener":27,"War Paint":29,"Burning Blood":0,"Mercury Hourglass":4,"Blood Vial":5,"OrangePellets":28,"CaptainsWheel":13,"Mummified Hand":6,"Shuriken":13,"Sundial":23,"Strawberry":2,"MutagenicStrength":14,"Bronze Scales":22,"Snecko Eye":0,"Orrery":9,"Coffee Dripper":8},{"Potion Belt":9,"Pear":33,"Singing Bowl":39,"SacredBark":42,"Incense Burner":27,"Letter Opener":83,"War Paint":91,"Burning Blood":0,"Mercury Hourglass":11,"Blood Vial":14,"OrangePellets":86,"CaptainsWheel":35,"Mummified Hand":18,"Shuriken":35,"Sundial":64,"Strawberry":4,"MutagenicStrength":37,"Bronze Scales":59,"Snecko Eye":0,"Orrery":27,"Coffee Dripper":24}]},"card_choices":[{"not_picked":["Twin Strike","Body Slam"],"picked":"Thunderclap","floor":1.0},{"not_picked":["Flex","Entrench"],"picked":"Corruption","floor":3.0},{"not_picked":["Clash","Anger"],"picked":"Dual Wield","floor":6.0},{"not_picked":["Body Slam","Armaments","Offering"],"picked":"SKIP","floor":7.0},{"not_picked":["Flame Barrier","Combust"],"picked":"Shrug It Off","floor":10.0},{"not_picked":["True Grit","Disarm"],"picked":"Wild Strike","floor":12.0},{"not_picked":["Iron Wave","True Grit","Cleave"],"picked":"SKIP","floor":14.0},{"not_picked":["Exhume","Berserk"],"picked":"Bludgeon","floor":16.0},{"not_picked":["Perfected Strike","Heavy Blade"],"picked":"Shrug It Off","floor":18.0},{"not_picked":["Power Through","Iron Wave"],"picked":"Dual Wield+1","floor":19.0},{"not_picked":["Reckless Charge","Evolve"],"picked":"Dark Embrace+1","floor":19.0},{"not_picked":["Metallicize","Sword Boomerang"],"picked":"Immolate","floor":19.0},{"not_picked":["Anger","Perfected Strike"],"picked":"Dropkick","floor":19.0},{"not_picked":["Whirlwind","Evolve"],"picked":"Feel No Pain+1","floor":21.0},{"not_picked":["Shrug It Off","Havoc+1","Clothesline"],"picked":"SKIP","floor":22.0},{"not_picked":["Seeing Red","Thunderclap"],"picked":"Pommel Strike+1","floor":23.0},{"not_picked":["Juggernaut","Rupture"],"picked":"Carnage+1","floor":25.0},{"not_picked":["Combust","Body Slam","Flex+1"],"picked":"SKIP","floor":28.0},{"not_picked":["True Grit","Clothesline"],"picked":"Reaper","floor":31.0},{"not_picked":["Barricade","Limit Break"],"picked":"Impervious","floor":33.0},{"not_picked":["Heavy Blade+1","Perfected Strike","Anger+1"],"picked":"Singing Bowl","floor":35.0},{"not_picked":["Searing Blow+1","Thunderclap"],"picked":"Flame Barrier+1","floor":36.0},{"not_picked":["Iron Wave","Hemokinesis","Havoc+1"],"picked":"Singing Bowl","floor":37.0},{"not_picked":["Thunderclap+1","Shockwave"],"picked":"Clothesline+1","floor":38.0},{"not_picked":["Thunderclap","Pommel Strike","Intimidate"],"picked":"Singing Bowl","floor":39.0},{"not_picked":["Metallicize+1","Seeing Red"],"picked":"Impervious","floor":40.0},{"not_picked":["Flex","Warcry+1","True Grit"],"picked":"Singing Bowl","floor":42.0},{"not_picked":["Feel No Pain","Flex+1","Havoc"],"picked":"Singing Bowl","floor":44.0},{"not_picked":["Juggernaut","True Grit","Rage+1"],"picked":"Singing Bowl","floor":45.0},{"not_picked":["Shockwave","Bloodletting+1","Wild Strike"],"picked":"Singing Bowl","floor":46.0},{"not_picked":["HandOfGreed","Blind","Finesse"],"picked":"Singing Bowl","floor":47.0},{"not_picked":["Anger+1","Clothesline","Havoc"],"picked":"Singing Bowl","floor":48.0},{"not_picked":["Bloodletting","Dropkick"],"picked":"Body Slam+1","floor":54}],"player_experience":307061,"relics_obtained":[{"floor":6.0,"key":"Potion Belt"},{"floor":9.0,"key":"Mercury Hourglass"},{"floor":10.0,"key":"Blood Vial"},{"floor":12.0,"key":"Mummified Hand"},{"floor":23.0,"key":"Pear"},{"floor":25.0,"key":"CaptainsWheel"},{"floor":26.0,"key":"Shuriken"},{"floor":31.0,"key":"Singing Bowl"},{"floor":40.0,"key":"Bronze Scales"},{"floor":42.0,"key":"Sundial"},{"floor":48.0,"key":"Letter Opener"},{"floor":54,"key":"War Paint"}],"event_choices":[{"damage_healed":0.0,"max_hp_gain":0.0,"max_hp_loss":0.0,"gold_gain":0.0,"event_name":"Scrap Ooze","player_choice":"Success","floor":4.0,"gold_loss":0.0,"damage_taken":7.0,"relics_obtained":["Strawberry"]},{"cards_removed":["Defend_R"],"damage_healed":0.0,"max_hp_gain":0.0,"max_hp_loss":0.0,"gold_gain":0.0,"event_name":"The Cleric","player_choice":"Card Removal","floor":5.0,"gold_loss":50.0,"damage_taken":0.0},{"damage_healed":0.0,"max_hp_gain":0.0,"max_hp_loss":0.0,"gold_gain":0.0,"event_name":"The Mausoleum","player_choice":"Opened","floor":20.0,"gold_loss":0.0,"damage_taken":0.0,"relics_obtained":["Incense Burner"]},{"damage_healed":0.0,"max_hp_gain":0.0,"max_hp_loss":0.0,"gold_gain":0.0,"event_name":"Drug Dealer","player_choice":"Inject Mutagens","floor":29.0,"gold_loss":0.0,"damage_taken":0.0,"relics_obtained":["MutagenicStrength"]},{"damage_healed":0.0,"max_hp_gain":0.0,"max_hp_loss":0.0,"gold_gain":0.0,"event_name":"Lab","player_choice":"Got Potions","floor":30.0,"gold_loss":0.0,"damage_taken":0.0},{"damage_healed":0.0,"max_hp_gain":0.0,"max_hp_loss":0.0,"gold_gain":0.0,"event_name":"SensoryStone","player_choice":"Memory 1","floor":47.0,"gold_loss":0.0,"damage_taken":0.0}],"is_beta":false,"boss_relics":[{"not_picked":["Mark of Pain","Busted Crown"],"picked":"Coffee Dripper"},{"not_picked":["Pandora\u0027s Box","Fusion Hammer"],"picked":"SacredBark"}],"items_purged_floors":[19,53],"is_endless":false,"potions_floor_spawned":[7,12,16,18,23,25,31,33,35,37,40,45,48],"ascension_level":7}}