{"host":"2tgyrzvaa7l04o2e","time":1612713650,"event":{"mods":["BaseMod","Highlight Path","Minty Spire (QoL Compilation)","Permanent Neow","Relic Stats"],"gold_per_floor":[117,131,306,4,15,15,45,45,45,76,137,156,191,202,202,281,281,299,310,324,340,340,340,370,387,387,387,41,66,66,80,80,154,154,169,180,226,226,226,226,254,271,271,284,318,318,338,354,354,354,354,354,59,94,94],"floor_reached":56,"language":"ENG","playtime":3450,"items_purged":["Doubt","Strike_R","Defend_R"],"score":2056,"play_id":"5328b1a3-ee08-416d-b3db-ff38a7f0fe04","local_time":"20210207170050","is_ascension_mode":true,"campfire_choices":[{"data":"Inflame","floor":6,"key":"SMITH"},{"data":"Clothesline","floor":8,"key":"SMITH"},{"data":"True Grit","floor":15,"key":"SMITH"},{"data":"Feed","floor":23,"key":"SMITH"},{"data":"Feel No Pain","floor":30,"key":"SMITH"},{"data":"Body Slam","floor":32,"key":"SMITH"},{"data":"Dual Wield","floor":40,"key":"SMITH"},{"data":"Fiend Fire","floor":46,"key":"SMITH"},{"floor":49,"key":"RECALL"},{"data":"Feel No Pain","floor":52,"key":"SMITH"}],"circlet_count":0,"master_deck":["AscendersBane","Strike_R+1","Defend_R","Defend_R","Defend_R","Bash+1","Clothesline+1","Inflame+1","Feel No Pain+1","Shrug It Off","True Grit+1","Pummel","Body Slam+1","Cleave","Shockwave","Feed+1","Shrug It Off","Cleave+1","Feel No Pain+1","Impervious","Dual Wield+1","Cleave","Feel No Pain+1","Fiend Fire+1","Reaper","Secret Weapon","Armaments+1","Dark Embrace","Feel No Pain+1","Shockwave+1","Warcry+1","Disarm+1"],"relics":["Burning Blood","PreservedInsect","Pantograph","Mercury Hourglass","Eternal Feather","Shuriken","Whetstone","Philosopher\u0027s Stone","Nunchaku","Bottled Tornado","Singing Bowl","Blood Vial","Snecko Eye","FossilizedHelix","Toxic Egg 2","CeramicFish","Anchor","Pear"],"acts_visited":["Exordium","TheCity","TheBeyond","TheEnding"],"potions_floor_usage":[13,13,16,21,25,29,33,37,42,50,55],"damage_taken":[{"damage":10,"enemies":"2 Louse","floor":1,"turns":4},{"damage":12,"enemies":"Small Slimes","floor":2,"turns":4},{"damage":2,"enemies":"Cultist","floor":5,"turns":4},{"damage":23,"enemies":"3 Sentries","floor":7,"turns":8},{"damage":7,"enemies":"Lagavulin","floor":10,"turns":8},{"damage":24,"enemies":"Lagavulin Event","floor":11,"turns":5},{"damage":2,"enemies":"Looter","floor":12,"turns":3},{"damage":0,"enemies":"Gremlin Nob","floor":13,"turns":3},{"damage":15,"enemies":"Exordium Wildlife","floor":14,"turns":4},{"damage":30,"enemies":"The Guardian","floor":16,"turns":12},{"damage":9,"enemies":"Chosen","floor":18,"turns":6},{"damage":28,"enemies":"2 Thieves","floor":19,"turns":4},{"damage":27,"enemies":"Shelled Parasite and Fungi","floor":20,"turns":6},{"damage":0,"enemies":"3 Cultists","floor":21,"turns":4},{"damage":13,"enemies":"Gremlin Leader","floor":24,"turns":5},{"damage":21,"enemies":"Sentry and Sphere","floor":25,"turns":5},{"damage":12,"enemies":"Book of Stabbing","floor":29,"turns":4},{"damage":24,"enemies":"Shelled Parasite and Fungi","floor":31,"turns":5},{"damage":56,"enemies":"Collector","floor":33,"turns":10},{"damage":0,"enemies":"3 Shapes","floor":35,"turns":2},{"damage":0,"enemies":"3 Darklings","floor":36,"turns":5},{"damage":39,"enemies":"2 Orb Walkers","floor":37,"turns":5},{"damage":0,"enemies":"Giant Head","floor":41,"turns":7},{"damage":19,"enemies":"4 Shapes","floor":42,"turns":3},{"damage":12,"enemies":"Maw","floor":44,"turns":6},{"damage":0,"enemies":"Reptomancer","floor":45,"turns":4},{"damage":0,"enemies":"Sphere and 2 Shapes","floor":47,"turns":4},{"damage":0,"enemies":"Spire Growth","floor":48,"turns":4},{"damage":87,"enemies":"Donu and Deca","floor":50,"turns":13},{"damage":83,"enemies":"Shield and Spear","floor":54,"turns":7},{"damage":111,"enemies":"The Heart","floor":55,"turns":10}],"seed_played":"7948346556099841809","potions_obtained":[{"floor":7,"key":"BlessingOfTheForge"},{"floor":11,"key":"AttackPotion"},{"floor":14,"key":"AttackPotion"},{"floor":16,"key":"Explosive Potion"},{"floor":18,"key":"CultistPotion"},{"floor":24,"key":"Regen Potion"},{"floor":25,"key":"BlessingOfTheForge"},{"floor":31,"key":"LiquidMemories"},{"floor":37,"key":"ColorlessPotion"},{"floor":42,"key":"LiquidBronze"},{"floor":45,"key":"CultistPotion"}],"is_trial":false,"path_per_floor":["M","M","?","$","M","R","E","R","T","E","?","M","E","M","R","B",null,"M","M","M","M","?","R","E","M","T","?","$","E","R","M","R","B",null,"M","M","?","?","?","R","E","M","T","M","E","R","M","M","R","B",null,"R","$","E","B",null],"character_chosen":"IRONCLAD","items_purchased":["PreservedInsect","Feel No Pain","Singing Bowl","Warcry+1","Anchor"],"campfire_rested":0,"item_purchase_floors":[4,4,28,53,53],"current_hp_per_floor":[76,70,70,70,74,74,57,57,57,56,38,42,48,39,51,52,79,76,57,39,48,48,60,53,52,52,52,52,48,60,48,60,41,91,105,115,82,74,127,127,127,116,116,121,129,129,133,135,135,73,120,135,135,77,15],"gold":94,"neow_bonus":"TEN_PERCENT_HP_BONUS","is_daily":false,"chose_seed":false,"campfire_upgraded":9,"win_rate":0.0,"timestamp":1612713650,"path_taken":["M","M","?","$","M","R","E","R","T","E","?","M","E","M","R","BOSS","M","M","M","M","?","R","E","?","T","?","$","E","R","M","R","BOSS","M","M","?","?","?","R","E","?","T","M","E","R","M","M","R","BOSS","R","$","E","BOSS"],"items_purchased_type":["Relic","Card","Relic","Card","Relic"],"build_version":"2020-12-22","purchased_purges":3,"victory":true,"max_hp_per_floor":[88,88,88,88,88,88,88,88,88,88,88,88,88,88,88,88,88,88,91,94,97,97,97,97,97,97,97,97,99,99,103,103,107,107,113,115,115,117,127,127,127,129,129,129,129,129,133,135,135,135,135,135,135,145,149],"relic_stats":{"Singing Bowl":12,"counters":[31,173],"CeramicFish":36,"Eternal Feather":63,"PreservedInsect":472,"Whetstone":["Strike_R","Bash"],"Burning Blood":168,"Mercury Hourglass":[559],"Blood Vial":14,"Nunchaku":[17],"Shuriken":[29],"Pantograph":75,"Snecko Eye":[137,159,134,113],"obtain_stats":[{"Pear":54,"Singing Bowl":28,"CeramicFish":45,"Eternal Feather":10,"PreservedInsect":4,"Whetstone":13,"Bottled Tornado":26,"Burning Blood":0,"Mercury Hourglass":9,"Blood Vial":29,"Nunchaku":24,"Anchor":53,"Shuriken":11,"Pantograph":7,"Snecko Eye":34,"Philosopher\u0027s Stone":17,"Toxic Egg 2":41,"FossilizedHelix":37},{"Pear":30,"Singing Bowl":16,"CeramicFish":26,"Eternal Feather":5,"PreservedInsect":2,"Whetstone":8,"Bottled Tornado":16,"Burning Blood":0,"Mercury Hourglass":4,"Blood Vial":17,"Nunchaku":15,"Anchor":29,"Shuriken":5,"Pantograph":4,"Snecko Eye":19,"Philosopher\u0027s Stone":10,"Toxic Egg 2":23,"FossilizedHelix":22},{"Pear":163,"Singing Bowl":84,"CeramicFish":135,"Eternal Feather":28,"PreservedInsect":8,"Whetstone":39,"Bottled Tornado":84,"Burning Blood":0,"Mercury Hourglass":20,"Blood Vial":88,"Nunchaku":79,"Anchor":156,"Shuriken":28,"Pantograph":20,"Snecko Eye":103,"Philosopher\u0027s Stone":55,"Toxic Egg 2":122,"FossilizedHelix":115}]},"card_choices":[{"not_picked":["Warcry","Thunderclap"],"picked":"Clothesline","floor":1},{"not_picked":["Pommel Strike","Clash"],"picked":"Inflame","floor":2},{"not_picked":["Hemokinesis","Dual Wield","Iron Wave"],"picked":"SKIP","floor":5},{"not_picked":["Combust","Ghostly Armor"],"picked":"Shrug It Off","floor":7},{"not_picked":["Wild Strike","Evolve"],"picked":"True Grit","floor":10},{"not_picked":["Shrug It Off","Heavy Blade"],"picked":"Pummel","floor":11},{"not_picked":["Sentinel","Reckless Charge"],"picked":"Body Slam","floor":12},{"not_picked":["Pommel Strike","Heavy Blade"],"picked":"Cleave","floor":13},{"not_picked":["Berserk","Clothesline"],"picked":"Shockwave","floor":14},{"not_picked":["Juggernaut","Brutality"],"picked":"Feed","floor":16},{"not_picked":["Cleave","Twin Strike"],"picked":"Shrug It Off","floor":18},{"not_picked":["True Grit","Perfected Strike"],"picked":"Cleave+1","floor":19},{"not_picked":["Fire Breathing","Second Wind"],"picked":"Feel No Pain","floor":20},{"not_picked":["Headbutt","Entrench","Thunderclap"],"picked":"SKIP","floor":21},{"not_picked":["Hemokinesis","Shrug It Off","Wild Strike"],"picked":"SKIP","floor":24},{"not_picked":["Thunderclap","Twin Strike"],"picked":"Impervious","floor":25},{"not_picked":["Shrug It Off","Entrench","Twin Strike"],"picked":"Singing Bowl","floor":29},{"not_picked":["Wild Strike+1","Thunderclap"],"picked":"Feel No Pain+1","floor":31},{"not_picked":["Brutality","Juggernaut"],"picked":"Fiend Fire","floor":33},{"not_picked":["Pommel Strike","Fire Breathing","Headbutt+1"],"picked":"Singing Bowl","floor":35},{"not_picked":["Clash","Flex","Iron Wave"],"picked":"Singing Bowl","floor":36},{"not_picked":["Rage","Clash"],"picked":"Reaper","floor":37},{"not_picked":["Sadistic Nature","Mind Blast","Impatience"],"picked":"Singing Bowl","floor":38},{"not_picked":["Deep Breath","Sadistic Nature"],"picked":"Secret Weapon","floor":38},{"not_picked":["Panache","Deep Breath"],"picked":"Secret Weapon","floor":38},{"not_picked":["Flex+1","Perfected Strike+1"],"picked":"Armaments+1","floor":41},{"not_picked":["Dropkick+1","Blood for Blood","Iron Wave"],"picked":"Singing Bowl","floor":42},{"not_picked":["Entrench+1","Shrug It Off+1"],"picked":"Dark Embrace","floor":44},{"not_picked":["Double Tap+1","Warcry+1"],"picked":"Feel No Pain+1","floor":45},{"not_picked":["Metallicize","Havoc+1"],"picked":"Shockwave+1","floor":47},{"not_picked":["Feel No Pain","Twin Strike","Rupture"],"picked":"Singing Bowl","floor":48},{"not_picked":["Heavy Blade","Second Wind+1"],"picked":"Disarm+1","floor":54}],"player_experience":698538,"relics_obtained":[{"floor":7,"key":"Pantograph"},{"floor":9,"key":"Mercury Hourglass"},{"floor":10,"key":"Eternal Feather"},{"floor":13,"key":"Whetstone"},{"floor":24,"key":"Nunchaku"},{"floor":26,"key":"Bottled Tornado"},{"floor":29,"key":"Blood Vial"},{"floor":37,"key":"FossilizedHelix"},{"floor":41,"key":"Toxic Egg 2"},{"floor":45,"key":"CeramicFish"},{"floor":54,"key":"Pear"}],"event_choices":[{"damage_healed":0,"gold_gain":175,"player_choice":"AGREE","damage_taken":0,"max_hp_gain":0,"max_hp_loss":0,"event_name":"Liars Game","floor":3,"gold_loss":0,"cards_obtained":["Doubt"]},{"damage_healed":0,"gold_gain":0,"player_choice":"Searched \u00272\u0027 times","damage_taken":0,"relics_obtained":["Shuriken"],"max_hp_gain":0,"max_hp_loss":0,"event_name":"Dead Adventurer","floor":11,"gold_loss":0},{"cards_removed":["Strike_R"],"damage_healed":0,"gold_gain":0,"player_choice":"Purged","damage_taken":0,"max_hp_gain":0,"max_hp_loss":0,"event_name":"Purifier","floor":22,"gold_loss":0},{"damage_healed":0,"gold_gain":0,"cards_transformed":["Strike_R","Strike_R"],"player_choice":"Became Test Subject","damage_taken":0,"max_hp_gain":0,"max_hp_loss":0,"event_name":"Drug Dealer","floor":27,"gold_loss":0,"cards_obtained":["Dual Wield","Cleave"]},{"damage_healed":0,"gold_gain":0,"player_choice":"Fight","damage_taken":0,"max_hp_gain":0,"max_hp_loss":0,"event_name":"Mysterious Sphere","floor":37,"gold_loss":0},{"damage_healed":0,"gold_gain":0,"player_choice":"Memory 3","damage_taken":10,"max_hp_gain":0,"max_hp_loss":0,"event_name":"SensoryStone","floor":38,"gold_loss":0},{"cards_removed":["Secret Weapon"],"damage_healed":43,"gold_gain":0,"player_choice":"Offered Rare","damage_taken":0,"max_hp_gain":10,"max_hp_loss":0,"event_name":"Bonfire Elementals","floor":39,"gold_loss":0}],"is_beta":false,"boss_relics":[{"not_picked":["Fusion Hammer","Runic Dome"],"picked":"Philosopher\u0027s Stone"},{"not_picked":["Velvet Choker","Astrolabe"],"picked":"Snecko Eye"}],"items_purged_floors":[4,28,53],"is_endless":false,"potions_floor_spawned":[7,11,12,14,16,18,24,25,31,37,42,45,48],"ascension_level":13}}