{"host":"ox77rn1xcurm2t5a","time":1612735961,"event":{"mods":["2.2 Compatiblity","AchievementEnabler","Act Like it!","Aspiration","BaseMod","Best Route Mod","Better Match","Better Note","Better Sensory Stone","Block Reminder","Colored Map","Colored Powertips","Conjunction","Conspire","Custom Start","Energized Spire","GifTheSpireLib","Gold Saver","Gremlin Skip","Halation","Highlight Path","Hubris","Infinite Spire","Minty Spire (QoL Compilation)","Pale of the Ancients","Quick Restart","Replay The Spire","Reworked Bosses","ShortenTheSpire","Spire Exporter","StSLib","Stuff the Spire","Wandering Minibosses"],"gold_per_floor":[118,118,118,132,132,6966,6992,6534,6534,6564,6564,6564,6578,6591,6591,6664,6664,6640,6565,7316,6385,6260,6292,6292,6322,6322,6334,6349,6349,6349,6349,6349,6426,6426,6442,6442,5846,5846,5856,5882,5882,5907,5942,5983,5995,6034,6063,6094,6106,6118,6130,6142,4809,4836,4836,4836],"floor_reached":55,"language":"ENG","playtime":2864,"items_purged":["Zap","Strike_B","Strike_B","Strike_B+1","Defend_B","Defend_B"],"score":1418,"play_id":"9b4474d5-3dfe-4bef-a987-6ff5693cabed","local_time":"20210208001241","is_ascension_mode":true,"campfire_choices":[{"floor":11.0,"key":"RECALL"},{"data":"StuffTheSpire:Innocence","floor":15.0,"key":"SMITH"},{"data":"Defragment","floor":24,"key":"SMITH"},{"data":"ReplayUltimateDefense","floor":29,"key":"SMITH"},{"data":"Echo Form","floor":32,"key":"SMITH"},{"data":"Panacea","floor":45,"key":"SMITH"},{"data":"Conserve Battery","floor":49,"key":"SMITH"},{"data":"Coolheaded","floor":52,"key":"SMITH"}],"circlet_count":0,"master_deck":["AscendersBane","Defend_B+1","Dualcast+1","StuffTheSpire:Innocence+1","Coolheaded+1","Coolheaded+1","ReplayUltimateDefense+1","Conserve Battery+1","Panacea+1","Streamline+1","Chill","Gash+1","Defragment+1","Cold Snap","Violence+1","Echo Form+1","Gash","Machine Learning","Cold Snap","Cold Snap","Conserve Battery","Streamline+1","StuffTheSpire:Coldhearted","Buffer"],"relics":["Cracked Core","NeowsBlessing","Carrot","Omamori","aspiration:FetidBarrel","hubris:FunFungus","Orichalcum","Bag of Preparation","Ancient Tea Set","Calling Bell","Pen Nib","StuffTheSpire:ColdMirror","hubris:Potato","wanderingMiniBosses:MasterThiefsPresence","conspire:TreasureMap","Centennial Puzzle","infinitespire:ShieldingShard","War Paint","aspiration:AnachronicSnailShell","StuffTheSpire:PointBlank","hubris:CrystalStatue","Black Star","Pear","halation:Jellyphish","infinitespire:Lychee Nut","conspire:Flyswatter","ReplayFunnel","MawBank","Anchor","infinitespire:Joker Card","Pondfish Scales","StuffTheSpire:BottledEssence","StuffTheSpire:Rhapsscallions","Happy Flower","Ice Cream","hubris:SphereOfDissonance"],"acts_visited":["Exordium","TheCity","TheBeyond","TheEnding"],"potions_floor_usage":[20,23,40,42,50,50,55],"damage_taken":[{"damage":0.0,"enemies":"conspire:RoseBush","floor":1.0,"turns":1.0},{"damage":0.0,"enemies":"2 Louse","floor":4.0,"turns":1.0},{"damage":0.0,"enemies":"3 Sentries","floor":7.0,"turns":1.0},{"damage":6.0,"enemies":"Gremlin Nob","floor":10.0,"turns":4.0},{"damage":0.0,"enemies":"Small Slimes","floor":13.0,"turns":4.0},{"damage":0.0,"enemies":"Exordium Wildlife","floor":14.0,"turns":2.0},{"damage":16.0,"enemies":"Slime Boss","floor":16.0,"turns":23.0},{"damage":0.0,"enemies":"2 Thieves","floor":18.0,"turns":4.0},{"damage":0,"enemies":"3 Byrds","floor":20,"turns":7},{"damage":3,"enemies":"conspire:Head Lice","floor":23,"turns":20},{"damage":5,"enemies":"Book of Stabbing","floor":25,"turns":10},{"damage":0,"enemies":"Snake Plant","floor":27,"turns":6},{"damage":0,"enemies":"conspire:HollyBat","floor":28,"turns":10},{"damage":1,"enemies":"conspire:MysteriousRune","floor":33,"turns":12},{"damage":0,"enemies":"Orb Walker","floor":35,"turns":4},{"damage":0,"enemies":"3 Shapes","floor":39,"turns":6},{"damage":0,"enemies":"R_Hoarder","floor":40,"turns":7},{"damage":0,"enemies":"Reptomancer","floor":42,"turns":9},{"damage":0,"enemies":"Giant Head","floor":44,"turns":12},{"damage":0,"enemies":"Spire Growth","floor":46,"turns":6},{"damage":0,"enemies":"4 Shapes","floor":47,"turns":5},{"damage":3,"enemies":"Maw","floor":48,"turns":9},{"damage":0,"enemies":"Replay:Hell Engine","floor":50,"turns":11},{"damage":0,"enemies":"Shield and Spear","floor":54,"turns":9},{"damage":70,"enemies":"The Heart","floor":55,"turns":15}],"seed_played":"7666596006361909247","potions_obtained":[{"floor":10.0,"key":"Weak Potion"},{"floor":13.0,"key":"Milkshake"},{"floor":16.0,"key":"DuplicationPotion"},{"floor":18.0,"key":"Adrenaline Potion"},{"floor":25,"key":"Elixir"},{"floor":28,"key":"Dexterity Potion"},{"floor":40,"key":"Explosive Potion"},{"floor":42,"key":"SteroidPotion"},{"floor":46,"key":"FocusPotion"},{"floor":47,"key":"EssenceOfSteel"}],"is_trial":false,"path_per_floor":["M","?","?","M","?","$","E","$","T","E","R","?","M","M","R","B",null,"M","?","M","$","?","E","R","E","T","M","M","R","?","AVR","R","B",null,"M","?","$","?","M","E","?","E","T","E","R","M","M","M","R","B",null,"R","$","E","B"],"character_chosen":"DEFECT","items_purchased":["Coolheaded","Omamori","aspiration:FetidBarrel","ReplayUltimateDefense","Conserve Battery","LiquidMemories","DuplicationPotion","Panacea","Orichalcum","Bag of Preparation","Streamline","Defragment","conspire:TreasureMap","Centennial Puzzle","infinitespire:ShieldingShard","Swift Potion","Cold Snap","Pear","halation:Jellyphish","Pondfish Scales","StuffTheSpire:BottledEssence","StuffTheSpire:Rhapsscallions","Energy Potion","Languid Potion","Streamline+1","StuffTheSpire:Coldhearted","Buffer"],"campfire_rested":0,"item_purchase_floors":[6,6,6,6,6,6,6,6,8,8,8,21,21,21,21,21,21,37,37,53,53,53,53,53,53,53,53],"current_hp_per_floor":[64,54,36,36,36,36,36,36,36,30,30,9,9,9,9,5,55,58,58,59,59,59,64,64,61,61,62,69,69,65,65,65,71,71,71,71,81,81,81,60,60,60,60,60,60,60,60,57,57,60,60,60,62,62,0,0],"gold":4836,"neow_bonus":"THREE_ENEMY_KILL","is_daily":false,"chose_seed":false,"campfire_upgraded":7,"win_rate":0.0,"timestamp":1612735961,"path_taken":["M","?","?","M","?","$","E","$","T","E","R","?","?","M","R","BOSS","M","?","M","$","?","E","R","E","T","M","?","R","?","AVR","R","BOSS","M","?","$","?","M","E","?","E","T","E","R","M","?","M","R","BOSS","R","$","E","BOSS"],"items_purchased_type":["Card","Relic","Relic","Card","Card","Potion","Potion","Card","Relic","Relic","Card","Card","Relic","Relic","Relic","Potion","Card","Relic","Relic","Relic","Relic","Relic","Potion","Potion","Card","Card","Card"],"build_version":"2020-12-22","purchased_purges":6,"victory":false,"max_hp_per_floor":[71,71,71,71,71,71,71,71,71,71,71,71,71,71,71,71,71,71,71,71,71,71,71,71,71,71,71,71,71,71,71,71,71,71,71,71,81,81,81,60,60,60,60,60,60,60,60,60,60,60,60,60,62,62,62,62],"card_choices":[{"not_picked":["Time Bomb","Heatsinks","Leap"],"picked":"SKIP","floor":1.0},{"not_picked":["Conserve Battery","Hologram","Self Repair"],"picked":"SKIP","floor":4.0},{"not_picked":["Compile Driver","Stack","Skim"],"picked":"SKIP","floor":7.0},{"not_picked":["Meteor Strike","ReplayGash"],"picked":"Chill","floor":10.0},{"not_picked":["Skim","Streamline","Rebound"],"picked":"SKIP","floor":13.0},{"not_picked":["ReplaySolidLightProjector","Barrage","Conserve Battery"],"picked":"SKIP","floor":14.0},{"not_picked":["Skim","StuffTheSpire:LoadUp","Self Repair"],"picked":"SKIP","floor":18.0},{"not_picked":["Compile Driver+1","StuffTheSpire:Plugnplay"],"picked":"Gash+1","floor":20},{"not_picked":["Replay:Dark Deal+1","Metamorphosis+1"],"picked":"Violence+1","floor":22},{"not_picked":["Time Bomb","Amplify","Barrage+1"],"picked":"SKIP","floor":23},{"not_picked":["FTL","Leap"],"picked":"Echo Form","floor":25},{"not_picked":["StuffTheSpire:LoadUp","Compile Driver"],"picked":"Gash","floor":27},{"not_picked":["Stack","Hologram","FTL"],"picked":"SKIP","floor":28},{"not_picked":["hubris:Prefetch","Electrodynamics"],"picked":"Machine Learning","floor":33},{"not_picked":["Hello World","Stack","Leap"],"picked":"SKIP","floor":35},{"not_picked":["Steam","Tempest"],"picked":"Cold Snap","floor":39},{"not_picked":["ReplayTheSpireMod:Dual Polarity","ReplayTheSpireMod:Calculation Training","Rip and Tear+1"],"picked":"SKIP","floor":40},{"not_picked":["Beam Cell+1","Compile Driver","Stack+1"],"picked":"SKIP","floor":42},{"not_picked":["conspire:SharedLibrary","Fusion"],"picked":"Cold Snap","floor":44},{"not_picked":["ReplayRNGCard","Panic Button+1","hubris:PowerSurge+1"],"picked":"SKIP","floor":46},{"not_picked":["Panic Button","Ball Lightning"],"picked":"Conserve Battery","floor":47},{"not_picked":["FIFO Queue","Steam Power+1","Tempest"],"picked":"SKIP","floor":48},{"not_picked":["Scrape","Tempest","Hologram"],"picked":"SKIP","floor":54}],"player_experience":3057737,"relics_obtained":[{"floor":7.0,"key":"hubris:FunFungus"},{"floor":10.0,"key":"Ancient Tea Set"},{"floor":17.0,"key":"Pen Nib"},{"floor":17.0,"key":"StuffTheSpire:ColdMirror"},{"floor":17.0,"key":"hubris:Potato"},{"floor":20,"key":"wanderingMiniBosses:MasterThiefsPresence"},{"floor":23,"key":"War Paint"},{"floor":25,"key":"aspiration:AnachronicSnailShell"},{"floor":26,"key":"StuffTheSpire:PointBlank"},{"floor":40,"key":"infinitespire:Lychee Nut"},{"floor":40,"key":"conspire:Flyswatter"},{"floor":42,"key":"ReplayFunnel"},{"floor":42,"key":"MawBank"},{"floor":43,"key":"Anchor"},{"floor":44,"key":"infinitespire:Joker Card"},{"floor":54,"key":"Happy Flower"},{"floor":54,"key":"Ice Cream"}],"event_choices":[{"damage_healed":0.0,"max_hp_gain":0.0,"max_hp_loss":0.0,"gold_gain":0.0,"event_name":"Scrap Ooze","player_choice":"Success","floor":3.0,"gold_loss":0.0,"damage_taken":18.0,"relics_obtained":["Carrot"]},{"damage_healed":0.0,"max_hp_gain":0.0,"max_hp_loss":0.0,"gold_gain":0.0,"event_name":"Shining Light","player_choice":"Entered Light","floor":12.0,"gold_loss":0.0,"damage_taken":21.0,"cards_upgraded":["Strike_B","Coolheaded"]},{"cards_removed":["Strike_B"],"damage_healed":0.0,"max_hp_gain":0.0,"max_hp_loss":0.0,"gold_gain":0.0,"event_name":"Beggar","player_choice":"Gave Gold","floor":19.0,"gold_loss":75.0,"damage_taken":0.0},{"damage_healed":0,"gold_gain":0,"player_choice":"2","damage_taken":0,"max_hp_gain":0,"max_hp_loss":0,"event_name":"betterMatch:BetterMatch","floor":22,"gold_loss":0,"cards_obtained":["betterMatch:ColorlessRareCard"]},{"damage_healed":0,"gold_gain":0,"player_choice":"Leave","damage_taken":0,"max_hp_gain":0,"max_hp_loss":0,"event_name":"conspire:Investor","floor":30,"gold_loss":0}],"is_beta":false,"boss_relics":[{"not_picked":["Ring of Chaos","energizedSpire:OgreHead"],"picked":"Calling Bell"},{"not_picked":["aspiration:WatcherSkillbook","hubris:HollowSoul"],"picked":"Black Star"}],"items_purged_floors":[6,8,21,31,37,53],"is_endless":false,"potions_floor_spawned":[10,13,16,18,25,27,28,40,42,46,47,54],"killed_by":"The Heart","ascension_level":17}}