{"host":"b7j598ve05halrwk","time":1612671903,"event":{"mods":["2.2 Compatiblity","BaseMod","Block Reminder","DeckTracker","Minty Spire (QoL Compilation)","Relic Stats","Slay the Relics Exporter","StSLib","ojb\u0027s Better Paths Mod","ojb\u0027s Info Mod"],"gold_per_floor":[111,121,271,23,43,74,84,111,135,162,193,193,28,42,42,115,115,132,132,150,169,7,42,42,42,122,152,152,178,191,203,203,203,203],"floor_reached":33,"language":"ENG","playtime":1621,"items_purged":["Doubt"],"score":675,"play_id":"a0267ca7-43f5-4f8f-ade1-5efac836f737","local_time":"20210206232503","is_ascension_mode":true,"campfire_choices":[{"data":"Loop","floor":12.0,"key":"SMITH"},{"data":"Hyperbeam","floor":15.0,"key":"SMITH"},{"floor":24.0,"key":"REST"},{"data":"Seek","floor":28.0,"key":"SMITH"},{"floor":32,"key":"REST"}],"circlet_count":0,"master_deck":["AscendersBane","Defend_B","Defend_B","Defend_B","Defend_B","Dualcast","Darkness","Sweeping Beam","Reinforced Body","Hyperbeam+1","Ball Lightning","Loop+1","Glacier","Core Surge","Seek+1","Capacitor","Bite","Bite","Bite","Bite","Bite","Cold Snap+1","Storm","Sweeping Beam","Rainbow","Lockon+1","Go for the Eyes","Conserve Battery"],"relics":["Cracked Core","NeowsBlessing","Whetstone","Toy Ornithopter","Bag of Preparation","Ancient Tea Set","Nunchaku","Medical Kit","Runic Dome","Runic Capacitor","PreservedInsect","Cables","Tiny Chest","MealTicket"],"acts_visited":["Exordium","TheCity"],"potions_floor_usage":[30,31],"damage_taken":[{"damage":0.0,"enemies":"Jaw Worm","floor":1.0,"turns":1.0},{"damage":0.0,"enemies":"Small Slimes","floor":2.0,"turns":1.0},{"damage":0.0,"enemies":"Cultist","floor":5.0,"turns":1.0},{"damage":10.0,"enemies":"Lagavulin","floor":6.0,"turns":6.0},{"damage":0.0,"enemies":"Gremlin Gang","floor":7.0,"turns":1.0},{"damage":11.0,"enemies":"Gremlin Nob","floor":8.0,"turns":3.0},{"damage":23.0,"enemies":"Lagavulin","floor":11.0,"turns":6.0},{"damage":5.0,"enemies":"Large Slime","floor":14.0,"turns":5.0},{"damage":8.0,"enemies":"Hexaghost","floor":16.0,"turns":6.0},{"damage":0.0,"enemies":"Spheric Guardian","floor":18.0,"turns":1.0},{"damage":30.0,"enemies":"3 Byrds","floor":20.0,"turns":4.0},{"damage":36.0,"enemies":"Cultist and Chosen","floor":21.0,"turns":10.0},{"damage":25.0,"enemies":"Gremlin Leader","floor":23.0,"turns":6.0},{"damage":10.0,"enemies":"Book of Stabbing","floor":27.0,"turns":4.0},{"damage":7.0,"enemies":"Slavers","floor":29.0,"turns":2.0},{"damage":44,"enemies":"Shelled Parasite and Fungi","floor":30,"turns":4},{"damage":9,"enemies":"Snake Plant","floor":31,"turns":4},{"damage":36,"enemies":"Collector","floor":33,"turns":5}],"seed_played":"-145666044120272157","potions_obtained":[{"floor":1.0,"key":"LiquidBronze"},{"floor":5.0,"key":"AttackPotion"},{"floor":7.0,"key":"SkillPotion"},{"floor":16.0,"key":"SteroidPotion"},{"floor":23.0,"key":"ColorlessPotion"},{"floor":29.0,"key":"DistilledChaos"},{"floor":30,"key":"Swift Potion"}],"is_trial":false,"path_per_floor":["M","M","?","$","M","E","M","E","T","T","E","R","$","M","R","B",null,"M","?","M","M","$","E","R","?","T","E","R","E","M","M","R","B"],"character_chosen":"DEFECT","items_purchased":["Whetstone","Medical Kit","Runic Capacitor"],"campfire_rested":2,"item_purchase_floors":[4,13,22],"current_hp_per_floor":[64,64,64,64,64,54,54,43,43,43,22,22,22,19,19,18,58,60,60,40,26,26,10,31,31,31,34,34,38,9,7,28,0,0],"gold":203,"neow_bonus":"THREE_ENEMY_KILL","is_daily":false,"chose_seed":false,"campfire_upgraded":3,"win_rate":0.0,"timestamp":1612671903,"path_taken":["M","M","?","$","M","E","M","E","T","?","E","R","$","M","R","BOSS","M","?","M","M","$","E","R","?","T","E","R","E","M","?","R","BOSS"],"items_purchased_type":["Relic","Relic","Relic"],"build_version":"2020-12-22","purchased_purges":1,"victory":false,"max_hp_per_floor":[71,71,71,71,71,71,71,71,71,71,71,71,71,71,71,71,71,71,71,71,71,71,71,71,71,71,71,71,71,71,71,71,71,71],"relic_stats":{"Nunchaku":[9],"counters":[18,70],"Tiny Chest":0,"MealTicket":0,"PreservedInsect":83,"Bag of Preparation":[24],"Whetstone":["Strike_B","Strike_B"],"Medical Kit":[1],"obtain_stats":[{"NeowsBlessing":0,"PreservedInsect":23,"Bag of Preparation":9,"Runic Capacitor":22,"Whetstone":4,"Ancient Tea Set":10,"Medical Kit":13,"Cables":26,"Blood Vial":8,"Runic Dome":17,"Nunchaku":11,"Tiny Chest":27,"MealTicket":29,"Cracked Core":0,"Toy Ornithopter":6},{"NeowsBlessing":0,"PreservedInsect":13,"Bag of Preparation":6,"Runic Capacitor":12,"Whetstone":2,"Ancient Tea Set":6,"Medical Kit":7,"Cables":13,"Blood Vial":6,"Runic Dome":9,"Nunchaku":7,"Tiny Chest":14,"MealTicket":15,"Cracked Core":0,"Toy Ornithopter":4},{"NeowsBlessing":0,"PreservedInsect":51,"Bag of Preparation":13,"Runic Capacitor":45,"Whetstone":2,"Ancient Tea Set":13,"Medical Kit":19,"Cables":51,"Blood Vial":13,"Runic Dome":30,"Nunchaku":19,"Tiny Chest":55,"MealTicket":57,"Cracked Core":0,"Toy Ornithopter":9}],"Toy Ornithopter":30,"Cables":[15,12,3,0,0]},"card_choices":[{"not_picked":["Capacitor","Storm"],"picked":"Darkness","floor":1.0},{"not_picked":["Force Field","Rebound"],"picked":"Sweeping Beam","floor":2.0},{"not_picked":["Conserve Battery","Barrage"],"picked":"Reinforced Body","floor":5.0},{"not_picked":["Turbo","Rebound"],"picked":"Hyperbeam","floor":6.0},{"not_picked":["Gash","Double Energy"],"picked":"Ball Lightning","floor":7.0},{"not_picked":["Redo","Steam"],"picked":"Loop","floor":8.0},{"not_picked":["Steam","Force Field"],"picked":"Glacier","floor":11.0},{"not_picked":["Sweeping Beam","Go for the Eyes"],"picked":"Core Surge","floor":14.0},{"not_picked":["Hyperbeam","All For One"],"picked":"Seek","floor":16.0},{"not_picked":["Rebound","Ball Lightning"],"picked":"Capacitor","floor":18.0},{"not_picked":["Rip and Tear","Ball Lightning"],"picked":"Cold Snap+1","floor":20.0},{"not_picked":["Leap","Chaos","Go for the Eyes"],"picked":"SKIP","floor":21.0},{"not_picked":["Multi-Cast","Leap"],"picked":"Storm","floor":23.0},{"not_picked":["Leap","Streamline"],"picked":"Rainbow","floor":27.0},{"not_picked":["Genetic Algorithm","Reinforced Body"],"picked":"Lockon+1","floor":29.0},{"not_picked":["Fusion","Rebound"],"picked":"Go for the Eyes","floor":30},{"not_picked":["Compile Driver","Gash+1"],"picked":"Conserve Battery","floor":31}],"player_experience":1114296,"relics_obtained":[{"floor":6.0,"key":"Toy Ornithopter"},{"floor":8.0,"key":"Blood Vial"},{"floor":9.0,"key":"Bag of Preparation"},{"floor":10.0,"key":"Ancient Tea Set"},{"floor":11.0,"key":"Nunchaku"},{"floor":23.0,"key":"PreservedInsect"},{"floor":26.0,"key":"Cables"},{"floor":27.0,"key":"Tiny Chest"},{"floor":29.0,"key":"MealTicket"}],"event_choices":[{"damage_healed":0.0,"max_hp_gain":0.0,"max_hp_loss":0.0,"gold_gain":150.0,"event_name":"Liars Game","player_choice":"AGREE","floor":3.0,"gold_loss":0.0,"damage_taken":0.0,"cards_obtained":["Doubt"]},{"damage_healed":0.0,"max_hp_gain":0.0,"max_hp_loss":0.0,"gold_gain":0.0,"event_name":"Vampires","player_choice":"Became a vampire (Vial)","floor":19.0,"relics_lost":["Blood Vial"],"gold_loss":0.0,"damage_taken":0.0,"cards_obtained":["Bite","Bite","Bite","Bite","Bite"]},{"damage_healed":0.0,"max_hp_gain":0.0,"max_hp_loss":0.0,"gold_gain":0.0,"cards_transformed":["Zap"],"event_name":"Transmorgrifier","player_choice":"Transformed","floor":25.0,"gold_loss":0.0,"damage_taken":0.0,"cards_obtained":["Sweeping Beam"]}],"is_beta":false,"boss_relics":[{"not_picked":["Black Star","Tiny House"],"picked":"Runic Dome"}],"items_purged_floors":[4],"is_endless":false,"potions_floor_spawned":[1,5,7,16,18,23,29,30],"killed_by":"Collector","ascension_level":20}}