{"host":"yrtk68ixj64vhhh3","time":1612695895,"event":{"mods":["2.2 Compatiblity","AchievementEnabler","Aspiration","BaseMod","Better Altar","Better Match","Better Note","Better Silent Start","Better Skull","Better Third Choice","Colored Map","Colored Powertips","Conspire","Dio Mod","Downfall","Energized Spire","Hubris","Infinite Spire","Minty Spire (QoL Compilation)","Prisma Mod","RNG Fix","StSLib","Steal the Spire","Td1madao Mod","The Animator","The Poker Player","The Wild Card","TheBandit","TheHero"],"gold_per_floor":[113,13,50,23,59,59,24,95,95,109,157,201,201,238,238,332,332,368,328,328,317,364,364,364,364,364],"floor_reached":24,"language":"ENG","playtime":1899,"items_purged":[],"score":240,"play_id":"11d51007-e48f-4032-ac75-eb73458d06e7","local_time":"20210208000455","is_ascension_mode":true,"metric_token":1874,"campfire_choices":[{"floor":6,"key":"REST"},{"floor":13,"key":"REST"},{"floor":15,"key":"REST"},{"floor":23,"key":"REST"}],"circlet_count":0,"master_deck":["PokerPlayerMod:Diamond1","PokerPlayerMod:Diamond2","PokerPlayerMod:Diamond3","PokerPlayerMod:Diamond4","PokerPlayerMod:Diamond5","PokerPlayerMod:Spade1","PokerPlayerMod:Spade2","PokerPlayerMod:Spade3","PokerPlayerMod:Spade4","PokerPlayerMod:Club1","PokerPlayerMod:Club2","PokerPlayerMod:Heart2","PokerPlayerMod:TrumpStrike","PokerPlayerMod:BadJoker+1","PokerPlayerMod:Mulligan","PokerPlayerMod:Duplicate","PokerPlayerMod:CardPrinter","conspire:SpireCoStock","conspire:SpireCoStock","PokerPlayerMod:MagicTrick+1","PokerPlayerMod:CloakAndDiamond","PokerPlayerMod:Diamond5","PokerPlayerMod:DamnStraight","PokerPlayerMod:Trickery","PokerPlayerMod:Spade7","PokerPlayerMod:HiddenCard","PokerPlayerMod:TheDieIsCast","PokerPlayerMod:FillThePot","PokerPlayerMod:DiamondStrike","PokerPlayerMod:Raise"],"relics":["PokerPlayerMod:DeckCase","betterThird:SlimedRelic","hubris:OldNail","infinitespire:Joker Card","hubris:Backtick","PokerPlayerMod:StuffedPocket"],"acts_visited":["Exordium","TheCity"],"potions_floor_usage":[16,16,16,21],"damage_taken":[{"damage":9,"enemies":"Jaw Worm","floor":1,"turns":2},{"damage":6,"enemies":"Small Slimes","floor":3,"turns":3},{"damage":2,"enemies":"2 Louse","floor":5,"turns":2},{"damage":29,"enemies":"Gremlin Nob","floor":8,"turns":5},{"damage":0,"enemies":"Exordium Wildlife","floor":10,"turns":2},{"damage":1,"enemies":"Looter","floor":11,"turns":3},{"damage":8,"enemies":"2 Fungi Beasts","floor":12,"turns":4},{"damage":0,"enemies":"Lots of Slimes","floor":14,"turns":2},{"damage":22,"enemies":"Hexaghost","floor":16,"turns":7},{"damage":14,"enemies":"Chosen","floor":18,"turns":6},{"damage":19,"enemies":"2 Thieves","floor":21,"turns":5},{"damage":19,"enemies":"3 Cultists","floor":22,"turns":6},{"damage":32,"enemies":"Snecko","floor":24,"turns":4}],"seed_played":"-8583283015595083333","potions_obtained":[{"floor":3,"key":"Strength Potion"},{"floor":10,"key":"Strength Potion"},{"floor":11,"key":"BlessingOfTheForge"},{"floor":12,"key":"bronze:BurnAndBuffPotion"},{"floor":14,"key":"champ:CounterPotion"},{"floor":18,"key":"Block Potion"}],"is_trial":false,"path_per_floor":["M","?","M","?","M","R","?","E","T","M","M","M","R","M","R","B",null,"M","?","?","M","M","R","M"],"character_chosen":"THE_POKER_PLAYER","items_purchased":[],"campfire_rested":4,"item_purchase_floors":[],"current_hp_per_floor":[43,43,37,26,24,39,52,23,23,23,24,16,31,37,52,32,52,41,41,41,34,17,32,0,0,0],"gold":364,"neow_bonus":"ONE_RANDOM_RARE_CARD","is_daily":false,"chose_seed":false,"campfire_upgraded":0,"win_rate":0.0,"timestamp":1612695895,"path_taken":["M","?","M","?","M","R","?","E","T","M","?","M","R","M","R","BOSS","M","?","?","M","M","R","?"],"items_purchased_type":[],"build_version":"2020-12-22","purchased_purges":0,"victory":false,"max_hp_per_floor":[52,52,52,52,52,52,52,52,52,52,52,52,52,52,52,52,52,52,52,52,52,52,52,52,52,52],"card_choices":[{"not_picked":["PokerPlayerMod:Spade2","PokerPlayerMod:Diamond2"],"picked":"PokerPlayerMod:CardPrinter","floor":1},{"not_picked":["PokerPlayerMod:HiddenCard","PokerPlayerMod:Spade3"],"picked":"PokerPlayerMod:MagicTrick","floor":3},{"not_picked":["PokerPlayerMod:Spade5","PokerPlayerMod:Spade8"],"picked":"PokerPlayerMod:CloakAndDiamond","floor":5},{"not_picked":["PokerPlayerMod:HeartStrike","PokerPlayerMod:Fold"],"picked":"PokerPlayerMod:Diamond5","floor":8},{"not_picked":["PokerPlayerMod:Diamond1","PokerPlayerMod:SpadeStrike"],"picked":"PokerPlayerMod:DamnStraight","floor":10},{"not_picked":["PokerPlayerMod:CloakAndDiamond","PokerPlayerMod:Diamond1"],"picked":"PokerPlayerMod:Trickery","floor":11},{"not_picked":["PokerPlayerMod:Club5","PokerPlayerMod:Diamond1"],"picked":"PokerPlayerMod:Spade7","floor":12},{"not_picked":["PokerPlayerMod:CloakAndDiamond","PokerPlayerMod:Diamond3"],"picked":"PokerPlayerMod:HiddenCard","floor":14},{"not_picked":["PokerPlayerMod:Promotion","PokerPlayerMod:Heart10+"],"picked":"PokerPlayerMod:TheDieIsCast","floor":16},{"not_picked":["PokerPlayerMod:Trickery+1","PokerPlayerMod:Spade2"],"picked":"PokerPlayerMod:FillThePot","floor":18},{"not_picked":["PokerPlayerMod:Club4","PokerPlayerMod:Diamond2"],"picked":"PokerPlayerMod:DiamondStrike","floor":21},{"not_picked":["PokerPlayerMod:Sharpen","PokerPlayerMod:Diamond3"],"picked":"PokerPlayerMod:Raise","floor":22}],"player_experience":744499,"relics_obtained":[{"floor":8,"key":"hubris:OldNail"},{"floor":9,"key":"infinitespire:Joker Card"}],"event_choices":[{"damage_healed":0,"gold_gain":0,"player_choice":"Invest 2","damage_taken":0,"max_hp_gain":0,"max_hp_loss":0,"event_name":"conspire:Investor","floor":2,"gold_loss":0},{"damage_healed":0,"gold_gain":0,"player_choice":"Slimed","damage_taken":11,"max_hp_gain":0,"max_hp_loss":0,"event_name":"betterThird:BetterGoop","floor":4,"gold_loss":27},{"damage_healed":13,"gold_gain":0,"player_choice":"Healed","damage_taken":0,"max_hp_gain":0,"max_hp_loss":0,"event_name":"The Cleric","floor":7,"gold_loss":35},{"damage_healed":0,"gold_gain":0,"player_choice":"Upgraded Two","damage_taken":0,"max_hp_gain":0,"max_hp_loss":0,"event_name":"Designer","floor":19,"gold_loss":40,"cards_upgraded":["PokerPlayerMod:BadJoker","PokerPlayerMod:MagicTrick"]},{"damage_healed":0,"gold_gain":0,"player_choice":"Ignored","damage_taken":0,"max_hp_gain":0,"max_hp_loss":0,"event_name":"betterNote:BetterNote","floor":20,"gold_loss":0,"cards_obtained":["PrismaMod:IllyaCommonEvoke"]}],"is_beta":false,"boss_relics":[{"not_picked":["hubris:Stopwatch","Philosopher\u0027s Stone"],"picked":"hubris:Backtick"}],"items_purged_floors":[],"is_endless":false,"potions_floor_spawned":[3,10,11,12,14,18],"killed_by":"Snecko","ascension_level":4}}