{"host":"h2hvhmnr6sxj7mkx","time":1612691776,"event":{"mods":["BaseMod","Marisa????????","Minty Spire (QoL Compilation)","StSLib"],"gold_per_floor":[110,122,132,132,149,181,181,206,252,268,183,183,195,220,220,324,324,334,334,104,19,30,30,43,61,61,61,73,73,73,103,103,201,201,221,107,87,104,124,124,141,101,124,124,159,173,198,218,218,218,218],"floor_reached":50,"language":"ENG","playtime":3933,"items_purged":[],"score":564,"play_id":"6515fbd0-099d-4ecb-96d7-559b3637048e","local_time":"20210207035616","is_ascension_mode":false,"campfire_choices":[{"data":"Pommel Strike","floor":7,"key":"SMITH"},{"data":"Metallicize","floor":12,"key":"SMITH"},{"data":"Pommel Strike","floor":15,"key":"SMITH"},{"data":"Demon Form","floor":23,"key":"SMITH"},{"data":"Defend_R","floor":27,"key":"SMITH"},{"data":"Anger","floor":30,"key":"SMITH"},{"data":"Perfected Strike","floor":32,"key":"SMITH"},{"data":"Inflame","floor":40,"key":"SMITH"},{"data":"Anger","floor":44,"key":"SMITH"},{"data":"Perfected Strike","floor":49,"key":"SMITH"}],"circlet_count":0,"master_deck":["Strike_R","Strike_R","Strike_R","Strike_R","Strike_R","Defend_R","Defend_R","Defend_R","Defend_R+1","Bash","Pommel Strike+1","Hemokinesis","Anger+1","Pommel Strike+1","Metallicize+1","Anger+1","Infernal Blade+1","Inflame+1","Shrug It Off+1","Pommel Strike+1","Seeing Red+1","Demon Form+1","Power Through+1","Limit Break+1","Spot Weakness+1","Combust","Iron Wave+1","Armaments+1","Perfected Strike+1","J.A.X.+1","Perfected Strike+1","Double Tap+1","CurseOfTheBell","Body Slam+1","Feed+1","Armaments+1","Warcry+1","Power Through+1","Dual Wield+1","Seeing Red+1","Cleave+1","Iron Wave+1"],"relics":["Burning Blood","Bag of Marbles","Toxic Egg 2","Regal Pillow","Vajra","Coffee Dripper","Enchiridion","Ginger","InkBottle","Bronze Scales","Calling Bell","Blood Vial","White Beast Statue","Calipers","Anchor","Gremlin Horn","Oddly Smooth Stone"],"acts_visited":["Exordium","TheCity","TheBeyond"],"potions_floor_usage":[6,16,16,16,24,31,33,38,39,41,45,45,45,50,50,50],"damage_taken":[{"damage":1,"enemies":"Cultist","floor":1,"turns":3},{"damage":0,"enemies":"Small Slimes","floor":2,"turns":3},{"damage":3,"enemies":"Jaw Worm","floor":3,"turns":3},{"damage":6,"enemies":"Blue Slaver","floor":5,"turns":4},{"damage":21,"enemies":"3 Sentries","floor":6,"turns":6},{"damage":29,"enemies":"Lagavulin","floor":8,"turns":5},{"damage":2,"enemies":"3 Louse","floor":10,"turns":2},{"damage":2,"enemies":"Gremlin Gang","floor":13,"turns":2},{"damage":2,"enemies":"Gremlin Nob","floor":14,"turns":2},{"damage":12,"enemies":"Slime Boss","floor":16,"turns":6},{"damage":22,"enemies":"Spheric Guardian","floor":18,"turns":4},{"damage":8,"enemies":"Chosen","floor":22,"turns":4},{"damage":12,"enemies":"Centurion and Healer","floor":24,"turns":4},{"damage":8,"enemies":"Chosen and Byrds","floor":25,"turns":4},{"damage":3,"enemies":"Snecko","floor":28,"turns":2},{"damage":18,"enemies":"Slavers","floor":31,"turns":3},{"damage":31,"enemies":"Champ","floor":33,"turns":4},{"damage":27,"enemies":"3 Shapes","floor":35,"turns":3},{"damage":0,"enemies":"Orb Walker","floor":38,"turns":2},{"damage":13,"enemies":"Maw","floor":39,"turns":5},{"damage":9,"enemies":"3 Darklings","floor":41,"turns":3},{"damage":35,"enemies":"Reptomancer","floor":45,"turns":5},{"damage":13,"enemies":"Transient","floor":46,"turns":5},{"damage":26,"enemies":"Maw","floor":48,"turns":4},{"damage":23,"enemies":"Donu and Deca","floor":50,"turns":2}],"seed_played":"-121360621418556277","potions_obtained":[{"floor":3,"key":"DuplicationPotion"},{"floor":10,"key":"Fire Potion"},{"floor":13,"key":"SkillPotion"},{"floor":14,"key":"GamblersBrew"},{"floor":22,"key":"BloodPotion"},{"floor":24,"key":"Weak Potion"},{"floor":25,"key":"DuplicationPotion"},{"floor":33,"key":"AttackPotion"},{"floor":35,"key":"EssenceOfSteel"},{"floor":37,"key":"Block Potion"},{"floor":38,"key":"Swift Potion"},{"floor":39,"key":"PowerPotion"},{"floor":41,"key":"Explosive Potion"},{"floor":45,"key":"Strength Potion"},{"floor":46,"key":"Swift Potion"},{"floor":48,"key":"SkillPotion"}],"is_trial":false,"path_per_floor":["M","M","M","?","M","E","R","E","T","M","$","R","M","E","R","B",null,"M","?","$","?","M","R","M","M","T","R","M","?","R","E","R","B",null,"M","$","?","M","M","R","M","?","T","R","E","M","T","M","R","B"],"character_chosen":"IRONCLAD","items_purchased":["Inflame","Shrug It Off+1","Limit Break+1","Spot Weakness+1","Feed","Armaments+1"],"campfire_rested":0,"item_purchase_floors":[11,11,20,20,36,36],"current_hp_per_floor":[88,88,88,88,88,73,73,50,50,54,54,54,58,62,62,56,88,72,56,56,56,54,54,65,63,63,63,66,66,66,54,54,29,88,67,67,67,75,70,70,69,69,69,69,42,37,37,19,19,0,0],"gold":218,"neow_bonus":"TEN_PERCENT_HP_BONUS","is_daily":false,"chose_seed":false,"campfire_upgraded":10,"win_rate":0.0,"timestamp":1612691776,"path_taken":["M","M","M","?","M","E","R","E","T","M","$","R","?","E","R","BOSS","M","?","$","?","M","R","M","M","T","R","M","?","R","E","R","BOSS","M","$","?","M","?","R","M","?","T","R","E","?","?","M","R","BOSS"],"items_purchased_type":["Card","Card","Card","Card","Card","Card"],"build_version":"2020-12-22","purchased_purges":0,"victory":false,"max_hp_per_floor":[88,88,88,88,88,88,88,88,88,88,88,88,88,88,88,88,88,88,88,88,88,88,88,88,88,88,88,88,88,88,88,88,88,88,88,88,88,88,88,88,88,88,88,88,88,88,88,88,88,88,88],"card_choices":[{"not_picked":["Perfected Strike","Anger"],"picked":"Pommel Strike","floor":1},{"not_picked":["Flex","Clash"],"picked":"Hemokinesis","floor":2},{"not_picked":["Cleave","Pommel Strike"],"picked":"Anger","floor":3},{"not_picked":["Shrug It Off","Entrench"],"picked":"Pommel Strike","floor":5},{"not_picked":["Clash","Limit Break"],"picked":"Metallicize","floor":6},{"not_picked":["Iron Wave","Clothesline"],"picked":"Anger","floor":8},{"not_picked":["Heavy Blade","Perfected Strike"],"picked":"Infernal Blade+1","floor":10},{"not_picked":["Clothesline","Whirlwind"],"picked":"Pommel Strike","floor":13},{"not_picked":["Disarm+1","Heavy Blade"],"picked":"Seeing Red+1","floor":14},{"not_picked":["Impervious+1","Brutality"],"picked":"Demon Form","floor":16},{"not_picked":["Dropkick","Pommel Strike"],"picked":"Power Through+1","floor":18},{"not_picked":["Rupture","Burning Pact+1"],"picked":"Combust","floor":22},{"not_picked":["Heavy Blade","Headbutt"],"picked":"Iron Wave+1","floor":24},{"not_picked":["Perfected Strike","Flex+1"],"picked":"Armaments+1","floor":25},{"not_picked":["True Grit+1","Feel No Pain"],"picked":"Perfected Strike","floor":28},{"not_picked":["Flame Barrier+1","Pommel Strike"],"picked":"Perfected Strike","floor":31},{"not_picked":["Bludgeon","Brutality"],"picked":"Double Tap+1","floor":33},{"not_picked":["Dropkick+1","Combust+1"],"picked":"Body Slam+1","floor":35},{"not_picked":["Shrug It Off+1","Entrench+1"],"picked":"Warcry+1","floor":38},{"not_picked":["Anger","Fiend Fire"],"picked":"Power Through+1","floor":39},{"not_picked":["Pommel Strike","Bloodletting+1"],"picked":"Dual Wield+1","floor":41},{"not_picked":["Iron Wave","Clash+1"],"picked":"Seeing Red+1","floor":45},{"not_picked":["Clothesline","Flex+1"],"picked":"Cleave+1","floor":46},{"not_picked":["Clothesline+1","Sever Soul"],"picked":"Iron Wave+1","floor":48}],"player_experience":19753,"relics_obtained":[{"floor":6,"key":"Bag of Marbles"},{"floor":8,"key":"Toxic Egg 2"},{"floor":9,"key":"Regal Pillow"},{"floor":14,"key":"Vajra"},{"floor":19,"key":"Enchiridion"},{"floor":26,"key":"InkBottle"},{"floor":31,"key":"Bronze Scales"},{"floor":34,"key":"Blood Vial"},{"floor":34,"key":"White Beast Statue"},{"floor":34,"key":"Calipers"},{"floor":43,"key":"Anchor"},{"floor":45,"key":"Gremlin Horn"},{"floor":47,"key":"Oddly Smooth Stone"}],"event_choices":[{"damage_healed":0,"gold_gain":0,"player_choice":"Upgraded","damage_taken":0,"max_hp_gain":0,"max_hp_loss":0,"event_name":"Upgrade Shrine","floor":4,"gold_loss":0,"cards_upgraded":["Pommel Strike"]},{"damage_healed":0,"gold_gain":0,"player_choice":"Obtained Book","damage_taken":16,"max_hp_gain":0,"max_hp_loss":0,"event_name":"Cursed Tome","floor":19,"gold_loss":0},{"damage_healed":0,"gold_gain":0,"player_choice":"Obtained Relic","damage_taken":0,"relics_obtained":["Ginger"],"max_hp_gain":0,"max_hp_loss":0,"event_name":"Addict","floor":21,"gold_loss":85},{"damage_healed":0,"gold_gain":0,"player_choice":"Obtain J.A.X.","damage_taken":0,"max_hp_gain":0,"max_hp_loss":0,"event_name":"Drug Dealer","floor":29,"gold_loss":0,"cards_obtained":["J.A.X."]},{"damage_healed":0,"gold_gain":0,"player_choice":"Bought 1 Potion","damage_taken":0,"max_hp_gain":0,"max_hp_loss":0,"event_name":"The Woman in Blue","floor":37,"gold_loss":0},{"damage_healed":0,"gold_gain":0,"player_choice":"Upgrade","damage_taken":0,"max_hp_gain":0,"max_hp_loss":0,"event_name":"Designer","floor":42,"gold_loss":40,"cards_upgraded":["Feed"]}],"is_beta":false,"boss_relics":[{"not_picked":["Fusion Hammer","Cursed Key"],"picked":"Coffee Dripper"},{"not_picked":["Busted Crown","Tiny House"],"picked":"Calling Bell"}],"items_purged_floors":[],"is_endless":false,"potions_floor_spawned":[3,10,13,14,22,24,25,33,35,38,39,41,45,46,48],"killed_by":"Donu and Deca","ascension_level":0}}