{"host":"nju1fqcs4pk1qpy6","time":1612728168,"event":{"mods":["BaseMod","Better Altar","Better Match","Better Note","Better Sensory Stone","Better Skull","Better Third Choice","Downfall","Highlight Path","Minty Spire (QoL Compilation)","Morshu Shopkeeper - ENHANCED","Reorder Act Four","SacredBarkPlus","Spire Arcade","StSLib","Synergy Search","Unceasing Turn Reminder","Waifu the Spire","egg"],"gold_per_floor":[99,117,135,198,209,244,244,277,289,289,309,325,325,235,252,354,354,254,273,291,305,305,205,205,230,330,48,48,48,58,51,64,167,167,167,194,213,240,233,44,44,62,105,132,32,52,52,52,79,79,79,116,116,116,116,116,116,116],"floor_reached":56,"language":"ENG","playtime":7985,"items_purged":["hexamod:Defend","hexamod:Defend"],"score":838,"play_id":"c06ba496-2bc3-472b-b1a4-444350eaa3fc","local_time":"20210207150248","is_ascension_mode":false,"campfire_choices":[{"data":"hexamod:Float","floor":1.0,"key":"SMITH"},{"floor":10.0,"key":"REST"},{"floor":18.0,"key":"RECALL"},{"data":"hexamod:RadiantFlame","floor":23.0,"key":"SMITH"},{"floor":29.0,"key":"REST"},{"data":"hexamod:HexaLevel","floor":35.0,"key":"SMITH"},{"floor":45.0,"key":"REST"},{"floor":47.0,"key":"REST"},{"floor":53.0,"key":"REST"}],"circlet_count":0,"master_deck":["hexamod:Strike+1","hexamod:Strike+1","hexamod:Strike+1","hexamod:Strike+1","hexamod:Defend+1","hexamod:Defend+1","hexamod:Sear+1","hexamod:Float+1","hexamod:RadiantFlame+1","hexamod:Hexaguard+1","hexamod:FastForward+1","hexamod:SixthSeal","hexamod:Firestarter+1","hexamod:EmpoweredFlame+1","hexamod:EmpoweredFlame+1","hexamod:Incineration+1","hexamod:FourthSeal","hexamod:PhantomCloak+1","hexamod:Hexaguard+1","hexamod:HeatShield+1","hexamod:SecondSeal","hexamod:ForkedFlame+1","hexamod:PhantomCloak+1","hexamod:FirstSeal","hexamod:HexaLevel+1","hexamod:ThirdSeal","hexamod:Firestarter+1","hexamod:EmpoweredFlame+1","hexamod:SearingWound+1","hexamod:RadiantFlame+1","Madness+1","Parasite","hexamod:HeatShield+1","hexamod:ExtraCrispy+1","hexamod:Hexaguard+1"],"relics":["hexamod:SpiritBrand","Blood Vial","Nunchaku","Letter Opener","Dead Branch","SacredBark","downfall:HeartBlessingGreen","FaceOfCleric","downfall:HeartBlessingRed","Mummified Hand","Turnip","White Beast Statue","Black Star","Oddly Smooth Stone","hexamod:MatchstickCase","Orrery","PreservedInsect","Strawberry","downfall:HeartBlessingBlue","CaptainsWheel","Sundial"],"acts_visited":["Exordium","TheCity","TheBeyond","TheEnding"],"potions_floor_usage":[56],"damage_taken":[{"damage":6.0,"enemies":"Jaw Worm","floor":2.0,"turns":3.0},{"damage":0.0,"enemies":"Small Slimes","floor":3.0,"turns":4.0},{"damage":16.0,"enemies":"3 Sentries","floor":4.0,"turns":11.0},{"damage":2.0,"enemies":"2 Louse","floor":5.0,"turns":3.0},{"damage":40.0,"enemies":"Gremlin Nob","floor":6.0,"turns":5.0},{"damage":9.0,"enemies":"Lagavulin","floor":8.0,"turns":7.0},{"damage":1.0,"enemies":"Exordium Wildlife","floor":9.0,"turns":3.0},{"damage":0.0,"enemies":"Gremlin Gang","floor":11.0,"turns":3.0},{"damage":8.0,"enemies":"Lots of Slimes","floor":12.0,"turns":5.0},{"damage":5.0,"enemies":"downfall:FleeingMerchant","floor":14.0,"turns":4.0},{"damage":14.0,"enemies":"Exordium Thugs","floor":15.0,"turns":4.0},{"damage":11.0,"enemies":"SI_SHIV_ARCHETYPE","floor":16.0,"turns":9.0},{"damage":6.0,"enemies":"3 Byrds","floor":19.0,"turns":5.0},{"damage":8.0,"enemies":"Shell Parasite","floor":20.0,"turns":6.0},{"damage":12.0,"enemies":"Snake Plant","floor":21.0,"turns":3.0},{"damage":41.0,"enemies":"Slavers","floor":25.0,"turns":8.0},{"damage":5.0,"enemies":"downfall:LadyInBlue","floor":26.0,"turns":6.0},{"damage":1.0,"enemies":"downfall:FleeingMerchant","floor":27.0,"turns":4.0},{"damage":0.0,"enemies":"3 Cultists","floor":30.0,"turns":3.0},{"damage":0.0,"enemies":"downfall:FleeingMerchant","floor":31.0,"turns":4.0},{"damage":0.0,"enemies":"Sentry and Sphere","floor":32.0,"turns":6.0},{"damage":5.0,"enemies":"DF_ARCHETYPE_CLAW","floor":33.0,"turns":6.0},{"damage":2.0,"enemies":"3 Shapes","floor":36.0,"turns":5.0},{"damage":1.0,"enemies":"3 Darklings","floor":37.0,"turns":7.0},{"damage":5.0,"enemies":"Maw","floor":38.0,"turns":6.0},{"damage":20.0,"enemies":"downfall:FleeingMerchant","floor":39.0,"turns":4.0},{"damage":25.0,"enemies":"downfall:FleeingMerchant","floor":40.0,"turns":4.0},{"damage":22.0,"enemies":"Writhing Mass","floor":42.0,"turns":6.0},{"damage":35.0,"enemies":"Giant Head","floor":43.0,"turns":8.0},{"damage":40.0,"enemies":"Transient","floor":44.0,"turns":5.0},{"damage":24.0,"enemies":"Spire Growth","floor":46.0,"turns":6.0},{"damage":14.0,"enemies":"3 Darklings","floor":49.0,"turns":7.0},{"damage":17.0,"enemies":"IC_BLOCK_ARCHETYPE","floor":50.0,"turns":9.0},{"damage":76.0,"enemies":"downfall:CharBossMerchant","floor":52.0,"turns":9.0},{"damage":188.0,"enemies":"downfall:NeowBoss","floor":55.0,"turns":17.0},{"damage":95,"enemies":"downfall:NeowBossFinal","floor":56,"turns":11}],"seed_played":"3226475900517100634","potions_obtained":[{"floor":3.0,"key":"bronze:BurnAndBuffPotion"},{"floor":5.0,"key":"Explosive Potion"},{"floor":8.0,"key":"Explosive Potion"},{"floor":9.0,"key":"SpeedPotion"},{"floor":11.0,"key":"Ancient Potion"},{"floor":16.0,"key":"Guardian:BlockOnCardUsePotion"},{"floor":19.0,"key":"GamblersBrew"},{"floor":21.0,"key":"FairyPotion"},{"floor":25.0,"key":"PowerPotion"},{"floor":26.0,"key":"Fruit Juice"},{"floor":26.0,"key":"Slimebound:ThreeZeroPotion"},{"floor":26.0,"key":"Regen Potion"},{"floor":28.0,"key":"LiquidMemories"},{"floor":33.0,"key":"Fruit Juice"},{"floor":33.0,"key":"Weak Potion"},{"floor":36.0,"key":"hexamod:SoulburnPotion"},{"floor":43.0,"key":"hexamod:EctoCoolerPotion"},{"floor":44.0,"key":"hexamod:DoubleChargePotion"},{"floor":52.0,"key":"Slimebound:ThreeZeroPotion"}],"is_trial":false,"path_per_floor":["R","M","M","?","M","E","T","E","M","R","M","M","?","$","M","B",null,"R","M","M","M","?","R","T","E","?","$","?","R","M","$","M","B",null,"R","M","M","M","$","$","T","M","E","M","R","M","R","$","M","B",null,"E","R","$","B","B"],"character_chosen":"THE_SPIRIT","items_purchased":["hexamod:ForkedFlame","Fruit Juice","Oddly Smooth Stone","hexamod:MatchstickCase","Orrery","Madness"],"campfire_rested":5,"item_purchase_floors":[27,27,40,40,40,40],"current_hp_per_floor":[77,71,71,55,55,17,17,10,11,34,36,30,30,27,15,6,77,77,71,65,55,55,55,55,17,25,37,37,67,70,73,76,91,114,114,113,116,117,105,90,90,78,60,30,81,67,109,109,98,91,142,74,116,116,75,0,0,0],"gold":116,"neow_bonus":"TEN_PERCENT_HP_BONUS","is_daily":false,"chose_seed":false,"campfire_upgraded":3,"win_rate":0.0,"timestamp":1612728168,"path_taken":["R","M","M","?","M","E","T","E","M","R","M","M","?","$","M","BOSS","R","M","M","M","?","R","T","E","?","$","?","R","?","$","M","BOSS","R","M","M","?","?","$","T","M","E","M","R","M","R","?","M","BOSS","E","R","$","BOSS","BOSS"],"items_purchased_type":["Card","Potion","Relic","Relic","Relic","Card"],"build_version":"2020-12-22","purchased_purges":2,"victory":false,"max_hp_per_floor":[77,77,77,77,77,77,77,77,77,77,77,77,77,77,77,77,77,77,77,77,77,77,77,77,78,89,100,100,100,101,102,103,114,114,114,115,116,117,118,119,119,120,128,129,139,140,140,140,141,142,142,143,143,143,144,144,144,144],"card_choices":[{"not_picked":["hexamod:NightmareGuise","hexamod:NightmareStrike","hexamod:BacktrackSmack"],"picked":"SKIP","floor":2.0},{"not_picked":["hexamod:NightmareStrike","hexamod:GhostLash"],"picked":"hexamod:RadiantFlame","floor":3.0},{"not_picked":["hexamod:NightmareStrike","hexamod:BacktrackSmack"],"picked":"hexamod:Hexaguard","floor":4.0},{"not_picked":["hexamod:HauntingEcho","hexamod:ThermalTransfer"],"picked":"hexamod:FastForward","floor":5.0},{"not_picked":["hexamod:HauntingEcho","hexamod:Again"],"picked":"hexamod:SixthSeal","floor":6.0},{"not_picked":["hexamod:ThermalTransfer","hexamod:RecurringNightmare"],"picked":"hexamod:Firestarter","floor":8.0},{"not_picked":["hexamod:HauntingEcho","hexamod:GhostflameBarrier","hexamod:GhostOfSpirePast"],"picked":"SKIP","floor":9.0},{"not_picked":["hexamod:PhantomCloak","hexamod:AdvancingGuard"],"picked":"hexamod:EmpoweredFlame","floor":11.0},{"not_picked":["hexamod:InspiringFlames","hexamod:HauntingEcho"],"picked":"hexamod:EmpoweredFlame","floor":12.0},{"not_picked":["hexamod:ShieldOfDarkness","hexamod:StepThrough"],"picked":"hexamod:Incineration","floor":14.0},{"not_picked":["hexamod:ShieldOfDarkness","hexamod:EtherealExpedition"],"picked":"hexamod:FourthSeal","floor":15.0},{"not_picked":["hexamod:Hexaguard","hexamod:NecessarySacrifice"],"picked":"hexamod:PhantomCloak","floor":19.0},{"not_picked":["hexamod:NightmareGuise","hexamod:BacktrackSmack","hexamod:InspiringFlames+1"],"picked":"SKIP","floor":20.0},{"not_picked":["hexamod:Incineration+1","hexamod:GhostOfSpirePast+1"],"picked":"hexamod:Hexaguard","floor":21.0},{"not_picked":["hexamod:HeatMetal","hexamod:GhostShield+1"],"picked":"hexamod:HeatShield","floor":25.0},{"not_picked":["hexamod:SpectersWail","hexamod:FourthSeal"],"picked":"hexamod:SecondSeal","floor":26.0},{"not_picked":["hexamod:SpectersWail","hexamod:Hexaguard","hexamod:GhostShield"],"picked":"SKIP","floor":27.0},{"not_picked":["hexamod:EmpoweredFlame","hexamod:GhostOfSpirePast"],"picked":"hexamod:PhantomCloak","floor":30.0},{"not_picked":["hexamod:StepThrough","hexamod:NightmareStrike","hexamod:GhostOfSpirePresent"],"picked":"SKIP","floor":31.0},{"not_picked":["hexamod:GhostLash","hexamod:ThermalTransfer"],"picked":"hexamod:FirstSeal","floor":32.0},{"not_picked":["hexamod:VolcanoVisage","hexamod:SixthSeal"],"picked":"hexamod:HexaLevel","floor":33.0},{"not_picked":["hexamod:ShieldOfDarkness","hexamod:HeatMetal","hexamod:ThermalTransfer+1"],"picked":"SKIP","floor":36.0},{"not_picked":["hexamod:NightmareGuise+1","hexamod:InspiringFlames","hexamod:FourthSeal"],"picked":"SKIP","floor":37.0},{"not_picked":["hexamod:SpectralAdrenaline+1","hexamod:RetreatToShadows"],"picked":"hexamod:ThirdSeal","floor":38.0},{"not_picked":["hexamod:FastForward+1","hexamod:DynamicBlow"],"picked":"hexamod:Firestarter+1","floor":39.0},{"not_picked":["hexamod:HeatMetal","hexamod:RecurringNightmare","hexamod:BacktrackSmack"],"picked":"SKIP","floor":39.0},{"not_picked":["hexamod:Hexaguard","hexamod:HexaLevel"],"picked":"hexamod:EmpoweredFlame+1","floor":40.0},{"not_picked":["hexamod:NightmareGuise+1","hexamod:BurningTouch+1","hexamod:Incineration+1"],"picked":"SKIP","floor":40.0},{"not_picked":["hexamod:BurningTouch","hexamod:FastForward+1"],"picked":"hexamod:SearingWound","floor":40.0},{"not_picked":["hexamod:BurningTouch","hexamod:Firestarter+1"],"picked":"hexamod:RadiantFlame","floor":40.0},{"not_picked":["hexamod:SearingWound","hexamod:SpectralAdrenaline+1","hexamod:NightmareGuise+1"],"picked":"SKIP","floor":42.0},{"not_picked":["hexamod:SkipABeat","hexamod:StepThrough","hexamod:SwordOfDarkness+1"],"picked":"SKIP","floor":42.0},{"not_picked":["hexamod:SpectersWail","hexamod:Haunt+1"],"picked":"hexamod:HeatShield+1","floor":43.0},{"not_picked":["hexamod:HauntingEcho+1","hexamod:Haunt+1"],"picked":"hexamod:ExtraCrispy","floor":43.0},{"not_picked":["hexamod:AdvancingGuard","hexamod:HauntingEcho","hexamod:SwordOfDarkness+1"],"picked":"SKIP","floor":44.0},{"not_picked":["hexamod:NightmareGuise+1","hexamod:GhostflameBarrier+1","hexamod:BacktrackSmack"],"picked":"SKIP","floor":44.0},{"not_picked":["hexamod:InspiringFlames+1","hexamod:UnlimitedPower","hexamod:HeatMetal"],"picked":"SKIP","floor":46.0},{"not_picked":["hexamod:SecondSeal","hexamod:BacktrackSmack+1","hexamod:GhostLash+1"],"picked":"SKIP","floor":46.0},{"not_picked":["hexamod:GhostOfSpireFuture+1","hexamod:SkipABeat+1","hexamod:ChargedBarrage+1"],"picked":"SKIP","floor":49.0},{"not_picked":["hexamod:BurningTouch","hexamod:Again","hexamod:NecessarySacrifice+1"],"picked":"SKIP","floor":49.0},{"not_picked":["hexamod:GhostflameBarrier+1","hexamod:InspiringFlames"],"picked":"hexamod:Hexaguard+1","floor":52.0},{"not_picked":["hexamod:BacktrackSmack+1","hexamod:NecessarySacrifice","hexamod:ForkedFlame"],"picked":"SKIP","floor":52.0}],"player_experience":343439,"relics_obtained":[{"floor":4.0,"key":"Blood Vial"},{"floor":6.0,"key":"Nunchaku"},{"floor":7.0,"key":"Letter Opener"},{"floor":8.0,"key":"Dead Branch"},{"floor":24.0,"key":"Mummified Hand"},{"floor":25.0,"key":"Turnip"},{"floor":26.0,"key":"White Beast Statue"},{"floor":43.0,"key":"PreservedInsect"},{"floor":43.0,"key":"Strawberry"},{"floor":52.0,"key":"CaptainsWheel"},{"floor":52.0,"key":"Sundial"}],"event_choices":[{"damage_healed":0.0,"max_hp_gain":0.0,"max_hp_loss":0.0,"gold_gain":0.0,"event_name":"FaceTrader","player_choice":"Trade","floor":22.0,"gold_loss":0.0,"damage_taken":0.0,"relics_obtained":["FaceOfCleric"]},{"damage_healed":0.0,"max_hp_gain":0.0,"max_hp_loss":0.0,"gold_gain":0.0,"event_name":"Lab","player_choice":"Got Potions","floor":28.0,"gold_loss":0.0,"damage_taken":0.0}],"is_beta":false,"boss_relics":[{"not_picked":["Coffee Dripper","Calling Bell"],"picked":"SacredBark"},{"not_picked":["Busted Crown","Philosopher\u0027s Stone"],"picked":"Black Star"}],"items_purged_floors":[14,27],"is_endless":false,"potions_floor_spawned":[3,5,8,9,11,19,26,27,30,31,32,33,36,37,38,39,40,42,43,44,46,49,52],"killed_by":"downfall:NeowBossFinal","ascension_level":0}}