{"host":"5ufjw2f7bgq61zcq","time":1612669056,"event":{"mods":["Act Like it!","BaseMod","Bestiary","Googly Eyes","Hermit","Minty Spire (QoL Compilation)","Permanent Neow","StSLib"],"gold_per_floor":[111,123,142,158,158,187,105,131,131,164,164,164,197,197,197,299,299,313,325,354,354,354,382,481,481,529,529,529,121,150,150,150,251,251,261,261,261,280,280,310,342,342,369,369,395,395,617,643,643,643,643,643,193,225,225,225],"floor_reached":55,"language":"ENG","playtime":8368,"items_purged":[],"score":991,"play_id":"857a9a7d-2f21-4852-aa83-d27957594c90","local_time":"20210206213736","is_ascension_mode":false,"campfire_choices":[{"data":"hermit:Virtue","floor":11.0,"key":"SMITH"},{"data":"hermit:GhostlyPresence","floor":15.0,"key":"SMITH"},{"floor":28.0,"key":"REST"},{"floor":32.0,"key":"RECALL"},{"floor":46.0,"key":"REST"},{"data":"hermit:NoHoldsBarred","floor":49.0,"key":"SMITH"},{"data":"hermit:Virtue","floor":52.0,"key":"SMITH"}],"circlet_count":0,"master_deck":["hermit:Snapshot","hermit:HeroicBravado","hermit:NoHoldsBarred+1","hermit:ItchyTrigger","hermit:FlashPowder","hermit:Quickdraw","hermit:Desperado","hermit:Coalescence","hermit:LuckOfTheDraw","hermit:Virtue+1","hermit:FlashPowder","hermit:GoldenBullet","hermit:WideOpen","hermit:Enervate","hermit:Coalescence","hermit:Cheat","hermit:GhostlyPresence+1","hermit:Gambit","hermit:LowProfile","hermit:Snipe+1","hermit:Deadeye","hermit:Enervate","hermit:GhostlyPresence+1","Dramatic Entrance","hermit:Virtue+1","Trip","Panacea","Good Instincts"],"relics":["Pandora\u0027s Box","Juzu Bracelet","StrikeDummy","Letter Opener","Ornamental Fan","WingedGreaves","InkBottle","Velvet Choker","Red Mask","Pocketwatch","hermit:Spyglass","Dream Catcher","Kunai","Toolbox","Frozen Egg 2","MutagenicStrength","Philosopher\u0027s Stone","Boot","Art of War","Bronze Scales","Pen Nib","MealTicket","Medical Kit","Akabeko","Strawberry","Bird Faced Urn"],"acts_visited":["Exordium","TheCity","TheBeyond","TheEnding"],"potions_floor_usage":[55,55,55],"damage_taken":[{"damage":1.0,"enemies":"Cultist","floor":1.0,"turns":3.0},{"damage":0.0,"enemies":"Small Slimes","floor":2.0,"turns":2.0},{"damage":0.0,"enemies":"Jaw Worm","floor":3.0,"turns":2.0},{"damage":0.0,"enemies":"Gremlin Gang","floor":4.0,"turns":2.0},{"damage":8.0,"enemies":"Gremlin Nob","floor":6.0,"turns":5.0},{"damage":0.0,"enemies":"Lagavulin","floor":8.0,"turns":5.0},{"damage":1.0,"enemies":"Gremlin Nob","floor":10.0,"turns":3.0},{"damage":10.0,"enemies":"Lagavulin","floor":13.0,"turns":7.0},{"damage":0.0,"enemies":"Slime Boss","floor":16.0,"turns":5.0},{"damage":22.0,"enemies":"Shell Parasite","floor":18.0,"turns":5.0},{"damage":1.0,"enemies":"Spheric Guardian","floor":19.0,"turns":5.0},{"damage":0.0,"enemies":"Masked Bandits","floor":20.0,"turns":2.0},{"damage":10.0,"enemies":"Book of Stabbing","floor":23.0,"turns":5.0},{"damage":0.0,"enemies":"Gremlin Leader","floor":30.0,"turns":5.0},{"damage":1.0,"enemies":"Automaton","floor":33.0,"turns":8.0},{"damage":3.0,"enemies":"3 Darklings","floor":35.0,"turns":3.0},{"damage":9.0,"enemies":"3 Shapes","floor":38.0,"turns":2.0},{"damage":1.0,"enemies":"Reptomancer","floor":40.0,"turns":4.0},{"damage":3.0,"enemies":"Nemesis","floor":41.0,"turns":5.0},{"damage":2.0,"enemies":"Giant Head","floor":45.0,"turns":7.0},{"damage":16.0,"enemies":"Reptomancer","floor":48.0,"turns":4.0},{"damage":39.0,"enemies":"Awakened One","floor":50.0,"turns":11.0},{"damage":29.0,"enemies":"Shield and Spear","floor":54.0,"turns":6.0},{"damage":54,"enemies":"The Heart","floor":55,"turns":6}],"seed_played":"-4735194835252522392","potions_obtained":[{"floor":1.0,"key":"hermit:Tonic"},{"floor":4.0,"key":"FearPotion"},{"floor":8.0,"key":"DistilledChaos"},{"floor":18.0,"key":"Fire Potion"},{"floor":22.0,"key":"LiquidMemories"},{"floor":22.0,"key":"hermit:Eclipse"},{"floor":40.0,"key":"hermit:Tonic"},{"floor":41.0,"key":"Strength Potion"},{"floor":45.0,"key":"AttackPotion"},{"floor":54.0,"key":"Weak Potion"}],"is_trial":false,"path_per_floor":["M","M","M","M","?","E","$","E","T","E","R","T","E","?","R","B",null,"M","M","?","?","?","E","?","T","T","?","R","$","E","?","R","B",null,"M","?","?","M","?","E","E","$","T","$","E","R","?","E","R","B",null,"R","$","E","B"],"character_chosen":"HERMIT","items_purchased":["hermit:Enervate","hermit:Coalescence","Kunai","Toolbox","Medical Kit","Akabeko","Strawberry"],"campfire_rested":2,"item_purchase_floors":[7,7,29,29,53,53,53],"current_hp_per_floor":[74,74,74,74,74,66,66,66,66,65,65,65,55,55,55,55,75,53,52,52,52,52,42,42,42,42,42,64,64,64,64,64,63,75,72,72,72,63,53,52,49,49,49,49,47,69,69,53,53,14,75,75,82,53,0,0],"gold":225,"neow_bonus":"BOSS_RELIC","is_daily":false,"chose_seed":false,"campfire_upgraded":4,"win_rate":0.0,"timestamp":1612669056,"path_taken":["M","M","M","?","?","E","?","E","T","E","R","?","E","?","R","BOSS","M","M","?","?","?","E","?","?","T","?","R","$","E","?","R","BOSS","M","?","?","M","?","E","E","$","T","$","E","R","?","E","R","BOSS","R","$","E","BOSS"],"items_purchased_type":["Card","Card","Relic","Relic","Relic","Relic","Relic"],"build_version":"2020-12-22","purchased_purges":0,"victory":false,"max_hp_per_floor":[75,75,75,75,75,75,75,75,75,75,75,75,75,75,75,75,75,75,75,75,75,75,75,75,75,75,75,75,75,75,75,75,75,75,75,75,75,75,75,75,75,75,75,75,75,75,75,75,75,75,75,75,82,82,82,82],"card_choices":[{"not_picked":["hermit:HoleUp","hermit:Roulette"],"picked":"hermit:LuckOfTheDraw","floor":1.0},{"not_picked":["hermit:Glare","hermit:Quickdraw"],"picked":"hermit:Virtue","floor":2.0},{"not_picked":["hermit:Manifest","hermit:Desperado"],"picked":"hermit:FlashPowder","floor":3.0},{"not_picked":["hermit:Roulette","hermit:Combo"],"picked":"hermit:GoldenBullet","floor":4.0},{"not_picked":["hermit:CursedWeapon","hermit:BigShot"],"picked":"hermit:WideOpen","floor":6.0},{"not_picked":["hermit:LuckOfTheDraw","hermit:FlashPowder","hermit:Glare"],"picked":"SKIP","floor":8.0},{"not_picked":["hermit:TrackingShot","hermit:Dive"],"picked":"hermit:Cheat","floor":10.0},{"not_picked":["hermit:Dive","hermit:Horror"],"picked":"hermit:GhostlyPresence","floor":13.0},{"not_picked":["hermit:Reprieve","hermit:BlackWind"],"picked":"hermit:Gambit","floor":16.0},{"not_picked":["hermit:Quickdraw","hermit:Feint"],"picked":"hermit:LowProfile","floor":18.0},{"not_picked":["hermit:ItchyTrigger","hermit:BodyArmor"],"picked":"hermit:Snipe+1","floor":19.0},{"not_picked":["hermit:EternalForm","hermit:WideOpen"],"picked":"hermit:Deadeye","floor":20.0},{"not_picked":["hermit:TakeCover","hermit:HighCaliber+1","hermit:HeroicBravado"],"picked":"SKIP","floor":23.0},{"not_picked":["hermit:BlackWind","hermit:TakeCover","hermit:BodyArmor"],"picked":"SKIP","floor":30.0},{"not_picked":["hermit:Malice+1","hermit:Misfire"],"picked":"hermit:GhostlyPresence+1","floor":35.0},{"not_picked":["hermit:SprayPray+1","hermit:CalledShot"],"picked":"hermit:Virtue","floor":38.0},{"not_picked":["Jack Of All Trades","Finesse"],"picked":"Trip","floor":39.0},{"not_picked":["Forethought","Chrysalis"],"picked":"Panacea","floor":39.0},{"not_picked":["Forethought","Dramatic Entrance"],"picked":"Good Instincts","floor":39.0},{"not_picked":["hermit:ItchyTrigger","hermit:NoHoldsBarred","hermit:LuckOfTheDraw"],"picked":"SKIP","floor":40.0},{"not_picked":["hermit:LoneWolf","hermit:Misfire","hermit:CalledShot"],"picked":"SKIP","floor":41.0},{"not_picked":["hermit:DeadMansHand","hermit:HighCaliber","hermit:Purgatory"],"picked":"SKIP","floor":45.0},{"not_picked":["hermit:LoneWolf+1","hermit:PistolWhip+1","hermit:DeadMansHand"],"picked":"SKIP","floor":48.0},{"not_picked":["hermit:BodyArmor","hermit:FlashPowder","hermit:Malice+1"],"picked":"SKIP","floor":54.0}],"player_experience":83562,"relics_obtained":[{"floor":6.0,"key":"StrikeDummy"},{"floor":8.0,"key":"Letter Opener"},{"floor":10.0,"key":"Ornamental Fan"},{"floor":12.0,"key":"WingedGreaves"},{"floor":13.0,"key":"InkBottle"},{"floor":20.0,"key":"Red Mask"},{"floor":23.0,"key":"Pocketwatch"},{"floor":25.0,"key":"hermit:Spyglass"},{"floor":26.0,"key":"Dream Catcher"},{"floor":30.0,"key":"Frozen Egg 2"},{"floor":40.0,"key":"Boot"},{"floor":41.0,"key":"Art of War"},{"floor":43.0,"key":"Bronze Scales"},{"floor":45.0,"key":"Pen Nib"},{"floor":48.0,"key":"MealTicket"},{"floor":54.0,"key":"Bird Faced Urn"}],"event_choices":[{"damage_healed":0.0,"max_hp_gain":0.0,"max_hp_loss":0.0,"gold_gain":0.0,"event_name":"WeMeetAgain","player_choice":"Gave Potion","floor":5.0,"gold_loss":0.0,"damage_taken":0.0,"relics_obtained":["Juzu Bracelet"]},{"damage_healed":0.0,"max_hp_gain":0.0,"max_hp_loss":0.0,"gold_gain":0.0,"event_name":"The Cleric","player_choice":"Leave","floor":14.0,"gold_loss":0.0,"damage_taken":0.0},{"damage_healed":0.0,"max_hp_gain":0.0,"max_hp_loss":0.0,"gold_gain":0.0,"event_name":"Masked Bandits","player_choice":"Fought Bandits","floor":20.0,"gold_loss":0.0,"damage_taken":0.0},{"damage_healed":0.0,"max_hp_gain":0.0,"max_hp_loss":0.0,"gold_gain":0.0,"event_name":"The Library","player_choice":"Read","floor":21.0,"gold_loss":0.0,"damage_taken":0.0,"cards_obtained":["hermit:Enervate"]},{"damage_healed":0.0,"max_hp_gain":0.0,"max_hp_loss":0.0,"gold_gain":0.0,"event_name":"Lab","player_choice":"Got Potions","floor":22.0,"gold_loss":0.0,"damage_taken":0.0},{"damage_healed":0.0,"max_hp_gain":0.0,"max_hp_loss":0.0,"gold_gain":99.0,"event_name":"Nest","player_choice":"Stole From Cult","floor":24.0,"gold_loss":0.0,"damage_taken":0.0},{"cards_removed":["hermit:Covet"],"damage_healed":0.0,"max_hp_gain":0.0,"max_hp_loss":0.0,"gold_gain":0.0,"event_name":"Back to Basics","player_choice":"Elegance","floor":27.0,"gold_loss":0.0,"damage_taken":0.0},{"damage_healed":0.0,"max_hp_gain":0.0,"max_hp_loss":0.0,"gold_gain":0.0,"event_name":"Drug Dealer","player_choice":"Inject Mutagens","floor":31.0,"gold_loss":0.0,"damage_taken":0.0,"relics_obtained":["MutagenicStrength"]},{"damage_healed":0.0,"max_hp_gain":0.0,"max_hp_loss":0.0,"gold_gain":0.0,"event_name":"Match and Keep!","player_choice":"1 cards matched","floor":36.0,"gold_loss":0.0,"damage_taken":0.0,"cards_obtained":["Dramatic Entrance"]},{"cards_removed":["hermit:HoleUp"],"damage_healed":0.0,"max_hp_gain":0.0,"max_hp_loss":0.0,"gold_gain":0.0,"event_name":"Falling","player_choice":"Removed Skill","floor":37.0,"gold_loss":0.0,"damage_taken":0.0},{"damage_healed":0.0,"max_hp_gain":0.0,"max_hp_loss":0.0,"gold_gain":0.0,"event_name":"SensoryStone","player_choice":"Memory 3","floor":39.0,"gold_loss":0.0,"damage_taken":10.0},{"damage_healed":0.0,"max_hp_gain":0.0,"max_hp_loss":0.0,"gold_gain":222.0,"event_name":"Tomb of Lord Red Mask","player_choice":"Wore Mask","floor":47.0,"gold_loss":0.0,"damage_taken":0.0}],"is_beta":false,"boss_relics":[{"not_picked":["Snecko Eye","hermit:DentedPlate"],"picked":"Velvet Choker"},{"not_picked":["Astrolabe","Tiny House"],"picked":"Philosopher\u0027s Stone"}],"items_purged_floors":[],"is_endless":false,"potions_floor_spawned":[1,4,8,18,23,40,41,45,54],"killed_by":"The Heart","ascension_level":0}}