{"host":"1sffrtwlowhx7ota","time":1612668425,"event":{"mods":["2.2 Compatiblity","Abigail Mod","AchievementEnabler","Aspiration","BaseMod","Better Altar","Better Match","Better Note","Better Sensory Stone","Better Skull","Better Synergies","Better Third Choice","BetterRewards","Colored Map","Colored Powertips","Defuse TimeMaze Blight","Displayed Cursed Tome","Downfall","Downfall-Rebalance","Gold Saver","Hubris","Infinite Spire","Minty Spire (QoL Compilation)","Permanent Neow","Poor People Problems","Quick Restart","Rare Cards Sparkle","Relic Sorter","Remove Card Discount Mod","Spicy Shops","StSLib","The Blue Laboratory","The Exalted","The Marked","The Vixen","Uncapped","Weighted Paths"],"gold_per_floor":[946,134,146,321,333,366,366,401,401,401,432,450,479,554,554,649,649,666,576,593,593,593,593,628,641,668,678,678,706,720,755,767,877,889,917,929,941,953,965,977,1019,1031,1066,1078,1111,1123,1152,1199,1211,1225],"floor_reached":51,"language":"ENG","playtime":3047,"items_purged":["Strike_R","Defend_R"],"score":955,"play_id":"1403878f-8f68-48bd-9f35-2515593b2c6d","local_time":"20210206222705","is_ascension_mode":true,"campfire_choices":[{"data":"Ghostly Armor","floor":7.0,"key":"SMITH"},{"data":"Infernal Blade","floor":15.0,"key":"SMITH"},{"data":"Barricade","floor":28.0,"key":"SMITH"},{"data":"Glacier","floor":32.0,"key":"SMITH"},{"data":"Armaments","floor":40.0,"key":"SMITH"},{"data":"Demon Form","floor":44.0,"key":"SMITH"},{"data":"Flex","floor":49,"key":"SMITH"}],"circlet_count":0,"master_deck":["hubris:Fate+1","Strike_R","Strike_R","Defend_R+1","Defend_R+1","Defend_R","Bash","Uppercut+1","Twin Strike","Iron Wave","Pummel","Shrug It Off","Ghostly Armor+1","Flex+1","Infernal Blade+1","Rage","Barricade+1","Glacier+1","Twin Strike","Core Surge","Thunderclap","Hologram+1","Dropkick","Demon Form+1","Armaments+1","Parasite","Spot Weakness+1","Heavy Blade+1"],"relics":["Burning Blood","hubris:Icosahedron","infinitespire:Golems Mask","hubris:GlazedTorus","Medical Kit","Torii","War Paint","hubris:BottledRain","Toy Ornithopter","Regal Pillow","aspiration:DefectSkillbook","Black Star","MealTicket","Bottled Tornado","aspiration:HiddenCompartment","Bromod:ArcaneMomentum","aspiration:FaultyCoupler","Boot","MawBank","The Courier","aspiration:SecretTechniqueScroll","Busted Crown","hubris:MysteriousPyramids","infinitespire:Midas Blood","hubris:Potato","Nunchaku","Question Card","hubris:IronBody"],"acts_visited":["Exordium","TheCity","TheBeyond"],"potions_floor_usage":[],"damage_taken":[{"damage":9.0,"enemies":"2 Louse","floor":1.0,"turns":3.0},{"damage":5.0,"enemies":"Small Slimes","floor":3.0,"turns":3.0},{"damage":0.0,"enemies":"Cultist","floor":5.0,"turns":3.0},{"damage":5.0,"enemies":"Gremlin Nob","floor":6.0,"turns":3.0},{"damage":12.0,"enemies":"3 Sentries","floor":8.0,"turns":7.0},{"damage":1.0,"enemies":"Lagavulin","floor":11.0,"turns":5.0},{"damage":0.0,"enemies":"Looter","floor":12.0,"turns":2.0},{"damage":1.0,"enemies":"3 Sentries","floor":13.0,"turns":4.0},{"damage":37.0,"enemies":"Hexaghost","floor":16.0,"turns":6.0},{"damage":1.0,"enemies":"3 Byrds","floor":18.0,"turns":4.0},{"damage":17.0,"enemies":"Shell Parasite","floor":20.0,"turns":4.0},{"damage":1.0,"enemies":"Book of Stabbing","floor":24.0,"turns":4.0},{"damage":0.0,"enemies":"Centurion and Healer","floor":25.0,"turns":6.0},{"damage":2.0,"enemies":"Cultist and Chosen","floor":27.0,"turns":4.0},{"damage":11.0,"enemies":"Nightmare","floor":29.0,"turns":6.0},{"damage":8.0,"enemies":"Snake Plant","floor":30.0,"turns":4.0},{"damage":8.0,"enemies":"Book of Stabbing","floor":31.0,"turns":5.0},{"damage":26.0,"enemies":"hubris:MusketHawk","floor":33.0,"turns":7.0},{"damage":11.0,"enemies":"Orb Walker","floor":35.0,"turns":5.0},{"damage":0.0,"enemies":"Nemesis","floor":41.0,"turns":7.0},{"damage":8.0,"enemies":"3 Shapes","floor":45.0,"turns":5.0},{"damage":1,"enemies":"Writhing Mass","floor":47,"turns":4},{"damage":0,"enemies":"Giant Head","floor":48,"turns":6},{"damage":7,"enemies":"Time Eater","floor":50,"turns":8}],"seed_played":"-4405736773878380264","potions_obtained":[{"floor":6.0,"key":"Block Potion"},{"floor":8.0,"key":"blueLaboratory:HorrorPotion"},{"floor":12.0,"key":"blueLaboratory:HorrorPotion"},{"floor":13.0,"key":"Block Potion"},{"floor":16.0,"key":"DistilledChaos"},{"floor":18.0,"key":"bronze:BurnAndBuffPotion"},{"floor":24.0,"key":"BlessingOfTheForge"},{"floor":29.0,"key":"hexamod:SoulburnPotion"},{"floor":33.0,"key":"GamblersBrew"},{"floor":41.0,"key":"blueLaboratory:EnragingPotion"}],"is_trial":false,"path_per_floor":["M","$","M","?","M","E","R","E","T","?","E","M","E","?","R","B",null,"M","?","M","?","AVR","?","E","M","T","M","R","NM","M","E","R","B",null,"M","AVR","?","?","?","R","E","?","T","R","M","$","M","E","R","B",null],"character_chosen":"IRONCLAD","items_purchased":["Uppercut","Iron Wave","infinitespire:Golems Mask","hubris:GlazedTorus","Medical Kit"],"campfire_rested":0,"item_purchase_floors":[0,2,2,2,2],"current_hp_per_floor":[77,77,78,78,80,80,80,74,74,74,79,80,80,69,69,38,80,80,80,69,77,77,77,80,80,80,80,80,75,78,78,78,58,80,75,75,75,75,75,75,76,76,76,76,74,76,76,76,76,75],"gold":1237,"neow_bonus":"","is_daily":false,"chose_seed":false,"campfire_upgraded":7,"win_rate":0.0,"timestamp":1612668425,"path_taken":["M","$","M","?","M","E","R","E","T","?","E","M","E","?","R","BOSS","M","?","M","?","AVR","?","E","M","T","M","R","NM","M","E","R","BOSS","M","AVR","?","?","?","R","E","?","T","R","M","?","?","E","R","BOSS"],"items_purchased_type":["Card","Card","Relic","Relic","Relic"],"build_version":"2020-12-22","purchased_purges":2,"victory":true,"max_hp_per_floor":[80,80,80,80,80,80,80,80,80,80,80,80,80,80,80,80,80,80,80,80,80,80,80,80,80,80,80,80,80,80,80,80,80,80,80,80,80,80,76,76,76,76,76,76,76,76,76,76,76,76],"card_choices":[{"not_picked":["Burning Pact","Fire Breathing"],"picked":"Twin Strike","floor":1.0},{"not_picked":["Perfected Strike","Havoc"],"picked":"Pummel","floor":3.0},{"not_picked":["Wild Strike","Sword Boomerang"],"picked":"Shrug It Off","floor":5.0},{"not_picked":["Dark Embrace","Shrug It Off"],"picked":"Ghostly Armor","floor":6.0},{"not_picked":["hubris:ReadiedAction","True Grit"],"picked":"Flex","floor":8.0},{"not_picked":["Double Tap","Pommel Strike"],"picked":"Infernal Blade","floor":11.0},{"not_picked":["Warcry","True Grit"],"picked":"Rage","floor":12.0},{"not_picked":["Second Wind","Rupture","Anger"],"picked":"SKIP","floor":13.0},{"not_picked":["Exhume","Offering"],"picked":"Barricade","floor":16.0},{"not_picked":["Thunderclap+1","Cleave+1","True Grit"],"picked":"Glacier","floor":18.0},{"not_picked":["Conserve Battery+1","Go for the Eyes","Rip and Tear+1"],"picked":"Twin Strike","floor":20.0},{"not_picked":["Scrape+1","Coolheaded+1","Conserve Battery"],"picked":"Core Surge","floor":24.0},{"not_picked":["Redo","Sweeping Beam+1","Carnage","Anger"],"picked":"SKIP","floor":25.0},{"not_picked":["Chill","Hologram","Lockon"],"picked":"Thunderclap","floor":27.0},{"not_picked":["Exhume","hubris:Prefetch","Flex"],"picked":"Hologram+1","floor":29.0},{"not_picked":["Flex","hubris:Ukulele","Rebound","Combust"],"picked":"SKIP","floor":30.0},{"not_picked":["Ball Lightning+1","Rage","Turbo"],"picked":"Dropkick","floor":31.0},{"not_picked":["hubris:SpecializedCircuitry","Impervious","All For One"],"picked":"Demon Form","floor":33.0},{"not_picked":["Rip and Tear+1","Turbo","Perfected Strike"],"picked":"Armaments","floor":35.0},{"not_picked":["Headbutt","Evolve+1"],"picked":"SKIP","floor":41.0},{"not_picked":["Steam","Evolve"],"picked":"SKIP","floor":45},{"not_picked":["Rip and Tear+1"],"picked":"Spot Weakness+1","floor":47},{"not_picked":["Armaments+1"],"picked":"Heavy Blade+1","floor":48}],"player_experience":945090,"relics_obtained":[{"floor":6.0,"key":"Torii"},{"floor":8.0,"key":"War Paint"},{"floor":9.0,"key":"hubris:BottledRain"},{"floor":11.0,"key":"Toy Ornithopter"},{"floor":13.0,"key":"Regal Pillow"},{"floor":24.0,"key":"Bottled Tornado"},{"floor":24.0,"key":"aspiration:HiddenCompartment"},{"floor":26.0,"key":"Bromod:ArcaneMomentum"},{"floor":29.0,"key":"aspiration:FaultyCoupler"},{"floor":29.0,"key":"Boot"},{"floor":31.0,"key":"MawBank"},{"floor":31.0,"key":"The Courier"},{"floor":41.0,"key":"infinitespire:Midas Blood"},{"floor":41.0,"key":"hubris:Potato"},{"floor":43.0,"key":"Nunchaku"},{"floor":48,"key":"Question Card"},{"floor":48,"key":"hubris:IronBody"}],"event_choices":[{"damage_healed":0.0,"max_hp_gain":0.0,"max_hp_loss":0.0,"gold_gain":175.0,"event_name":"betterThird:BetterSerpent","player_choice":"AGREE","floor":4.0,"gold_loss":0.0,"damage_taken":146.0},{"damage_healed":0.0,"max_hp_gain":0.0,"max_hp_loss":0.0,"gold_gain":75.0,"event_name":"betterThird:BetterGoop","player_choice":"Gold","floor":14.0,"gold_loss":0.0,"damage_taken":11.0},{"cards_removed":["Strike_R"],"damage_healed":0.0,"max_hp_gain":0.0,"max_hp_loss":0.0,"gold_gain":0.0,"event_name":"Designer","player_choice":"Upgrade and Remove","floor":19.0,"gold_loss":90.0,"damage_taken":0.0,"cards_upgraded":["Uppercut"]},{"damage_healed":0.0,"max_hp_gain":0.0,"max_hp_loss":0.0,"gold_gain":0.0,"event_name":"betterNote:BetterNote","player_choice":"Ignored","floor":23.0,"gold_loss":0.0,"damage_taken":0.0,"cards_obtained":["Hologram"]},{"cards_removed":["Strike_R"],"damage_healed":0.0,"max_hp_gain":0.0,"max_hp_loss":0.0,"gold_gain":0.0,"event_name":"Falling","player_choice":"Removed Attack","floor":37.0,"gold_loss":0.0,"damage_taken":0.0},{"damage_healed":0.0,"max_hp_gain":0.0,"max_hp_loss":4.0,"gold_gain":0.0,"event_name":"Winding Halls","player_choice":"Max HP","floor":39.0,"gold_loss":0.0,"damage_taken":0.0}],"is_beta":false,"boss_relics":[{"not_picked":["Runic Dome","hubris:ScarierMask"],"picked":"aspiration:DefectSkillbook"},{"not_picked":["Velvet Choker","hubris:HollowSoul"],"picked":"aspiration:SecretTechniqueScroll"}],"items_purged_floors":[0,2],"is_endless":false,"potions_floor_spawned":[6,8,12,13,16,18,20,24,29,33,41],"ascension_level":1}}