{"host":"tetk82fuf8thwxol","time":1612680459,"event":{"mods":["AchievementEnabler","BaseMod","BetterRewards","GifTheSpireLib","Hermit","Minty Spire (QoL Compilation)","Permanent Neow","Quick Restart","Shop Mod","Spicy Shops","StSLib","The Bug Knight","The Cursed","The Runesmith"],"gold_per_floor":[114,114,128,140,166,166,22,33,33,66,241,267,284,234,234,336,336,336,336,9318,9318,9318,9318,9318,9318,9318,9318,9318,8199,8199,8199,8199,8199,8199,8199,8083,7472,7472,7472,7472,7472,7472,7472,7472,7472,7472,7472,7472,7472,7472,7472,7472,6880,6880,6880],"floor_reached":56,"language":"ENG","playtime":1650,"items_purged":["Defend_R","Doubt"],"score":1799,"play_id":"71f39959-8072-4795-ab8e-dfa2fe9eba2b","local_time":"20210207004739","is_ascension_mode":true,"campfire_choices":[{"data":"Inflame","floor":6,"key":"SMITH"},{"data":"Demon Form","floor":15,"key":"SMITH"},{"data":"Limit Break","floor":23,"key":"SMITH"},{"floor":25,"key":"REST"},{"floor":32,"key":"REST"},{"floor":41,"key":"RECALL"},{"data":"Flex","floor":44,"key":"SMITH"},{"floor":49,"key":"REST"},{"floor":52,"key":"REST"}],"circlet_count":0,"master_deck":["Strike_R","Strike_R","Defend_R+1","Defend_R","Defend_R","Bash","Inflame+1","Thunderclap+1","Heavy Blade+1","Pommel Strike+1","Flex+1","Demon Form+1","Cleave+1","Heavy Blade+1","Limit Break+1","Flex+1","Whirlwind+1","Thunderclap+1","Sword Boomerang+1","Inflame+1","Flex+1"],"relics":["Burning Blood","Gremlin Horn","Lee\u0027s Waffle","Akabeko","Molten Egg 2","Anchor","Mango","Bird Faced Urn","Matryoshka","Ectoplasm","Orichalcum","Juzu Bracelet","Dream Catcher","Runesmith:AutoHammer","Omamori","War Paint","Pear","Question Card","Singing Bowl","Bronze Scales","Frozen Egg 2","Torii","Boot","Philosopher\u0027s Stone","Oddly Smooth Stone","HandDrill","Charon\u0027s Ashes","Happy Flower","HollowMod:LifeEnderRelic","Blood Vial","MawBank","Paper Frog","Toxic Egg 2","HollowMod:PaleOreRelic","Thread and Needle","Magic Flower","Shuriken"],"acts_visited":["Exordium","TheCity","TheBeyond","TheEnding"],"potions_floor_usage":[16,19,24,28,33,50,54],"damage_taken":[{"damage":0,"enemies":"Small Slimes","floor":1,"turns":2},{"damage":2,"enemies":"Jaw Worm","floor":3,"turns":2},{"damage":0,"enemies":"2 Louse","floor":4,"turns":1},{"damage":3,"enemies":"Blue Slaver","floor":8,"turns":2},{"damage":15,"enemies":"Lagavulin","floor":10,"turns":3},{"damage":16,"enemies":"Gremlin Nob","floor":12,"turns":3},{"damage":0,"enemies":"Exordium Wildlife","floor":13,"turns":1},{"damage":0,"enemies":"Slime Boss","floor":16,"turns":5},{"damage":6,"enemies":"Spheric Guardian","floor":18,"turns":3},{"damage":15,"enemies":"3 Byrds","floor":19,"turns":3},{"damage":0,"enemies":"Snake Plant","floor":22,"turns":1},{"damage":25,"enemies":"Gremlin Leader","floor":24,"turns":4},{"damage":7,"enemies":"Chosen and Byrds","floor":27,"turns":3},{"damage":19,"enemies":"Book of Stabbing","floor":28,"turns":3},{"damage":25,"enemies":"Slavers","floor":31,"turns":3},{"damage":9,"enemies":"Automaton","floor":33,"turns":3},{"damage":2,"enemies":"3 Shapes","floor":35,"turns":1},{"damage":1,"enemies":"Orb Walker","floor":39,"turns":2},{"damage":15,"enemies":"Nemesis","floor":40,"turns":3},{"damage":0,"enemies":"Reptomancer","floor":42,"turns":1},{"damage":33,"enemies":"Writhing Mass","floor":45,"turns":3},{"damage":18,"enemies":"Sphere and 2 Shapes","floor":46,"turns":1},{"damage":8,"enemies":"Giant Head","floor":47,"turns":4},{"damage":66,"enemies":"Donu and Deca","floor":50,"turns":4},{"damage":42,"enemies":"Shield and Spear","floor":54,"turns":3},{"damage":90,"enemies":"The Heart","floor":55,"turns":5}],"seed_played":"-7876119016395171126","potions_obtained":[{"floor":13,"key":"Weak Potion"},{"floor":16,"key":"ElixirPotion"},{"floor":18,"key":"ColorlessPotion"},{"floor":24,"key":"SneckoOil"},{"floor":28,"key":"LiquidBronze"},{"floor":31,"key":"AttackPotion"},{"floor":45,"key":"Explosive Potion"},{"floor":47,"key":"Energy Potion"},{"floor":54,"key":"EntropicBrew"}],"is_trial":false,"path_per_floor":["M","?","M","M","T","R","$","M","T","E","?","E","M","?","R","B",null,"M","M","$","?","M","R","E","R","T","M","E","$","?","E","R","B",null,"M","?","$","?","M","E","R","E","T","R","M","M","E","?","R","B",null,"R","$","E","B",null],"character_chosen":"IRONCLAD","items_purchased":["Gremlin Horn","Lee\u0027s Waffle","Akabeko","Molten Egg 2","Inflame","Sword Boomerang+1","Mango","Flex","Orichalcum","Juzu Bracelet","Dream Catcher","Runesmith:AutoHammer","Singing Bowl","Bronze Scales","Frozen Egg 2","Torii","Thunderclap+1","HandDrill","Charon\u0027s Ashes","Happy Flower","Inflame+1","Flex+1","HollowMod:PaleOreRelic","Thread and Needle","Magic Flower"],"campfire_rested":4,"item_purchase_floors":[0,0,0,0,0,0,7,20,20,20,20,20,29,29,29,29,29,37,37,37,37,53,53,53,53],"current_hp_per_floor":[87,80,84,87,87,87,101,101,101,92,92,86,92,92,92,100,101,101,94,94,94,101,101,84,101,111,110,100,100,100,85,115,114,116,119,119,119,113,115,108,108,118,118,118,94,86,90,90,127,71,113,129,129,104,35],"gold":6880,"neow_bonus":"","is_daily":false,"chose_seed":false,"campfire_upgraded":4,"win_rate":0.0,"timestamp":1612680459,"path_taken":["M","?","M","M","?","R","$","M","T","E","?","E","?","?","R","BOSS","M","M","$","?","M","R","E","R","T","M","E","?","?","E","R","BOSS","M","?","$","?","M","E","R","E","T","R","M","M","E","?","R","BOSS","R","$","E","BOSS"],"items_purchased_type":["Relic","Relic","Relic","Relic","Card","Card","Relic","Card","Relic","Relic","Relic","Relic","Relic","Relic","Relic","Relic","Card","Relic","Relic","Relic","Card","Card","Relic","Relic","Relic"],"build_version":"2020-12-22","purchased_purges":2,"victory":true,"max_hp_per_floor":[87,87,87,87,87,87,101,101,101,101,101,101,101,101,101,101,101,101,101,101,101,101,101,101,101,111,111,111,111,111,113,115,117,117,119,119,119,113,115,117,117,119,119,119,121,123,125,125,127,127,127,129,129,131,131],"card_choices":[{"not_picked":["Shrug It Off","Ghostly Armor"],"picked":"Thunderclap+1","floor":1},{"not_picked":["Disarm","Thunderclap+1"],"picked":"Heavy Blade+1","floor":3},{"not_picked":["Uppercut+1","Havoc"],"picked":"Pommel Strike+1","floor":4},{"not_picked":["Entrench","Blood for Blood+1"],"picked":"Flex","floor":8},{"not_picked":["Metallicize","Evolve"],"picked":"Demon Form","floor":10},{"not_picked":["Dark Embrace","Inflame"],"picked":"Cleave+1","floor":12},{"not_picked":["Spot Weakness","Body Slam+1"],"picked":"Heavy Blade+1","floor":13},{"not_picked":["Immolate+1","Fiend Fire+1"],"picked":"Limit Break","floor":16},{"not_picked":["Clothesline+1","Shrug It Off+1","Thunderclap+1"],"picked":"SKIP","floor":18},{"not_picked":["Warcry","Fire Breathing+1","Reckless Charge+1"],"picked":"SKIP","floor":19},{"not_picked":["Iron Wave+1","Rage","Flame Barrier"],"picked":"SKIP","floor":22},{"not_picked":["Entrench","Body Slam+1","Ghostly Armor+1"],"picked":"SKIP","floor":24},{"not_picked":["Dual Wield","Warcry"],"picked":"Whirlwind+1","floor":25},{"not_picked":["Clash+1","Anger+1","Ghostly Armor+1"],"picked":"SKIP","floor":27},{"not_picked":["Sever Soul+1","Heavy Blade+1","Headbutt+1"],"picked":"SKIP","floor":28},{"not_picked":["Iron Wave+1","Armaments","Sword Boomerang+1","Berserk+1"],"picked":"Singing Bowl","floor":31},{"not_picked":["Havoc","Iron Wave+1","Sword Boomerang+1","Disarm"],"picked":"Singing Bowl","floor":32},{"not_picked":["Exhume","Berserk+1","Bludgeon+1","Barricade+1"],"picked":"Singing Bowl","floor":33},{"not_picked":["Iron Wave+1","Heavy Blade+1","Sentinel+1","Dark Embrace+1"],"picked":"Singing Bowl","floor":35},{"not_picked":["Clothesline+1","Pommel Strike+1","Inflame+1","Disarm"],"picked":"Singing Bowl","floor":39},{"not_picked":["Dual Wield+1","Body Slam+1","Reckless Charge+1","Battle Trance"],"picked":"Singing Bowl","floor":40},{"not_picked":["Combust+1","Pummel+1","True Grit+1","Limit Break"],"picked":"Singing Bowl","floor":42},{"not_picked":["Flex+1","Heavy Blade+1","Evolve+1","Wild Strike+1"],"picked":"Singing Bowl","floor":45},{"not_picked":["Sever Soul+1","Havoc","Rage+1","Armaments"],"picked":"Singing Bowl","floor":46},{"not_picked":["Shrug It Off+1","Bludgeon+1","Iron Wave+1","Warcry+1"],"picked":"Singing Bowl","floor":47},{"not_picked":["Flex+1","Perfected Strike+1","Pommel Strike+1","Blood for Blood+1"],"picked":"Singing Bowl","floor":49},{"not_picked":["Dual Wield+1","Twin Strike+1","Sword Boomerang+1","Metallicize+1"],"picked":"Singing Bowl","floor":52},{"not_picked":["Sword Boomerang+1","Havoc+1","Armaments+1","Carnage+1"],"picked":"Singing Bowl","floor":54}],"player_experience":301877,"relics_obtained":[{"floor":5,"key":"Anchor"},{"floor":10,"key":"Bird Faced Urn"},{"floor":12,"key":"Matryoshka"},{"floor":24,"key":"Omamori"},{"floor":26,"key":"War Paint"},{"floor":26,"key":"Pear"},{"floor":28,"key":"Question Card"},{"floor":31,"key":"Boot"},{"floor":40,"key":"HollowMod:LifeEnderRelic"},{"floor":42,"key":"Blood Vial"},{"floor":43,"key":"MawBank"},{"floor":43,"key":"Paper Frog"},{"floor":47,"key":"Toxic Egg 2"},{"floor":54,"key":"Shuriken"}],"event_choices":[{"cards_removed":["Strike_R"],"damage_healed":0,"gold_gain":0,"player_choice":"Card Removal","damage_taken":7,"max_hp_gain":0,"max_hp_loss":0,"event_name":"Golden Wing","floor":2,"gold_loss":0},{"damage_healed":0,"gold_gain":175,"player_choice":"AGREE","damage_taken":0,"max_hp_gain":0,"max_hp_loss":0,"event_name":"Liars Game","floor":11,"gold_loss":0,"cards_obtained":["Doubt"]},{"cards_removed":["Strike_R"],"damage_healed":0,"gold_gain":0,"player_choice":"Card Removal","damage_taken":0,"max_hp_gain":0,"max_hp_loss":0,"event_name":"The Cleric","floor":14,"gold_loss":50},{"cards_removed":["Strike_R"],"damage_healed":0,"gold_gain":0,"player_choice":"Purged","damage_taken":0,"max_hp_gain":0,"max_hp_loss":0,"event_name":"Purifier","floor":21,"gold_loss":0},{"damage_healed":0,"gold_gain":0,"player_choice":"Read","damage_taken":0,"max_hp_gain":0,"max_hp_loss":0,"event_name":"The Library","floor":30,"gold_loss":0,"cards_obtained":["Sword Boomerang"]},{"damage_healed":0,"gold_gain":0,"player_choice":"Paid Gold","damage_taken":0,"relics_obtained":["Oddly Smooth Stone"],"max_hp_gain":0,"max_hp_loss":0,"event_name":"WeMeetAgain","floor":36,"gold_loss":116},{"damage_healed":0,"gold_gain":0,"player_choice":"Max HP","damage_taken":0,"max_hp_gain":0,"max_hp_loss":6,"event_name":"Winding Halls","floor":38,"gold_loss":0},{"cards_removed":["Sword Boomerang"],"damage_healed":0,"gold_gain":0,"player_choice":"Removed Attack","damage_taken":0,"max_hp_gain":0,"max_hp_loss":0,"event_name":"Falling","floor":48,"gold_loss":0}],"is_beta":false,"boss_relics":[{"not_picked":["SlaversCollar","Runic Pyramid"],"picked":"Ectoplasm"},{"not_picked":["Black Blood","Empty Cage"],"picked":"Philosopher\u0027s Stone"}],"items_purged_floors":[20,29],"is_endless":false,"potions_floor_spawned":[13,16,18,24,28,31,45,47,54],"ascension_level":6}}