{"host":"j4g6ia6asvpyu2b0","time":1612660931,"event":{"mods":["BaseMod","Colored Map","Downfall","Minty Spire (QoL Compilation)","Permanent Neow","Quick Restart","Relic Stats","StSLib","Unceasing Turn Reminder"],"gold_per_floor":[199,218,231,531,531,523,548,571,600,600,610,644,428,439,466,576,576,376,394,54,73,90,123,146,146,146,146,146],"floor_reached":26,"language":"ENG","playtime":1271,"items_purged":["downfall:Icky","downfall:Icky"],"score":238,"play_id":"cb91fc1f-ed74-4a1e-851c-465898e03ccb","local_time":"20210206182211","is_ascension_mode":false,"campfire_choices":[{"data":"hexamod:Sear","floor":1.0,"key":"SMITH"},{"data":"hexamod:TimeWarp","floor":10.0,"key":"SMITH"},{"data":"hexamod:HexaLevel","floor":18,"key":"SMITH"}],"circlet_count":0,"master_deck":["hexamod:Defend","hexamod:Defend","hexamod:Defend","hexamod:Defend","hexamod:Sear+1","hexamod:Float","hexamod:FourthSeal","hexamod:FirstSeal","hexamod:SecondSeal","hexamod:ThirdSeal","hexamod:FourthSeal","hexamod:GhostLash","hexamod:HeatShield","hexamod:TimeWarp+1","hexamod:HeatMetal","hexamod:SoulSteal","hexamod:UnleashSpirits","hexamod:ExtraCrispy","hexamod:GhostOfSpireFuture","hexamod:SkipABeat","hexamod:FastForward","hexamod:Again","hexamod:FlamesFromBeyond","hexamod:TimeOfNeed","hexamod:HexaLevel+1","hexamod:GiftsFromTheDead","hexamod:NightmareStrike+1","hexamod:Haunt+1","hexamod:RetreatToShadows+1","hexamod:HeatCrush","hexamod:UnleashSpirits","hexamod:FlamesFromBeyond+1","hexamod:EtherealExpedition","hexamod:Firestarter"],"relics":["hexamod:SpiritBrand","Bronze Scales","Smiling Mask","hexamod:MatchstickCase","Astrolabe","downfall:HeartBlessingBlue","downfall:HeartBlessingGreen","Membership Card","Matryoshka","Akabeko","Happy Flower","Dream Catcher","Darkstone Periapt"],"acts_visited":["Exordium","TheCity"],"potions_floor_usage":[16,21,23,23],"damage_taken":[{"damage":0.0,"enemies":"Cultist","floor":2.0,"turns":3.0},{"damage":1.0,"enemies":"Jaw Worm","floor":3.0,"turns":5.0},{"damage":0.0,"enemies":"2 Louse","floor":8.0,"turns":5.0},{"damage":17.0,"enemies":"3 Sentries","floor":9.0,"turns":9.0},{"damage":9.0,"enemies":"Blue Slaver","floor":11.0,"turns":2.0},{"damage":7.0,"enemies":"Lagavulin","floor":12.0,"turns":7.0},{"damage":0.0,"enemies":"downfall:FleeingMerchant","floor":13.0,"turns":4.0},{"damage":0.0,"enemies":"2 Fungi Beasts","floor":14.0,"turns":3.0},{"damage":0.0,"enemies":"Large Slime","floor":15.0,"turns":5.0},{"damage":20,"enemies":"IC_STATUS_ARCHETYPE","floor":16,"turns":8},{"damage":7,"enemies":"3 Byrds","floor":19,"turns":3},{"damage":0,"enemies":"downfall:FleeingMerchant","floor":20,"turns":4},{"damage":5,"enemies":"Shell Parasite","floor":21,"turns":5},{"damage":24,"enemies":"3 Cultists","floor":22,"turns":5},{"damage":41,"enemies":"Book of Stabbing","floor":23,"turns":5},{"damage":27,"enemies":"Slavers","floor":26,"turns":1}],"seed_played":"2288884015137753827","potions_obtained":[{"floor":3.0,"key":"PowerPotion"},{"floor":8.0,"key":"EssenceOfSteel"},{"floor":8.0,"key":"Energy Potion"},{"floor":9.0,"key":"bronze:BurnAndBuffPotion"},{"floor":12.0,"key":"Energy Potion"},{"floor":12.0,"key":"Slimebound:ThreeZeroPotion"},{"floor":14.0,"key":"SkillPotion"},{"floor":16,"key":"SkillPotion"},{"floor":16,"key":"Block Potion"},{"floor":21,"key":"LiquidBronze"},{"floor":22,"key":"BlessingOfTheForge"}],"is_trial":false,"path_per_floor":["R","M","M","?","?","?","T","M","E","R","M","E","$","M","M","B",null,"R","M","$","M","M","E","T","?","E"],"character_chosen":"THE_SPIRIT","items_purchased":["hexamod:MatchstickCase","Membership Card","Matryoshka"],"campfire_rested":0,"item_purchase_floors":[13,20,20],"current_hp_per_floor":[70,70,69,69,69,62,62,69,59,59,57,57,57,57,64,51,70,80,80,80,75,58,24,24,24,0,0,0],"gold":146,"neow_bonus":"HUNDRED_GOLD","is_daily":false,"chose_seed":false,"campfire_upgraded":3,"win_rate":0.0,"timestamp":1612660931,"path_taken":["R","M","M","?","?","?","T","M","E","R","M","E","$","M","M","BOSS","R","M","$","M","M","E","T","?","E"],"items_purchased_type":["Relic","Relic","Relic"],"build_version":"2020-12-22","purchased_purges":2,"victory":false,"max_hp_per_floor":[70,70,70,70,70,70,70,70,70,70,70,70,70,70,70,70,70,80,80,80,80,80,80,80,80,80,80,80],"relic_stats":{"Darkstone Periapt":0,"Dream Catcher":0,"Happy Flower":[0],"counters":[16,74],"Bronze Scales":[192],"Astrolabe":["hexamod:NightmareStrike","hexamod:Haunt","hexamod:RetreatToShadows"],"Smiling Mask":25,"obtain_stats":[{"Darkstone Periapt":25,"Happy Flower":24,"Astrolabe":17,"downfall:HeartBlessingGreen":18,"Smiling Mask":12,"Akabeko":23,"hexamod:MatchstickCase":13,"Dream Catcher":24,"Matryoshka":20,"downfall:HeartBlessingBlue":18,"Bronze Scales":9,"Membership Card":20,"hexamod:SpiritBrand":0},{"Darkstone Periapt":15,"Happy Flower":15,"Astrolabe":10,"downfall:HeartBlessingGreen":10,"Smiling Mask":6,"Akabeko":15,"hexamod:MatchstickCase":7,"Dream Catcher":15,"Matryoshka":12,"downfall:HeartBlessingBlue":10,"Bronze Scales":4,"Membership Card":12,"hexamod:SpiritBrand":0},{"Darkstone Periapt":73,"Happy Flower":73,"Astrolabe":51,"downfall:HeartBlessingGreen":51,"Smiling Mask":31,"Akabeko":73,"hexamod:MatchstickCase":35,"Dream Catcher":73,"Matryoshka":58,"downfall:HeartBlessingBlue":51,"Bronze Scales":22,"Membership Card":58,"hexamod:SpiritBrand":0}]},"card_choices":[{"not_picked":["hexamod:Hexaguard","hexamod:Rewind"],"picked":"hexamod:FourthSeal","floor":2.0},{"not_picked":["hexamod:SwordOfDarkness","hexamod:AdvancingGuard"],"picked":"hexamod:Firestarter","floor":3.0},{"not_picked":["hexamod:Firestarter","hexamod:Haunt"],"picked":"hexamod:GhostLash","floor":8.0},{"not_picked":["hexamod:HauntingEcho","hexamod:InspiringFlames"],"picked":"hexamod:HeatShield","floor":8.0},{"not_picked":["hexamod:AdvancingGuard","hexamod:GhostOfSpireFuture"],"picked":"hexamod:TimeWarp","floor":9.0},{"not_picked":["hexamod:SwordOfDarkness","hexamod:ShieldOfDarkness"],"picked":"hexamod:HeatMetal","floor":9.0},{"not_picked":["hexamod:HeatMetal","hexamod:PhantomCloak"],"picked":"hexamod:SoulSteal","floor":11.0},{"not_picked":["hexamod:SwordOfDarkness","hexamod:ShieldOfDarkness"],"picked":"hexamod:UnleashSpirits","floor":12.0},{"not_picked":["hexamod:GhostShield","hexamod:SpectersWail"],"picked":"hexamod:ExtraCrispy","floor":12.0},{"not_picked":["hexamod:PhantomCloak","hexamod:AdvancingGuard"],"picked":"hexamod:GhostOfSpireFuture","floor":13.0},{"not_picked":["hexamod:GhostLash","hexamod:Haunt"],"picked":"hexamod:SkipABeat","floor":13.0},{"not_picked":["hexamod:RecurringNightmare","hexamod:ThermalTransfer"],"picked":"hexamod:FastForward","floor":14.0},{"not_picked":["hexamod:FastForward","hexamod:AdvancingGuard"],"picked":"hexamod:Again","floor":14.0},{"not_picked":["hexamod:BacktrackSmack","hexamod:HeatShield"],"picked":"hexamod:FlamesFromBeyond","floor":15.0},{"not_picked":["hexamod:HeatShield","hexamod:StepThrough"],"picked":"hexamod:TimeOfNeed","floor":15.0},{"not_picked":["hexamod:TimeWarp","hexamod:GhostflameInferno"],"picked":"hexamod:HexaLevel","floor":16},{"not_picked":["hexamod:GhostflameInferno","hexamod:HexaLevel"],"picked":"hexamod:GiftsFromTheDead","floor":16},{"not_picked":["hexamod:ThermalTransfer","hexamod:NightmareGuise+1"],"picked":"hexamod:HeatCrush","floor":19},{"not_picked":["hexamod:GhostOfSpireFuture","hexamod:InspiringFlames","hexamod:Haunt"],"picked":"SKIP","floor":19},{"not_picked":["hexamod:AdvancingGuard","hexamod:ShieldOfDarkness"],"picked":"hexamod:UnleashSpirits","floor":20},{"not_picked":["hexamod:GhostLash","hexamod:BacktrackSmack"],"picked":"hexamod:FlamesFromBeyond+1","floor":21},{"not_picked":["hexamod:RetreatToShadows+1","hexamod:GhostLash+1"],"picked":"hexamod:EtherealExpedition","floor":22},{"not_picked":["hexamod:Rewind","hexamod:RecurringNightmare"],"picked":"hexamod:Firestarter","floor":23}],"player_experience":1198564,"relics_obtained":[{"floor":9.0,"key":"Bronze Scales"},{"floor":12.0,"key":"Smiling Mask"},{"floor":23,"key":"Akabeko"},{"floor":24,"key":"Happy Flower"},{"floor":24,"key":"Dream Catcher"}],"event_choices":[],"is_beta":false,"boss_relics":[{"not_picked":["Tiny House","Empty Cage"],"picked":"Astrolabe"}],"items_purged_floors":[13,20],"is_endless":false,"potions_floor_spawned":[3,12,15,16,19,21,22],"killed_by":"Slavers","ascension_level":0}}