{"host":"y1oqg7uy0jc6f5mb","time":1612700127,"event":{"mods":["AchievementEnabler","BaseMod","Better Altar","Better Match","Better Note","Better Sensory Stone","Better Skull","Better Third Choice","BetterRewards","Colored Map","Colored Powertips","Downfall","Highlight Path","Minty Spire (QoL Compilation)","Permanent Neow","Quick Restart","Relic Stats","Replay The Spire","Shop Mod","Smile Girya","StSLib"],"gold_per_floor":[111,131,22,22,32,32,58,58,58,71,71,104,104,104,104,200,200,212,227,227,245,245,245,276,375,399,415,415,14,14,42,42,139,139,151,161,177,21,21,50,50,50,102,102,113,113,113,129,129,129],"floor_reached":51,"language":"ENG","playtime":4081,"items_purged":["Strike_B","Defend_B"],"score":1190,"play_id":"1c3516d8-b933-4330-93c5-83f45a9d9d88","local_time":"20210207201527","is_ascension_mode":true,"campfire_choices":[{"data":"Zap","floor":6.0,"key":"SMITH"},{"data":"Skim","floor":8.0,"key":"SMITH"},{"data":"Streamline","floor":11.0,"key":"SMITH"},{"floor":15.0,"key":"REST"},{"data":"Defend_B+1","floor":23.0,"key":"SMITH"},{"floor":30.0,"key":"REST"},{"data":"Crystallizer","floor":32.0,"key":"SMITH"},{"floor":41.0,"key":"REST"},{"data":"Blizzard","floor":44.0,"key":"SMITH"},{"data":"Sweeping Beam","floor":46,"key":"SMITH"},{"floor":49,"key":"REST"}],"circlet_count":0,"master_deck":["Defend_B+1","Defend_B+1","Zap+1","Dualcast+1","Rebound","Cold Snap+1","Skim+1","Sweeping Beam+1","Cold Snap","Streamline+1","Consume+1","Jack Of All Trades+1","Core Surge+1","Coolheaded+1","Stack+1","BasicCrystalCard+1","Chaos+1","Cold Snap","Auto Shields+1","Crystallizer+1","Panic Button+1","Biased Cognition+1","ReplayTheSpireMod:Private Reserves+1","Hologram+1","Mirror Shield+1","Recycle+1","Time Bomb+1","White Noise+1","Blizzard+1","ReplayTheSpireMod:System Scan+1","Rainbow+1","Time Bomb+1","Redo+1","Writhe","Conserve Battery+1"],"relics":["Cracked Core","Incense Burner","Toxic Egg 2","ReplayTheSpireMod:Ninjato","Nuclear Battery","Simple Rune","Ice Cream","Gremlin Food","Prayer Wheel","Painkiller Herb","Juzu Bracelet","Turnip","Replay:Wax Seal"],"acts_visited":["Exordium","TheCity","TheBeyond"],"potions_floor_usage":[50,50],"damage_taken":[{"damage":2.0,"enemies":"Jaw Worm","floor":1.0,"turns":3.0},{"damage":1.0,"enemies":"Cultist","floor":2.0,"turns":3.0},{"damage":0.0,"enemies":"2 Louse","floor":5.0,"turns":1.0},{"damage":11.0,"enemies":"Lagavulin","floor":7.0,"turns":6.0},{"damage":6.0,"enemies":"Blue Slaver","floor":10.0,"turns":3.0},{"damage":16.0,"enemies":"3 Sentries","floor":12.0,"turns":4.0},{"damage":23.0,"enemies":"Hexaghost","floor":16.0,"turns":8.0},{"damage":20.0,"enemies":"2 Thieves","floor":18.0,"turns":4.0},{"damage":0.0,"enemies":"Shell Parasite","floor":19.0,"turns":5.0},{"damage":0.0,"enemies":"3 Cultists","floor":21.0,"turns":5.0},{"damage":22.0,"enemies":"Replay:Snechameleon","floor":24.0,"turns":4.0},{"damage":15.0,"enemies":"Centurion and Healer","floor":27.0,"turns":6.0},{"damage":12.0,"enemies":"Slavers","floor":31.0,"turns":6.0},{"damage":72.0,"enemies":"Pondfish","floor":33.0,"turns":19.0},{"damage":0.0,"enemies":"3 Shapes","floor":35.0,"turns":5.0},{"damage":0.0,"enemies":"Orb Walker","floor":36.0,"turns":3.0},{"damage":33.0,"enemies":"Writhing Mass","floor":37.0,"turns":5.0},{"damage":9.0,"enemies":"Giant Head","floor":40.0,"turns":10.0},{"damage":3,"enemies":"Sphere and 2 Shapes","floor":45,"turns":5},{"damage":11,"enemies":"Transient","floor":48,"turns":5},{"damage":56,"enemies":"Awakened One","floor":50,"turns":12}],"seed_played":"7139403113333222242","potions_obtained":[{"floor":5.0,"key":"champ:CounterPotion"},{"floor":10.0,"key":"Elixir"},{"floor":12.0,"key":"Explosive Potion"},{"floor":18.0,"key":"PowerPotion"},{"floor":21.0,"key":"EssenceOfSteel"},{"floor":27.0,"key":"PotionOfCapacity"},{"floor":33.0,"key":"hexamod:SoulburnPotion"},{"floor":37.0,"key":"Adrenaline Potion"},{"floor":40.0,"key":"FocusPotion"},{"floor":45,"key":"SteroidPotion"},{"floor":48,"key":"SkillPotion"}],"is_trial":false,"path_per_floor":["M","M","$","?","M","R","E","R","T","M","R","E","?","?","R","B",null,"M","M","?","M","?","R","E","?","T","M","?","$","R","E","R","B",null,"?","?","?","T","?","E","T","T","T","T","?","T","?","?","T","B",null],"character_chosen":"DEFECT","items_purchased":["Skim","Panic Button+1","Biased Cognition","ReplayTheSpireMod:Private Reserves+1","Juzu Bracelet"],"campfire_rested":4,"item_purchase_floors":[3,29,29,29,38],"current_hp_per_floor":[73,72,72,72,72,72,61,61,61,55,55,39,32,32,56,33,70,50,50,50,50,50,50,28,28,28,13,40,40,64,52,52,40,72,72,72,39,39,39,30,54,54,54,54,51,51,72,61,82,26],"gold":129,"neow_bonus":"TEN_PERCENT_HP_BONUS","is_daily":false,"chose_seed":false,"campfire_upgraded":7,"win_rate":0.0,"timestamp":1612700127,"path_taken":["M","M","$","?","?","R","E","R","T","M","R","E","?","?","R","BOSS","BOSS","M","?","?","M","?","R","E","?","T","M","?","$","R","E","R","BOSS","?","?","?","T","?","E","T","?","T","T","?","T","?","?","T","BOSS"],"items_purchased_type":["Card","Card","Card","Card","Relic"],"build_version":"2020-12-22","purchased_purges":2,"victory":true,"max_hp_per_floor":[82,82,82,82,82,82,82,82,82,82,82,82,82,82,82,82,82,82,82,82,82,82,82,82,82,82,82,82,82,82,82,82,82,82,82,82,82,82,82,82,82,82,82,82,82,82,82,82,82,82],"relic_stats":{"counters":[21,122],"Prayer Wheel":5,"Turnip":[5],"Juzu Bracelet":0,"obtain_stats":[{"Ice Cream":24,"Gremlin Food":26,"ReplayTheSpireMod:Ninjato":12,"Painkiller Herb":34,"Incense Burner":7,"Juzu Bracelet":38,"Nuclear Battery":17,"Simple Rune":20,"Prayer Wheel":31,"Turnip":40,"Toxic Egg 2":9,"Replay:Wax Seal":43,"Cracked Core":0},{"Ice Cream":11,"Gremlin Food":11,"ReplayTheSpireMod:Ninjato":6,"Painkiller Herb":14,"Incense Burner":4,"Juzu Bracelet":17,"Nuclear Battery":7,"Simple Rune":9,"Prayer Wheel":13,"Turnip":18,"Toxic Egg 2":4,"Replay:Wax Seal":18,"Cracked Core":0},{"Ice Cream":46,"Gremlin Food":46,"ReplayTheSpireMod:Ninjato":20,"Painkiller Herb":77,"Incense Burner":13,"Juzu Bracelet":90,"Nuclear Battery":28,"Simple Rune":37,"Prayer Wheel":58,"Turnip":100,"Toxic Egg 2":13,"Replay:Wax Seal":100,"Cracked Core":0}]},"card_choices":[{"not_picked":["Stack","Turbo"],"picked":"Rebound","floor":1.0},{"not_picked":["BasicCrystalCard","Storm"],"picked":"Cold Snap","floor":2.0},{"not_picked":["Panic Button","Coolheaded"],"picked":"Sweeping Beam","floor":5.0},{"not_picked":["Barrage","Hologram"],"picked":"Cold Snap","floor":7.0},{"not_picked":["Beam Cell","Scrape"],"picked":"Streamline","floor":10.0},{"not_picked":["Beam Cell","Skim+1"],"picked":"Consume+1","floor":12.0},{"not_picked":["ReplayUltimateDefense","Sadistic Nature"],"picked":"Jack Of All Trades+1","floor":14.0},{"not_picked":["Seek+1","Machine Learning"],"picked":"Core Surge","floor":16.0},{"not_picked":["Compile Driver","Gash"],"picked":"Coolheaded+1","floor":18.0},{"not_picked":["ReplaySort+1","Barrage"],"picked":"Stack+1","floor":19.0},{"not_picked":["Self Repair","ReplaySolidLightProjector+1"],"picked":"BasicCrystalCard+1","floor":21.0},{"not_picked":["BasicCrystalCard+1","Panic Button+1"],"picked":"Auto Shields+1","floor":24.0},{"not_picked":["Core Surge","Hello World"],"picked":"Crystallizer","floor":27.0},{"not_picked":["Conserve Battery+1","Gash"],"picked":"Hologram+1","floor":31.0},{"not_picked":["Rainbow+1","ReplayTheSpireMod:Omega Cannon"],"picked":"Mirror Shield+1","floor":33.0},{"not_picked":["Rebound","Leap+1"],"picked":"Recycle+1","floor":35.0},{"not_picked":["Redo+1","Streamline"],"picked":"Time Bomb+1","floor":35.0},{"not_picked":["ReplayTheSpireMod:Repulse+1","Stack+1"],"picked":"White Noise+1","floor":36.0},{"not_picked":["Turbo+1","BasicCrystalCard+1"],"picked":"Blizzard","floor":36.0},{"not_picked":["Storm","Ball Lightning+1"],"picked":"ReplayTheSpireMod:System Scan+1","floor":37.0},{"not_picked":["Redo+1","ReplayTheSpireMod:System Scan+1"],"picked":"Rainbow+1","floor":37.0},{"not_picked":["Sweeping Beam+1","Barrage+1"],"picked":"Time Bomb+1","floor":40.0},{"not_picked":["Ball Lightning","FTL"],"picked":"Redo+1","floor":45},{"not_picked":["Ball Lightning","Beam Cell","Sweeping Beam"],"picked":"SKIP","floor":45},{"not_picked":["Force Field+1","Gash+1"],"picked":"Conserve Battery+1","floor":48},{"not_picked":["Barrage","Genetic Algorithm+1","Steam+1"],"picked":"SKIP","floor":48}],"player_experience":385266,"relics_obtained":[{"floor":7.0,"key":"Incense Burner"},{"floor":9.0,"key":"Toxic Egg 2"},{"floor":12.0,"key":"ReplayTheSpireMod:Ninjato"},{"floor":24.0,"key":"Ice Cream"},{"floor":26.0,"key":"Gremlin Food"},{"floor":31.0,"key":"Prayer Wheel"},{"floor":40.0,"key":"Turnip"},{"floor":43.0,"key":"Replay:Wax Seal"}],"event_choices":[{"cards_removed":["Strike_B"],"damage_healed":0.0,"max_hp_gain":0.0,"max_hp_loss":0.0,"gold_gain":0.0,"event_name":"Golden Wing","player_choice":"Card Removal","floor":13.0,"gold_loss":0.0,"damage_taken":7.0},{"damage_healed":0.0,"max_hp_gain":0.0,"max_hp_loss":0.0,"gold_gain":1.0,"event_name":"betterStone:BetterStone","player_choice":"1","floor":14.0,"gold_loss":0.0,"damage_taken":0.0},{"damage_healed":0.0,"max_hp_gain":0.0,"max_hp_loss":0.0,"gold_gain":0.0,"cards_transformed":["Strike_B","Strike_B"],"event_name":"Drug Dealer","player_choice":"Became Test Subject","floor":22.0,"gold_loss":0.0,"damage_taken":0.0,"cards_obtained":["Chaos","Cold Snap"]},{"damage_healed":0.0,"max_hp_gain":0.0,"max_hp_loss":0.0,"gold_gain":99.0,"event_name":"betterThird:BetterNest","player_choice":"Steal","floor":25.0,"gold_loss":0.0,"damage_taken":0.0},{"damage_healed":27.0,"max_hp_gain":0.0,"max_hp_loss":0.0,"gold_gain":0.0,"event_name":"The Library","player_choice":"Heal","floor":28.0,"gold_loss":0.0,"damage_taken":0.0},{"cards_removed":["Defend_B"],"damage_healed":0.0,"max_hp_gain":0.0,"max_hp_loss":0.0,"gold_gain":0.0,"event_name":"Bonfire Elementals","player_choice":"Offered Basic","floor":39.0,"gold_loss":0.0,"damage_taken":0.0},{"damage_healed":21,"gold_gain":0,"player_choice":"Writhe","damage_taken":0,"max_hp_gain":0,"max_hp_loss":0,"event_name":"Winding Halls","floor":47,"gold_loss":0,"cards_obtained":["Writhe"]}],"is_beta":false,"boss_relics":[{"not_picked":["Fusion Hammer","FrozenCore"],"picked":"Nuclear Battery"},{"not_picked":["Replay:Grab Bag","bronze:MakeshiftBattery"],"picked":"Painkiller Herb"}],"items_purged_floors":[3,29],"is_endless":false,"potions_floor_spawned":[5,10,12,18,21,27,33,37,40,45,48],"ascension_level":6}}