{"host":"xw7092rw7wabncmm","time":1612722719,"event":{"mods":["AchievementEnabler","BaseMod","Bestiary","Block Reminder","Minty Spire (QoL Compilation)","Quick Restart","Relic Stats","Slay-I","Weighted Paths"],"gold_per_floor":[116,131,143,143,161,188,188,216,216,231,231,231,264,36,36,161,161,177,177,172,172,23,59,73,104,130,172,204,204,253,274,286,438,450,487,571,605,646,687,739,1084,1127,1139,1171,1183,1223,1270,696,696,696],"floor_reached":51,"language":"ENG","playtime":5694,"items_purged":["Injury","Parasite"],"score":1169,"play_id":"bbc7948e-1c37-46d4-8f6c-d3f16e9eb957","local_time":"20210207133159","is_ascension_mode":true,"campfire_choices":[{"data":"Dualcast","floor":7.0,"key":"SMITH"},{"data":"Zap","floor":11.0,"key":"SMITH"},{"floor":15.0,"key":"REST"},{"floor":29.0,"key":"REST"},{"floor":32.0,"key":"RECALL"},{"floor":45,"key":"REST"},{"floor":49,"key":"REST"}],"circlet_count":0,"master_deck":["Strike_B","Strike_B","Strike_B+1","Defend_B+1","Defend_B","Defend_B","Defend_B","Zap+1","Dualcast+1","Coolheaded","Sunder","Tempest","Consume+1","Steam","Stack","Cold Snap","All For One+1","Cold Snap","Self Repair","Buffer","Stack+1","Go for the Eyes","Chaos+1","Static Discharge","Hologram","Beam Cell+1","Go for the Eyes+1","Electrodynamics","Leap+1","Steam","Discovery","Electrodynamics","Coolheaded+1","Rebound","Consume+1","Cold Snap+1","Chill","Ball Lightning+1","BootSequence+1","Dark Shackles"],"relics":["Black Star","Lizard Tail","War Paint","Question Card","Bronze Scales","Darkstone Periapt","Strawberry","Bag of Preparation","OrangePellets","Fusion Hammer","Nilry\u0027s Codex","Ancient Tea Set","Centennial Puzzle","Gambling Chip","Kunai","Oddly Smooth Stone","CeramicFish","Juzu Bracelet","MawBank","Whetstone","SlaversCollar","Ginger","PreservedInsect","Lantern","Unceasing Top","Pocketwatch","Toy Ornithopter","Regal Pillow","Mercury Hourglass","Lee\u0027s Waffle","Shuriken"],"acts_visited":["Exordium","TheCity","TheBeyond"],"potions_floor_usage":[40,40],"damage_taken":[{"damage":15.0,"enemies":"Small Slimes","floor":1.0,"turns":4.0},{"damage":2.0,"enemies":"2 Louse","floor":2.0,"turns":4.0},{"damage":2.0,"enemies":"Jaw Worm","floor":3.0,"turns":5.0},{"damage":7.0,"enemies":"2 Fungi Beasts","floor":5.0,"turns":5.0},{"damage":23.0,"enemies":"Lagavulin","floor":6.0,"turns":6.0},{"damage":3.0,"enemies":"Gremlin Nob","floor":8.0,"turns":4.0},{"damage":7.0,"enemies":"Lots of Slimes","floor":10.0,"turns":3.0},{"damage":4.0,"enemies":"3 Sentries","floor":13.0,"turns":6.0},{"damage":23.0,"enemies":"Slime Boss","floor":16.0,"turns":10.0},{"damage":7.0,"enemies":"Shell Parasite","floor":18.0,"turns":5.0},{"damage":2.0,"enemies":"2 Thieves","floor":20.0,"turns":4.0},{"damage":27.0,"enemies":"Slavers","floor":23.0,"turns":5.0},{"damage":8.0,"enemies":"Snake Plant","floor":24.0,"turns":4.0},{"damage":12.0,"enemies":"Gremlin Leader","floor":25.0,"turns":9.0},{"damage":7.0,"enemies":"Book of Stabbing","floor":27.0,"turns":5.0},{"damage":4.0,"enemies":"Shelled Parasite and Fungi","floor":28.0,"turns":5.0},{"damage":0.0,"enemies":"Gremlin Leader","floor":30.0,"turns":5.0},{"damage":70.0,"enemies":"Automaton","floor":33.0,"turns":8.0},{"damage":0.0,"enemies":"3 Shapes","floor":35.0,"turns":4.0},{"damage":0.0,"enemies":"Mind Bloom Boss Battle","floor":36.0,"turns":5.0},{"damage":14.0,"enemies":"3 Darklings","floor":37.0,"turns":3.0},{"damage":0.0,"enemies":"Spire Growth","floor":38.0,"turns":4.0},{"damage":3.0,"enemies":"Writhing Mass","floor":39.0,"turns":6.0},{"damage":0,"enemies":"Nemesis","floor":40,"turns":9},{"damage":9,"enemies":"Reptomancer","floor":42,"turns":6},{"damage":11,"enemies":"3 Darklings","floor":44,"turns":3},{"damage":2,"enemies":"4 Shapes","floor":46,"turns":3},{"damage":9,"enemies":"Nemesis","floor":47,"turns":5},{"damage":21,"enemies":"Awakened One","floor":50,"turns":14}],"seed_played":"-7546960698921656921","potions_obtained":[{"floor":1.0,"key":"Block Potion"},{"floor":2.0,"key":"PotionOfCapacity"},{"floor":5.0,"key":"Block Potion"},{"floor":6.0,"key":"FocusPotion"},{"floor":13.0,"key":"Block Potion"},{"floor":20.0,"key":"DuplicationPotion"},{"floor":23.0,"key":"Swift Potion"},{"floor":24.0,"key":"Energy Potion"},{"floor":27.0,"key":"Energy Potion"},{"floor":36.0,"key":"EssenceOfSteel"},{"floor":38.0,"key":"SpeedPotion"},{"floor":42,"key":"PowerPotion"},{"floor":47,"key":"PowerPotion"}],"is_trial":false,"path_per_floor":["M","M","M","?","M","E","R","E","T","M","R","?","E","$","R","B",null,"M","?","M","?","$","E","M","E","T","E","M","R","E","?","R","B",null,"M","?","M","M","M","E","?","E","T","M","R","M","E","$","R","B",null],"character_chosen":"DEFECT","items_purchased":["Self Repair","OrangePellets","Static Discharge","Lee\u0027s Waffle","Shuriken","Dark Shackles"],"campfire_rested":4,"item_purchase_floors":[14,14,22,48,48,48],"current_hp_per_floor":[60,58,56,56,49,26,26,23,23,16,16,22,25,25,51,35,75,75,75,80,64,64,44,36,31,31,31,34,60,67,55,55,51,79,79,86,79,79,89,94,94,92,92,81,94,94,92,98,98,84],"gold":696,"neow_bonus":"BOSS_RELIC","is_daily":false,"chose_seed":false,"campfire_upgraded":2,"win_rate":0.0,"timestamp":1612722719,"path_taken":["M","M","M","?","M","E","R","E","T","M","R","?","E","$","R","BOSS","M","?","M","?","?","E","M","E","T","E","M","R","E","?","R","BOSS","M","?","M","M","M","E","?","E","T","M","R","M","E","$","R","BOSS"],"items_purchased_type":["Card","Relic","Card","Relic","Relic","Card"],"build_version":"2020-12-22","purchased_purges":2,"victory":true,"max_hp_per_floor":[75,75,75,75,75,75,75,75,75,75,75,81,88,88,88,88,88,88,88,88,88,88,88,88,88,88,88,88,88,88,88,88,88,88,88,88,88,88,94,94,94,94,94,94,94,94,94,98,98,98],"relic_stats":{"Darkstone Periapt":12,"Regal Pillow":0,"CeramicFish":126,"Bag of Preparation":[42],"Juzu Bracelet":1,"Whetstone":["Strike_B","All For One"],"Ginger":[5],"Lizard Tail":44,"Centennial Puzzle":[36],"Gambling Chip":[48],"Kunai":[29],"Lee\u0027s Waffle":9,"counters":[29,159],"PreservedInsect":107,"War Paint":["Defend_B","Consume"],"Question Card":22,"MawBank":216,"Mercury Hourglass":[54],"OrangePellets":[10],"Shuriken":[7],"Bronze Scales":[449],"Black Star":10,"obtain_stats":[{"Darkstone Periapt":9,"Lantern":40,"Regal Pillow":47,"Nilry\u0027s Codex":21,"CeramicFish":27,"Bag of Preparation":13,"Juzu Bracelet":27,"Whetstone":30,"Ginger":36,"Ancient Tea Set":23,"Lizard Tail":6,"Centennial Puzzle":23,"Strawberry":13,"Gambling Chip":25,"Fusion Hammer":17,"Kunai":25,"Cracked Core":0,"Lee\u0027s Waffle":48,"Golden Idol":12,"Oddly Smooth Stone":26,"PreservedInsect":40,"War Paint":6,"Question Card":8,"MawBank":30,"Mercury Hourglass":47,"OrangePellets":14,"SlaversCollar":34,"Shuriken":48,"Bronze Scales":8,"Black Star":0,"Unceasing Top":42,"Toy Ornithopter":43,"Pocketwatch":42},{"Darkstone Periapt":6,"Lantern":24,"Regal Pillow":28,"Nilry\u0027s Codex":11,"CeramicFish":15,"Bag of Preparation":8,"Juzu Bracelet":15,"Whetstone":17,"Ginger":20,"Ancient Tea Set":12,"Lizard Tail":5,"Centennial Puzzle":12,"Strawberry":8,"Gambling Chip":14,"Fusion Hammer":9,"Kunai":14,"Cracked Core":0,"Lee\u0027s Waffle":28,"Golden Idol":7,"Oddly Smooth Stone":14,"PreservedInsect":24,"War Paint":5,"Question Card":6,"MawBank":17,"Mercury Hourglass":28,"OrangePellets":8,"SlaversCollar":18,"Shuriken":28,"Bronze Scales":6,"Black Star":0,"Unceasing Top":25,"Toy Ornithopter":25,"Pocketwatch":25},{"Darkstone Periapt":28,"Lantern":128,"Regal Pillow":145,"Nilry\u0027s Codex":56,"CeramicFish":79,"Bag of Preparation":37,"Juzu Bracelet":79,"Whetstone":89,"Ginger":106,"Ancient Tea Set":61,"Lizard Tail":24,"Centennial Puzzle":61,"Strawberry":37,"Gambling Chip":74,"Fusion Hammer":47,"Kunai":74,"Cracked Core":0,"Lee\u0027s Waffle":145,"Golden Idol":31,"Oddly Smooth Stone":74,"PreservedInsect":128,"War Paint":24,"Question Card":28,"MawBank":89,"Mercury Hourglass":145,"OrangePellets":37,"SlaversCollar":97,"Shuriken":145,"Bronze Scales":28,"Black Star":0,"Unceasing Top":134,"Toy Ornithopter":134,"Pocketwatch":134}],"Unceasing Top":[2],"Toy Ornithopter":0,"Pocketwatch":[10]},"card_choices":[{"not_picked":["Darkness","Blizzard"],"picked":"Coolheaded","floor":1.0},{"not_picked":["Blizzard","Hologram"],"picked":"Sunder","floor":2.0},{"not_picked":["Turbo","Gash"],"picked":"Tempest","floor":3.0},{"not_picked":["Reinforced Body","Leap"],"picked":"Steam","floor":5.0},{"not_picked":["All For One","Genetic Algorithm"],"picked":"Stack","floor":6.0},{"not_picked":["Redo","Sweeping Beam"],"picked":"Cold Snap","floor":8.0},{"not_picked":["Stack","Gash","Capacitor"],"picked":"All For One","floor":10.0},{"not_picked":["Hello World","Skim","Gash"],"picked":"Cold Snap","floor":13.0},{"not_picked":["Machine Learning","Multi-Cast","Core Surge"],"picked":"Buffer","floor":16.0},{"not_picked":["Skim","Reprogram","Sweeping Beam"],"picked":"Stack+1","floor":18.0},{"not_picked":["Hello World","Genetic Algorithm","Skim"],"picked":"Chaos+1","floor":20.0},{"not_picked":["Compile Driver+1","Fission","Barrage"],"picked":"Hologram","floor":23.0},{"not_picked":["Melter+1","Compile Driver+1","Leap"],"picked":"Beam Cell+1","floor":24.0},{"not_picked":["Cold Snap","Steam+1","Stack"],"picked":"Go for the Eyes+1","floor":25.0},{"not_picked":["Heatsinks","Steam Power","Fusion"],"picked":"Electrodynamics","floor":27.0},{"not_picked":["Cold Snap","Streamline","FTL"],"picked":"Leap+1","floor":28.0},{"not_picked":["Capacitor","Auto Shields","Lockon"],"picked":"Steam","floor":30.0},{"not_picked":["Rainbow","Thunder Strike","Echo Form"],"picked":"Electrodynamics","floor":33.0},{"not_picked":["Go for the Eyes+1","Sweeping Beam","FTL"],"picked":"Coolheaded+1","floor":35.0},{"not_picked":["Darkness","Genetic Algorithm","Chaos"],"picked":"Rebound","floor":36.0},{"not_picked":["Ball Lightning","Force Field","Compile Driver"],"picked":"Consume+1","floor":37.0},{"not_picked":["Hologram+1","Redo+1","Leap"],"picked":"Cold Snap+1","floor":38.0},{"not_picked":["Leap+1","Reprogram","Compile Driver","Skim+1"],"picked":"SKIP","floor":39.0},{"not_picked":["All For One","Double Energy","Fusion+1"],"picked":"Chill","floor":40},{"not_picked":["Beam Cell","Redo+1","FTL","Skim+1"],"picked":"SKIP","floor":42},{"not_picked":["Lockon","Melter+1","Rebound"],"picked":"Ball Lightning+1","floor":44},{"not_picked":["FTL","Beam Cell+1","Reboot"],"picked":"BootSequence+1","floor":46},{"not_picked":["Barrage","Double Energy","Scrape","Hyperbeam"],"picked":"SKIP","floor":47}],"player_experience":1598465,"relics_obtained":[{"floor":6.0,"key":"Lizard Tail"},{"floor":6.0,"key":"War Paint"},{"floor":8.0,"key":"Question Card"},{"floor":8.0,"key":"Bronze Scales"},{"floor":9.0,"key":"Darkstone Periapt"},{"floor":13.0,"key":"Strawberry"},{"floor":13.0,"key":"Bag of Preparation"},{"floor":21.0,"key":"Nilry\u0027s Codex"},{"floor":23.0,"key":"Ancient Tea Set"},{"floor":23.0,"key":"Centennial Puzzle"},{"floor":25.0,"key":"Gambling Chip"},{"floor":25.0,"key":"Kunai"},{"floor":26.0,"key":"Oddly Smooth Stone"},{"floor":27.0,"key":"CeramicFish"},{"floor":27.0,"key":"Juzu Bracelet"},{"floor":30.0,"key":"MawBank"},{"floor":30.0,"key":"Whetstone"},{"floor":36.0,"key":"Ginger"},{"floor":40,"key":"PreservedInsect"},{"floor":40,"key":"Lantern"},{"floor":42,"key":"Unceasing Top"},{"floor":42,"key":"Pocketwatch"},{"floor":43,"key":"Toy Ornithopter"},{"floor":47,"key":"Regal Pillow"},{"floor":47,"key":"Mercury Hourglass"}],"event_choices":[{"damage_healed":0.0,"max_hp_gain":0.0,"max_hp_loss":0.0,"gold_gain":0.0,"cards_transformed":["Strike_B"],"event_name":"Living Wall","player_choice":"Change","floor":4.0,"gold_loss":0.0,"damage_taken":0.0,"cards_obtained":["Consume"]},{"damage_healed":0.0,"max_hp_gain":0.0,"max_hp_loss":0.0,"gold_gain":0.0,"event_name":"Golden Idol","player_choice":"Take Wound","floor":12.0,"gold_loss":0.0,"damage_taken":0.0,"relics_obtained":["Golden Idol"],"cards_obtained":["Injury"]},{"damage_healed":0.0,"max_hp_gain":0.0,"max_hp_loss":0.0,"gold_gain":0.0,"event_name":"The Library","player_choice":"Read","floor":19.0,"gold_loss":0.0,"damage_taken":0.0,"cards_obtained":["Go for the Eyes"]},{"damage_healed":0.0,"max_hp_gain":0.0,"max_hp_loss":0.0,"gold_gain":0.0,"event_name":"Cursed Tome","player_choice":"Obtained Book","floor":21.0,"gold_loss":0.0,"damage_taken":16.0},{"damage_healed":0.0,"max_hp_gain":0.0,"max_hp_loss":0.0,"gold_gain":0.0,"event_name":"Knowing Skull","player_choice":"CARD ","floor":31.0,"potions_obtained":[],"gold_loss":0.0,"damage_taken":12.0,"cards_obtained":["Discovery"]},{"damage_healed":0.0,"max_hp_gain":0.0,"max_hp_loss":0.0,"gold_gain":0.0,"event_name":"MindBloom","player_choice":"Fight","floor":36.0,"gold_loss":0.0,"damage_taken":0.0},{"damage_healed":0,"gold_gain":333,"player_choice":"Gave Idol","damage_taken":0,"max_hp_gain":0,"max_hp_loss":0,"event_name":"The Moai Head","floor":41,"relics_lost":["Golden Idol"],"gold_loss":0}],"is_beta":false,"boss_relics":[{"not_picked":["Ectoplasm","Inserter"],"picked":"Fusion Hammer"},{"not_picked":["SacredBark","Runic Dome"],"picked":"SlaversCollar"}],"items_purged_floors":[22,48],"is_endless":false,"potions_floor_spawned":[1,2,5,6,13,20,23,24,27,36,38,42,47],"ascension_level":5}}