{"host":"hrvs05np4ys7itky","time":1612720651,"event":{"mods":["BaseMod","Colored Map","Colored Powertips","Downfall","Emptier Cage","Hermit","Highlight Path","Minty Spire (QoL Compilation)","Permanent Neow","Rare Cards Sparkle","Relic Stats","Replay The Spire","StSLib","everything is the same but u backflip on backflip"],"gold_per_floor":[368,109,109,125,125,125,135,135,210,210,230,260,274,299,299,469,469,488,187,187,187,112,144,157,172,172,172,206,233,233,280,280,376,376,390,44,44,44,68,68,100,112,112,112,112,112,124,144,192,192],"floor_reached":51,"language":"ENG","playtime":4152,"items_purged":["hermit:Defend_Hermit","hermit:Strike_Hermit"],"score":712,"play_id":"e671d34e-bb6e-4a34-82d5-22b30732ab68","local_time":"20210207125731","is_ascension_mode":false,"campfire_choices":[{"data":"hermit:Brawl","floor":6.0,"key":"SMITH"},{"data":"hermit:GoldenBullet","floor":8.0,"key":"SMITH"},{"data":"hermit:SprayPray","floor":10.0,"key":"SMITH"},{"floor":15.0,"key":"DIG"},{"data":"hermit:Manifest","floor":27,"key":"SMITH"},{"data":"hermit:EternalForm","floor":30,"key":"SMITH"},{"data":"hermit:DeadOrAlive","floor":32,"key":"SMITH"},{"floor":40,"key":"REST"},{"floor":44,"key":"REST"},{"floor":46,"key":"RECALL"}],"circlet_count":0,"master_deck":["hermit:Strike_Hermit+1","hermit:Defend_Hermit+1","hermit:Snapshot+1","hermit:Covet+1","Survivor+1","hermit:Headshot+1","hermit:GoldenBullet+1","hermit:Brawl+1","hermit:SprayPray+1","hermit:LowProfile+1","hermit:Scavenge+1","hermit:Feint+1","hermit:Dive+1","hermit:RoundhouseKick+1","hermit:LoneWolf+1","hermit:PistolWhip+1","hermit:Feint+1","hermit:BodyArmor+1","hermit:Determination+1","hermit:Brawl+1","hermit:DeadOrAlive+1","hermit:CalledShot+1","hermit:Vantage+1","hermit:Manifest+1","hermit:EternalForm+1","hermit:Virtue+1","hermit:Deadeye+1","hermit:DeadOrAlive+1","hermit:TakeCover+1","Madness+1","hermit:Brawl+1","hermit:EyeOfTheStorm+1","hermit:HoleUp+1","hermit:Malice+1","hermit:EternalForm"],"relics":["hermit:Momento","Chemical X","Quantum Egg","White Beast Statue","ReplayTheSpireMod:TigerMarble","Astrolabe","Orrery","Nilry\u0027s Codex","Onion Ring","Blue Candle","Lizard Tail","Red Mask","Snecko Eye","Garlic","InkBottle","Mark of the Bloom","ReplayFunnel"],"acts_visited":["Exordium","TheCity","TheBeyond"],"potions_floor_usage":[25,29,31,33,33,39,39,39,42,50,50,50],"damage_taken":[{"damage":2.0,"enemies":"Jaw Worm","floor":1.0,"turns":4.0},{"damage":8.0,"enemies":"Small Slimes","floor":4.0,"turns":3.0},{"damage":0.0,"enemies":"2 Louse","floor":7.0,"turns":2.0},{"damage":5.0,"enemies":"Looter","floor":11.0,"turns":4.0},{"damage":10.0,"enemies":"3 Sentries","floor":12.0,"turns":7.0},{"damage":0.0,"enemies":"2 Fungi Beasts","floor":13.0,"turns":2.0},{"damage":2.0,"enemies":"Large Slime","floor":14.0,"turns":5.0},{"damage":1.0,"enemies":"Hexaghost","floor":16.0,"turns":9.0},{"damage":9.0,"enemies":"2 Thieves","floor":18.0,"turns":3.0},{"damage":5.0,"enemies":"Replay:Snechameleon","floor":23.0,"turns":4.0},{"damage":0.0,"enemies":"Spheric Guardian","floor":24.0,"turns":1.0},{"damage":0,"enemies":"Shelled Parasite and Fungi","floor":25,"turns":4},{"damage":0,"enemies":"Snake Plant","floor":28,"turns":2},{"damage":0,"enemies":"Slavers","floor":29,"turns":6},{"damage":0,"enemies":"Masked Bandits","floor":31,"turns":2},{"damage":1,"enemies":"Collector","floor":33,"turns":8},{"damage":1,"enemies":"Orb Walker","floor":35,"turns":3},{"damage":13,"enemies":"3 Darklings","floor":39,"turns":5},{"damage":0,"enemies":"4 Shapes","floor":41,"turns":4},{"damage":12,"enemies":"Writhing Mass","floor":42,"turns":5},{"damage":0,"enemies":"3 Darklings","floor":47,"turns":2},{"damage":0,"enemies":"Spire Growth","floor":48,"turns":4},{"damage":13,"enemies":"Awakened One","floor":50,"turns":11}],"seed_played":"5529157774095999258","potions_obtained":[{"floor":7.0,"key":"SpeedPotion"},{"floor":13.0,"key":"sneckomod:MuddlingPotion"},{"floor":14.0,"key":"Reflective Coating"},{"floor":16.0,"key":"champ:CounterPotion"},{"floor":18.0,"key":"Venom Potion"},{"floor":23.0,"key":"Block Potion"},{"floor":24,"key":"DistilledChaos"},{"floor":25,"key":"Swift Potion"},{"floor":29,"key":"SkillPotion"},{"floor":31,"key":"AttackPotion"},{"floor":33,"key":"Fire Potion"},{"floor":35,"key":"sneckomod:MuddlingPotion"},{"floor":39,"key":"SteroidPotion"},{"floor":41,"key":"Swift Potion"},{"floor":42,"key":"Block Potion"},{"floor":47,"key":"GamblersBrew"},{"floor":48,"key":"Energy Potion"}],"is_trial":false,"path_per_floor":["M","$","?","M","?","R","M","R","T","R","M","E","M","M","R_BF","B",null,"M","$","?","?","?","E","M","M","T","R","M","E","R","?","R","B",null,"M","$","?","?","M","R","M","M","T","R","?","R","M","M","R_BF","B",null],"character_chosen":"HERMIT","items_purchased":["hermit:GoldenBullet","hermit:Brawl","Chemical X","hermit:Determination","Orrery","Garlic"],"campfire_rested":2,"item_purchase_floors":[2,2,2,19,19,36],"current_hp_per_floor":[73,73,58,50,50,50,50,50,50,50,45,35,35,33,33,32,75,66,66,66,50,50,45,45,45,45,45,45,45,45,45,45,44,75,74,74,74,71,58,71,71,59,59,71,71,71,71,71,43,30],"gold":192,"neow_bonus":"TWO_FIFTY_GOLD","is_daily":false,"chose_seed":false,"campfire_upgraded":6,"win_rate":0.0,"timestamp":1612720651,"path_taken":["M","$","?","M","?","R","M","R","T","R","M","E","M","M","R_BF","BOSS","M","$","?","?","?","E","M","M","T","R","M","E","R","?","R","BOSS","M","$","?","?","M","R","M","M","T","R","?","R","?","M","R_BF","BOSS"],"items_purchased_type":["Card","Card","Relic","Card","Relic","Relic"],"build_version":"2020-12-22","purchased_purges":2,"victory":true,"max_hp_per_floor":[75,75,75,75,75,75,75,75,75,75,75,75,75,75,75,75,75,75,75,75,75,75,75,75,75,75,75,75,75,75,75,75,75,75,75,75,75,71,71,71,71,71,71,71,71,71,71,71,71,71],"relic_stats":{"Lizard Tail":0,"Mark of the Bloom":0,"counters":[23,100],"Astrolabe":["hermit:LoneWolf","hermit:PistolWhip","hermit:Feint"],"Blue Candle":[0],"Snecko Eye":[46,65,47,69],"Chemical X":[25],"obtain_stats":[{"ReplayFunnel":49,"Mark of the Bloom":45,"Nilry\u0027s Codex":21,"Quantum Egg":9,"Astrolabe":17,"Blue Candle":26,"White Beast Statue":12,"Lizard Tail":29,"Orrery":19,"Snecko Eye":34,"Onion Ring":23,"ReplayTheSpireMod:TigerMarble":15,"Red Mask":31,"Garlic":36,"Chemical X":2,"hermit:Momento":0,"InkBottle":43},{"ReplayFunnel":22,"Mark of the Bloom":20,"Nilry\u0027s Codex":9,"Quantum Egg":3,"Astrolabe":8,"Blue Candle":12,"White Beast Statue":5,"Lizard Tail":14,"Orrery":9,"Snecko Eye":16,"Onion Ring":10,"ReplayTheSpireMod:TigerMarble":7,"Red Mask":15,"Garlic":17,"Chemical X":1,"hermit:Momento":0,"InkBottle":20},{"ReplayFunnel":89,"Mark of the Bloom":83,"Nilry\u0027s Codex":39,"Quantum Egg":9,"Astrolabe":36,"Blue Candle":48,"White Beast Statue":20,"Lizard Tail":56,"Orrery":39,"Snecko Eye":66,"Onion Ring":43,"ReplayTheSpireMod:TigerMarble":27,"Red Mask":58,"Garlic":69,"Chemical X":4,"hermit:Momento":0,"InkBottle":83}],"InkBottle":[10]},"card_choices":[{"not_picked":["hermit:Snipe","hermit:Coalescence"],"picked":"hermit:Headshot","floor":1.0},{"not_picked":["hermit:HighCaliber","hermit:BodyArmor"],"picked":"hermit:SprayPray","floor":4.0},{"not_picked":["hermit:Roulette","hermit:Desperado","hermit:Headshot"],"picked":"SKIP","floor":7.0},{"not_picked":["hermit:Desperado","hermit:Virtue"],"picked":"hermit:LowProfile","floor":11.0},{"not_picked":["hermit:ShadowCloak","hermit:Gambit"],"picked":"hermit:Scavenge","floor":12.0},{"not_picked":["hermit:Coalescence","hermit:Cheat"],"picked":"hermit:Feint","floor":13.0},{"not_picked":["hermit:HoleUp","hermit:Misfire"],"picked":"hermit:Dive","floor":14.0},{"not_picked":["hermit:FromBeyond","hermit:Purgatory"],"picked":"hermit:RoundhouseKick","floor":16.0},{"not_picked":["hermit:Shortfuse","hermit:Coalescence+1"],"picked":"hermit:BodyArmor","floor":18.0},{"not_picked":["hermit:Feint","hermit:Virtue"],"picked":"hermit:Brawl","floor":19.0},{"not_picked":["hermit:NoHoldsBarred+1","hermit:CursedWeapon"],"picked":"hermit:DeadOrAlive","floor":19.0},{"not_picked":["hermit:EyeOfTheStorm+1","hermit:Dive"],"picked":"hermit:CalledShot+1","floor":19.0},{"not_picked":["hermit:Maintenance","hermit:BodyArmor"],"picked":"hermit:Vantage+1","floor":19.0},{"not_picked":["hermit:HighCaliber+1","hermit:HoleUp"],"picked":"hermit:Manifest","floor":19.0},{"not_picked":["hermit:Headshot","hermit:CursedWeapon","hermit:Coalescence"],"picked":"SKIP","floor":23.0},{"not_picked":["hermit:DeadMansHand","hermit:ShadowCloak"],"picked":"hermit:EternalForm","floor":24},{"not_picked":["hermit:Misfire","hermit:Headshot","hermit:Determination"],"picked":"SKIP","floor":25},{"not_picked":["hermit:HoleUp","hermit:FullyLoaded"],"picked":"hermit:Virtue+1","floor":28},{"not_picked":["hermit:Malice","hermit:Determination+1","hermit:Feint+1"],"picked":"SKIP","floor":29},{"not_picked":["hermit:CursedWeapon+1","hermit:Misfire+1"],"picked":"hermit:Deadeye","floor":31},{"not_picked":["hermit:FatalDesire","hermit:Reprieve"],"picked":"hermit:DeadOrAlive","floor":33},{"not_picked":["hermit:BodyArmor","hermit:TrackingShot"],"picked":"hermit:TakeCover+1","floor":35},{"not_picked":["Purity","Impatience"],"picked":"Madness","floor":37},{"not_picked":["hermit:Horror+1","hermit:ShadowCloak+1"],"picked":"hermit:Brawl+1","floor":39},{"not_picked":["hermit:LowProfile","hermit:WideOpen","hermit:Feint+1"],"picked":"SKIP","floor":41},{"not_picked":["hermit:BigShot","hermit:CursedWeapon","hermit:BodyArmor+1"],"picked":"SKIP","floor":42},{"not_picked":["hermit:Midnight+1","hermit:ItchyTrigger+1"],"picked":"hermit:EyeOfTheStorm+1","floor":47},{"not_picked":["hermit:SprayPray+1","hermit:GoldenBullet"],"picked":"hermit:HoleUp+1","floor":48},{"not_picked":["hermit:Scavenge","hermit:WideOpen"],"picked":"hermit:Malice+1","floor":49},{"not_picked":["hermit:GoldenBullet","hermit:Glare+1"],"picked":"hermit:EternalForm","floor":49}],"player_experience":1040165,"relics_obtained":[{"floor":9.0,"key":"Quantum Egg"},{"floor":12.0,"key":"White Beast Statue"},{"floor":15.0,"key":"ReplayTheSpireMod:TigerMarble"},{"floor":21.0,"key":"Nilry\u0027s Codex"},{"floor":23.0,"key":"Onion Ring"},{"floor":26,"key":"Blue Candle"},{"floor":29,"key":"Lizard Tail"},{"floor":31,"key":"Red Mask"},{"floor":43,"key":"InkBottle"},{"floor":49,"key":"ReplayFunnel"}],"event_choices":[{"damage_healed":0.0,"max_hp_gain":0.0,"max_hp_loss":0.0,"gold_gain":0.0,"event_name":"Shining Light","player_choice":"Entered Light","floor":3.0,"gold_loss":0.0,"damage_taken":15.0,"cards_upgraded":["hermit:Defend_Hermit","hermit:Strike_Hermit"]},{"damage_healed":0.0,"max_hp_gain":0.0,"max_hp_loss":0.0,"gold_gain":0.0,"event_name":"Cursed Tome","player_choice":"Obtained Book","floor":21.0,"gold_loss":0.0,"damage_taken":16.0},{"cards_removed":["hermit:Defend_Hermit"],"damage_healed":0.0,"max_hp_gain":0.0,"max_hp_loss":0.0,"gold_gain":0.0,"event_name":"Beggar","player_choice":"Gave Gold","floor":22.0,"gold_loss":75.0,"damage_taken":0.0},{"damage_healed":0,"gold_gain":0,"player_choice":"Fought Bandits","damage_taken":0,"max_hp_gain":0,"max_hp_loss":0,"event_name":"Masked Bandits","floor":31,"gold_loss":0},{"damage_healed":0,"gold_gain":0,"player_choice":"Memory 1","damage_taken":0,"max_hp_gain":0,"max_hp_loss":0,"event_name":"SensoryStone","floor":37,"gold_loss":0},{"damage_healed":0,"gold_gain":0,"player_choice":"Max HP","damage_taken":0,"max_hp_gain":0,"max_hp_loss":4,"event_name":"Winding Halls","floor":38,"gold_loss":0},{"damage_healed":0,"gold_gain":0,"player_choice":"Upgrade","damage_taken":0,"relics_obtained":["Mark of the Bloom"],"max_hp_gain":0,"max_hp_loss":0,"event_name":"MindBloom","floor":45,"gold_loss":0,"cards_upgraded":["hermit:Snapshot","hermit:Covet","Survivor","hermit:Headshot","hermit:LowProfile","hermit:Scavenge","hermit:Feint","hermit:Dive","hermit:RoundhouseKick","hermit:BodyArmor","hermit:Determination","hermit:Brawl","hermit:Deadeye","hermit:DeadOrAlive","Madness"]}],"is_beta":false,"boss_relics":[{"not_picked":["Kintsugi","Honey Jar"],"picked":"Astrolabe"},{"not_picked":["SlaversCollar","hermit:DentedPlate"],"picked":"Snecko Eye"}],"items_purged_floors":[19,36],"is_endless":false,"potions_floor_spawned":[7,13,14,16,18,23,24,25,28,29,31,33,35,39,41,42,47,48],"ascension_level":0}}