{"host":"l5zfpd2l2htson6l","time":1612662485,"event":{"mods":["AchievementEnabler","BaseMod","Colored Map","Colored Powertips","Minty Spire (QoL Compilation)","Permanent Neow","Quick Restart","Rare Cards Sparkle","Relic Stats","SuperFastMode"],"gold_per_floor":[115,128,138,151,66,66,85,85,85],"floor_reached":8,"language":"ENG","playtime":317,"items_purged":[],"score":100,"play_id":"c3123304-94b4-4ed4-95e1-7ad536a9779b","local_time":"20210206174805","is_ascension_mode":true,"campfire_choices":[{"floor":6,"key":"REST"}],"circlet_count":0,"master_deck":["AscendersBane","Strike_R","Strike_R","Strike_R","Strike_R","Strike_R","Defend_R","Defend_R","Defend_R","Defend_R","Bash","Reaper","Wild Strike","Inflame","Perfected Strike","Thunderclap","Blood for Blood","Whirlwind"],"relics":["Burning Blood"],"acts_visited":["Exordium"],"potions_floor_usage":[8],"damage_taken":[{"damage":10.0,"enemies":"Small Slimes","floor":1.0,"turns":4.0},{"damage":9.0,"enemies":"2 Louse","floor":2.0,"turns":3.0},{"damage":1.0,"enemies":"Cultist","floor":3.0,"turns":3.0},{"damage":59,"enemies":"Lots of Slimes","floor":4,"turns":6},{"damage":33,"enemies":"Large Slime","floor":7,"turns":4},{"damage":57,"enemies":"Gremlin Nob","floor":8,"turns":4}],"seed_played":"8160656618222331725","potions_obtained":[{"floor":7,"key":"Dexterity Potion"}],"is_trial":false,"path_per_floor":["M","M","M","M","$","R","M","E"],"character_chosen":"IRONCLAD","items_purchased":["Blood for Blood"],"campfire_rested":1,"item_purchase_floors":[5],"current_hp_per_floor":[64,68,68,29,29,49,30,0,0],"gold":85,"neow_bonus":"THREE_RARE_CARDS","is_daily":false,"chose_seed":false,"campfire_upgraded":0,"win_rate":0.0,"timestamp":1612662485,"path_taken":["M","M","M","M","$","R","M","E"],"items_purchased_type":["Card"],"build_version":"2020-12-22","purchased_purges":0,"victory":false,"max_hp_per_floor":[68,68,68,68,68,68,68,68,68],"relic_stats":{"counters":[6,24],"obtain_stats":[{"Burning Blood":0},{"Burning Blood":0},{"Burning Blood":0}],"Burning Blood":25},"card_choices":[{"not_picked":["Demon Form","Double Tap"],"picked":"Reaper","floor":0.0},{"not_picked":["Armaments","Sword Boomerang"],"picked":"Wild Strike","floor":1.0},{"not_picked":["Intimidate","Flex"],"picked":"Inflame","floor":2.0},{"not_picked":["Iron Wave","Metallicize"],"picked":"Perfected Strike","floor":3.0},{"not_picked":["Power Through","Sword Boomerang"],"picked":"Thunderclap","floor":4},{"not_picked":["Second Wind","Perfected Strike"],"picked":"Whirlwind","floor":7}],"player_experience":933101,"relics_obtained":[],"event_choices":[],"is_beta":false,"boss_relics":[],"items_purged_floors":[],"is_endless":false,"potions_floor_spawned":[7],"killed_by":"Gremlin Nob","ascension_level":20}}