{"host":"x8sop9v6zw8yitbt","time":1612723430,"event":{"mods":["BaseMod","Best Route Mod","Block Reminder","Challenge The Spire","Colored Powertips","Custom Start","Dark Map","DeckTracker","Minty Spire (QoL Compilation)","Permanent Neow","Quick Restart","Rare Cards Sparkle","Reliquary","Spicy Shops","Spikes Relics","StSLib","Virulent Crown"],"gold_per_floor":[118,118,133,58,8,39,39,51,51,51,79,89,112,12,12,115,115,128,3,3,3,23,48,48,83,83,109,119,119,135,146,146,246,246,260,260,106,119,133,168,183,217,240,240,32,48,48,61,61,61],"floor_reached":51,"language":"ENG","playtime":1542,"items_purged":["Strike_P","Defend_P","Strike_P","Eruption"],"score":995,"play_id":"bfd0f7d7-dda1-485a-b66d-9ababe1fc19d","local_time":"20210207134350","is_ascension_mode":true,"campfire_choices":[{"data":"Brilliance","floor":7,"key":"SMITH"},{"data":"Vigilance","floor":15,"key":"SMITH"},{"data":"Devotion","floor":24,"key":"SMITH"},{"data":"Prostrate","floor":29,"key":"SMITH"},{"data":"Pray","floor":32,"key":"SMITH"},{"data":"Pray","floor":44,"key":"SMITH"},{"data":"SignatureMove","floor":47,"key":"SMITH"},{"data":"Consecrate","floor":49,"key":"SMITH"}],"circlet_count":0,"master_deck":["Defend_P","Defend_P","Vigilance+1","Brilliance+1","Evaluate+1","Prostrate+1","Pray+1","Consecrate+1","Devotion+1","Protect+1","Pray+1","DeusExMachina","Brilliance+1","SignatureMove+1"],"relics":["PureWater","Bag of Preparation","Matryoshka","Ancient Tea Set","PreservedInsect","reliquary:WeakTea","Coffee Dripper","MutagenicStrength","reliquary:ExpiredCoupon","reliquary:PartyBalloon","Bag of Marbles","reliquary:Aerogel","Dream Catcher","Sozu","DollysMirror","Unceasing Top","SpikesRelics:DaevaFist","Potion Belt"],"acts_visited":["Exordium","TheCity","TheBeyond"],"potions_floor_usage":[16,18,23,23,50,50,50],"damage_taken":[{"damage":0,"enemies":"Small Slimes","floor":1,"turns":3},{"damage":0,"enemies":"Cultist","floor":3,"turns":4},{"damage":30,"enemies":"3 Sentries","floor":6,"turns":9},{"damage":0,"enemies":"Jaw Worm","floor":8,"turns":1},{"damage":14,"enemies":"Gremlin Nob","floor":11,"turns":4},{"damage":2,"enemies":"Exordium Wildlife","floor":12,"turns":4},{"damage":0,"enemies":"Slime Boss","floor":16,"turns":4},{"damage":0,"enemies":"Spheric Guardian","floor":18,"turns":3},{"damage":0,"enemies":"Chosen","floor":22,"turns":3},{"damage":7,"enemies":"Slavers","floor":23,"turns":3},{"damage":0,"enemies":"Gremlin Leader","floor":25,"turns":3},{"damage":2,"enemies":"Book of Stabbing","floor":27,"turns":3},{"damage":0,"enemies":"Snecko","floor":28,"turns":3},{"damage":0,"enemies":"3 Cultists","floor":30,"turns":3},{"damage":3,"enemies":"Centurion and Healer","floor":31,"turns":5},{"damage":0,"enemies":"Champ","floor":33,"turns":5},{"damage":6,"enemies":"Orb Walker","floor":35,"turns":3},{"damage":0,"enemies":"3 Shapes","floor":38,"turns":3},{"damage":2,"enemies":"Jaw Worm Horde","floor":39,"turns":3},{"damage":1,"enemies":"Nemesis","floor":40,"turns":3},{"damage":0,"enemies":"Maw","floor":41,"turns":4},{"damage":0,"enemies":"Giant Head","floor":42,"turns":2},{"damage":0,"enemies":"Writhing Mass","floor":46,"turns":4},{"damage":0,"enemies":"Transient","floor":48,"turns":5},{"damage":4,"enemies":"Awakened One","floor":50,"turns":7}],"seed_played":"5069368761044684337","potions_obtained":[{"floor":6,"key":"ColorlessPotion"},{"floor":11,"key":"Swift Potion"},{"floor":12,"key":"Explosive Potion"},{"floor":16,"key":"SkillPotion"},{"floor":18,"key":"Block Potion"},{"floor":23,"key":"SneckoOil"},{"floor":27,"key":"GamblersBrew"},{"floor":28,"key":"LiquidMemories"}],"is_trial":false,"path_per_floor":["M","?","M","$","?","E","R","M","T","?","E","M","T","$","R","B",null,"M","$","?","?","M","E","R","E","T","E","M","R","M","M","R","B",null,"M","?","$","M","M","E","M","E","T","R","$","M","R","M","R","B",null],"character_chosen":"WATCHER","items_purchased":["DollysMirror","SignatureMove"],"campfire_rested":0,"item_purchase_floors":[37,45],"current_hp_per_floor":[72,72,72,72,72,42,42,42,42,42,28,26,26,26,26,26,72,72,72,72,72,72,65,65,65,65,63,63,63,63,60,60,60,72,66,66,66,66,64,63,63,63,63,63,63,63,63,63,63,59],"gold":61,"neow_bonus":"ONE_RANDOM_RARE_CARD","is_daily":false,"chose_seed":false,"campfire_upgraded":8,"win_rate":0.0,"timestamp":1612723430,"path_taken":["M","?","M","?","?","E","R","?","T","?","E","?","?","$","R","BOSS","M","$","?","?","M","E","R","E","T","E","M","R","?","M","R","BOSS","M","?","?","?","M","E","M","E","T","R","$","M","R","M","R","BOSS"],"items_purchased_type":["Relic","Card"],"build_version":"2020-12-22","purchased_purges":4,"victory":true,"max_hp_per_floor":[72,72,72,72,72,72,72,72,72,72,72,72,72,72,72,72,72,72,72,72,72,72,72,72,72,72,72,72,72,72,72,72,72,72,72,72,72,72,72,72,72,72,72,72,72,72,72,72,72,72],"card_choices":[{"not_picked":["CutThroughFate","FlurryOfBlows"],"picked":"Evaluate","floor":1},{"not_picked":["Evaluate","SandsOfTime","CrushJoints"],"picked":"SKIP","floor":3},{"not_picked":["CutThroughFate","FollowUp","TalkToTheHand"],"picked":"SKIP","floor":6},{"not_picked":["EmptyBody","ClearTheMind"],"picked":"Prostrate","floor":8},{"not_picked":["FollowUp","WindmillStrike"],"picked":"Pray","floor":11},{"not_picked":["ClearTheMind","BowlingBash"],"picked":"Consecrate","floor":12},{"not_picked":["DevaForm","MasterReality"],"picked":"Devotion","floor":16},{"not_picked":["FollowUp","SandsOfTime","Weave"],"picked":"SKIP","floor":18},{"not_picked":["ClearTheMind","EmptyFist"],"picked":"Protect+1","floor":22},{"not_picked":["Halt+1","Wish"],"picked":"Pray","floor":23},{"not_picked":["Nirvana+1","EmptyMind+1","FlurryOfBlows"],"picked":"SKIP","floor":25},{"not_picked":["JustLucky","LikeWater+1","EmptyMind"],"picked":"SKIP","floor":27},{"not_picked":["FlyingSleeves","Pray","JustLucky"],"picked":"SKIP","floor":28},{"not_picked":["FlurryOfBlows","SignatureMove+1","FlyingSleeves+1"],"picked":"SKIP","floor":30},{"not_picked":["EmptyFist","Halt"],"picked":"DeusExMachina","floor":31},{"not_picked":["CutThroughFate+1","JustLucky+1","PathToVictory+1"],"picked":"SKIP","floor":35},{"not_picked":["FlurryOfBlows+1","Evaluate+1","EmptyMind"],"picked":"SKIP","floor":38},{"not_picked":["Halt+1","FlyingSleeves+1","Brilliance"],"picked":"SKIP","floor":39},{"not_picked":["PathToVictory+1","Protect+1","FlurryOfBlows"],"picked":"SKIP","floor":40},{"not_picked":["FlurryOfBlows+1","Prostrate","FlyingSleeves+1"],"picked":"SKIP","floor":41},{"not_picked":["Omniscience","Evaluate+1","FlurryOfBlows"],"picked":"SKIP","floor":42},{"not_picked":["JustLucky+1","CarveReality","Perseverance+1"],"picked":"SKIP","floor":46},{"not_picked":["ReachHeaven","Study+1","Indignation"],"picked":"SKIP","floor":48}],"player_experience":898868,"relics_obtained":[{"floor":6,"key":"Bag of Preparation"},{"floor":9,"key":"Matryoshka"},{"floor":11,"key":"Ancient Tea Set"},{"floor":13,"key":"PreservedInsect"},{"floor":13,"key":"reliquary:WeakTea"},{"floor":23,"key":"reliquary:ExpiredCoupon"},{"floor":25,"key":"reliquary:PartyBalloon"},{"floor":26,"key":"Bag of Marbles"},{"floor":26,"key":"reliquary:Aerogel"},{"floor":27,"key":"Dream Catcher"},{"floor":40,"key":"Unceasing Top"},{"floor":42,"key":"SpikesRelics:DaevaFist"},{"floor":43,"key":"Potion Belt"}],"event_choices":[{"damage_healed":0,"gold_gain":0,"player_choice":"Bought 0 Potions","damage_taken":0,"max_hp_gain":0,"max_hp_loss":0,"event_name":"The Woman in Blue","floor":2,"gold_loss":0},{"cards_removed":["Defend_P"],"damage_healed":0,"gold_gain":0,"player_choice":"Card Removal","damage_taken":0,"max_hp_gain":0,"max_hp_loss":0,"event_name":"The Cleric","floor":5,"gold_loss":50},{"cards_removed":["Strike_P"],"damage_healed":0,"gold_gain":0,"player_choice":"Offered Basic","damage_taken":0,"max_hp_gain":0,"max_hp_loss":0,"event_name":"Bonfire Elementals","floor":10,"gold_loss":0},{"damage_healed":0,"gold_gain":0,"player_choice":"Inject Mutagens","damage_taken":0,"relics_obtained":["MutagenicStrength"],"max_hp_gain":0,"max_hp_loss":0,"event_name":"Drug Dealer","floor":20,"gold_loss":0},{"damage_healed":0,"gold_gain":0,"player_choice":"Upgraded","damage_taken":0,"max_hp_gain":0,"max_hp_loss":0,"event_name":"Upgrade Shrine","floor":21,"gold_loss":0,"cards_upgraded":["Evaluate"]},{"cards_removed":["Strike_P"],"damage_healed":0,"gold_gain":0,"player_choice":"Purged","damage_taken":0,"max_hp_gain":0,"max_hp_loss":0,"event_name":"Purifier","floor":36,"gold_loss":0}],"is_beta":false,"boss_relics":[{"not_picked":["Pandora\u0027s Box","Philosopher\u0027s Stone"],"picked":"Coffee Dripper"},{"not_picked":["Tiny House","reliquary:RedCape"],"picked":"Sozu"}],"items_purged_floors":[4,14,19,45],"is_endless":false,"potions_floor_spawned":[6,11,12,16,18,23,27,28,33,38,41,42],"ascension_level":1}}