{"host":"qc268ltokmxwqyrx","time":1612735973,"event":{"mods":["BaseMod","Colored Map","Colored Powertips","Minty Spire (QoL Compilation)","Relic Stats","Slay the Relics Exporter","StSLib","ojb\u0027s Info Mod"],"gold_per_floor":[112,112,130,143,143,143,173,8,8,8,39,39,51,70,70,145,145,161,178,7,7,7,38,38,73,73,73,83,110,123,153,153,232,232,248,259,269,269,51,80,80,100,100,112,112,135,35,67,67,67,67,67,67,4,44,44],"floor_reached":57,"language":"ENG","playtime":3426,"items_purged":["Strike_R","Strike_R+1","Wild Strike+1"],"score":2925,"play_id":"5d39eaf8-5da9-4d31-b59f-3d39bc979d8b","local_time":"20210207161253","is_ascension_mode":true,"campfire_choices":[{"data":"Uppercut","floor":6,"key":"SMITH"},{"data":"Carnage","floor":10,"key":"SMITH"},{"data":"Armaments","floor":12,"key":"SMITH"},{"data":"Shockwave","floor":15,"key":"SMITH"},{"data":"Feel No Pain","floor":24,"key":"SMITH"},{"data":"RitualDagger","floor":32,"key":"SMITH"},{"data":"Juggernaut","floor":41,"key":"SMITH"},{"floor":45,"key":"REST"},{"floor":49,"key":"RECALL"},{"data":"True Grit","floor":53,"key":"SMITH"}],"circlet_count":0,"master_deck":["AscendersBane","Defend_R+1","Defend_R+1","Defend_R+1","Defend_R+1","Bash","Uppercut+1","Armaments+1","Shockwave+1","Carnage+1","Burning Pact","Blood for Blood","Corruption","Entrench","Shrug It Off","Feel No Pain+1","Metallicize+1","True Grit+1","RitualDagger+1","Flame Barrier","Juggernaut+1","Shockwave+1","Sever Soul+1","Shrug It Off","True Grit+1","Entrench+1","Body Slam","Dual Wield+1","Feel No Pain","Power Through"],"relics":["Snecko Eye","Pantograph","War Paint","Happy Flower","Matryoshka","Sozu","Strange Spoon","Lantern","Blue Candle","Strawberry","Bronze Scales","Vajra","Astrolabe","Membership Card","Mercury Hourglass","CeramicFish","Ornamental Fan","Lee\u0027s Waffle","Bottled Flame","Mummified Hand"],"acts_visited":["Exordium","TheCity","TheBeyond","TheEnding"],"potions_floor_usage":[7,56,56],"damage_taken":[{"damage":0,"enemies":"2 Louse","floor":1,"turns":3},{"damage":7,"enemies":"Small Slimes","floor":3,"turns":4},{"damage":0,"enemies":"Cultist","floor":4,"turns":4},{"damage":27,"enemies":"3 Sentries","floor":7,"turns":12},{"damage":12,"enemies":"Lagavulin","floor":11,"turns":4},{"damage":0,"enemies":"Exordium Wildlife","floor":13,"turns":4},{"damage":1,"enemies":"2 Fungi Beasts","floor":14,"turns":3},{"damage":10,"enemies":"Hexaghost","floor":16,"turns":7},{"damage":0,"enemies":"Shell Parasite","floor":18,"turns":3},{"damage":2,"enemies":"3 Byrds","floor":19,"turns":5},{"damage":4,"enemies":"Gremlin Leader","floor":23,"turns":7},{"damage":2,"enemies":"Book of Stabbing","floor":25,"turns":5},{"damage":0,"enemies":"3 Cultists","floor":28,"turns":6},{"damage":1,"enemies":"Slavers","floor":29,"turns":6},{"damage":0,"enemies":"Snecko","floor":30,"turns":9},{"damage":9,"enemies":"Gremlin Leader","floor":31,"turns":4},{"damage":31,"enemies":"Automaton","floor":33,"turns":9},{"damage":0,"enemies":"Orb Walker","floor":35,"turns":2},{"damage":19,"enemies":"3 Darklings","floor":36,"turns":3},{"damage":2,"enemies":"Spire Growth","floor":37,"turns":5},{"damage":18,"enemies":"Reptomancer","floor":40,"turns":6},{"damage":0,"enemies":"4 Shapes","floor":42,"turns":3},{"damage":24,"enemies":"Transient","floor":44,"turns":6},{"damage":2,"enemies":"Spire Growth","floor":46,"turns":4},{"damage":0,"enemies":"Giant Head","floor":48,"turns":5},{"damage":27,"enemies":"Awakened One","floor":50,"turns":9},{"damage":0,"enemies":"Donu and Deca","floor":51,"turns":8},{"damage":40,"enemies":"Shield and Spear","floor":55,"turns":6},{"damage":61,"enemies":"The Heart","floor":56,"turns":6}],"seed_played":"5840124643259948760","potions_obtained":[{"floor":1,"key":"DuplicationPotion"},{"floor":7,"key":"Weak Potion"},{"floor":14,"key":"Ancient Potion"}],"is_trial":false,"path_per_floor":["M","?","M","M","?","R","E","$","T","R","E","R","M","M","R","B",null,"M","M","$","?","?","E","R","E","T","?","M","E","M","E","R","B",null,"M","M","M","?","$","E","R","M","T","M","R","M","$","E","R","B","B",null,"R","$","E","B",null],"character_chosen":"IRONCLAD","items_purchased":["Carnage","Strange Spoon","Membership Card","Lee\u0027s Waffle","Feel No Pain"],"campfire_rested":1,"item_purchase_floors":[8,20,39,47,47],"current_hp_per_floor":[68,73,66,66,66,66,39,39,39,39,27,27,27,26,26,41,70,70,68,68,68,68,64,64,62,69,63,63,62,62,53,53,47,77,77,58,56,56,56,38,38,38,38,14,40,38,94,94,94,67,92,94,94,94,54,18],"gold":44,"neow_bonus":"BOSS_RELIC","is_daily":false,"chose_seed":false,"campfire_upgraded":8,"win_rate":0.0,"timestamp":1612735973,"path_taken":["M","?","M","M","?","R","E","$","T","R","E","R","?","M","R","BOSS","M","M","$","?","?","E","R","E","T","?","M","E","M","E","R","BOSS","M","M","M","?","$","E","R","M","T","M","R","M","$","E","R","BOSS","BOSS","R","$","E","BOSS"],"items_purchased_type":["Card","Relic","Relic","Relic","Card"],"build_version":"2020-12-22","purchased_purges":3,"victory":true,"max_hp_per_floor":[75,80,80,80,80,80,80,80,80,80,80,80,80,80,80,80,80,80,80,80,80,80,80,80,80,87,87,87,87,87,87,87,87,87,87,87,87,87,87,87,87,87,87,87,87,87,94,94,94,94,94,94,94,94,94,94],"relic_stats":{"Lee\u0027s Waffle":56,"Happy Flower":[45],"counters":[29,158],"Blue Candle":[1],"Astrolabe":["Shockwave","Sever Soul","Wild Strike"],"CeramicFish":27,"War Paint":["Defend_R","Defend_R"],"Mercury Hourglass":[170],"Sozu":7,"Strange Spoon":[124],"Ornamental Fan":[12],"Mummified Hand":[8],"Pantograph":100,"Bronze Scales":[323],"Snecko Eye":[266,254,282,294],"obtain_stats":[{"Lantern":23,"Lee\u0027s Waffle":47,"Happy Flower":9,"Blue Candle":25,"Astrolabe":34,"CeramicFish":43,"Vajra":31,"War Paint":7,"Burning Blood":0,"Mercury Hourglass":40,"Sozu":17,"Strange Spoon":20,"Bottled Flame":48,"Matryoshka":11,"Ornamental Fan":43,"Mummified Hand":55,"Pantograph":5,"Strawberry":26,"Bronze Scales":29,"Snecko Eye":0,"Membership Card":39},{"Lantern":11,"Lee\u0027s Waffle":24,"Happy Flower":4,"Blue Candle":12,"Astrolabe":17,"CeramicFish":22,"Vajra":16,"War Paint":4,"Burning Blood":0,"Mercury Hourglass":21,"Sozu":8,"Strange Spoon":10,"Bottled Flame":25,"Matryoshka":5,"Ornamental Fan":22,"Mummified Hand":28,"Pantograph":3,"Strawberry":12,"Bronze Scales":14,"Snecko Eye":0,"Membership Card":20},{"Lantern":56,"Lee\u0027s Waffle":124,"Happy Flower":23,"Blue Candle":61,"Astrolabe":95,"CeramicFish":114,"Vajra":86,"War Paint":23,"Burning Blood":0,"Mercury Hourglass":111,"Sozu":41,"Strange Spoon":49,"Bottled Flame":129,"Matryoshka":27,"Ornamental Fan":114,"Mummified Hand":152,"Pantograph":11,"Strawberry":61,"Bronze Scales":73,"Snecko Eye":0,"Membership Card":105}]},"card_choices":[{"not_picked":["Shockwave","Burning Pact"],"picked":"Uppercut","floor":1},{"not_picked":["Shrug It Off","Rupture"],"picked":"Clothesline","floor":3},{"not_picked":["Rage","Perfected Strike"],"picked":"Armaments","floor":4},{"not_picked":["Spot Weakness","Fire Breathing"],"picked":"Shockwave","floor":7},{"not_picked":["Rampage","Flex"],"picked":"Burning Pact","floor":11},{"not_picked":["Carnage","Flame Barrier"],"picked":"Blood for Blood","floor":13},{"not_picked":["Twin Strike","Perfected Strike","Heavy Blade"],"picked":"SKIP","floor":14},{"not_picked":["Berserk","Offering"],"picked":"Corruption","floor":16},{"not_picked":["True Grit","Flex"],"picked":"Entrench","floor":18},{"not_picked":["Inflame","Anger"],"picked":"Shrug It Off","floor":19},{"not_picked":["Intimidate","Heavy Blade"],"picked":"Metallicize+1","floor":23},{"not_picked":["Headbutt+1","Sword Boomerang"],"picked":"True Grit","floor":25},{"not_picked":["Clash","Twin Strike","Rage"],"picked":"SKIP","floor":28},{"not_picked":["Perfected Strike","Anger"],"picked":"Flame Barrier","floor":29},{"not_picked":["Carnage","Double Tap","Flex"],"picked":"SKIP","floor":30},{"not_picked":["Wild Strike","Sever Soul","Armaments"],"picked":"SKIP","floor":31},{"not_picked":["Fiend Fire","Bludgeon"],"picked":"Juggernaut","floor":33},{"not_picked":["Shockwave","Perfected Strike"],"picked":"Shrug It Off","floor":35},{"not_picked":["Searing Blow+1","Reckless Charge","True Grit"],"picked":"SKIP","floor":36},{"not_picked":["Sever Soul","Clothesline"],"picked":"True Grit+1","floor":37},{"not_picked":["Armaments","Warcry"],"picked":"Entrench+1","floor":40},{"not_picked":["Armaments+1","Headbutt"],"picked":"Body Slam","floor":42},{"not_picked":["Seeing Red+1","Sever Soul+1","Body Slam"],"picked":"SKIP","floor":44},{"not_picked":["Sword Boomerang","Cleave"],"picked":"Dual Wield+1","floor":46},{"not_picked":["Combust","Immolate","Uppercut+1"],"picked":"SKIP","floor":48},{"not_picked":["Heavy Blade+1","Anger+1"],"picked":"Power Through","floor":55}],"player_experience":1813125,"relics_obtained":[{"floor":7,"key":"War Paint"},{"floor":9,"key":"Happy Flower"},{"floor":11,"key":"Matryoshka"},{"floor":23,"key":"Lantern"},{"floor":25,"key":"Blue Candle"},{"floor":26,"key":"Strawberry"},{"floor":29,"key":"Bronze Scales"},{"floor":31,"key":"Vajra"},{"floor":40,"key":"Mercury Hourglass"},{"floor":43,"key":"CeramicFish"},{"floor":43,"key":"Ornamental Fan"},{"floor":48,"key":"Bottled Flame"},{"floor":55,"key":"Mummified Hand"}],"event_choices":[{"damage_healed":0,"gold_gain":0,"player_choice":"Donut","damage_taken":0,"max_hp_gain":5,"max_hp_loss":0,"event_name":"Big Fish","floor":2,"gold_loss":0},{"cards_removed":["Clothesline"],"damage_healed":0,"gold_gain":0,"player_choice":"Gave Card","damage_taken":0,"relics_obtained":["Pantograph"],"max_hp_gain":0,"max_hp_loss":0,"event_name":"WeMeetAgain","floor":5,"gold_loss":0},{"damage_healed":0,"gold_gain":0,"player_choice":"Read","damage_taken":0,"max_hp_gain":0,"max_hp_loss":0,"event_name":"The Library","floor":21,"gold_loss":0,"cards_obtained":["Feel No Pain"]},{"damage_healed":0,"gold_gain":0,"player_choice":"Simplicity","damage_taken":0,"max_hp_gain":0,"max_hp_loss":0,"event_name":"Back to Basics","floor":22,"gold_loss":0,"cards_upgraded":["Strike_R","Strike_R","Strike_R","Strike_R","Defend_R","Defend_R"]},{"damage_healed":0,"gold_gain":0,"player_choice":"Joined the Cult","damage_taken":6,"max_hp_gain":0,"max_hp_loss":0,"event_name":"Nest","floor":27,"gold_loss":0,"cards_obtained":["RitualDagger"]},{"damage_healed":0,"gold_gain":0,"player_choice":"Ignored","damage_taken":0,"max_hp_gain":0,"max_hp_loss":0,"event_name":"Tomb of Lord Red Mask","floor":38,"gold_loss":0}],"is_beta":false,"boss_relics":[{"not_picked":["Black Star","Ectoplasm"],"picked":"Sozu"},{"not_picked":["Tiny House","Runic Cube"],"picked":"Astrolabe"}],"items_purged_floors":[8,39,54],"is_endless":false,"potions_floor_spawned":[1,7,14,18,25,30,33,36,37,55],"ascension_level":20}}