{"host":"ncocfkoislda923u","time":1612706276,"event":{"mods":["BaseMod","Googly Eyes","Minty Spire (QoL Compilation)","Robot Space Explorer","Spire Arcade","StSLib","The Animator","The Cursed"],"gold_per_floor":[126,145,165,194,212,212,227,240,263,263,283,293,293,308,308,412,412,440,423,435,217,228,228,84,95,95,95,20,35,134,144,144,255,255,274,293,293,310,334,334,234,253,253,269,269,289,289,164,164,176],"floor_reached":51,"language":"ENG","playtime":8942,"items_purged":["animator:Strike","animator:Strike","animator:Strike"],"score":603,"play_id":"66385720-0150-47e4-99b0-891b1d56c73a","local_time":"20210207145756","is_ascension_mode":false,"campfire_choices":[{"data":"animator:Sloth","floor":6,"key":"SMITH"},{"data":"animator:Tet","floor":10,"key":"SMITH"},{"data":"animator:Aqua","floor":15,"key":"SMITH"},{"data":"animator:UneriGinkaku","floor":23,"key":"SMITH"},{"data":"animator:Wiz","floor":27,"key":"SMITH"},{"data":"animator:Hitei","floor":32,"key":"SMITH"},{"data":"animator:Eris","floor":40,"key":"SMITH"},{"data":"animator:Darkness","floor":45,"key":"SMITH"},{"data":"animator:Shigure","floor":49,"key":"SMITH"}],"circlet_count":0,"master_deck":["animator:Strike_Konosuba","animator:Defend_Konosuba","animator:Defend","animator:Defend","animator:Defend","animator:Kazuma","animator:Aqua+1","animator:Tet+1","animator:Hitei+1","animator:Shigure","animator:Sloth+1","animator:YaoHaDucy","animator:Yuuichirou","animator:LeleiLaLalena","animator:Mikaela","animator:Shinoa","animator:FeridBathory","animator:Darkness+1","animator:Mitsuba","animator:KrulTepes","animator:Boros","animator:Wiz+1","animator:Shigure+1","animator:Yuuichirou","animator:Chris","animator:Eris+1","animator:UneriGinkaku+1","animator:Yuuichirou","animator:Wiz","animator:Arpeggio+1","animator:Arpeggio+1"],"relics":["animator:LivingPicture","animator:TheMissingPiece","NeowsBlessing","Toy Ornithopter","Cursed Key","Lee\u0027s Waffle","Omamori","animator:CursedBlade","InkBottle"],"acts_visited":["Exordium","TheCity","TheBeyond"],"potions_floor_usage":[7,8,16,25,33,36,39,42,50],"damage_taken":[{"damage":0,"enemies":"2 Louse","floor":1,"turns":1},{"damage":0,"enemies":"Cultist","floor":2,"turns":2},{"damage":0,"enemies":"Jaw Worm","floor":3,"turns":1},{"damage":2,"enemies":"2 Fungi Beasts","floor":4,"turns":5},{"damage":17,"enemies":"Exordium Wildlife","floor":5,"turns":6},{"damage":8,"enemies":"Gremlin Gang","floor":7,"turns":4},{"damage":11,"enemies":"Large Slime","floor":8,"turns":7},{"damage":7,"enemies":"Blue Slaver","floor":11,"turns":4},{"damage":4,"enemies":"Lots of Slimes","floor":12,"turns":5},{"damage":0,"enemies":"Looter","floor":14,"turns":2},{"damage":13,"enemies":"The Guardian","floor":16,"turns":12},{"damage":4,"enemies":"Shell Parasite","floor":18,"turns":5},{"damage":13,"enemies":"2 Thieves","floor":19,"turns":4},{"damage":26,"enemies":"Sentry and Sphere","floor":20,"turns":6},{"damage":0,"enemies":"Snecko","floor":22,"turns":4},{"damage":0,"enemies":"Chosen and Byrds","floor":25,"turns":7},{"damage":5,"enemies":"Centurion and Healer","floor":29,"turns":6},{"damage":24,"enemies":"Snake Plant","floor":31,"turns":4},{"damage":30,"enemies":"Collector","floor":33,"turns":8},{"damage":0,"enemies":"Orb Walker","floor":35,"turns":4},{"damage":27,"enemies":"3 Darklings","floor":36,"turns":7},{"damage":12,"enemies":"4 Shapes","floor":38,"turns":10},{"damage":17,"enemies":"Writhing Mass","floor":39,"turns":8},{"damage":0,"enemies":"Transient","floor":42,"turns":5},{"damage":3,"enemies":"4 Shapes","floor":44,"turns":7},{"damage":10,"enemies":"Writhing Mass","floor":46,"turns":9},{"damage":77,"enemies":"Time Eater","floor":50,"turns":15}],"seed_played":"-1641908246949312611","potions_obtained":[{"floor":1,"key":"AttackPotion"},{"floor":4,"key":"SteroidPotion"},{"floor":5,"key":"Explosive Potion"},{"floor":12,"key":"PowerPotion"},{"floor":13,"key":"Ancient Potion"},{"floor":19,"key":"SpeedPotion"},{"floor":31,"key":"PowerPotion"},{"floor":33,"key":"Energy Potion"},{"floor":38,"key":"Weak Potion"},{"floor":39,"key":"BlessingOfTheForge"},{"floor":42,"key":"Strength Potion"}],"is_trial":false,"path_per_floor":["M","M","M","M","M","R","M","M","T","R","M","M","?","M","R","B",null,"M","M","M","$","M","R","$","M","T","R","?","M","?","M","R","B",null,"M","M","?","M","M","R","$","M","T","M","R","M","?","$","R","B",null],"character_chosen":"THE_ANIMATOR","items_purchased":["Lee\u0027s Waffle","animator:Wiz"],"campfire_rested":0,"item_purchase_floors":[21,24],"current_hp_per_floor":[66,66,66,64,49,49,43,34,34,34,29,27,27,29,29,24,66,62,52,29,73,73,73,73,73,73,73,73,73,73,53,53,31,74,74,63,56,56,56,56,56,73,73,74,74,70,70,70,70,6],"gold":176,"neow_bonus":"THREE_ENEMY_KILL","is_daily":false,"chose_seed":false,"campfire_upgraded":9,"win_rate":0.0,"timestamp":1612706276,"path_taken":["M","M","M","M","M","R","M","M","T","R","M","M","?","M","R","BOSS","M","M","?","$","M","R","$","?","T","R","?","M","?","M","R","BOSS","M","M","?","?","M","R","$","M","T","M","R","M","?","$","R","BOSS"],"items_purchased_type":["Relic","Card"],"build_version":"2020-12-22","purchased_purges":3,"victory":true,"max_hp_per_floor":[66,66,66,66,66,66,66,66,66,66,66,66,66,66,66,66,66,66,66,66,73,73,73,73,73,73,73,73,73,73,74,74,74,74,74,74,74,74,74,74,74,74,74,74,74,74,74,74,74,74],"card_choices":[{"not_picked":["animator:Verdia","animator:Tatsumaki"],"picked":"animator:Tet","floor":1},{"not_picked":["animator:ElricAlphonse","animator:ZankiKiguchi"],"picked":"animator:Hitei","floor":2},{"not_picked":["animator:Shichika","animator:DolaCouronne"],"picked":"animator:Shigure","floor":3},{"not_picked":["animator:MaesHughes","animator:Scar"],"picked":"animator:Sloth","floor":4},{"not_picked":["animator:Tatsumaki","animator:Vanir"],"picked":"animator:YaoHaDucy","floor":5},{"not_picked":["animator:MaesHughes","animator:Aqua"],"picked":"animator:Yuuichirou","floor":7},{"not_picked":["animator:Genos","animator:DolaCouronne"],"picked":"animator:LeleiLaLalena","floor":8},{"not_picked":["animator:Mitsuba","animator:Shigure"],"picked":"animator:Mikaela","floor":11},{"not_picked":["animator:SilverFang","animator:TukaLunaMarceau"],"picked":"animator:Shinoa","floor":12},{"not_picked":["animator:Shichika","animator:Azekura"],"picked":"animator:UneriGinkaku","floor":14},{"not_picked":["animator:Hans","animator:Greed"],"picked":"animator:FeridBathory","floor":16},{"not_picked":["animator:KrulTepes","animator:Tyuule"],"picked":"animator:Darkness","floor":18},{"not_picked":["animator:Mikaela","animator:Yoichi"],"picked":"animator:Mitsuba","floor":19},{"not_picked":["animator:ChlammyZell","animator:Kazuma+1"],"picked":"animator:KrulTepes","floor":20},{"not_picked":["animator:CrowleyEusford+1","animator:Kazuma"],"picked":"animator:Boros","floor":22},{"not_picked":["animator:MaesHughes+1","animator:Tatsumaki"],"picked":"animator:Shigure","floor":25},{"not_picked":["animator:Mikaela","animator:KrulTepes"],"picked":"animator:Yuuichirou","floor":29},{"not_picked":["animator:HiiragiShinya","animator:Konayuki"],"picked":"animator:Chris","floor":31},{"not_picked":["animator:Hans","animator:Shiro"],"picked":"animator:Eris","floor":33},{"not_picked":["animator:Emonzaemon+1","animator:TukaLunaMarceau+1","animator:Mikaela+1"],"picked":"SKIP","floor":35},{"not_picked":["animator:Sloth","animator:Chris+1"],"picked":"animator:UneriGinkaku+1","floor":36},{"not_picked":["animator:Shigure","animator:Mitsuba"],"picked":"animator:Yuuichirou","floor":38},{"not_picked":["animator:Aqua+1","animator:Jibril"],"picked":"animator:Wiz","floor":39},{"not_picked":["animator:MumenRider+1","animator:UneriGinkaku"],"picked":"animator:Arpeggio+1","floor":42},{"not_picked":["animator:DolaCouronne+1","animator:Vanir+1"],"picked":"animator:Arpeggio+1","floor":44}],"player_experience":1391136,"relics_obtained":[{"floor":9,"key":"Toy Ornithopter"},{"floor":26,"key":"Omamori"},{"floor":43,"key":"InkBottle"}],"event_choices":[{"damage_healed":0,"gold_gain":0,"player_choice":"Got Potions","damage_taken":0,"max_hp_gain":0,"max_hp_loss":0,"event_name":"Lab","floor":13,"gold_loss":0},{"cards_removed":["animator:Curse_Greed"],"damage_healed":0,"gold_gain":0,"player_choice":"Gave Gold","damage_taken":0,"max_hp_gain":0,"max_hp_loss":0,"event_name":"Beggar","floor":28,"gold_loss":75},{"damage_healed":0,"gold_gain":99,"player_choice":"Stole From Cult","damage_taken":0,"max_hp_gain":0,"max_hp_loss":0,"event_name":"Nest","floor":30,"gold_loss":0},{"damage_healed":0,"gold_gain":0,"player_choice":"Damaged","damage_taken":7,"max_hp_gain":0,"max_hp_loss":0,"event_name":"Wheel of Change","floor":37,"gold_loss":0},{"cards_removed":["animator:UneriGinkaku"],"damage_healed":0,"gold_gain":0,"player_choice":"Removed Attack","damage_taken":0,"max_hp_gain":0,"max_hp_loss":0,"event_name":"Falling","floor":47,"gold_loss":0}],"is_beta":false,"boss_relics":[{"not_picked":["Coffee Dripper","Astrolabe"],"picked":"Cursed Key"},{"not_picked":["Calling Bell","Tiny House"],"picked":"animator:CursedBlade"}],"items_purged_floors":[21,41,48],"is_endless":false,"potions_floor_spawned":[1,4,5,12,14,19,22,31,33,38,39,42],"ascension_level":0}}