{"host":"9slw7l0ws16384qq","time":1612717654,"event":{"mods":["A Penny For Your Troubles","BaseMod","Colored Map","Downfall","Evolution","Hubris","Minty Spire (QoL Compilation)","Replay The Spire","StS++","StSLib"],"gold_per_floor":[99,116,136,136,286,318,318,218,218,218,234,164,164,177,188,292,292,292,305,316,70,70,90,90,90,90,90,90,75,108,119,132,230,230,230,249,265,278,278,278,278,278,305,315,350,364,378,378,391,392],"floor_reached":51,"language":"FRA","playtime":3260,"items_purged":["downfall:Icky"],"score":1321,"play_id":"87828d06-b824-47f4-847c-12dd93b8a773","local_time":"20210207180734","is_ascension_mode":true,"campfire_choices":[{"data":"Guardian:FierceBash","floor":8.0,"key":"SMITH"},{"data":"Guardian:PiercingHide","floor":10.0,"key":"SMITH"},{"data":"Guardian:TwinSlam","floor":13.0,"key":"SMITH"},{"data":"Guardian:PiercingHide","floor":18.0,"key":"SMITH"},{"data":"Guardian:PiercingHide","floor":25.0,"key":"SMITH"},{"data":"Guardian:PrimingBeam","floor":27.0,"key":"SMITH"},{"data":"Guardian:AncientConstruct","floor":35.0,"key":"SMITH"},{"data":"Guardian:ConstructionForm","floor":40.0,"key":"SMITH"}],"circlet_count":0,"master_deck":["AscendersBane","Guardian:PrimingBeam+1","Guardian:PrimingBeam+1","Guardian:PrimingBeam","Guardian:PrimingBeam","Guardian:PiercingHide+1","Guardian:PiercingHide+1","Guardian:PiercingHide+1","Guardian:PiercingHide+1","Guardian:TwinSlam+1","Guardian:FierceBash+1","Guardian:ShieldCharger","Guardian:ShieldCharger","Guardian:ConstructionForm+1","Guardian:AncientConstruct+1","Guardian:EvasiveProtocol"],"relics":["Guardian:ModeShifter","EVO:Axolotl","Guardian:DefensiveModeMoreBlock","hubris:MedicalManual","downfall:HeartBlessingGreen","hubris:VirtuousBlindfold","ClockworkSouvenir","hubris:Potato","Torii","SlaversCollar","hubris:BundleOfHerbs","Ginger","Iron Hammer","hubris:Towel"],"acts_visited":["Exordium","TheCity","TheBeyond"],"potions_floor_usage":[50,50],"damage_taken":[{"damage":0.0,"enemies":"Cultist","floor":2.0,"turns":3.0},{"damage":9.0,"enemies":"2 Louse","floor":3.0,"turns":2.0},{"damage":6.0,"enemies":"3 Sentries","floor":6.0,"turns":13.0},{"damage":2.0,"enemies":"Small Slimes","floor":11.0,"turns":3.0},{"damage":0.0,"enemies":"downfall:FleeingMerchant","floor":12.0,"turns":4.0},{"damage":1.0,"enemies":"Exordium Thugs","floor":14.0,"turns":3.0},{"damage":0.0,"enemies":"Large Slime","floor":15.0,"turns":5.0},{"damage":29.0,"enemies":"IC_STATUS_ARCHETYPE","floor":16.0,"turns":10.0},{"damage":0.0,"enemies":"3 Byrds","floor":19.0,"turns":2.0},{"damage":8.0,"enemies":"Snake Plant","floor":20.0,"turns":4.0},{"damage":0.0,"enemies":"downfall:FleeingMerchant","floor":21.0,"turns":4.0},{"damage":0.0,"enemies":"Snecko","floor":23.0,"turns":5.0},{"damage":0.0,"enemies":"downfall:FleeingMerchant","floor":29.0,"turns":4.0},{"damage":0.0,"enemies":"Gremlin Leader","floor":30.0,"turns":6.0},{"damage":0.0,"enemies":"Centurion and Healer","floor":31.0,"turns":5.0},{"damage":1.0,"enemies":"Sentry and Sphere","floor":32.0,"turns":4.0},{"damage":18.0,"enemies":"SI_MIRROR_ARCHETYPE","floor":33.0,"turns":13.0},{"damage":28.0,"enemies":"3 Darklings","floor":36.0,"turns":8.0},{"damage":0.0,"enemies":"3 Shapes","floor":37.0,"turns":4.0},{"damage":0.0,"enemies":"Spire Growth","floor":38.0,"turns":6.0},{"damage":0.0,"enemies":"Giant Head","floor":43.0,"turns":9.0},{"damage":11.0,"enemies":"4 Shapes","floor":44.0,"turns":7.0},{"damage":10.0,"enemies":"Reptomancer","floor":45.0,"turns":9.0},{"damage":0.0,"enemies":"Maw","floor":46.0,"turns":7.0},{"damage":0.0,"enemies":"Sphere and 2 Shapes","floor":47.0,"turns":5.0},{"damage":0,"enemies":"Writhing Mass","floor":49,"turns":8},{"damage":0,"enemies":"WA_ARCHETYPE_DIVINITY","floor":50,"turns":14}],"seed_played":"2669150670380193199","potions_obtained":[{"floor":2.0,"key":"SpeedPotion"},{"floor":6.0,"key":"SkillPotion"},{"floor":22.0,"key":"Fruit Juice"},{"floor":22.0,"key":"Block Potion"},{"floor":23.0,"key":"Strength Potion"},{"floor":31.0,"key":"SteroidPotion"}],"is_trial":false,"path_per_floor":["R_BF","M","M","?","?","E","T","R","?","R","M","$","R","M","M","B",null,"R","M","M","$","?","M","T","R","?","R","?","$","E","M","M","B",null,"R","M","M","M","?","R","T","?","E","M","E","M","M","?","M","B",null],"character_chosen":"GUARDIAN","items_purchased":["Guardian:Gem_White","ClockworkSouvenir"],"campfire_rested":0,"item_purchase_floors":[12,21],"current_hp_per_floor":[76,76,67,67,67,61,61,61,61,61,59,59,59,58,58,29,68,68,68,60,60,65,65,65,65,65,65,65,65,65,65,64,46,76,76,48,48,48,48,48,48,48,48,37,27,27,27,27,27,27],"gold":392,"neow_bonus":"THREE_RARE_CARDS","is_daily":false,"chose_seed":false,"campfire_upgraded":8,"win_rate":0.0,"timestamp":1612717654,"path_taken":["R_BF","M","M","?","?","E","T","R","?","R","M","$","R","M","M","BOSS","R","M","M","$","?","?","T","R","?","R","?","$","E","?","M","BOSS","R","M","M","M","?","R","T","?","E","M","E","?","M","?","M","BOSS"],"items_purchased_type":["Card","Relic"],"build_version":"2020-12-22","purchased_purges":1,"victory":true,"max_hp_per_floor":[81,81,81,81,81,81,81,81,81,81,81,81,81,81,81,81,81,81,81,81,81,86,86,86,86,86,86,86,86,86,86,86,86,86,86,86,86,86,86,86,86,86,86,86,86,86,86,86,86,86],"card_choices":[{"not_picked":["Guardian:BaubleBeam","Guardian:AncientConstruct"],"picked":"Guardian:FierceBash","floor":0.0},{"not_picked":["Guardian:TimeCapacitor","Guardian:Gem_Crimson","Guardian:Gem_Green"],"picked":"SKIP","floor":2.0},{"not_picked":["Guardian:Incinerate","Guardian:Gem_Green"],"picked":"Guardian:Gem_Cyan","floor":3.0},{"not_picked":["Guardian:Recover","Guardian:FuturePlans","Guardian:ChargeCore"],"picked":"SKIP","floor":6.0},{"not_picked":["Guardian:Reroute","Guardian:PrismaticBeam","Guardian:TemporalShield"],"picked":"SKIP","floor":11.0},{"not_picked":["Guardian:BaubleBeam","Guardian:RollAttack"],"picked":"Guardian:ShieldCharger","floor":12.0},{"not_picked":["Guardian:PrismaticBarrier","Guardian:Incinerate"],"picked":"Guardian:ShieldCharger","floor":14.0},{"not_picked":["Guardian:RollAttack","Guardian:PiercingHide","Guardian:VentSteam"],"picked":"SKIP","floor":15.0},{"not_picked":["Guardian:HyperBeam_Guardian","Guardian:AncientConstruct"],"picked":"Guardian:ConstructionForm","floor":16.0},{"not_picked":["Guardian:Incinerate+1","Guardian:TimeBomb","Guardian:TemporalStrike"],"picked":"SKIP","floor":19.0},{"not_picked":["Guardian:BronzeArmor","Guardian:TemporalShield","Guardian:TimeSifter"],"picked":"SKIP","floor":20.0},{"not_picked":["Guardian:Reroute","Guardian:FastForward","Guardian:TemporalStrike"],"picked":"SKIP","floor":21.0},{"not_picked":["Guardian:Gem_Red","Guardian:PiercingHide+1"],"picked":"Guardian:Gem_Cyan","floor":23.0},{"not_picked":["Guardian:TimeSifter","Guardian:ShieldCharger"],"picked":"Guardian:Gem_Fragmented","floor":29.0},{"not_picked":["Guardian:MultiBeam","Guardian:TemporalShield","Guardian:ShieldCharger"],"picked":"SKIP","floor":30.0},{"not_picked":["Guardian:TemporalStrike","Guardian:BronzeOrb","Guardian:TemporalShield"],"picked":"SKIP","floor":31.0},{"not_picked":["Guardian:Gem_White","Guardian:TimeCapacitor+1"],"picked":"Guardian:Gem_Cyan","floor":32.0},{"not_picked":["Guardian:GatlingBeam","Guardian:GemFinder"],"picked":"Guardian:AncientConstruct","floor":33.0},{"not_picked":["Guardian:CrystalBeam","Guardian:PrismaticBarrier+1"],"picked":"Guardian:Gem_Cyan","floor":36.0},{"not_picked":["Guardian:Gem_Lightblue","Guardian:Gem_Red","Guardian:Recover"],"picked":"SKIP","floor":37.0},{"not_picked":["Guardian:CrystalBeam+1","Guardian:Incinerate+1","Guardian:MultiBeam"],"picked":"SKIP","floor":38.0},{"not_picked":["Guardian:ChargeCore","Guardian:Reroute","Guardian:PolyBeam"],"picked":"SKIP","floor":43.0},{"not_picked":["Guardian:BodySlam","Guardian:TimeCapacitor","Guardian:Gem_Red"],"picked":"SKIP","floor":44.0},{"not_picked":["Guardian:Incinerate","Guardian:Reroute"],"picked":"Guardian:EvasiveProtocol","floor":45.0},{"not_picked":["Guardian:Gem_Green","Guardian:ChargeCore","Guardian:Gem_White"],"picked":"SKIP","floor":46.0},{"not_picked":["Guardian:Recover+1","Guardian:Gem_Lightblue","Guardian:DonusPower"],"picked":"SKIP","floor":47.0},{"not_picked":["Guardian:Recover+1","Guardian:FuturePlans+1","Guardian:RollAttack"],"picked":"SKIP","floor":49}],"player_experience":1659178,"relics_obtained":[{"floor":6.0,"key":"Guardian:DefensiveModeMoreBlock"},{"floor":7.0,"key":"hubris:MedicalManual"},{"floor":24.0,"key":"hubris:Potato"},{"floor":30.0,"key":"Torii"},{"floor":42.0,"key":"hubris:BundleOfHerbs"},{"floor":43.0,"key":"Ginger"},{"floor":45.0,"key":"Iron Hammer"}],"event_choices":[{"damage_healed":0.0,"max_hp_gain":0.0,"max_hp_loss":0.0,"gold_gain":0.0,"event_name":"Lab","player_choice":"Got Potions","floor":22.0,"gold_loss":0.0,"damage_taken":0.0},{"cards_removed":["Guardian:CurlUp"],"damage_healed":0.0,"max_hp_gain":0.0,"max_hp_loss":0.0,"gold_gain":0.0,"event_name":"Bonfire Elementals","player_choice":"Offered Basic","floor":28.0,"gold_loss":0.0,"damage_taken":0.0},{"damage_healed":0.0,"max_hp_gain":0.0,"max_hp_loss":0.0,"gold_gain":0.0,"event_name":"Wheel of Change","player_choice":"Relic","floor":42.0,"gold_loss":0.0,"damage_taken":0.0}],"is_beta":false,"boss_relics":[{"not_picked":["Fusion Hammer","bronze:MakeshiftBattery"],"picked":"hubris:VirtuousBlindfold"},{"not_picked":["SacredBark","Tiny House"],"picked":"SlaversCollar"}],"items_purged_floors":[21],"is_endless":false,"potions_floor_spawned":[2,6,15,23,30,31,32,37,38,44],"ascension_level":12}}