{"host":"7oiwk103j2prpym5","time":1612721711,"event":{"mods":["BaseMod","BetterRewards","Colored Map","Colored Powertips","GifTheSpireLib","Infinite Spire","Minty Spire (QoL Compilation)","Permanent Neow","Relic Filter Mod","Reliquary","Remove Card Discount Mod","Replay The Spire","StSLib","Stuff the Spire","Weighted Paths"],"gold_per_floor":[113,133,183,193,193,7,7,21,46,25,55,70,95,109,109,204,204,221,221,233,233,251,251,191,191,191,191,191],"floor_reached":27,"language":"ENG","playtime":1241,"items_purged":["Strike_R","Defend_R","Strike_R","Defend_R","Delirium","Languid"],"score":355,"play_id":"9c0e52a9-3960-4487-8cff-9383ac20ec7d","local_time":"20210207121511","is_ascension_mode":true,"campfire_choices":[{"floor":7,"key":"RECALL"},{"floor":15,"key":"REST"},{"floor":23,"key":"REST"},{"floor":25,"key":"REST"}],"circlet_count":0,"master_deck":["Strike_R","Strike_R","Strike_R","Defend_R","Defend_R","Bash","Flex+1","Armaments","Flex+1","Shrug It Off","ReplayReversal","Run Through","Limit Break","Shrug It Off","Pommel Strike","ReplayTheSpireMod:Muscle Training","Shrug It Off","Clothesline","Juggernaut","Cleave","Shame","Demon Form","Thunderclap+1","Pain"],"relics":["Burning Blood","StuffTheSpire:ForceGauntlet","Ring of Greed","The Courier","Membership Card","Ring of Hypnosis","infinitespire:Golems Mask","StuffTheSpire:Barrel","Bag of Marbles","StuffTheSpire:GrapeVine","Philosopher\u0027s Stone","Cursed Key","Replay:Bottled Eggs","Meat on the Bone"],"acts_visited":["Exordium","TheCity"],"potions_floor_usage":[16,22,27,27],"damage_taken":[{"damage":10,"enemies":"Small Slimes","floor":1,"turns":3},{"damage":0,"enemies":"Jaw Worm","floor":2,"turns":2},{"damage":1,"enemies":"2 Louse","floor":4,"turns":3},{"damage":0,"enemies":"Looter","floor":8,"turns":2},{"damage":32,"enemies":"Gremlin Nob","floor":11,"turns":5},{"damage":14,"enemies":"2 Fungi Beasts","floor":12,"turns":3},{"damage":13,"enemies":"Lagavulin","floor":13,"turns":5},{"damage":6,"enemies":"Blue Slaver","floor":14,"turns":2},{"damage":33,"enemies":"Slime Boss","floor":16,"turns":11},{"damage":6,"enemies":"Chosen","floor":18,"turns":3},{"damage":24,"enemies":"3 Byrds","floor":20,"turns":3},{"damage":39,"enemies":"Snake Plant","floor":22,"turns":3},{"damage":67,"enemies":"Nightmare","floor":27,"turns":6}],"seed_played":"1600293378796422298","potions_obtained":[{"floor":1,"key":"Strength Potion"},{"floor":8,"key":"Languid Potion"},{"floor":12,"key":"Ancient Potion"},{"floor":20,"key":"ColorlessPotion"}],"is_trial":false,"path_per_floor":["M","M","?","M","T","$","R","M","T","$","E","M","E","M","R","B",null,"M","AVR","M","?","M","R","?","R","T","NM"],"character_chosen":"IRONCLAD","items_purchased":["StuffTheSpire:ForceGauntlet","Flex","Armaments","infinitespire:Golems Mask","Limit Break","Pommel Strike"],"campfire_rested":3,"item_purchase_floors":[0,0,0,6,6,10],"current_hp_per_floor":[63,69,69,74,74,74,74,80,80,80,62,54,47,47,71,44,80,80,80,62,47,14,39,39,64,64,0,0],"gold":191,"neow_bonus":"","is_daily":false,"chose_seed":false,"campfire_upgraded":0,"win_rate":0.0,"timestamp":1612721711,"path_taken":["M","M","?","M","?","?","R","M","T","$","E","M","E","M","R","BOSS","M","AVR","M","?","M","R","?","R","T","NM"],"items_purchased_type":["Relic","Card","Card","Relic","Card","Card"],"build_version":"2020-12-22","purchased_purges":6,"victory":false,"max_hp_per_floor":[80,80,80,80,80,80,80,80,80,80,80,80,80,80,80,80,80,80,80,80,85,85,85,85,85,85,85,85],"card_choices":[{"not_picked":["Life Link","Clash"],"picked":"Shrug It Off","floor":1},{"not_picked":["Armaments","Barricade"],"picked":"ReplayReversal","floor":2},{"not_picked":["ReplayTheSpireMod:Strike From Hell","StuffTheSpire:Slingshot"],"picked":"Run Through","floor":4},{"not_picked":["Havoc","StuffTheSpire:RockThrow"],"picked":"Shrug It Off","floor":8},{"not_picked":["True Grit","Corruption"],"picked":"ReplayTheSpireMod:Muscle Training","floor":11},{"not_picked":["Rupture","StuffTheSpire:Slingshot"],"picked":"Shrug It Off","floor":12},{"not_picked":["Combust","Carnage","Armaments"],"picked":"SKIP","floor":13},{"not_picked":["Entrench","ReplayTheSpireMod:Muscle Training"],"picked":"Clothesline","floor":14},{"not_picked":["Impervious","Replay:Many Hands"],"picked":"Juggernaut","floor":16},{"not_picked":["Anger","Shrug It Off"],"picked":"Cleave","floor":18},{"not_picked":["Combust","Anger"],"picked":"Demon Form","floor":20},{"not_picked":["Dual Wield","Run Through+1"],"picked":"Thunderclap+1","floor":22}],"player_experience":865417,"relics_obtained":[{"floor":3,"key":"Ring of Greed"},{"floor":3,"key":"The Courier"},{"floor":3,"key":"Membership Card"},{"floor":3,"key":"Ring of Hypnosis"},{"floor":9,"key":"StuffTheSpire:Barrel"},{"floor":11,"key":"Bag of Marbles"},{"floor":13,"key":"StuffTheSpire:GrapeVine"},{"floor":26,"key":"Meat on the Bone"}],"event_choices":[{"damage_healed":0,"gold_gain":0,"player_choice":"Shed Blood","damage_taken":20,"max_hp_gain":5,"max_hp_loss":0,"event_name":"Forgotten Altar","floor":21,"gold_loss":0}],"is_beta":false,"boss_relics":[{"not_picked":["Busted Crown","SlaversCollar"],"picked":"Philosopher\u0027s Stone"}],"items_purged_floors":[0,0,0,0,6,19],"is_endless":false,"potions_floor_spawned":[1,8,12,20],"killed_by":"Nightmare","ascension_level":2}}