{"host":"dctolzh6htjtakpc","time":1612729203,"event":{"mods":["2.2 Compatiblity","AchievementEnabler","AlwaysNeverKeys","BaseMod","Block Reminder","DeckTracker","Defuse TimeMaze Blight","Minty Spire (QoL Compilation)","Permanent Neow","Quick Restart","StSLib","SuperFastMode"],"gold_per_floor":[114,126,11,24,35,60,60,92,92,42,62,62,80,108,108,208,208,228,228,328,347,359,359,390,390,415,426,436,267,286,296,296,394,394,414,276,276,292,309,309,335,335,416,416,416,451,461,477,477,477],"floor_reached":51,"language":"ENG","playtime":2435,"items_purged":["Strike_G","Strike_G"],"score":1123,"play_id":"fa6ba6bb-f662-499c-8cc8-407e37a44786","local_time":"20210207152003","is_ascension_mode":true,"campfire_choices":[{"data":"Venomology","floor":7,"key":"SMITH"},{"data":"Neutralize","floor":15,"key":"SMITH"},{"data":"Bullet Time","floor":23,"key":"SMITH"},{"floor":25,"key":"REST"},{"floor":32,"key":"REST"},{"floor":40,"key":"REST"},{"floor":42,"key":"REST"},{"floor":44,"key":"REST"},{"floor":49,"key":"REST"}],"circlet_count":0,"master_deck":["AscendersBane","Strike_G","Strike_G","Strike_G","Defend_G","Defend_G","Defend_G","Defend_G","Defend_G","Survivor","Neutralize","Slice","Deadly Poison","Dramatic Entrance","Acrobatics","Deflect","Dagger Spray","Venomology+1","Quick Slash","Backflip","Neutralize+1","Dagger Throw","Well Laid Plans","Bullet Time+1","Expertise","Bouncing Flask+1","Poisoned Stab+1","Footwork","Finesse","After Image","Slice+1","Noxious Fumes","Backflip+1","Leg Sweep+1","Blur"],"relics":["Ring of the Snake","TungstenRod","HornCleat","Pen Nib","Pantograph","Odd Mushroom","The Specimen","Philosopher\u0027s Stone","Bag of Preparation","Anchor","Fusion Hammer","Thread and Needle","Shuriken","Spirit Poop","Vajra"],"acts_visited":["Exordium","TheCity","TheBeyond"],"potions_floor_usage":[6,8,8,8,8,8,13,14,16,16,18,21,22,22,24,28,28,30,31,33,33,33,39,41,46,47,48,48,48,50,50,50],"damage_taken":[{"damage":0,"enemies":"Cultist","floor":1,"turns":4},{"damage":0,"enemies":"Small Slimes","floor":2,"turns":3},{"damage":0,"enemies":"2 Louse","floor":4,"turns":2},{"damage":4,"enemies":"Exordium Thugs","floor":5,"turns":6},{"damage":9,"enemies":"3 Sentries","floor":6,"turns":8},{"damage":10,"enemies":"Lagavulin","floor":8,"turns":5},{"damage":0,"enemies":"The Mushroom Lair","floor":11,"turns":3},{"damage":0,"enemies":"Looter","floor":13,"turns":2},{"damage":11,"enemies":"3 Sentries","floor":14,"turns":5},{"damage":35,"enemies":"Hexaghost","floor":16,"turns":13},{"damage":10,"enemies":"3 Byrds","floor":18,"turns":5},{"damage":7,"enemies":"2 Thieves","floor":21,"turns":3},{"damage":19,"enemies":"Snake Plant","floor":22,"turns":4},{"damage":56,"enemies":"Book of Stabbing","floor":24,"turns":7},{"damage":3,"enemies":"Shelled Parasite and Fungi","floor":27,"turns":4},{"damage":12,"enemies":"Snecko","floor":28,"turns":4},{"damage":6,"enemies":"Centurion and Healer","floor":30,"turns":7},{"damage":7,"enemies":"3 Cultists","floor":31,"turns":5},{"damage":20,"enemies":"Champ","floor":33,"turns":13},{"damage":14,"enemies":"3 Darklings","floor":35,"turns":7},{"damage":12,"enemies":"Orb Walker","floor":38,"turns":4},{"damage":4,"enemies":"Writhing Mass","floor":39,"turns":5},{"damage":26,"enemies":"Giant Head","floor":41,"turns":8},{"damage":14,"enemies":"Reptomancer","floor":46,"turns":6},{"damage":10,"enemies":"Spire Growth","floor":47,"turns":5},{"damage":6,"enemies":"3 Darklings","floor":48,"turns":4},{"damage":37,"enemies":"Awakened One","floor":50,"turns":15}],"seed_played":"-5464704707527772584","potions_obtained":[{"floor":1,"key":"CunningPotion"},{"floor":5,"key":"Fire Potion"},{"floor":8,"key":"PowerPotion"},{"floor":11,"key":"FairyPotion"},{"floor":14,"key":"GhostInAJar"},{"floor":21,"key":"AttackPotion"},{"floor":27,"key":"Dexterity Potion"},{"floor":31,"key":"LiquidBronze"},{"floor":47,"key":"GhostInAJar"}],"is_trial":false,"path_per_floor":["M","M","$","M","M","E","R","E","T","?","?","?","M","E","R","B",null,"M","?","?","M","M","R","E","R","T","M","M","$","M","M","R","B",null,"M","$","?","M","M","R","E","R","T","R","?","E","M","M","R","B",null],"character_chosen":"THE_SILENT","items_purchased":["Dramatic Entrance","Acrobatics","Finesse","Noxious Fumes"],"campfire_rested":6,"item_purchase_floors":[3,3,29,36],"current_hp_per_floor":[63,63,63,63,59,50,50,40,40,40,40,40,40,29,29,19,57,47,70,70,63,44,44,11,32,32,29,17,17,11,4,25,30,60,46,46,46,34,30,51,25,46,46,67,67,53,43,37,57,30],"gold":477,"neow_bonus":"ONE_RARE_RELIC","is_daily":false,"chose_seed":false,"campfire_upgraded":3,"win_rate":0.0,"timestamp":1612729203,"path_taken":["M","M","$","M","?","E","R","E","T","?","?","?","M","E","R","BOSS","M","?","?","M","M","R","E","R","T","M","M","$","M","M","R","BOSS","M","$","?","M","M","R","E","R","T","R","?","E","M","?","R","BOSS"],"items_purchased_type":["Card","Card","Card","Card"],"build_version":"2020-12-22","purchased_purges":2,"victory":true,"max_hp_per_floor":[70,70,70,70,70,70,70,70,70,70,70,70,70,70,70,70,70,70,70,70,70,70,70,70,70,70,70,70,70,70,70,70,70,70,70,70,70,70,70,70,70,70,70,70,67,67,67,67,67,67],"card_choices":[{"not_picked":["Dagger Spray","Prepared"],"picked":"Slice","floor":1},{"not_picked":["Endless Agony","Wraith Form v2"],"picked":"Deadly Poison","floor":2},{"not_picked":["Bouncing Flask","Deadly Poison"],"picked":"Deflect","floor":4},{"not_picked":["Deflect","Slice"],"picked":"Dagger Spray","floor":5},{"not_picked":["Prepared","All Out Attack"],"picked":"Venomology","floor":6},{"not_picked":["Deflect","Infinite Blades"],"picked":"Quick Slash","floor":8},{"not_picked":["Cloak And Dagger","Flying Knee"],"picked":"Backflip","floor":11},{"not_picked":["Sucker Punch","Underhanded Strike"],"picked":"Dagger Throw","floor":13},{"not_picked":["Infinite Blades","Underhanded Strike"],"picked":"Well Laid Plans","floor":14},{"not_picked":["Night Terror","Glass Knife"],"picked":"Bullet Time","floor":16},{"not_picked":["Flying Knee","Deflect+1"],"picked":"Expertise","floor":18},{"not_picked":["Poisoned Stab","Flying Knee"],"picked":"Bouncing Flask+1","floor":21},{"not_picked":["Deadly Poison","Bane","Underhanded Strike"],"picked":"SKIP","floor":22},{"not_picked":["Underhanded Strike","Caltrops"],"picked":"Poisoned Stab+1","floor":24},{"not_picked":["Catalyst","Prepared","Well Laid Plans"],"picked":"SKIP","floor":27},{"not_picked":["Cloak And Dagger","Envenom"],"picked":"Footwork","floor":28},{"not_picked":["PiercingWail","Underhanded Strike","Acrobatics"],"picked":"SKIP","floor":30},{"not_picked":["Dodge and Roll","PiercingWail","All Out Attack"],"picked":"SKIP","floor":31},{"not_picked":["Glass Knife","Tools of the Trade"],"picked":"After Image","floor":33},{"not_picked":["Blade Dance+1","Flying Knee"],"picked":"Slice+1","floor":35},{"not_picked":["Underhanded Strike","Prepared"],"picked":"Backflip+1","floor":38},{"not_picked":["Finisher","Outmaneuver","Acrobatics"],"picked":"SKIP","floor":39},{"not_picked":["Poisoned Stab+1","Burst"],"picked":"Leg Sweep+1","floor":41},{"not_picked":["Prepared+1","Dagger Spray","Doppelganger"],"picked":"SKIP","floor":46},{"not_picked":["Choke","Finisher"],"picked":"Blur","floor":47},{"not_picked":["Blade Dance","Dagger Spray","Prepared+1"],"picked":"SKIP","floor":48}],"player_experience":510804,"relics_obtained":[{"floor":6,"key":"HornCleat"},{"floor":8,"key":"Pen Nib"},{"floor":9,"key":"Pantograph"},{"floor":11,"key":"Odd Mushroom"},{"floor":14,"key":"The Specimen"},{"floor":24,"key":"Bag of Preparation"},{"floor":26,"key":"Anchor"},{"floor":41,"key":"Thread and Needle"},{"floor":43,"key":"Shuriken"},{"floor":46,"key":"Vajra"}],"event_choices":[{"cards_removed":["Doubt"],"damage_healed":0,"gold_gain":0,"player_choice":"Card Removal","damage_taken":0,"max_hp_gain":0,"max_hp_loss":0,"event_name":"The Cleric","floor":10,"gold_loss":50},{"damage_healed":0,"gold_gain":0,"player_choice":"Fought Mushrooms","damage_taken":0,"max_hp_gain":0,"max_hp_loss":0,"event_name":"Mushrooms","floor":11,"gold_loss":0},{"damage_healed":0,"gold_gain":0,"player_choice":"1 cards matched","damage_taken":0,"max_hp_gain":0,"max_hp_loss":0,"event_name":"Match and Keep!","floor":12,"gold_loss":0,"cards_obtained":["Neutralize"]},{"damage_healed":23,"gold_gain":0,"player_choice":"Heal","damage_taken":0,"max_hp_gain":0,"max_hp_loss":0,"event_name":"The Library","floor":19,"gold_loss":0},{"damage_healed":0,"gold_gain":100,"player_choice":"Pray","damage_taken":0,"max_hp_gain":0,"max_hp_loss":0,"event_name":"Golden Shrine","floor":20,"gold_loss":0},{"damage_healed":0,"gold_gain":0,"player_choice":"Ignored","damage_taken":0,"max_hp_gain":0,"max_hp_loss":0,"event_name":"Tomb of Lord Red Mask","floor":37,"gold_loss":0},{"cards_removed":["Parasite"],"damage_healed":0,"gold_gain":0,"player_choice":"Offered Curse","damage_taken":0,"relics_obtained":["Spirit Poop"],"max_hp_gain":0,"max_hp_loss":0,"event_name":"Bonfire Elementals","floor":45,"gold_loss":0}],"is_beta":false,"boss_relics":[{"not_picked":["HoveringKite","Ectoplasm"],"picked":"Philosopher\u0027s Stone"},{"not_picked":["Velvet Choker","SacredBark"],"picked":"Fusion Hammer"}],"items_purged_floors":[29,36],"is_endless":false,"potions_floor_spawned":[1,5,8,11,14,21,27,31,39,41,47],"ascension_level":10}}