{"host":"syozzdlzcqop4jia","time":1612729172,"event":{"mods":["BaseMod","Colored Map","Colored Powertips","Minty Spire (QoL Compilation)","Quick Restart"],"gold_per_floor":[116,116,116,130,144,177,177,177,177,33,49,49,63,93,93,195,195,214,289,303,18,35,60,60,0,0,17,17,29,29,47,47,146,146,162,187,207,222,222,255,272,306,306,320,320,211,211,211,211,211,211],"floor_reached":50,"language":"ENG","playtime":3043,"items_purged":["Strike_B"],"score":559,"play_id":"70cc656d-1230-48cf-9472-d859df0fd109","local_time":"20210207211932","is_ascension_mode":true,"campfire_choices":[{"data":"Biased Cognition","floor":8,"key":"SMITH"},{"data":"Self Repair","floor":12,"key":"SMITH"},{"data":"Darkness","floor":15,"key":"SMITH"},{"data":"Creative AI","floor":24,"key":"SMITH"},{"data":"Lockon","floor":30,"key":"SMITH"},{"floor":32,"key":"REST"},{"data":"Redo","floor":47,"key":"SMITH"},{"floor":49,"key":"REST"}],"circlet_count":0,"master_deck":["Strike_B","Strike_B","Strike_B","Defend_B","Defend_B+1","Defend_B","Zap","Dualcast","Storm","Self Repair+1","Darkness+1","Static Discharge","Biased Cognition+1","Steam+1","Ball Lightning","Core Surge","CurseOfTheBell","Melter","Ball Lightning","Lockon+1","Rebound","Creative AI+1","Redo+1","Machine Learning","Force Field+1","Conserve Battery+1","Sunder","Fusion+1","Rebound","Ball Lightning+1","Lockon","Melter","Doubt"],"relics":["Cracked Core","Turnip","HornCleat","Orichalcum","War Paint","Calling Bell","Tiny Chest","The Courier","Incense Burner","Mercury Hourglass","Omamori","Thread and Needle","Cursed Key","Bronze Scales","Strawberry","Boot","Symbiotic Virus","Eternal Feather"],"acts_visited":["Exordium","TheCity","TheBeyond"],"potions_floor_usage":[6,11,50,50,50,50,50],"damage_taken":[{"damage":7,"enemies":"Jaw Worm","floor":1,"turns":4},{"damage":0,"enemies":"Small Slimes","floor":4,"turns":4},{"damage":1,"enemies":"Cultist","floor":5,"turns":3},{"damage":9,"enemies":"Lagavulin","floor":6,"turns":6},{"damage":0,"enemies":"3 Louse","floor":11,"turns":2},{"damage":12,"enemies":"Exordium Thugs","floor":13,"turns":3},{"damage":4,"enemies":"Gremlin Nob","floor":14,"turns":4},{"damage":17,"enemies":"The Guardian","floor":16,"turns":9},{"damage":0,"enemies":"Spheric Guardian","floor":18,"turns":3},{"damage":2,"enemies":"3 Byrds","floor":20,"turns":5},{"damage":0,"enemies":"Snake Plant","floor":22,"turns":3},{"damage":33,"enemies":"Book of Stabbing","floor":23,"turns":4},{"damage":0,"enemies":"Sentry and Sphere","floor":27,"turns":3},{"damage":10,"enemies":"Cultist and Chosen","floor":29,"turns":5},{"damage":12,"enemies":"Snecko","floor":31,"turns":4},{"damage":96,"enemies":"Automaton","floor":33,"turns":8},{"damage":0,"enemies":"3 Shapes","floor":35,"turns":3},{"damage":0,"enemies":"Orb Walker","floor":37,"turns":3},{"damage":7,"enemies":"Transient","floor":38,"turns":5},{"damage":23,"enemies":"Giant Head","floor":40,"turns":8},{"damage":32,"enemies":"4 Shapes","floor":41,"turns":4},{"damage":25,"enemies":"Reptomancer","floor":42,"turns":4},{"damage":0,"enemies":"Sphere and 2 Shapes","floor":44,"turns":4},{"damage":96,"enemies":"Awakened One","floor":50,"turns":8}],"seed_played":"799034847326600873","potions_obtained":[{"floor":1,"key":"Block Potion"},{"floor":5,"key":"Energy Potion"},{"floor":6,"key":"Fire Potion"},{"floor":13,"key":"FairyPotion"},{"floor":16,"key":"EntropicBrew"},{"floor":33,"key":"Swift Potion"}],"is_trial":false,"path_per_floor":["M","?","?","M","M","E","?","R","T","$","M","R","M","E","R","B",null,"M","?","M","$","M","E","R","$","T","M","?","M","R","M","R","B",null,"M","T","M","M","?","E","M","E","T","M","?","$","R","T","R","B"],"character_chosen":"DEFECT","items_purchased":["Orichalcum","Mercury Hourglass","Ball Lightning","Lockon","Lockon","Melter"],"campfire_rested":2,"item_purchase_floors":[10,21,21,21,46,46],"current_hp_per_floor":[68,68,68,75,75,73,78,78,78,78,80,80,78,80,80,73,80,80,72,80,80,80,57,57,57,57,67,59,59,59,47,71,6,80,80,80,80,80,80,74,52,37,37,47,47,47,47,47,87,0,0],"gold":211,"neow_bonus":"THREE_CARDS","is_daily":false,"chose_seed":false,"campfire_upgraded":6,"win_rate":0.0,"timestamp":1612729172,"path_taken":["M","?","?","M","?","E","?","R","T","?","M","R","M","E","R","BOSS","M","?","M","$","M","E","R","?","T","M","?","M","R","M","R","BOSS","M","?","M","?","?","E","M","E","T","M","?","$","R","?","R","BOSS"],"items_purchased_type":["Relic","Relic","Card","Card","Card","Card"],"build_version":"2020-12-22","purchased_purges":1,"victory":false,"max_hp_per_floor":[75,75,75,75,75,75,80,80,80,80,80,80,80,80,80,80,80,80,80,80,80,80,80,80,80,80,80,80,80,80,80,80,80,80,80,80,80,80,80,87,87,87,87,87,87,87,87,87,87,87,87],"card_choices":[{"not_picked":["Sweeping Beam","Consume"],"picked":"Storm","floor":0},{"not_picked":["Fusion","Go for the Eyes"],"picked":"Self Repair","floor":1},{"not_picked":["Aggregate","Hologram"],"picked":"Darkness","floor":4},{"not_picked":["Leap","Compile Driver"],"picked":"Static Discharge","floor":5},{"not_picked":["Redo","Go for the Eyes"],"picked":"Biased Cognition","floor":6},{"not_picked":["Barrage","Gash"],"picked":"Steam","floor":11},{"not_picked":["Chill","Tempest","Beam Cell"],"picked":"SKIP","floor":13},{"not_picked":["Lockon","Steam"],"picked":"Ball Lightning","floor":14},{"not_picked":["Multi-Cast","Meteor Strike"],"picked":"Core Surge","floor":16},{"not_picked":["Ball Lightning","Static Discharge"],"picked":"Melter","floor":18},{"not_picked":["Beam Cell","Turbo","Cold Snap"],"picked":"SKIP","floor":20},{"not_picked":["Gash+1","Cold Snap+1"],"picked":"Rebound","floor":22},{"not_picked":["Undo","Redo"],"picked":"Creative AI","floor":23},{"not_picked":["Compile Driver","Sweeping Beam","Aggregate"],"picked":"SKIP","floor":27},{"not_picked":["Loop","Stack"],"picked":"Redo","floor":29},{"not_picked":["Chaos","Barrage","Stack+1"],"picked":"SKIP","floor":31},{"not_picked":["Amplify","Seek"],"picked":"Machine Learning","floor":33},{"not_picked":["Gash","Turbo"],"picked":"Force Field+1","floor":35},{"not_picked":["Genetic Algorithm+1","Storm"],"picked":"Conserve Battery+1","floor":37},{"not_picked":["Rebound","Go for the Eyes"],"picked":"Sunder","floor":38},{"not_picked":["Multi-Cast","Turbo+1"],"picked":"Fusion+1","floor":40},{"not_picked":["Cold Snap+1","Barrage"],"picked":"Rebound","floor":41},{"not_picked":["Static Discharge","Sweeping Beam+1"],"picked":"Ball Lightning+1","floor":42},{"not_picked":["Rebound+1","FTL+1","Sweeping Beam"],"picked":"SKIP","floor":44}],"player_experience":599959,"relics_obtained":[{"floor":6,"key":"Turnip"},{"floor":9,"key":"HornCleat"},{"floor":14,"key":"War Paint"},{"floor":17,"key":"Tiny Chest"},{"floor":17,"key":"The Courier"},{"floor":17,"key":"Incense Burner"},{"floor":23,"key":"Omamori"},{"floor":26,"key":"Thread and Needle"},{"floor":36,"key":"Bronze Scales"},{"floor":40,"key":"Strawberry"},{"floor":42,"key":"Boot"},{"floor":43,"key":"Symbiotic Virus"},{"floor":48,"key":"Eternal Feather"}],"event_choices":[{"damage_healed":0,"gold_gain":0,"player_choice":"Ignored","damage_taken":0,"max_hp_gain":0,"max_hp_loss":0,"event_name":"Liars Game","floor":2,"gold_loss":0},{"cards_removed":["Defend_B"],"damage_healed":0,"gold_gain":0,"player_choice":"Offered Basic","damage_taken":0,"max_hp_gain":0,"max_hp_loss":0,"event_name":"Bonfire Elementals","floor":3,"gold_loss":0},{"damage_healed":0,"gold_gain":0,"player_choice":"Donut","damage_taken":0,"max_hp_gain":5,"max_hp_loss":0,"event_name":"Big Fish","floor":7,"gold_loss":0},{"damage_healed":0,"gold_gain":75,"player_choice":"Touch","damage_taken":8,"max_hp_gain":0,"max_hp_loss":0,"event_name":"FaceTrader","floor":19,"gold_loss":0},{"damage_healed":0,"gold_gain":0,"player_choice":"Damaged","damage_taken":8,"max_hp_gain":0,"max_hp_loss":0,"event_name":"Wheel of Change","floor":28,"gold_loss":0},{"damage_healed":0,"gold_gain":0,"player_choice":"Ignored","damage_taken":0,"max_hp_gain":0,"max_hp_loss":0,"event_name":"Tomb of Lord Red Mask","floor":39,"gold_loss":0},{"damage_healed":0,"gold_gain":0,"player_choice":"Ignored","damage_taken":0,"max_hp_gain":0,"max_hp_loss":0,"event_name":"Mysterious Sphere","floor":45,"gold_loss":0}],"is_beta":false,"boss_relics":[{"not_picked":["FrozenCore","Runic Dome"],"picked":"Calling Bell"},{"not_picked":["Snecko Eye","SlaversCollar"],"picked":"Cursed Key"}],"items_purged_floors":[25],"is_endless":false,"potions_floor_spawned":[1,5,6,13,16,20,27,33,37,38,42,44],"killed_by":"Awakened One","ascension_level":1}}