{"host":"zs3tguvuxkh90jf4","time":1612665890,"event":{"mods":["AchievementEnabler","BaseMod","Better Silent Start","Better-Laid Plans","BetterRewards","Block Reminder","Colored Map","Colored Powertips","Gold Saver","Minty Spire (QoL Compilation)","Shop Mod","StSLib","Transform Curses"],"gold_per_floor":[3023,3039,2556,2567,2363,2390,2406,2418,2418,2442,2469,2469,2502,2502,2502,2576,2576,2595,2209,2219,2244,2255,2255,2283,2283,2283,2318,2331,1815,1843,1853,1853,1930,1930,1946,1946,1959,1436,1455,1455,1482,1462,1462,1477,1509,1557,1588,1206,1206,1206,1206,1206,1206,751,782,782],"floor_reached":57,"language":"ENG","playtime":2224,"items_purged":["Defend_R","Intimidate"],"score":3811,"play_id":"0b1ead38-13a3-4a79-9fac-9927f5d5eb6f","local_time":"20210206184450","is_ascension_mode":true,"campfire_choices":[{"floor":12,"key":"RECALL"},{"data":"Infernal Blade","floor":15,"key":"SMITH"},{"data":"Body Slam","floor":23,"key":"SMITH"},{"data":"Shockwave","floor":25,"key":"SMITH"},{"data":"Entrench","floor":32,"key":"SMITH"},{"data":"Whirlwind","floor":40,"key":"SMITH"},{"data":"Limit Break","floor":49,"key":"SMITH"},{"data":"Whirlwind","floor":53,"key":"SMITH"}],"circlet_count":0,"master_deck":["AscendersBane","Strike_R","Strike_R","Strike_R","Strike_R","Strike_R","Defend_R","Defend_R","Defend_R","Bash+1","Dramatic Entrance+1","Inflame","Flex","Cleave","Perfected Strike","Fire Breathing","Shrug It Off","Seeing Red","Infernal Blade+1","Flex","Whirlwind+1","Metallicize","Whirlwind+1","Demon Form","Body Slam+1","Bandage Up","Heavy Blade","Perfected Strike","Shockwave+1","Limit Break+1","Shrug It Off+1","Sadistic Nature","Thunderclap","Entrench+1","Seeing Red+1","Offering","Madness","Madness","Violence","Intimidate+1","Heavy Blade+1","Rage+1","Discovery","Flex+1"],"relics":["Burning Blood","Membership Card","Anchor","Happy Flower","Tiny Chest","Lantern","Letter Opener","Brimstone","Chemical X","Kunai","Shuriken","MerchantsRug","Bag of Marbles","Regal Pillow","Gremlin Horn","Paper Frog","Ornamental Fan","Orichalcum","Pen Nib","Mark of Pain","WingedGreaves","Strawberry","Strange Spoon","PreservedInsect","Whetstone","Question Card","Singing Bowl","Lee\u0027s Waffle","Mummified Hand","Sundial","Pear","Runic Cube","Bottled Flame","Thread and Needle","TheAbacus","Frozen Egg 2","Centennial Puzzle","Self Forming Clay","MealTicket","Omamori","TungstenRod","ClockworkSouvenir","Dream Catcher","Eternal Feather","Orrery","White Beast Statue","Boot"],"acts_visited":["Exordium","TheCity","TheBeyond","TheEnding"],"potions_floor_usage":[16,18,33,42,50],"damage_taken":[{"damage":0,"enemies":"Cultist","floor":1,"turns":2},{"damage":0,"enemies":"2 Louse","floor":2,"turns":1},{"damage":0,"enemies":"Jaw Worm","floor":4,"turns":1},{"damage":14,"enemies":"Lagavulin","floor":6,"turns":3},{"damage":0,"enemies":"Large Slime","floor":7,"turns":2},{"damage":0,"enemies":"Lots of Slimes","floor":8,"turns":1},{"damage":0,"enemies":"3 Sentries","floor":11,"turns":2},{"damage":10,"enemies":"Gremlin Nob","floor":13,"turns":3},{"damage":18,"enemies":"The Guardian","floor":16,"turns":3},{"damage":8,"enemies":"3 Byrds","floor":18,"turns":3},{"damage":8,"enemies":"Shell Parasite","floor":20,"turns":2},{"damage":3,"enemies":"Chosen and Byrds","floor":22,"turns":3},{"damage":1,"enemies":"Slavers","floor":24,"turns":2},{"damage":0,"enemies":"Gremlin Leader","floor":27,"turns":2},{"damage":0,"enemies":"Cultist and Chosen","floor":28,"turns":1},{"damage":8,"enemies":"Book of Stabbing","floor":30,"turns":3},{"damage":3,"enemies":"Snake Plant","floor":31,"turns":2},{"damage":18,"enemies":"Collector","floor":33,"turns":3},{"damage":18,"enemies":"3 Shapes","floor":35,"turns":1},{"damage":0,"enemies":"3 Darklings","floor":37,"turns":1},{"damage":14,"enemies":"4 Shapes","floor":39,"turns":1},{"damage":0,"enemies":"Reptomancer","floor":41,"turns":1},{"damage":17,"enemies":"Transient","floor":44,"turns":6},{"damage":6,"enemies":"Giant Head","floor":45,"turns":4},{"damage":0,"enemies":"Nemesis","floor":47,"turns":1},{"damage":58,"enemies":"Time Eater","floor":50,"turns":8},{"damage":23,"enemies":"Donu and Deca","floor":51,"turns":3},{"damage":38,"enemies":"Shield and Spear","floor":55,"turns":3},{"damage":35,"enemies":"The Heart","floor":56,"turns":5}],"seed_played":"584399935544685557","potions_obtained":[{"floor":1,"key":"DistilledChaos"},{"floor":16,"key":"GamblersBrew"},{"floor":20,"key":"EssenceOfSteel"},{"floor":22,"key":"LiquidMemories"},{"floor":33,"key":"Dexterity Potion"},{"floor":42,"key":"Fruit Juice"},{"floor":45,"key":"Regen Potion"}],"is_trial":false,"path_per_floor":["M","M","$","M","$","E","M","M","T","T","E","R","E","?","R","B",null,"M","$","M","T","M","R","E","R","T","E","M","$","E","M","R","B",null,"M","?","M","$","M","R","E","?","T","M","E","T","E","$","R","B","B",null,"R","$","E","B",null],"character_chosen":"IRONCLAD","items_purchased":["Membership Card","Anchor","Happy Flower","Dramatic Entrance","Inflame","Flex","Lantern","Letter Opener","Brimstone","Perfected Strike","Fire Breathing","Shrug It Off","Seeing Red","Energy Potion","Chemical X","Kunai","Shuriken","Flex","Cleave","MerchantsRug","Bag of Marbles","Regal Pillow","Metallicize","WingedGreaves","Strawberry","Strange Spoon","Bandage Up","Lee\u0027s Waffle","Mummified Hand","Sadistic Nature","Thunderclap","Sundial","Bottled Flame","Thread and Needle","TheAbacus","FairyPotion","Violence","TungstenRod","ClockworkSouvenir","Dream Catcher","Eternal Feather","Orrery","Discovery","DuplicationPotion","White Beast Statue"],"campfire_rested":0,"item_purchase_floors":[0,0,0,0,0,0,0,0,0,0,0,0,0,0,3,3,3,3,3,3,5,5,5,19,19,19,19,29,29,29,29,29,38,38,38,38,38,48,48,48,54,54,54,54,54],"current_hp_per_floor":[50,56,56,62,62,54,60,66,66,66,72,72,68,68,68,56,70,68,75,77,77,82,82,82,82,82,82,82,89,97,99,99,87,96,86,68,76,76,70,70,82,87,87,82,86,86,92,107,107,71,54,99,99,122,94,69],"gold":782,"neow_bonus":"","is_daily":false,"chose_seed":false,"campfire_upgraded":7,"win_rate":0.0,"timestamp":1612665890,"path_taken":["M","M","$","M","?","E","M","M","T","?","E","R","E","?","R","BOSS","M","$","M","?","M","R","E","R","T","E","M","$","E","M","R","BOSS","M","?","M","$","M","R","E","?","T","?","E","?","E","$","R","BOSS","BOSS","R","$","E","BOSS"],"items_purchased_type":["Relic","Relic","Relic","Card","Card","Card","Relic","Relic","Relic","Card","Card","Card","Card","Potion","Relic","Relic","Relic","Card","Card","Relic","Relic","Relic","Card","Relic","Relic","Relic","Card","Relic","Relic","Card","Card","Relic","Relic","Relic","Relic","Potion","Card","Relic","Relic","Relic","Relic","Relic","Card","Potion","Relic"],"build_version":"2020-12-22","purchased_purges":2,"victory":true,"max_hp_per_floor":[75,75,75,75,75,75,75,75,75,75,75,75,75,75,75,75,75,75,82,82,82,82,82,82,82,82,82,82,89,99,99,99,99,99,101,101,103,103,105,105,107,112,112,114,114,114,114,114,114,114,114,114,114,122,122,122],"card_choices":[{"not_picked":["True Grit","Reckless Charge","Sentinel"],"picked":"SKIP","floor":1},{"not_picked":["Hemokinesis","Clothesline"],"picked":"Infernal Blade","floor":2},{"not_picked":["Sentinel","Sever Soul"],"picked":"Whirlwind","floor":4},{"not_picked":["Immolate","Iron Wave"],"picked":"Whirlwind","floor":6},{"not_picked":["True Grit","Clash","Rupture"],"picked":"SKIP","floor":7},{"not_picked":["Rupture","Power Through","Burning Pact"],"picked":"SKIP","floor":8},{"not_picked":["Clash","Flex","Iron Wave"],"picked":"SKIP","floor":11},{"not_picked":["Immolate","Bloodletting"],"picked":"Intimidate","floor":13},{"not_picked":["Brutality","Exhume"],"picked":"Demon Form","floor":16},{"not_picked":["Whirlwind","Carnage+1"],"picked":"Body Slam","floor":18},{"not_picked":["Cleave","Warcry"],"picked":"Heavy Blade","floor":20},{"not_picked":["Iron Wave","Armaments"],"picked":"Perfected Strike","floor":22},{"not_picked":["Heavy Blade","Clash"],"picked":"Shockwave","floor":24},{"not_picked":["Pommel Strike","Cleave","Power Through"],"picked":"Limit Break","floor":27},{"not_picked":["Pommel Strike","Wild Strike+1","Armaments+1"],"picked":"Shrug It Off+1","floor":28},{"not_picked":["Dropkick","Sever Soul","Berserk"],"picked":"Entrench","floor":30},{"not_picked":["Inflame","Body Slam","Battle Trance+1"],"picked":"Seeing Red+1","floor":31},{"not_picked":["Limit Break","Double Tap","Demon Form"],"picked":"Offering","floor":33},{"not_picked":["Armaments","Hemokinesis","Spot Weakness","Thunderclap"],"picked":"Singing Bowl","floor":35},{"not_picked":["Sword Boomerang","Pommel Strike","Wild Strike","Rampage+1"],"picked":"Singing Bowl","floor":37},{"not_picked":["Body Slam","Perfected Strike","Anger","Cleave+1"],"picked":"Singing Bowl","floor":39},{"not_picked":["Body Slam","Dropkick","Power Through+1","Thunderclap"],"picked":"Singing Bowl","floor":41},{"not_picked":["Battle Trance","Sword Boomerang","Wild Strike","Headbutt"],"picked":"Singing Bowl","floor":44},{"not_picked":["Brutality+1","Whirlwind","Fire Breathing+1"],"picked":"Intimidate+1","floor":45},{"not_picked":["Clash","Sever Soul","Feel No Pain+1"],"picked":"Heavy Blade+1","floor":47},{"not_picked":["Inflame+1","Burning Pact","Shrug It Off+1"],"picked":"Rage+1","floor":54},{"not_picked":["Headbutt","Sever Soul","Twin Strike+1","Wild Strike+1"],"picked":"Singing Bowl","floor":54},{"not_picked":["Second Wind+1","Shockwave+1","Dropkick","Ghostly Armor"],"picked":"Singing Bowl","floor":54},{"not_picked":["Combust+1","Bludgeon","Heavy Blade","Clash"],"picked":"Singing Bowl","floor":54},{"not_picked":["Shockwave","Clash+1","Ghostly Armor","Rampage+1"],"picked":"Singing Bowl","floor":54},{"not_picked":["Battle Trance","Spot Weakness","Pommel Strike"],"picked":"Flex+1","floor":55}],"player_experience":536903,"relics_obtained":[{"floor":6,"key":"Gremlin Horn"},{"floor":9,"key":"Paper Frog"},{"floor":11,"key":"Ornamental Fan"},{"floor":13,"key":"Orichalcum"},{"floor":21,"key":"PreservedInsect"},{"floor":24,"key":"Whetstone"},{"floor":26,"key":"Question Card"},{"floor":27,"key":"Singing Bowl"},{"floor":30,"key":"Pear"},{"floor":41,"key":"Frozen Egg 2"},{"floor":43,"key":"Centennial Puzzle"},{"floor":45,"key":"Self Forming Clay"},{"floor":46,"key":"MealTicket"},{"floor":47,"key":"Omamori"},{"floor":55,"key":"Boot"}],"event_choices":[{"cards_removed":["Cleave"],"damage_healed":0,"gold_gain":0,"player_choice":"Gave Card","damage_taken":0,"relics_obtained":["Pen Nib"],"max_hp_gain":0,"max_hp_loss":0,"event_name":"WeMeetAgain","floor":14,"gold_loss":0},{"damage_healed":0,"gold_gain":0,"player_choice":"Embrace Madness","damage_taken":18,"max_hp_gain":0,"max_hp_loss":0,"event_name":"Winding Halls","floor":36,"gold_loss":0,"cards_obtained":["Madness","Madness"]},{"damage_healed":0,"gold_gain":0,"player_choice":"Bought 1 Potion","damage_taken":0,"max_hp_gain":0,"max_hp_loss":0,"event_name":"The Woman in Blue","floor":42,"gold_loss":0}],"is_beta":false,"boss_relics":[{"not_picked":["Velvet Choker","Fusion Hammer"],"picked":"Mark of Pain"},{"not_picked":["Philosopher\u0027s Stone","Cursed Key"],"picked":"Runic Cube"}],"items_purged_floors":[29,48],"is_endless":false,"potions_floor_spawned":[1,2,8,11,16,20,22,27,33,35,41,45,55],"ascension_level":20}}