{"host":"knspyp6dy614fx6e","time":1612663258,"event":{"mods":["ATMod(°¢èªMod)","Aspiration","BaseMod","Bestiary","Better Altar","Better Skull","Better Third Choice","Block Reminder","Card Filter","Conspire","DeckTracker","Dota2Spire","Energized Spire","Jedi Mod","Minty Spire (QoL Compilation)","Monster B Gone","Quick Restart","Relic Filter Mod","Relic Stats","Reliquary","Replay The Spire","Shop Mod","Spicy Shops","StSLib","TestMod","Waifu the Spire","Weighted Paths","¡¾ÒÅÎï¿¨ÅÆ¡¿REMEMod"],"gold_per_floor":[109,34,53,66,80,110,110,126,126,126,126],"floor_reached":10,"language":"ZHS","playtime":595,"items_purged":[],"score":123,"play_id":"7ab0a0e4-dbe9-4013-b544-88bd09df4e41","local_time":"20210207100058","is_ascension_mode":true,"campfire_choices":[{"data":"Envenom","floor":7.0,"key":"SMITH"}],"circlet_count":0,"master_deck":["AscendersBane","Strike_G","Strike_G","Strike_G","Strike_G","Defend_G","Defend_G","Defend_G","Defend_G","Defend_G","Survivor","Neutralize","Reflex","Terror","Envenom+1","AT_ShadowStep","AT_MyraUnstableElement"],"relics":["Ring of the Snake","AT_ATBox","testmod-TestBox","REME_ComplimentaryCards","testmod-Brilliant","Anchor","testmod-BlackFramedGlasses"],"acts_visited":["Exordium"],"potions_floor_usage":[],"damage_taken":[{"damage":0.0,"enemies":"2 Louse","floor":1.0,"turns":1.0},{"damage":0.0,"enemies":"Jaw Worm","floor":3.0,"turns":6.0},{"damage":4.0,"enemies":"Small Slimes","floor":4.0,"turns":2.0},{"damage":6.0,"enemies":"Blue Slaver","floor":5.0,"turns":5.0},{"damage":32.0,"enemies":"Lagavulin","floor":6.0,"turns":7.0},{"damage":0.0,"enemies":"Lots of Slimes","floor":8.0,"turns":1.0},{"damage":16,"enemies":"Gremlin Nob","floor":10,"turns":3}],"seed_played":"4018325306779702665","potions_obtained":[{"floor":4.0,"key":"FearPotion"},{"floor":5.0,"key":"Ancient Potion"},{"floor":6.0,"key":"FearPotion"}],"is_trial":false,"path_per_floor":["M","?","M","M","M","E","R","M","T","E"],"character_chosen":"THE_SILENT","items_purchased":[],"campfire_rested":0,"item_purchase_floors":[],"current_hp_per_floor":[59,59,59,55,49,17,17,17,17,4,4],"gold":126,"neow_bonus":"ONE_RARE_RELIC","is_daily":false,"chose_seed":false,"campfire_upgraded":1,"win_rate":0.0,"timestamp":1612663258,"path_taken":["M","?","M","M","M","E","R","M","T","E"],"items_purchased_type":[],"build_version":"2020-12-22","purchased_purges":0,"victory":false,"max_hp_per_floor":[60,60,60,60,60,60,60,60,60,60,60],"relic_stats":{"counters":[7,25],"obtain_stats":[{"testmod-Brilliant":0,"Anchor":6,"AT_ATBox":0,"testmod-TestBox":0,"testmod-BlackFramedGlasses":9,"Ring of the Snake":0,"REME_ComplimentaryCards":0},{"testmod-Brilliant":0,"Anchor":5,"AT_ATBox":0,"testmod-TestBox":0,"testmod-BlackFramedGlasses":6,"Ring of the Snake":0,"REME_ComplimentaryCards":0},{"testmod-Brilliant":0,"Anchor":21,"AT_ATBox":0,"testmod-TestBox":0,"testmod-BlackFramedGlasses":22,"Ring of the Snake":0,"REME_ComplimentaryCards":0}],"Ring of the Snake":[14]},"card_choices":[{"not_picked":["Deflect","Slice"],"picked":"Reflex","floor":1.0},{"not_picked":["Catalyst","Dagger Throw"],"picked":"Terror","floor":3.0},{"not_picked":["Backflip","Dodge and Roll"],"picked":"Envenom","floor":4.0},{"not_picked":["Poisoned Stab","Blade Dance"],"picked":"AT_ShadowStep","floor":5.0},{"not_picked":["AT_WindFlip","Dagger Throw"],"picked":"AT_MyraUnstableElement","floor":6.0},{"not_picked":["Underhanded Strike","Dodge and Roll","Cloak And Dagger"],"picked":"SKIP","floor":8.0}],"player_experience":336984,"relics_obtained":[{"floor":6.0,"key":"Anchor"},{"floor":9.0,"key":"testmod-BlackFramedGlasses"}],"event_choices":[{"cards_removed":["Strike_G"],"damage_healed":0.0,"max_hp_gain":0.0,"max_hp_loss":0.0,"gold_gain":0.0,"event_name":"The Cleric","player_choice":"Card Removal","floor":2.0,"gold_loss":75.0,"damage_taken":0.0}],"is_beta":false,"boss_relics":[],"items_purged_floors":[],"is_endless":false,"potions_floor_spawned":[4,5,6],"killed_by":"Gremlin Nob","ascension_level":15}}