{"host":"k7udt7atmcuzf6l0","time":1612687311,"event":{"mods":["AchievementEnabler","BaseMod","BetterRewards","Colored Map","Colored Powertips","Highlight Path","Minty Spire (QoL Compilation)","Quick Restart","Rare Cards Sparkle","Relic Stats","StSLib","UnlockEverythingMod"],"gold_per_floor":[115,40,215,215,228,228,228],"floor_reached":6,"language":"ZHS","playtime":78,"items_purged":[],"score":34,"play_id":"a38f1524-d61e-4c8c-8b13-469827bedb24","local_time":"20210207164151","is_ascension_mode":false,"campfire_choices":[],"circlet_count":0,"master_deck":["Strike_R","Strike_R","Strike_R","Strike_R","Strike_R","Defend_R","Defend_R","Defend_R","Defend_R","Bash","Dramatic Entrance","Flex","Flex","Pommel Strike"],"relics":["Burning Blood"],"acts_visited":["Exordium"],"potions_floor_usage":[],"damage_taken":[{"damage":7,"enemies":"Small Slimes","floor":1,"turns":2},{"damage":6,"enemies":"Jaw Worm","floor":5,"turns":2},{"damage":9,"enemies":"3 Sentries","floor":6,"turns":2}],"seed_played":"8269250889418922518","potions_obtained":[{"floor":5,"key":"SpeedPotion"}],"is_trial":false,"path_per_floor":["M","$","?","?","M","E"],"character_chosen":"IRONCLAD","items_purchased":["Flex","Pommel Strike"],"campfire_rested":0,"item_purchase_floors":[2,2],"current_hp_per_floor":[79,79,79,79,79,70,70],"gold":228,"neow_bonus":"RANDOM_COLORLESS","is_daily":false,"chose_seed":false,"campfire_upgraded":0,"win_rate":0.0,"timestamp":1612687311,"path_taken":["M","$","?","?","M","E"],"items_purchased_type":["Card","Card"],"build_version":"2020-12-22","purchased_purges":0,"victory":false,"max_hp_per_floor":[80,80,80,80,80,80,80],"relic_stats":{"counters":[3,6],"obtain_stats":[{"Burning Blood":0},{"Burning Blood":0},{"Burning Blood":0}],"Burning Blood":12},"card_choices":[{"not_picked":["Dark Shackles","Enlightenment"],"picked":"Dramatic Entrance","floor":0},{"not_picked":["Headbutt","Spot Weakness"],"picked":"Flex","floor":1},{"not_picked":["Feel No Pain","Havoc","Metallicize"],"picked":"SKIP","floor":5}],"player_experience":58620,"relics_obtained":[],"event_choices":[{"damage_healed":0,"gold_gain":175,"player_choice":"AGREE","damage_taken":0,"max_hp_gain":0,"max_hp_loss":0,"event_name":"Liars Game","floor":3,"gold_loss":0,"cards_obtained":["Doubt"]},{"cards_removed":["Doubt"],"damage_healed":0,"gold_gain":0,"player_choice":"Removed Curses","damage_taken":0,"max_hp_gain":0,"max_hp_loss":0,"event_name":"Fountain of Cleansing","floor":4,"gold_loss":0}],"is_beta":false,"boss_relics":[],"items_purged_floors":[],"is_endless":false,"potions_floor_spawned":[5],"killed_by":"3 Sentries","ascension_level":0}}