{"host":"4jbht080234lxfcd","time":1612692368,"event":{"mods":["BaseMod","Highlight Path","Marisa£®ÏF”Í°°ƒß¿Ì…≥£©","Minty Spire (QoL Compilation)","The Servant 0.9.4"],"gold_per_floor":[417,127,127,139,149,149,177,177,177,202,217,246,258,280,292,400,412,435,481,592,63,110,139,139,154,154,167,167,199,217,227,227,324,324,340,340,359,359,284,314,314,328,353,353,97,125,150,177,177,177],"floor_reached":51,"language":"ZHS","playtime":3303,"items_purged":["Pain"],"score":1049,"play_id":"5a403801-f335-46f8-9a9b-2a9d8e4fc198","local_time":"20210207180608","is_ascension_mode":true,"campfire_choices":[{"data":"Inflame","floor":6,"key":"SMITH"},{"data":"Double Tap","floor":8,"key":"SMITH"},{"data":"Sword Boomerang","floor":15,"key":"SMITH"},{"data":"Demon Form","floor":24,"key":"SMITH"},{"data":"Armaments","floor":28,"key":"SMITH"},{"data":"Flex","floor":32,"key":"SMITH"},{"data":"Dramatic Entrance","floor":44,"key":"SMITH"},{"floor":49,"key":"REST"}],"circlet_count":0,"master_deck":["Strike_R","Strike_R","Strike_R","Strike_R","Strike_R","Defend_R","Defend_R","Defend_R","Bash","Armaments+1","Inflame+1","Double Tap+1","Sword Boomerang+1","Headbutt","Flex","Warcry","Cleave","Demon Form+1","Twin Strike","Metallicize","Dramatic Entrance+1","Rage+1","Armaments+1","Flex+1","Feel No Pain+1","Intimidate","Shrug It Off+1","Immolate","Warcry+1","Sword Boomerang","Sword Boomerang+1"],"relics":["Burning Blood","Old Coin","Medical Kit","PreservedInsect","Meat on the Bone","Mango","Pen Nib","MawBank","Mark of Pain","Red Mask","Vajra","Bag of Preparation","TheAbacus","Art of War","Anchor","Kunai","Frozen Egg 2","Busted Crown","WarpedTongs","Bottled Tornado","Juzu Bracelet","HornCleat","The Courier","Oddly Smooth Stone","Bronze Scales"],"acts_visited":["Exordium","TheCity","TheBeyond"],"potions_floor_usage":[10,16,27,33,33,42,46,46],"damage_taken":[{"damage":10,"enemies":"2 Louse","floor":1,"turns":3},{"damage":6,"enemies":"Cultist","floor":4,"turns":3},{"damage":12,"enemies":"Small Slimes","floor":5,"turns":3},{"damage":31,"enemies":"Gremlin Nob","floor":7,"turns":4},{"damage":35,"enemies":"3 Sentries","floor":10,"turns":5},{"damage":6,"enemies":"Looter","floor":11,"turns":2},{"damage":20,"enemies":"Lagavulin","floor":12,"turns":3},{"damage":3,"enemies":"Exordium Wildlife","floor":14,"turns":3},{"damage":0,"enemies":"Slime Boss","floor":16,"turns":6},{"damage":35,"enemies":"Shell Parasite","floor":18,"turns":4},{"damage":45,"enemies":"Masked Bandits","floor":19,"turns":4},{"damage":5,"enemies":"Book of Stabbing","floor":23,"turns":2},{"damage":0,"enemies":"Chosen","floor":25,"turns":3},{"damage":5,"enemies":"Snecko","floor":27,"turns":4},{"damage":24,"enemies":"Slavers","floor":29,"turns":4},{"damage":8,"enemies":"3 Cultists","floor":30,"turns":5},{"damage":0,"enemies":"Chosen and Byrds","floor":31,"turns":3},{"damage":39,"enemies":"Collector","floor":33,"turns":7},{"damage":3,"enemies":"3 Shapes","floor":35,"turns":3},{"damage":5,"enemies":"3 Darklings","floor":37,"turns":2},{"damage":68,"enemies":"Reptomancer","floor":40,"turns":4},{"damage":6,"enemies":"Sphere and 2 Shapes","floor":42,"turns":3},{"damage":12,"enemies":"Nemesis","floor":46,"turns":3},{"damage":18,"enemies":"Reptomancer","floor":48,"turns":3},{"damage":58,"enemies":"Time Eater","floor":50,"turns":8}],"seed_played":"-7462796280465324784","potions_obtained":[{"floor":4,"key":"PowerPotion"},{"floor":7,"key":"FearPotion"},{"floor":10,"key":"SpeedPotion"},{"floor":11,"key":"Block Potion"},{"floor":14,"key":"PowerPotion"},{"floor":23,"key":"AttackPotion"},{"floor":27,"key":"BloodPotion"},{"floor":30,"key":"Fire Potion"},{"floor":35,"key":"Weak Potion"},{"floor":37,"key":"Block Potion"}],"is_trial":false,"path_per_floor":["M","$","?","M","M","R","E","R","T","E","M","E","$","M","R","B",null,"M","?","?","$","T","E","R","M","T","M","R","E","M","M","R","B",null,"M","?","M","?","$","E","?","M","T","R","$","E","T","E","R","B",null],"character_chosen":"IRONCLAD","items_purchased":["Medical Kit","PreservedInsect","Vajra","Bag of Preparation","TheAbacus","Dramatic Entrance","HornCleat"],"campfire_rested":1,"item_purchase_floors":[2,2,21,21,21,21,45],"current_hp_per_floor":[68,68,68,68,62,62,37,37,51,34,46,44,44,59,59,65,86,57,30,30,30,30,43,43,61,61,79,79,61,59,65,65,44,86,86,86,86,86,86,36,36,48,48,48,48,54,54,54,79,39],"gold":177,"neow_bonus":"ONE_RARE_RELIC","is_daily":false,"chose_seed":false,"campfire_upgraded":7,"win_rate":0.0,"timestamp":1612692368,"path_taken":["M","$","?","?","M","R","E","R","T","E","M","E","$","M","R","BOSS","M","?","?","$","?","E","R","?","T","M","R","E","M","M","R","BOSS","M","?","?","?","?","E","?","M","T","R","$","E","?","E","R","BOSS"],"items_purchased_type":["Relic","Relic","Relic","Relic","Relic","Card","Relic"],"build_version":"2020-12-22","purchased_purges":1,"victory":true,"max_hp_per_floor":[72,72,72,72,72,72,72,72,86,86,86,86,86,86,86,86,86,86,86,86,86,86,86,86,86,86,86,86,86,86,86,86,86,86,86,86,86,86,86,86,86,86,86,86,86,86,86,86,86,86],"card_choices":[{"not_picked":["True Grit","Pommel Strike"],"picked":"Armaments","floor":1},{"not_picked":["True Grit","Clothesline"],"picked":"Inflame","floor":4},{"not_picked":["Pommel Strike","Clash"],"picked":"Double Tap","floor":5},{"not_picked":["Battle Trance","Dark Embrace"],"picked":"Sword Boomerang","floor":7},{"not_picked":["True Grit","Body Slam"],"picked":"Headbutt","floor":10},{"not_picked":["Searing Blow","Warcry"],"picked":"Flex","floor":11},{"not_picked":["Intimidate","Havoc"],"picked":"Warcry","floor":12},{"not_picked":["Clothesline","Anger"],"picked":"Cleave","floor":14},{"not_picked":["Double Tap","Berserk"],"picked":"Demon Form","floor":16},{"not_picked":["Intimidate","Headbutt"],"picked":"Twin Strike","floor":18},{"not_picked":["Wild Strike","Dark Embrace"],"picked":"Metallicize","floor":19},{"not_picked":["Iron Wave","Infernal Blade"],"picked":"Rage+1","floor":23},{"not_picked":["Reckless Charge","Twin Strike"],"picked":"Armaments","floor":25},{"not_picked":["Armaments","Entrench+1"],"picked":"Flex","floor":27},{"not_picked":["Cleave","Sentinel"],"picked":"Feel No Pain+1","floor":29},{"not_picked":["Seeing Red","Heavy Blade"],"picked":"Intimidate","floor":30},{"not_picked":["Searing Blow","True Grit"],"picked":"Shrug It Off+1","floor":31},{"not_picked":["Double Tap","Demon Form+1"],"picked":"Immolate","floor":33},{"not_picked":["Iron Wave+1"],"picked":"SKIP","floor":35},{"not_picked":["Iron Wave"],"picked":"SKIP","floor":37},{"not_picked":[],"picked":"Warcry+1","floor":40},{"not_picked":[],"picked":"Sword Boomerang","floor":42},{"not_picked":[],"picked":"Sword Boomerang+1","floor":46},{"not_picked":["Demon Form+1"],"picked":"SKIP","floor":48}],"player_experience":250248,"relics_obtained":[{"floor":7,"key":"Meat on the Bone"},{"floor":9,"key":"Mango"},{"floor":10,"key":"Pen Nib"},{"floor":12,"key":"MawBank"},{"floor":19,"key":"Red Mask"},{"floor":22,"key":"Art of War"},{"floor":23,"key":"Anchor"},{"floor":26,"key":"Kunai"},{"floor":29,"key":"Frozen Egg 2"},{"floor":40,"key":"Bottled Tornado"},{"floor":43,"key":"Juzu Bracelet"},{"floor":46,"key":"The Courier"},{"floor":47,"key":"Oddly Smooth Stone"},{"floor":48,"key":"Bronze Scales"}],"event_choices":[{"damage_healed":0,"gold_gain":0,"player_choice":"Upgraded","damage_taken":0,"max_hp_gain":0,"max_hp_loss":0,"event_name":"Upgrade Shrine","floor":3,"gold_loss":0,"cards_upgraded":["Armaments"]},{"damage_healed":0,"gold_gain":0,"player_choice":"Fought Bandits","damage_taken":0,"max_hp_gain":0,"max_hp_loss":0,"event_name":"Masked Bandits","floor":19,"gold_loss":0},{"damage_healed":0,"gold_gain":99,"player_choice":"Stole From Cult","damage_taken":0,"max_hp_gain":0,"max_hp_loss":0,"event_name":"Nest","floor":20,"gold_loss":0},{"damage_healed":0,"gold_gain":0,"player_choice":"Rummage","damage_taken":0,"relics_obtained":["WarpedTongs"],"max_hp_gain":0,"max_hp_loss":0,"event_name":"Accursed Blacksmith","floor":36,"gold_loss":0,"cards_obtained":["Pain"]},{"damage_healed":0,"gold_gain":0,"player_choice":"Bought 0 Potions","damage_taken":0,"max_hp_gain":0,"max_hp_loss":0,"event_name":"The Woman in Blue","floor":38,"gold_loss":0},{"cards_removed":["Defend_R"],"damage_healed":0,"gold_gain":0,"player_choice":"Removed Skill","damage_taken":0,"max_hp_gain":0,"max_hp_loss":0,"event_name":"Falling","floor":41,"gold_loss":0}],"is_beta":false,"boss_relics":[{"not_picked":["Fusion Hammer","Runic Cube"],"picked":"Mark of Pain"},{"not_picked":["Cursed Key","Snecko Eye"],"picked":"Busted Crown"}],"items_purged_floors":[39],"is_endless":false,"potions_floor_spawned":[4,7,10,11,14,23,27,30,31,35,37],"ascension_level":4}}