{"host":"6nqy62k7v1jh46lb","time":1612723556,"event":{"mods":["AchievementEnabler","BaseMod","Bestiary","Colored Powertips","Highlight Path","Minty Spire (QoL Compilation)","Relic Stats"],"gold_per_floor":[110,70,20,20,20,52,52,83,83,83,83,83],"floor_reached":11,"language":"ENG","playtime":494,"items_purged":[],"score":127,"play_id":"099cf612-568e-4ba7-b984-5a359d9b7e49","local_time":"20210207194556","is_ascension_mode":false,"campfire_choices":[{"data":"Forethought","floor":10,"key":"SMITH"}],"circlet_count":0,"master_deck":["Strike_P","Strike_P","Strike_P","Defend_P","Defend_P","Defend_P","Defend_P","Eruption","Vigilance","FlurryOfBlows","WaveOfTheHand","Pray","Eruption","Evaluate","Forethought+1","InnerPeace"],"relics":["PureWater","NeowsBlessing","Omamori","Ginger","Matryoshka"],"acts_visited":["Exordium"],"potions_floor_usage":[],"damage_taken":[{"damage":0,"enemies":"Cultist","floor":1,"turns":1},{"damage":0,"enemies":"Gremlin Nob","floor":6,"turns":1},{"damage":0,"enemies":"Lagavulin","floor":8,"turns":1},{"damage":83,"enemies":"Gremlin Nob","floor":11,"turns":5}],"seed_played":"3012906142129585726","potions_obtained":[{"floor":6,"key":"Dexterity Potion"}],"is_trial":false,"path_per_floor":["M","$","?","$","?","E","?","E","T","R","E"],"character_chosen":"WATCHER","items_purchased":["WaveOfTheHand"],"campfire_rested":0,"item_purchase_floors":[2],"current_hp_per_floor":[72,72,72,72,72,72,72,72,72,72,0,0],"gold":83,"neow_bonus":"THREE_ENEMY_KILL","is_daily":false,"chose_seed":false,"campfire_upgraded":1,"win_rate":0.0,"timestamp":1612723556,"path_taken":["M","?","?","$","?","E","?","E","T","R","E"],"items_purchased_type":["Card"],"build_version":"2020-12-22","purchased_purges":0,"victory":false,"max_hp_per_floor":[72,72,72,72,72,72,72,72,72,72,72,72],"relic_stats":{"counters":[4,8],"Ginger":[0],"obtain_stats":[{"Matryoshka":9,"NeowsBlessing":0,"Omamori":6,"Ginger":8,"PureWater":0},{"Matryoshka":3,"NeowsBlessing":0,"Omamori":2,"Ginger":3,"PureWater":0},{"Matryoshka":3,"NeowsBlessing":0,"Omamori":2,"Ginger":3,"PureWater":0}]},"card_choices":[{"not_picked":["FlyingSleeves","ClearTheMind"],"picked":"FlurryOfBlows","floor":1},{"not_picked":["Collect","Vengeance"],"picked":"Pray","floor":6},{"not_picked":["CutThroughFate","CarveReality"],"picked":"InnerPeace","floor":8}],"player_experience":173564,"relics_obtained":[{"floor":6,"key":"Omamori"},{"floor":8,"key":"Ginger"},{"floor":9,"key":"Matryoshka"}],"event_choices":[{"cards_removed":["Strike_P"],"damage_healed":0,"gold_gain":0,"player_choice":"Card Removal","damage_taken":0,"max_hp_gain":0,"max_hp_loss":0,"event_name":"The Cleric","floor":3,"gold_loss":50},{"damage_healed":0,"gold_gain":0,"player_choice":"Ignored","damage_taken":0,"max_hp_gain":0,"max_hp_loss":0,"event_name":"Liars Game","floor":5,"gold_loss":0},{"damage_healed":0,"gold_gain":0,"player_choice":"3 cards matched","damage_taken":0,"max_hp_gain":0,"max_hp_loss":0,"event_name":"Match and Keep!","floor":7,"gold_loss":0,"cards_obtained":["Eruption","Evaluate","Forethought"]},{"damage_healed":0,"gold_gain":0,"player_choice":"3 cards matched","damage_taken":0,"max_hp_gain":0,"max_hp_loss":0,"event_name":"Match and Keep!","floor":7,"gold_loss":0,"cards_obtained":["Eruption","Evaluate","Forethought"]}],"is_beta":false,"boss_relics":[],"items_purged_floors":[],"is_endless":false,"potions_floor_spawned":[6],"killed_by":"Gremlin Nob","ascension_level":0}}