{"host":"6fz13565vq1u34xu","time":1612663510,"event":{"mods":["Act Like it!","Aspiration","BaseMod","Better Altar","Better Match","Better Note","Better Sensory Stone","Better Vampires","BetterRewards","Challenge The Spire","Colored Map","Colored Powertips","Conspire","DeckTracker","Energized Spire","Hubris","Infinite Spire","Marked Mod","Minty Spire (QoL Compilation)","Quick Restart","Rare Cards Sparkle","Relic Stats","Replay The Spire","StSLib","SuperFastMode"],"gold_per_floor":[119,44,44,44,64,64,64,98,98,128,155,167,210,241,253,343,355,387,413,425,450,160,194,194,204,204,204,204,204,0,15,15,91,91,110,110,110],"floor_reached":36,"language":"ENG","playtime":1095,"items_purged":["Defend_R","Strike_R","Strike_R"],"score":889,"play_id":"6a08720e-412c-497b-a222-86b34f6bfbda","local_time":"20210206210510","is_ascension_mode":true,"campfire_choices":[{"data":"infinitespire:OneForAll","floor":6.0,"key":"SMITH"},{"data":"Spot Weakness","floor":12.0,"key":"SMITH"},{"data":"Armaments","floor":15.0,"key":"SMITH"},{"floor":24,"key":"REST"},{"floor":27,"key":"REST"},{"data":"hubris:InfiniteBlow+34","floor":32,"key":"SMITH"}],"circlet_count":0,"master_deck":["AscendersBane","Strike_R","Strike_R","Strike_R","Defend_R","Defend_R","Defend_R","ReplayTheSpireMod:Muscle Training","Survivor","Neutralize","infinitespire:OneForAll+1","Anger","Metallicize","Spot Weakness+1","Armaments+1","Offering","Pummel","Second Wind","Replay:Dark Deal","True Grit+1","hubris:InfiniteBlow+35","ReplayUltimateDefense","Reaper","Shrug It Off+1"],"relics":["Burning Blood","NeowsBlessing","Vajra","MawBank","King of Hearts","energizedSpire:DeadBattery","Bottled Lightning","Unceasing Top","aspiration:ChemicalBlood","Ring of Chaos","hubris:BlackHole"],"acts_visited":["Exordium","TheCity","TheBeyond"],"potions_floor_usage":[20,23,36,36,36,36],"damage_taken":[{"damage":0.0,"enemies":"Small Slimes","floor":1.0,"turns":1.0},{"damage":0.0,"enemies":"2 Louse","floor":5.0,"turns":1.0},{"damage":0.0,"enemies":"Lagavulin","floor":8.0,"turns":1.0},{"damage":4.0,"enemies":"Jaw Worm","floor":10.0,"turns":4.0},{"damage":5.0,"enemies":"Exordium Thugs","floor":11.0,"turns":6.0},{"damage":24.0,"enemies":"3 Sentries","floor":13.0,"turns":8.0},{"damage":4.0,"enemies":"3 Louse","floor":14.0,"turns":3.0},{"damage":53.0,"enemies":"Slime Boss","floor":16.0,"turns":14.0},{"damage":30.0,"enemies":"3 Byrds","floor":18.0,"turns":6.0},{"damage":9.0,"enemies":"Spheric Guardian","floor":19.0,"turns":4.0},{"damage":0,"enemies":"Snake Plant","floor":20,"turns":1},{"damage":26,"enemies":"Cultist and Chosen","floor":21,"turns":6},{"damage":19,"enemies":"Nightmare","floor":23,"turns":7},{"damage":23,"enemies":"Centurion and Healer","floor":25,"turns":5},{"damage":6,"enemies":"Snake Plant","floor":31,"turns":1},{"damage":11,"enemies":"hubris:MusketHawk","floor":33,"turns":2},{"damage":6,"enemies":"Orb Walker","floor":35,"turns":1},{"damage":82,"enemies":"3 Darklings","floor":36,"turns":8}],"seed_played":"3675792405099503995","potions_obtained":[{"floor":5.0,"key":"LiquidBronze"},{"floor":10.0,"key":"SmokeBomb"},{"floor":21,"key":"Regen Potion"},{"floor":25,"key":"Weak Potion"},{"floor":31,"key":"DuplicationPotion"},{"floor":36,"key":"Elixir"}],"is_trial":false,"path_per_floor":["M","$","?","?","M","R","$","E","T","M","M","R","E","M","R_BF","B",null,"M","M","M","M","$","NM","R","M","T","R","?","AVR","$","M","R","B",null,"M","M"],"character_chosen":"IRONCLAD","items_purchased":["Replay:Dark Deal","ReplayUltimateDefense"],"campfire_rested":2,"item_purchase_floors":[22,30],"current_hp_per_floor":[74,74,70,70,75,75,75,75,75,75,75,75,57,59,59,12,59,35,32,38,18,18,20,42,25,25,47,47,47,47,47,47,42,67,67,0,0],"gold":110,"neow_bonus":"THREE_ENEMY_KILL","is_daily":false,"chose_seed":false,"campfire_upgraded":4,"win_rate":0.0,"timestamp":1612663510,"path_taken":["M","$","?","?","M","R","$","E","T","M","M","R","E","M","R_BF","BOSS","M","M","M","M","$","NM","R","M","T","R","?","AVR","?","M","R","BOSS","M","M"],"items_purchased_type":["Card","Card"],"build_version":"2020-12-22","purchased_purges":3,"victory":false,"max_hp_per_floor":[75,75,75,75,75,75,75,75,75,75,75,75,75,75,75,75,75,75,75,75,75,75,75,75,75,75,75,75,75,75,75,75,75,75,75,75,75],"relic_stats":{"counters":[18,79],"MawBank":156,"obtain_stats":[{"hubris:BlackHole":34,"NeowsBlessing":0,"Vajra":8,"King of Hearts":13,"Ring of Chaos":29,"Bottled Lightning":23,"MawBank":9,"energizedSpire:DeadBattery":17,"Burning Blood":0,"Unceasing Top":26,"aspiration:ChemicalBlood":29},{"hubris:BlackHole":16,"NeowsBlessing":0,"Vajra":3,"King of Hearts":6,"Ring of Chaos":14,"Bottled Lightning":13,"MawBank":3,"energizedSpire:DeadBattery":8,"Burning Blood":0,"Unceasing Top":14,"aspiration:ChemicalBlood":14},{"hubris:BlackHole":70,"NeowsBlessing":0,"Vajra":3,"King of Hearts":21,"Ring of Chaos":67,"Bottled Lightning":62,"MawBank":3,"energizedSpire:DeadBattery":38,"Burning Blood":0,"Unceasing Top":67,"aspiration:ChemicalBlood":67}],"Burning Blood":92,"Unceasing Top":[7]},"card_choices":[{"not_picked":["Warcry","Shrug It Off"],"picked":"ReplayTheSpireMod:Muscle Training","floor":1.0},{"not_picked":["Fire Breathing","Shockwave"],"picked":"infinitespire:OneForAll","floor":5.0},{"not_picked":["Power Through","Rage"],"picked":"Anger","floor":8.0},{"not_picked":["Abandon","Replay:Undeath\u0027s Touch"],"picked":"Metallicize","floor":10.0},{"not_picked":["Flex","ReplayTheSpireMod:Strike From Hell"],"picked":"Spot Weakness","floor":11.0},{"not_picked":["Perfected Strike","Replay:Undeath\u0027s Touch","Entrench"],"picked":"SKIP","floor":13.0},{"not_picked":["Heavy Blade","Run Through"],"picked":"Armaments","floor":14.0},{"not_picked":["Juggernaut","Immolate"],"picked":"Offering","floor":16.0},{"not_picked":["Clash","Flex","Twin Strike"],"picked":"SKIP","floor":18.0},{"not_picked":["Dark Embrace","Iron Wave"],"picked":"Pummel","floor":19.0},{"not_picked":["Clash","Flex"],"picked":"Second Wind","floor":21},{"not_picked":["Flex","Replay:Undeath\u0027s Touch","Cleave"],"picked":"SKIP","floor":23},{"not_picked":["Run Through","Rampage"],"picked":"True Grit","floor":25},{"not_picked":["True Grit","Abandon","Headbutt"],"picked":"SKIP","floor":31},{"not_picked":["Eclipse","Immolate"],"picked":"Reaper","floor":33},{"not_picked":["Havoc","Clothesline+1"],"picked":"Shrug It Off+1","floor":35}],"player_experience":982509,"relics_obtained":[{"floor":8.0,"key":"Vajra"},{"floor":9.0,"key":"MawBank"},{"floor":13.0,"key":"King of Hearts"},{"floor":23,"key":"Bottled Lightning"},{"floor":26,"key":"Unceasing Top"}],"event_choices":[{"damage_healed":0.0,"max_hp_gain":0.0,"max_hp_loss":0.0,"gold_gain":0.0,"event_name":"conspire:Investor","player_choice":"Leave","floor":3.0,"gold_loss":0.0,"damage_taken":0.0},{"damage_healed":0,"gold_gain":0,"player_choice":"Upgraded","damage_taken":0,"max_hp_gain":0,"max_hp_loss":0,"event_name":"Upgrade Shrine","floor":28,"gold_loss":0,"cards_upgraded":["True Grit"]}],"is_beta":false,"boss_relics":[{"not_picked":["energizedSpire:RedRose","infinitespire:Burning Sword"],"picked":"energizedSpire:DeadBattery"},{"not_picked":["SacredBark","ChewingGum"],"picked":"hubris:BlackHole"}],"items_purged_floors":[2,22,29],"is_endless":true,"potions_floor_spawned":[5,10,16,19,21,25,31],"killed_by":"3 Darklings","ascension_level":16}}