{"host":"q8mjpf3krl0t4p3x","time":1612731587,"event":{"mods":["BaseMod","Colored Map","Colored Powertips","Googly Eyes","Minty Spire (QoL Compilation)","Quick Restart","StSLib","everything is the same but u backflip on backflip","slay the spire mod where everything is the same but ironclad has a cowboy hat"],"gold_per_floor":[119,119,119,134,134,134,209,225,225,243,92,92,122,122,122,219,219,233,85,100,100,118,118,148,148,148,183,183,201,201,212,212,212,212],"floor_reached":33,"language":"ENG","playtime":937,"items_purged":["Strike_R","Strike_R"],"score":453,"play_id":"12bb3302-5aec-49c9-a876-83d5070933ce","local_time":"20210207125947","is_ascension_mode":true,"campfire_choices":[{"data":"Anger","floor":6.0,"key":"SMITH"},{"data":"1","floor":15.0,"key":"LIFT"},{"floor":23.0,"key":"REST"},{"data":"2","floor":25.0,"key":"LIFT"},{"floor":28.0,"key":"REST"},{"floor":32.0,"key":"REST"}],"circlet_count":0,"master_deck":["AscendersBane","Strike_R","Strike_R","Strike_R","Defend_R","Defend_R","Defend_R","Defend_R","Bash","Anger+1","Headbutt+1","Rampage","Whirlwind","Inflame","Whirlwind","Double Tap"],"relics":["Burning Blood","Mango","Magic Flower","Girya","SlaversCollar","Champion Belt","Du-Vu Doll","Pocketwatch","Meat on the Bone"],"acts_visited":["Exordium","TheCity"],"potions_floor_usage":[33],"damage_taken":[{"damage":1.0,"enemies":"Cultist","floor":1.0,"turns":4.0},{"damage":7.0,"enemies":"Jaw Worm","floor":4.0,"turns":3.0},{"damage":0.0,"enemies":"Small Slimes","floor":8.0,"turns":3.0},{"damage":7.0,"enemies":"3 Louse","floor":10.0,"turns":4.0},{"damage":15.0,"enemies":"3 Sentries","floor":13.0,"turns":3.0},{"damage":58.0,"enemies":"The Guardian","floor":16.0,"turns":8.0},{"damage":6.0,"enemies":"3 Byrds","floor":18.0,"turns":3.0},{"damage":41.0,"enemies":"Shell Parasite","floor":20.0,"turns":5.0},{"damage":44.0,"enemies":"Cultist and Chosen","floor":22.0,"turns":7.0},{"damage":5.0,"enemies":"Gremlin Leader","floor":24.0,"turns":4.0},{"damage":43.0,"enemies":"Book of Stabbing","floor":27.0,"turns":4.0},{"damage":16.0,"enemies":"Chosen and Byrds","floor":29.0,"turns":4.0},{"damage":25.0,"enemies":"Sentry and Sphere","floor":31.0,"turns":4.0},{"damage":84,"enemies":"Automaton","floor":33,"turns":6}],"seed_played":"257882400608793757","potions_obtained":[{"floor":0.0,"key":"Energy Potion"},{"floor":0.0,"key":"EntropicBrew"},{"floor":16.0,"key":"BlessingOfTheForge"},{"floor":29.0,"key":"Swift Potion"},{"floor":31.0,"key":"Weak Potion"}],"is_trial":false,"path_per_floor":["M","?","?","M","?","R","?","M","T","M","$","T","E","?","R","B",null,"M","$","M","?","M","R","E","R","T","E","R","M","T","M","R","B"],"character_chosen":"IRONCLAD","items_purchased":["Inflame","Strength Potion"],"campfire_rested":3,"item_purchase_floors":[11,19],"current_hp_per_floor":[77,77,77,76,76,76,65,71,85,84,84,84,78,78,78,29,78,81,81,49,49,14,42,46,46,46,12,40,33,33,35,63,0,0],"gold":212,"neow_bonus":"THREE_SMALL_POTIONS","is_daily":false,"chose_seed":false,"campfire_upgraded":1,"win_rate":0.0,"timestamp":1612731587,"path_taken":["M","?","?","M","?","R","?","M","T","M","$","?","E","?","R","BOSS","M","?","M","?","M","R","E","R","T","E","R","?","?","M","R","BOSS"],"items_purchased_type":["Card","Potion"],"build_version":"2020-12-22","purchased_purges":2,"victory":false,"max_hp_per_floor":[80,80,80,80,80,80,80,80,94,94,94,94,94,94,94,94,94,94,94,94,94,94,94,94,94,94,94,94,94,94,94,94,94,94],"card_choices":[{"not_picked":["Reckless Charge","Sword Boomerang"],"picked":"Anger","floor":1.0},{"not_picked":["Clash","Rage"],"picked":"Headbutt","floor":4.0},{"not_picked":["Entrench","Sentinel"],"picked":"Rampage","floor":8.0},{"not_picked":["Anger","Sever Soul"],"picked":"Whirlwind","floor":10.0},{"not_picked":["Warcry","Twin Strike"],"picked":"Whirlwind","floor":13.0},{"not_picked":["Immolate","Corruption"],"picked":"Double Tap","floor":16.0},{"not_picked":["Anger","Iron Wave","Twin Strike"],"picked":"SKIP","floor":18.0},{"not_picked":["Clothesline","Sword Boomerang+1","Clash"],"picked":"SKIP","floor":20.0},{"not_picked":["Armaments","Anger","Heavy Blade"],"picked":"SKIP","floor":22.0},{"not_picked":["Searing Blow+1","Sever Soul","Feel No Pain+1"],"picked":"SKIP","floor":24.0},{"not_picked":["Feed","Headbutt","Flame Barrier"],"picked":"SKIP","floor":27.0},{"not_picked":["True Grit","Searing Blow","Shrug It Off"],"picked":"SKIP","floor":29.0},{"not_picked":["Dual Wield","Dark Embrace","Sword Boomerang"],"picked":"SKIP","floor":31.0}],"player_experience":330300,"relics_obtained":[{"floor":9.0,"key":"Mango"},{"floor":12.0,"key":"Magic Flower"},{"floor":13.0,"key":"Girya"},{"floor":24.0,"key":"Champion Belt"},{"floor":26.0,"key":"Du-Vu Doll"},{"floor":27.0,"key":"Pocketwatch"},{"floor":30.0,"key":"Meat on the Bone"}],"event_choices":[{"damage_healed":0.0,"max_hp_gain":0.0,"max_hp_loss":0.0,"gold_gain":0.0,"event_name":"Golden Idol","player_choice":"Ignored","floor":2.0,"gold_loss":0.0,"damage_taken":0.0},{"damage_healed":0.0,"max_hp_gain":0.0,"max_hp_loss":0.0,"gold_gain":0.0,"event_name":"The Cleric","player_choice":"Leave","floor":3.0,"gold_loss":0.0,"damage_taken":0.0},{"damage_healed":0.0,"max_hp_gain":0.0,"max_hp_loss":0.0,"gold_gain":0.0,"event_name":"Living Wall","player_choice":"Grow","floor":5.0,"gold_loss":0.0,"damage_taken":0.0,"cards_upgraded":["Headbutt"]},{"damage_healed":0.0,"max_hp_gain":0.0,"max_hp_loss":0.0,"gold_gain":75.0,"event_name":"World of Goop","player_choice":"Gather Gold","floor":7.0,"gold_loss":0.0,"damage_taken":11.0},{"damage_healed":0.0,"max_hp_gain":0.0,"max_hp_loss":0.0,"gold_gain":0.0,"event_name":"Wheel of Change","player_choice":"Cursed","floor":14.0,"gold_loss":0.0,"damage_taken":0.0,"cards_obtained":["Decay"]},{"cards_removed":["Decay"],"damage_healed":0.0,"max_hp_gain":0.0,"max_hp_loss":0.0,"gold_gain":0.0,"event_name":"Fountain of Cleansing","player_choice":"Removed Curses","floor":21.0,"gold_loss":0.0,"damage_taken":0.0}],"is_beta":false,"boss_relics":[{"not_picked":["Empty Cage","Black Blood"],"picked":"SlaversCollar"}],"items_purged_floors":[11,19],"is_endless":false,"potions_floor_spawned":[13,16,20,29,31],"killed_by":"Automaton","ascension_level":12}}