{"host":"rmsq46plbpwfbxcc","time":1612669609,"event":{"mods":["AchievementEnabler","BaseMod","Colored Map","Colored Powertips","DeckTracker","KOR Keyword Fix","Minty Spire (QoL Compilation)","Permanent Neow","Quick Restart","SuperFastMode"],"gold_per_floor":[109,128,138,63,77,77,77,98,98,127,127,156,156,190,190,266,266,279,293,293,243,243,243,259,259,284,304,334,334,348,375,375,449,449,466,483,483,483],"floor_reached":37,"language":"KOR","playtime":1228,"items_purged":["Strike_G","Strike_G"],"score":746,"play_id":"c55e8ccd-4681-43e3-b573-c8c9786e81c0","local_time":"20210207124649","is_ascension_mode":true,"campfire_choices":[{"data":"Blade Dance","floor":7.0,"key":"SMITH"},{"data":"After Image","floor":13.0,"key":"SMITH"},{"data":"Finisher","floor":15.0,"key":"SMITH"},{"data":"Neutralize","floor":23.0,"key":"SMITH"},{"data":"Glass Knife","floor":25.0,"key":"SMITH"},{"data":"Accuracy","floor":32.0,"key":"SMITH"}],"circlet_count":0,"master_deck":["AscendersBane","Strike_G","Defend_G","Defend_G","Defend_G","Survivor","Neutralize+1","Blade Dance+1","Finisher+1","Backflip","After Image+1","Glass Knife+1","Phantasmal Killer","Sucker Punch+1","Finisher+1","Malaise+1","Accuracy+1","Well Laid Plans","Writhe","Cloak And Dagger","A Thousand Cuts","Burst","Escape Plan"],"relics":["Coffee Dripper","Odd Mushroom","Happy Flower","Pantograph","Smiling Mask","Potion Belt","Astrolabe","MealTicket","Orichalcum","Letter Opener","The Specimen","HoveringKite"],"acts_visited":["Exordium","TheCity","TheBeyond"],"potions_floor_usage":[36],"damage_taken":[{"damage":0.0,"enemies":"Cultist","floor":1.0,"turns":4.0},{"damage":4.0,"enemies":"Small Slimes","floor":2.0,"turns":4.0},{"damage":0.0,"enemies":"2 Louse","floor":3.0,"turns":2.0},{"damage":0.0,"enemies":"Looter","floor":5.0,"turns":3.0},{"damage":12.0,"enemies":"The Mushroom Lair","floor":8.0,"turns":5.0},{"damage":0.0,"enemies":"Gremlin Nob","floor":10.0,"turns":2.0},{"damage":4.0,"enemies":"Lagavulin","floor":12.0,"turns":9.0},{"damage":2.0,"enemies":"3 Sentries","floor":14.0,"turns":9.0},{"damage":14.0,"enemies":"Slime Boss","floor":16.0,"turns":7.0},{"damage":3.0,"enemies":"3 Byrds","floor":18.0,"turns":4.0},{"damage":0.0,"enemies":"Spheric Guardian","floor":19.0,"turns":3.0},{"damage":4.0,"enemies":"Centurion and Healer","floor":24.0,"turns":5.0},{"damage":7.0,"enemies":"Snake Plant","floor":27.0,"turns":4.0},{"damage":2.0,"enemies":"Book of Stabbing","floor":28.0,"turns":6.0},{"damage":4.0,"enemies":"Chosen and Byrds","floor":30.0,"turns":4.0},{"damage":3.0,"enemies":"Slavers","floor":31.0,"turns":5.0},{"damage":52.0,"enemies":"Automaton","floor":33.0,"turns":7.0},{"damage":7,"enemies":"Orb Walker","floor":35,"turns":3},{"damage":41,"enemies":"3 Darklings","floor":36,"turns":6},{"damage":11,"enemies":"Jaw Worm Horde","floor":37,"turns":2}],"seed_played":"-6239206135550639298","potions_obtained":[{"floor":3.0,"key":"ColorlessPotion"},{"floor":5.0,"key":"Dexterity Potion"},{"floor":8.0,"key":"FearPotion"},{"floor":12.0,"key":"DuplicationPotion"},{"floor":16.0,"key":"GhostInAJar"},{"floor":18.0,"key":"Swift Potion"},{"floor":27.0,"key":"Explosive Potion"},{"floor":30.0,"key":"Explosive Potion"},{"floor":35,"key":"AttackPotion"},{"floor":36,"key":"Fire Potion"}],"is_trial":false,"path_per_floor":["M","M","M","$","M","?","R","?","T","E","?","E","R","E","R","B",null,"M","M","?","$","?","R","M","R","T","M","E","?","M","E","R","B",null,"M","M","M"],"character_chosen":"THE_SILENT","items_purchased":[],"campfire_rested":0,"item_purchase_floors":[],"current_hp_per_floor":[63,59,59,59,59,59,59,47,47,47,47,43,43,41,41,52,66,63,63,63,63,50,50,46,46,46,39,37,37,33,30,30,3,57,50,9,0,0],"gold":483,"neow_bonus":"BOSS_RELIC","is_daily":false,"chose_seed":false,"campfire_upgraded":6,"win_rate":0.0,"timestamp":1612669609,"path_taken":["M","?","M","$","M","?","R","?","T","E","?","E","R","E","R","BOSS","M","M","?","$","?","R","M","R","T","M","E","?","M","E","R","BOSS","M","M","M"],"items_purchased_type":[],"build_version":"2020-12-22","purchased_purges":2,"victory":false,"max_hp_per_floor":[70,70,70,70,70,70,70,70,70,70,70,70,70,70,70,70,70,70,70,70,70,75,75,75,75,75,75,75,75,75,75,75,75,75,75,75,75,75],"card_choices":[{"not_picked":["Well Laid Plans","Outmaneuver"],"picked":"Blade Dance","floor":1.0},{"not_picked":["Deflect","Dodge and Roll"],"picked":"Finisher","floor":2.0},{"not_picked":["Flying Knee","Blade Dance","Skewer"],"picked":"SKIP","floor":3.0},{"not_picked":["Dodge and Roll","Sucker Punch","Setup"],"picked":"SKIP","floor":5.0},{"not_picked":["Poisoned Stab","Quick Slash"],"picked":"Backflip","floor":8.0},{"not_picked":["Heel Hook","Backflip"],"picked":"After Image","floor":10.0},{"not_picked":["Catalyst","Bouncing Flask","Dagger Spray"],"picked":"SKIP","floor":12.0},{"not_picked":["Bane","Outmaneuver"],"picked":"Glass Knife","floor":14.0},{"not_picked":["Glass Knife","Tools of the Trade"],"picked":"Phantasmal Killer","floor":16.0},{"not_picked":["Bane","Quick Slash"],"picked":"Accuracy","floor":18.0},{"not_picked":["Predator","Poisoned Stab","Underhanded Strike"],"picked":"SKIP","floor":19.0},{"not_picked":["Dash","Leg Sweep","Flying Knee"],"picked":"SKIP","floor":24.0},{"not_picked":["Heel Hook","Underhanded Strike","Prepared"],"picked":"SKIP","floor":27.0},{"not_picked":["Calculated Gamble","Prepared"],"picked":"Well Laid Plans","floor":28.0},{"not_picked":["Bane","PiercingWail"],"picked":"Cloak And Dagger","floor":30.0},{"not_picked":["Caltrops","Deadly Poison"],"picked":"A Thousand Cuts","floor":31.0},{"not_picked":["Corpse Explosion","Glass Knife"],"picked":"Burst","floor":33.0},{"not_picked":["Slice","Dagger Spray"],"picked":"Escape Plan","floor":35},{"not_picked":["Dagger Throw","Cloak And Dagger","Sucker Punch"],"picked":"SKIP","floor":36}],"player_experience":664633,"relics_obtained":[{"floor":8.0,"key":"Odd Mushroom"},{"floor":9.0,"key":"Happy Flower"},{"floor":10.0,"key":"Pantograph"},{"floor":12.0,"key":"Smiling Mask"},{"floor":14.0,"key":"Potion Belt"},{"floor":26.0,"key":"MealTicket"},{"floor":28.0,"key":"Orichalcum"},{"floor":31.0,"key":"The Specimen"}],"event_choices":[{"cards_removed":["Strike_G"],"damage_healed":0.0,"max_hp_gain":0.0,"max_hp_loss":0.0,"gold_gain":0.0,"event_name":"Living Wall","player_choice":"Forget","floor":6.0,"gold_loss":0.0,"damage_taken":0.0},{"damage_healed":0.0,"max_hp_gain":0.0,"max_hp_loss":0.0,"gold_gain":0.0,"event_name":"Mushrooms","player_choice":"Fought Mushrooms","floor":8.0,"gold_loss":0.0,"damage_taken":0.0},{"damage_healed":0.0,"max_hp_gain":0.0,"max_hp_loss":0.0,"gold_gain":0.0,"event_name":"Shining Light","player_choice":"Ignored","floor":11.0,"gold_loss":0.0,"damage_taken":0.0},{"damage_healed":0.0,"max_hp_gain":0.0,"max_hp_loss":0.0,"gold_gain":0.0,"event_name":"Cursed Tome","player_choice":"Ignored","floor":20.0,"gold_loss":0.0,"damage_taken":0.0},{"damage_healed":0.0,"max_hp_gain":5.0,"max_hp_loss":0.0,"gold_gain":0.0,"event_name":"Forgotten Altar","player_choice":"Shed Blood","floor":22.0,"gold_loss":0.0,"damage_taken":18.0},{"damage_healed":0.0,"max_hp_gain":0.0,"max_hp_loss":0.0,"gold_gain":0.0,"event_name":"The Mausoleum","player_choice":"Opened","floor":29.0,"gold_loss":0.0,"damage_taken":0.0,"relics_obtained":["Letter Opener"],"cards_obtained":["Writhe"]}],"is_beta":false,"boss_relics":[{"not_picked":["Black Star","Velvet Choker"],"picked":"Astrolabe"},{"not_picked":["Snecko Eye","Pandora\u0027s Box"],"picked":"HoveringKite"}],"items_purged_floors":[4,21],"is_endless":false,"potions_floor_spawned":[3,5,8,12,16,18,27,30,35,36],"killed_by":"Jaw Worm Horde","ascension_level":13}}