{"host":"w5o3iglp98qr199u","time":1612696767,"event":{"mods":["AchievementEnabler","BaseMod","Bestiary","Colored Map","Colored Powertips","Highlight Path","Minty Spire (QoL Compilation)","Relic Stats","StSLib","SuperFastMode"],"gold_per_floor":[113,128,147,162,174,174,205,205,231,231,241,241,267,278,278,374,374,394,493,509,520,520,546,546,573,627,644,658,683,699,699,699,804,804,814,514,514,568,568,600,600,633,633,145,145,176,206,247,259,271],"floor_reached":51,"language":"ENG","playtime":2954,"items_purged":["Strike_G","Defend_G"],"score":1060,"play_id":"989226ae-a59a-4754-887e-9fc402cd527e","local_time":"20210207121927","is_ascension_mode":true,"campfire_choices":[{"floor":6.0,"key":"REST"},{"floor":10.0,"key":"REST"},{"floor":12.0,"key":"REST"},{"data":"Storm of Steel","floor":15.0,"key":"SMITH"},{"data":"Calculated Gamble","floor":24.0,"key":"SMITH"},{"floor":32.0,"key":"REST"},{"data":"Well Laid Plans","floor":45,"key":"SMITH"},{"data":"Apotheosis","floor":49,"key":"SMITH"}],"circlet_count":0,"master_deck":["Strike_G","Strike_G","Strike_G","Strike_G","Defend_G","Defend_G+1","Defend_G","Defend_G","Survivor+1","Neutralize","Sucker Punch","Dagger Spray","Storm of Steel+1","Slice","Die Die Die","Wraith Form v2+1","Dagger Throw","Cloak And Dagger+1","Calculated Gamble+1","Footwork","Blur+1","Prepared+1","Outmaneuver+1","After Image","Backflip+1","Apotheosis+1","Footwork","Acrobatics","Bouncing Flask+1","Well Laid Plans+1","Deflect+1","Dodge and Roll+1"],"relics":["Ring of the Snake","Tough Bandages","Thread and Needle","Bag of Preparation","Tiny Chest","Pen Nib","Black Star","Ice Cream","Mummified Hand","Oddly Smooth Stone","Bronze Scales","Nunchaku","War Paint","Bottled Tornado","Bottled Flame","WristBlade","Mango","Potion Belt","Toy Ornithopter","Eternal Feather","Bag of Marbles","Molten Egg 2","Lizard Tail","Membership Card","Mercury Hourglass","Ornamental Fan","MawBank","Lantern","Ninja Scroll","Blood Vial"],"acts_visited":["Exordium","TheCity","TheBeyond"],"potions_floor_usage":[33,38],"damage_taken":[{"damage":1.0,"enemies":"Jaw Worm","floor":1.0,"turns":4.0},{"damage":0.0,"enemies":"Small Slimes","floor":2.0,"turns":4.0},{"damage":2.0,"enemies":"Cultist","floor":3.0,"turns":5.0},{"damage":32.0,"enemies":"Gremlin Gang","floor":4.0,"turns":9.0},{"damage":11.0,"enemies":"Red Slaver","floor":5.0,"turns":5.0},{"damage":18.0,"enemies":"3 Sentries","floor":7.0,"turns":7.0},{"damage":0.0,"enemies":"3 Louse","floor":11.0,"turns":2.0},{"damage":12.0,"enemies":"Gremlin Nob","floor":13.0,"turns":4.0},{"damage":0.0,"enemies":"Looter","floor":14.0,"turns":3.0},{"damage":22.0,"enemies":"The Guardian","floor":16.0,"turns":15.0},{"damage":14.0,"enemies":"Chosen","floor":18.0,"turns":5.0},{"damage":0.0,"enemies":"Shell Parasite","floor":20.0,"turns":5.0},{"damage":0.0,"enemies":"Centurion and Healer","floor":21.0,"turns":6.0},{"damage":5.0,"enemies":"Slavers","floor":23.0,"turns":6.0},{"damage":22.0,"enemies":"Book of Stabbing","floor":25.0,"turns":8.0},{"damage":5.0,"enemies":"3 Cultists","floor":27.0,"turns":6.0},{"damage":0.0,"enemies":"Chosen and Byrds","floor":28.0,"turns":5.0},{"damage":0.0,"enemies":"Gremlin Leader","floor":29.0,"turns":10.0},{"damage":0.0,"enemies":"Snecko","floor":30.0,"turns":5.0},{"damage":5,"enemies":"Automaton","floor":33,"turns":14},{"damage":0,"enemies":"3 Shapes","floor":35,"turns":5},{"damage":5,"enemies":"2 Orb Walkers","floor":38,"turns":8},{"damage":7,"enemies":"Nemesis","floor":40,"turns":11},{"damage":21,"enemies":"Reptomancer","floor":42,"turns":9},{"damage":0,"enemies":"Nemesis","floor":46,"turns":7},{"damage":0,"enemies":"3 Darklings","floor":47,"turns":4},{"damage":4,"enemies":"Reptomancer","floor":48,"turns":6},{"damage":11,"enemies":"Time Eater","floor":50,"turns":15}],"seed_played":"3487736220471034251","potions_obtained":[{"floor":1.0,"key":"EssenceOfSteel"},{"floor":4.0,"key":"AttackPotion"},{"floor":11.0,"key":"BlessingOfTheForge"},{"floor":13.0,"key":"SteroidPotion"},{"floor":21.0,"key":"Fire Potion"},{"floor":27.0,"key":"ColorlessPotion"},{"floor":29.0,"key":"Explosive Potion"},{"floor":33,"key":"SkillPotion"},{"floor":40,"key":"Poison Potion"},{"floor":47,"key":"DistilledChaos"},{"floor":48,"key":"CunningPotion"}],"is_trial":false,"path_per_floor":["M","M","M","M","M","R","E","?","T","R","M","R","E","M","R","B",null,"M","?","M","M","?","E","R","E","T","M","M","E","M","T","R","B",null,"M","$","?","?","?","E","T","E","T","$","R","E","M","E","R","B",null],"character_chosen":"THE_SILENT","items_purchased":["Apotheosis","Footwork","Membership Card","Mercury Hourglass","Ornamental Fan","Well Laid Plans"],"campfire_rested":4,"item_purchase_floors":[36,36,44,44,44,44],"current_hp_per_floor":[62,62,60,28,17,35,17,5,5,23,23,41,29,29,29,7,63,49,49,49,49,49,44,44,22,22,17,17,17,17,17,35,30,63,63,63,63,72,72,65,65,44,44,44,62,62,62,58,76,66],"gold":283,"neow_bonus":"ONE_RARE_RELIC","is_daily":false,"chose_seed":false,"campfire_upgraded":4,"win_rate":0.0,"timestamp":1612696767,"path_taken":["M","M","M","M","M","R","E","?","T","R","M","R","E","M","R","BOSS","M","?","M","M","?","E","R","E","T","M","?","E","M","?","R","BOSS","M","$","?","?","?","E","?","E","T","?","R","E","M","E","R","BOSS"],"items_purchased_type":["Card","Card","Relic","Relic","Relic","Card"],"build_version":"2020-12-22","purchased_purges":2,"victory":true,"max_hp_per_floor":[63,63,63,63,63,63,63,63,63,63,63,63,63,63,63,63,63,63,63,63,63,63,63,63,63,63,63,63,63,63,63,63,63,63,63,63,63,77,77,77,77,77,77,77,77,77,77,77,77,77],"relic_stats":{"counters":[28,193],"Eternal Feather":36,"Pen Nib":[40],"Bag of Preparation":[42],"War Paint":["Survivor","Defend_G"],"MawBank":60,"Mercury Hourglass":[99],"Blood Vial":1,"Tough Bandages":[1074],"Nunchaku":[25],"Lizard Tail":0,"Mummified Hand":[41],"Ornamental Fan":[36],"Bronze Scales":[307],"Tiny Chest":2,"Black Star":7,"obtain_stats":[{"Ice Cream":23,"Lantern":46,"Mango":38,"Bag of Preparation":8,"Bottled Tornado":29,"Blood Vial":48,"Tough Bandages":0,"Nunchaku":26,"Lizard Tail":43,"WristBlade":34,"Mummified Hand":23,"Ninja Scroll":48,"Tiny Chest":9,"Ring of the Snake":0,"Potion Belt":40,"Oddly Smooth Stone":25,"Thread and Needle":7,"Eternal Feather":41,"Pen Nib":13,"War Paint":29,"MawBank":46,"Mercury Hourglass":44,"Bottled Flame":31,"Ornamental Fan":44,"Bronze Scales":25,"Molten Egg 2":42,"Black Star":17,"Bag of Marbles":42,"Membership Card":44,"Toy Ornithopter":40},{"Ice Cream":14,"Lantern":25,"Mango":22,"Bag of Preparation":6,"Bottled Tornado":18,"Blood Vial":27,"Tough Bandages":0,"Nunchaku":15,"Lizard Tail":24,"WristBlade":20,"Mummified Hand":14,"Ninja Scroll":27,"Tiny Chest":6,"Ring of the Snake":0,"Potion Belt":23,"Oddly Smooth Stone":15,"Thread and Needle":6,"Eternal Feather":23,"Pen Nib":8,"War Paint":18,"MawBank":25,"Mercury Hourglass":24,"Bottled Flame":19,"Ornamental Fan":24,"Bronze Scales":15,"Molten Egg 2":24,"Black Star":10,"Bag of Marbles":24,"Membership Card":24,"Toy Ornithopter":23},{"Ice Cream":80,"Lantern":168,"Mango":141,"Bag of Preparation":34,"Bottled Tornado":109,"Blood Vial":178,"Tough Bandages":0,"Nunchaku":88,"Lizard Tail":161,"WristBlade":128,"Mummified Hand":80,"Ninja Scroll":178,"Tiny Chest":34,"Ring of the Snake":0,"Potion Belt":152,"Oddly Smooth Stone":88,"Thread and Needle":34,"Eternal Feather":152,"Pen Nib":40,"War Paint":109,"MawBank":168,"Mercury Hourglass":161,"Bottled Flame":114,"Ornamental Fan":161,"Bronze Scales":88,"Molten Egg 2":161,"Black Star":58,"Bag of Marbles":161,"Membership Card":161,"Toy Ornithopter":152}],"Toy Ornithopter":0,"Ring of the Snake":[56]},"card_choices":[{"not_picked":["Riddle With Holes","Bane"],"picked":"Sucker Punch","floor":1.0},{"not_picked":["Underhanded Strike","Prepared","Skewer"],"picked":"SKIP","floor":2.0},{"not_picked":["Reflex","Acrobatics","Poisoned Stab"],"picked":"SKIP","floor":3.0},{"not_picked":["Slice","Dodge and Roll"],"picked":"Dagger Spray","floor":4.0},{"not_picked":["All Out Attack","Masterful Stab"],"picked":"Storm of Steel","floor":5.0},{"not_picked":["Poisoned Stab","Footwork"],"picked":"Slice","floor":7.0},{"not_picked":["Flechettes","Poisoned Stab","Heel Hook"],"picked":"SKIP","floor":11.0},{"not_picked":["Backflip","Dodge and Roll","Quick Slash"],"picked":"SKIP","floor":13.0},{"not_picked":["Caltrops","Prepared"],"picked":"Die Die Die","floor":14.0},{"not_picked":["Malaise","After Image"],"picked":"Wraith Form v2","floor":16.0},{"not_picked":["Flechettes","Acrobatics"],"picked":"Dagger Throw","floor":18.0},{"not_picked":["Dash","Deflect"],"picked":"Cloak And Dagger+1","floor":20.0},{"not_picked":["Caltrops","Finisher","Cloak And Dagger"],"picked":"SKIP","floor":21.0},{"not_picked":["A Thousand Cuts","Deflect"],"picked":"Calculated Gamble","floor":23.0},{"not_picked":["PiercingWail","Blade Dance"],"picked":"Footwork","floor":25.0},{"not_picked":["Leg Sweep","Dodge and Roll+1"],"picked":"Blur+1","floor":27.0},{"not_picked":["Backflip","Flechettes+1"],"picked":"Prepared+1","floor":28.0},{"not_picked":["After Image","Venomology"],"picked":"Outmaneuver+1","floor":29.0},{"not_picked":["Deadly Poison+1","Dagger Throw"],"picked":"Acrobatics","floor":30.0},{"not_picked":["Unload","Storm of Steel"],"picked":"After Image","floor":33},{"not_picked":["Poisoned Stab+1","Blade Dance"],"picked":"Backflip+1","floor":35},{"not_picked":["Outmaneuver+1","Skewer"],"picked":"Acrobatics","floor":38},{"not_picked":["Slice","Bullet Time","Dagger Throw"],"picked":"SKIP","floor":40},{"not_picked":["Dagger Spray+1","Accuracy"],"picked":"Bouncing Flask+1","floor":42},{"not_picked":["Outmaneuver","Infinite Blades+1","Heel Hook+1"],"picked":"SKIP","floor":46},{"not_picked":["Bane+1","Flechettes+1"],"picked":"Deflect+1","floor":47},{"not_picked":["Outmaneuver","Doppelganger"],"picked":"Dodge and Roll+1","floor":48}],"player_experience":84176,"relics_obtained":[{"floor":7.0,"key":"Thread and Needle"},{"floor":9.0,"key":"Tiny Chest"},{"floor":13.0,"key":"Pen Nib"},{"floor":23.0,"key":"Ice Cream"},{"floor":23.0,"key":"Mummified Hand"},{"floor":25.0,"key":"Oddly Smooth Stone"},{"floor":25.0,"key":"Bronze Scales"},{"floor":26.0,"key":"Nunchaku"},{"floor":29.0,"key":"War Paint"},{"floor":29.0,"key":"Bottled Tornado"},{"floor":31.0,"key":"Bottled Flame"},{"floor":38,"key":"Mango"},{"floor":40,"key":"Potion Belt"},{"floor":40,"key":"Toy Ornithopter"},{"floor":41,"key":"Eternal Feather"},{"floor":42,"key":"Bag of Marbles"},{"floor":42,"key":"Molten Egg 2"},{"floor":43,"key":"Lizard Tail"},{"floor":46,"key":"MawBank"},{"floor":46,"key":"Lantern"},{"floor":48,"key":"Ninja Scroll"},{"floor":48,"key":"Blood Vial"}],"event_choices":[{"damage_healed":0.0,"max_hp_gain":0.0,"max_hp_loss":0.0,"gold_gain":0.0,"event_name":"Scrap Ooze","player_choice":"Success","floor":8.0,"gold_loss":0.0,"damage_taken":12.0,"relics_obtained":["Bag of Preparation"]},{"damage_healed":0.0,"max_hp_gain":0.0,"max_hp_loss":0.0,"gold_gain":99.0,"event_name":"Nest","player_choice":"Stole From Cult","floor":19.0,"gold_loss":0.0,"damage_taken":0.0},{"damage_healed":0.0,"max_hp_gain":0.0,"max_hp_loss":0.0,"gold_gain":0.0,"event_name":"Accursed Blacksmith","player_choice":"Forge","floor":22.0,"gold_loss":0.0,"damage_taken":0.0,"cards_upgraded":["Wraith Form v2"]},{"damage_healed":0,"gold_gain":0,"player_choice":"Ignored","damage_taken":0,"max_hp_gain":0,"max_hp_loss":0,"event_name":"Tomb of Lord Red Mask","floor":37,"gold_loss":0},{"damage_healed":0,"gold_gain":0,"player_choice":"Fight","damage_taken":0,"max_hp_gain":0,"max_hp_loss":0,"event_name":"Mysterious Sphere","floor":38,"gold_loss":0},{"cards_removed":["Acrobatics"],"damage_healed":0,"gold_gain":0,"player_choice":"Removed Skill","damage_taken":0,"max_hp_gain":0,"max_hp_loss":0,"event_name":"Falling","floor":39,"gold_loss":0}],"is_beta":false,"boss_relics":[{"not_picked":["Ectoplasm","Astrolabe"],"picked":"Black Star"},{"not_picked":["Coffee Dripper","Fusion Hammer"],"picked":"WristBlade"}],"items_purged_floors":[36,44],"is_endless":false,"potions_floor_spawned":[1,4,11,13,21,27,29,33,35,40,47,48],"ascension_level":3}}