{"host":"etcb6tchevl37gae","time":1612663866,"event":{"mods":["BaseMod","Duelist Mod","GifTheSpireLib","Hubris","Minty Spire (QoL Compilation)","Permanent Neow","Remove Card Discount Mod","StSLib"],"gold_per_floor":[141,141,158,170,245,270,270,4221,4221,4238,4262,4293,4313,4329,4329,4427,4427,4437,4451,4451,4451,4451,4477,4489,4547,4547,4547,4567,4567,4585,4620,4620,4716,4716,4729,4743,4756,4184,4124,4124,4149,4149,4149,4161,4176,4176,4209,4209,4209,4189,4189,4189,3434,3427,3382],"floor_reached":56,"language":"ENG","playtime":5764,"items_purged":["theDuelist:CastleWalls","theDuelist:GiantSoldier","theDuelist:Sparks","theDuelist:FinalFlame","Shame","Injury","theDuelist:CastleWalls","theDuelist:Sparks","theDuelist:BeaverWarrior","theDuelist:BeaverWarrior"],"score":1865,"play_id":"c1f358ac-fb60-4d03-ae6c-aaed521db7cc","local_time":"20210207101106","is_ascension_mode":true,"campfire_choices":[{"floor":7.0,"key":"REST"},{"data":"theDuelist:RedHeadedOni","floor":15,"key":"SMITH"},{"data":"theDuelist:MillenniumGolem","floor":27,"key":"SMITH"},{"floor":29,"key":"RECALL"},{"data":"theDuelist:RainbowKuriboh","floor":32,"key":"SMITH"},{"floor":40,"key":"REST"},{"data":"theDuelist:GridRod","floor":42,"key":"SMITH"},{"floor":46,"key":"REST"},{"data":"theDuelist:GilfordLegend","floor":49,"key":"SMITH"},{"data":"theDuelist:WingedKuriboh","floor":52,"key":"SMITH"}],"circlet_count":0,"master_deck":["theDuelist:Nameless:Magic:AllyJustice","theDuelist:RainbowKuriboh+1","theDuelist:AmuletAmbition+5","theDuelist:PotForbidden+1","theDuelist:RedHeadedOni+1","theDuelist:Eva","theDuelist:VenomShot+1","theDuelist:MirrorForce","theDuelist:ElectromagneticShield","theDuelist:GiantSoldier+1","theDuelist:RainbowKuriboh+1","Sadistic Nature","theDuelist:CursedBill","theDuelist:DuelistAscender","theDuelist:GreenGraveOni+1","theDuelist:MagicalStone","theDuelist:MillenniumGolem+1","theDuelist:Tuningware","theDuelist:SangaEarth+1","theDuelist:SpiralSpearStrike","theDuelist:Reinforcements+1","theDuelist:GreenGraveOni+1","theDuelist:ScrapFactory","theDuelist:Reinforcements+1","theDuelist:HappyLover+1","theDuelist:GreyGreedOni+1","theDuelist:MiraculousDescent+1","theDuelist:GilfordLegend+1","theDuelist:CrystalRaigeki","theDuelist:WingedKuriboh+1","theDuelist:HappyLover+1","theDuelist:GridRod+1","theDuelist:FrontierWiseman"],"relics":["theDuelist:MillenniumPuzzle","theDuelist:CardPoolRelic","theDuelist:CardPoolBasicRelic","theDuelist:BoosterPackPoolRelic","theDuelist:CardPoolAddRelic","theDuelist:CardPoolMinusRelic","theDuelist:CardPoolSaveRelic","theDuelist:CardPoolOptionsRelic","theDuelist:NamelessPowerRelicB","Oddly Smooth Stone","theDuelist:SpellMaxHPRelic","hubris:TinFlute","ClockworkSouvenir","theDuelist:BoosterPackTrapEgg","Odd Mushroom","hubris:BallOfYels","hubris:TerracottaHorce","FossilizedHelix","Snake Skull","War Paint","hubris:RunicObelisk","Bag of Marbles","Juzu Bracelet","Letter Opener","PreservedInsect","hubris:ToyBattleship","theDuelist:MillenniumSymbol","Bronze Scales","Paper Frog","Orrery","Shuriken"],"acts_visited":[],"potions_floor_usage":[16,25,25,47,50,50,55],"damage_taken":[{"damage":0.0,"enemies":"Small Slimes","floor":1.0,"turns":3.0},{"damage":0.0,"enemies":"Cultist","floor":3.0,"turns":3.0},{"damage":0.0,"enemies":"Jaw Worm","floor":4.0,"turns":3.0},{"damage":27.0,"enemies":"Gremlin Nob","floor":6.0,"turns":6.0},{"damage":21.0,"enemies":"Large Slime","floor":10.0,"turns":7.0},{"damage":1.0,"enemies":"The Mushroom Lair","floor":11.0,"turns":4.0},{"damage":0,"enemies":"Lagavulin","floor":12,"turns":6},{"damage":0,"enemies":"Looter","floor":13,"turns":4},{"damage":2,"enemies":"Exordium Thugs","floor":14,"turns":3},{"damage":0,"enemies":"Slime Boss","floor":16,"turns":4},{"damage":9,"enemies":"Spheric Guardian","floor":18,"turns":4},{"damage":1,"enemies":"2 Thieves","floor":19,"turns":3},{"damage":12,"enemies":"theDuelist:KaibaA2","floor":23,"turns":5},{"damage":0,"enemies":"Chosen and Byrds","floor":24,"turns":3},{"damage":21,"enemies":"Slavers","floor":25,"turns":4},{"damage":0,"enemies":"Snake Plant","floor":28,"turns":1},{"damage":0,"enemies":"Snecko","floor":30,"turns":3},{"damage":0,"enemies":"theDuelist:KaibaA2","floor":31,"turns":4},{"damage":15,"enemies":"Collector","floor":33,"turns":8},{"damage":12,"enemies":"3 Shapes","floor":35,"turns":2},{"damage":0,"enemies":"Orb Walker","floor":36,"turns":3},{"damage":31,"enemies":"Sphere and 2 Shapes","floor":37,"turns":5},{"damage":9,"enemies":"Reptomancer","floor":41,"turns":4},{"damage":0,"enemies":"Maw","floor":44,"turns":5},{"damage":0,"enemies":"Writhing Mass","floor":45,"turns":2},{"damage":12,"enemies":"Nemesis","floor":47,"turns":4},{"damage":0,"enemies":"hubris:GrandSnecko","floor":50,"turns":5},{"damage":0,"enemies":"Shield and Spear","floor":54,"turns":2},{"damage":0,"enemies":"The Heart","floor":55,"turns":5}],"seed_played":"2031005269856541655","potions_obtained":[{"floor":3.0,"key":"theDuelist:WaterBottle"},{"floor":6.0,"key":"Strength Potion"},{"floor":14,"key":"Weak Potion"},{"floor":24,"key":"PowerPotion"},{"floor":28,"key":"SteroidPotion"},{"floor":31,"key":"SpeedPotion"},{"floor":33,"key":"FocusPotion"},{"floor":36,"key":"theDuelist:FireBottle"},{"floor":37,"key":"Swift Potion"},{"floor":47,"key":"theDuelist:ExtraOrbsBottle"}],"is_trial":false,"path_per_floor":["M","?","M","M","?","E","R","$","T","M","?","E","M","M","R","B",null,"M","M","?","?","?","E","M","E","T","R","M","R","M","E","R","B",null,"M","M","M","$","?","R","E","R","T","M","M","R","E","?","R","B",null,"R","$","E","B",null],"character_chosen":"THE_DUELIST","items_purchased":["LiquidBronze","theDuelist:GreyGreedOni","theDuelist:SpellMaxHPRelic","hubris:TinFlute","ClockworkSouvenir","theDuelist:ElectromagneticShield","Bag of Marbles","Juzu Bracelet","theDuelist:GilfordLegend","Sadistic Nature","Bronze Scales","Paper Frog","Orrery","theDuelist:MirrorForce","theDuelist:StunPotion","theDuelist:SummonFuryPotion"],"campfire_rested":3,"item_purchase_floors":[8,8,8,8,8,8,38,38,38,38,53,53,53,53,53,53],"current_hp_per_floor":[80,76,76,76,69,42,64,65,65,44,43,44,44,42,42,42,69,60,64,64,64,64,53,53,33,33,33,33,33,33,33,33,26,67,55,55,24,24,24,48,44,44,44,58,58,81,69,69,69,76,80,80,81,81,81],"gold":3382,"neow_bonus":"RANDOM_COLORLESS","is_daily":false,"chose_seed":false,"campfire_upgraded":6,"win_rate":0.0,"timestamp":1612663866,"path_taken":["M","?","M","M","?","E","R","$","T","?","?","E","M","M","R","BOSS","M","M","?","?","?","E","M","E","T","R","?","R","M","E","R","BOSS","M","M","M","$","?","R","E","R","T","M","M","R","E","?","R","BOSS","R","$","E","BOSS"],"items_purchased_type":["Potion","Card","Relic","Relic","Relic","Card","Relic","Relic","Card","Card","Relic","Relic","Relic","Card","Potion","Potion"],"build_version":"2020-12-22","purchased_purges":10,"victory":true,"max_hp_per_floor":[80,76,76,76,76,76,76,77,77,77,77,78,78,78,78,78,78,78,78,78,78,78,79,79,80,80,80,80,80,80,80,80,81,81,81,81,81,81,81,81,81,81,81,81,81,81,81,81,81,81,81,81,82,82,82],"card_choices":[{"not_picked":["theDuelist:PotDichotomy","theDuelist:Cloning"],"picked":"theDuelist:RedHeadedOni","floor":0.0},{"not_picked":["theDuelist:HammerShot","theDuelist:GreenGraveOni","theDuelist:Reload","theDuelist:MirrorForce"],"picked":"theDuelist:WingedKuriboh","floor":1.0},{"not_picked":["theDuelist:FuryFire","theDuelist:Hinotama","theDuelist:LightningRodLord","theDuelist:Mathematician"],"picked":"theDuelist:MillenniumGolem","floor":3.0},{"not_picked":["theDuelist:MeteorDestruction","theDuelist:CoreBlaster","theDuelist:PowerKaishin","theDuelist:Invigoration","theDuelist:GravityAxe"],"picked":"SKIP","floor":4.0},{"not_picked":["theDuelist:DestroyerGolem","theDuelist:EarthquakeGiant","theDuelist:MagicHoleGolem","theDuelist:RainbowOverdragon"],"picked":"theDuelist:RainbowKuriboh","floor":6.0},{"not_picked":["theDuelist:BerserkerCrush","theDuelist:DeltaAttacker","theDuelist:CharcoalInpachi","theDuelist:VenomShot"],"picked":"theDuelist:FrontierWiseman","floor":10.0},{"not_picked":["theDuelist:MeteorDestruction","theDuelist:Invigoration","theDuelist:OnslaughtFireKings","theDuelist:WormApocalypse"],"picked":"theDuelist:Eva","floor":11},{"not_picked":["theDuelist:RainbowNeos","theDuelist:CoreBlaster","theDuelist:InfernoFireBlast","theDuelist:SparkBlaster"],"picked":"theDuelist:SpiralSpearStrike","floor":12},{"not_picked":["theDuelist:Hinotama","theDuelist:SpellShatteringArrow","theDuelist:DoubleTool","theDuelist:SparkBlaster","theDuelist:VendreadCharge"],"picked":"SKIP","floor":13},{"not_picked":["theDuelist:DoubleTool","theDuelist:MagnumShield","theDuelist:WhiteMagicalHat","theDuelist:CombinationAttack","theDuelist:SpellShatteringArrow"],"picked":"SKIP","floor":14},{"not_picked":["theDuelist:Eva","theDuelist:HappyLover+1","theDuelist:KamionTimelord","theDuelist:RainbowNeos"],"picked":"theDuelist:RainbowKuriboh+1","floor":18},{"not_picked":["theDuelist:MythicalBeast","theDuelist:SangaEarth+1","theDuelist:BattleFootballer+1","theDuelist:SolarWindJammer"],"picked":"theDuelist:Tuningware","floor":19},{"not_picked":["theDuelist:BerserkerCrush+1","theDuelist:InfernoFireBlast","theDuelist:DeltaAttacker","theDuelist:LightningBlade"],"picked":"theDuelist:MagicalStone","floor":23},{"not_picked":["theDuelist:CombinationAttack+1","theDuelist:MeteorDestruction","theDuelist:DarkBurningAttack","theDuelist:Downbeat","theDuelist:SpellShatteringArrow"],"picked":"SKIP","floor":24},{"not_picked":["theDuelist:BigFire","theDuelist:AfterTheStorm","theDuelist:RainbowNeos","theDuelist:MeteorDestruction+1"],"picked":"theDuelist:VenomShot+1","floor":25},{"not_picked":["theDuelist:Eva","theDuelist:KamionTimelord","theDuelist:RainbowNeos","theDuelist:PotForbidden"],"picked":"theDuelist:HappyLover","floor":28},{"not_picked":["theDuelist:MeteorDestruction","theDuelist:WormApocalypse+1","theDuelist:Eva","theDuelist:Tuningware","theDuelist:WhiteNinja"],"picked":"SKIP","floor":30},{"not_picked":["theDuelist:ElectromagneticShield","theDuelist:Electrowhip","theDuelist:WhiteHowling+1"],"picked":"theDuelist:MiraculousDescent+1","floor":31},{"not_picked":["theDuelist:Mathematician","theDuelist:AmuletAmbition+1","theDuelist:FeatherShot+1","theDuelist:PineappleBlast+1"],"picked":"theDuelist:GridRod","floor":33},{"not_picked":["theDuelist:RainbowNeos+1","theDuelist:DoubleTool","theDuelist:Hinotama+1","theDuelist:MeteorDestruction","theDuelist:InfernoFireBlast+1"],"picked":"SKIP","floor":35},{"not_picked":["theDuelist:GaiaMidNightSun","theDuelist:PurplePainOni","theDuelist:LightningVortex+1","theDuelist:FlameTiger+1"],"picked":"theDuelist:GreenGraveOni+1","floor":36},{"not_picked":["theDuelist:SpiralSpearStrike","theDuelist:FinalFlame","theDuelist:ElectromagneticShield","theDuelist:DuelistAscender"],"picked":"theDuelist:GreenGraveOni+1","floor":37},{"not_picked":["theDuelist:Eva+1","theDuelist:HappyLover+1","theDuelist:KamionTimelord","theDuelist:RainbowNeos+1"],"picked":"theDuelist:PotForbidden+1","floor":41},{"not_picked":["theDuelist:PowerGiant","theDuelist:Sangan+1","theDuelist:WingedKuriboh","theDuelist:EvilswarmHeliotrope+1","theDuelist:Mathematician"],"picked":"SKIP","floor":44},{"not_picked":["theDuelist:FairyBox+1","theDuelist:Graverobber+1","theDuelist:ImperialOrder+1","theDuelist:WhiteHowling+1"],"picked":"theDuelist:Reinforcements+1","floor":45},{"not_picked":["Jack Of All Trades","PanicButton","Sadistic Nature","Violence+1"],"picked":"SKIP","floor":47},{"not_picked":["theDuelist:Eva+1","theDuelist:FrontierWiseman+1","theDuelist:SangaEarth+1","theDuelist:SpiritHarp+1"],"picked":"theDuelist:HappyLover+1","floor":53},{"not_picked":["theDuelist:GridRod+1","theDuelist:LightLaser+1","theDuelist:PineappleBlast+1","theDuelist:Wildfire+4"],"picked":"theDuelist:AmuletAmbition+5","floor":53},{"not_picked":["theDuelist:SpiralSpearStrike+3","theDuelist:FusionWeapon+1","theDuelist:GravityBlaster+1","theDuelist:ForbiddenLance+6"],"picked":"theDuelist:SangaEarth+1","floor":53},{"not_picked":["theDuelist:CrystalRaigeki+1","theDuelist:PsychicShockwave+1","theDuelist:PineappleBlast+1","theDuelist:WhiteHowling+1"],"picked":"theDuelist:Reinforcements+1","floor":54}],"player_experience":107384,"relics_obtained":[{"floor":6.0,"key":"Oddly Smooth Stone"},{"floor":9.0,"key":"theDuelist:BoosterPackTrapEgg"},{"floor":11,"key":"Odd Mushroom"},{"floor":12,"key":"hubris:BallOfYels"},{"floor":23,"key":"FossilizedHelix"},{"floor":25,"key":"Snake Skull"},{"floor":31,"key":"War Paint"},{"floor":41,"key":"Letter Opener"},{"floor":43,"key":"PreservedInsect"},{"floor":47,"key":"hubris:ToyBattleship"},{"floor":54,"key":"Shuriken"}],"event_choices":[{"power_reward":3.0,"total_magic_score":32.0,"gold_gain":0.0,"duelist":true,"damage_taken":0.0,"relics_obtained":["theDuelist:NamelessPowerRelicB"],"points":3.0,"max_hp_gain":0.0,"max_hp_loss":4.0,"spent_points":{"magic":0.0,"greed":0.0,"war":0.0,"power":3.0,"hunger":0.0},"event_name":"Nameless Tomb","floor":2.0,"gold_loss":0.0,"cards_obtained":[]},{"damage_healed":0.0,"max_hp_gain":0.0,"max_hp_loss":0.0,"gold_gain":75.0,"event_name":"FaceTrader","player_choice":"Touch","floor":5.0,"gold_loss":0.0,"damage_taken":7.0},{"damage_healed":0.0,"max_hp_gain":0.0,"max_hp_loss":0.0,"gold_gain":0.0,"event_name":"Mushrooms","player_choice":"Fought Mushrooms","floor":11.0,"gold_loss":0.0,"damage_taken":0.0},{"damage_healed":0,"gold_gain":0,"player_choice":"Ignored","damage_taken":0,"max_hp_gain":0,"max_hp_loss":0,"event_name":"Ghosts","floor":21,"gold_loss":0},{"total_magic_score":61,"gold_gain":0,"duelist":true,"damage_taken":0,"relics_obtained":[],"points":16,"max_hp_gain":0,"max_hp_loss":0,"spent_points":{"magic":1,"greed":0,"war":0,"power":0,"hunger":0},"event_name":"Nameless Tomb","floor":22,"gold_loss":0,"magic_reward":1,"cards_obtained":["theDuelist:Nameless:Magic:AllyJustice","Injury","theDuelist:DuelistAscender","Shame"]},{"damage_healed":0,"gold_gain":0,"player_choice":"Purchased Crystal Raigeki for 60 Gold.","duelist":true,"damage_taken":0,"max_hp_gain":0,"max_hp_loss":0,"event_name":"Card Trader","floor":39,"gold_loss":0},{"damage_healed":0,"gold_gain":0,"player_choice":"Took item - Received: Millennium Symbol","duelist":true,"damage_taken":0,"max_hp_gain":0,"max_hp_loss":0,"event_name":"Millennium Items","floor":48,"gold_loss":0}],"is_beta":false,"boss_relics":[{"not_picked":["Empty Cage","Tiny House"],"picked":"hubris:TerracottaHorce"},{"not_picked":["Busted Crown","theDuelist:HauntedRelic"],"picked":"hubris:RunicObelisk"}],"items_purged_floors":[8,8,8,38,38,38,38,38,38,38],"is_endless":false,"potions_floor_spawned":[3,6,10,14,24,28,31,33,36,37,41,45,47],"ascension_level":5}}