{"host":"9bcvatsnbq1a3xq4","time":1612699001,"event":{"mods":["BaseMod","Bestiary","Block Reminder","Highlight Path","Minty Spire (QoL Compilation)","Relic Stats"],"gold_per_floor":[113,128,51,63,63,90,90,110,110,110,143,160,160,178,178,255,255,255,255],"floor_reached":18,"language":"ENG","playtime":1154,"items_purged":[],"score":344,"play_id":"4bb72a09-afa1-405a-b234-572555dc7f67","local_time":"20210207125641","is_ascension_mode":true,"campfire_choices":[{"data":"Barrage","floor":7,"key":"SMITH"},{"floor":10,"key":"REST"},{"floor":13,"key":"REST"},{"floor":15,"key":"REST"}],"circlet_count":0,"master_deck":["AscendersBane","Strike_B","Strike_B","Strike_B","Defend_B","Defend_B","Defend_B","Zap","Dualcast","Tempest","Barrage+1","Turbo","Gash","Steam","Hello World","Compile Driver","Recycle","Double Energy","Auto Shields","Chill","Core Surge","Static Discharge","Echo Form"],"relics":["Cracked Core","Nunchaku","White Beast Statue","Prayer Wheel","SacredBark"],"acts_visited":["Exordium","TheCity"],"potions_floor_usage":[6,8,12,16],"damage_taken":[{"damage":4,"enemies":"Small Slimes","floor":1,"turns":3},{"damage":1,"enemies":"Cultist","floor":2,"turns":3},{"damage":2,"enemies":"Jaw Worm","floor":4,"turns":3},{"damage":15,"enemies":"Lagavulin","floor":6,"turns":7},{"damage":21,"enemies":"Exordium Thugs","floor":8,"turns":5},{"damage":20,"enemies":"3 Sentries","floor":11,"turns":6},{"damage":9,"enemies":"2 Fungi Beasts","floor":12,"turns":2},{"damage":15,"enemies":"Looter","floor":14,"turns":4},{"damage":31,"enemies":"Slime Boss","floor":16,"turns":8},{"damage":63,"enemies":"3 Byrds","floor":18,"turns":3}],"seed_played":"3813595037366924691","potions_obtained":[{"floor":1,"key":"SkillPotion"},{"floor":2,"key":"SpeedPotion"},{"floor":11,"key":"ColorlessPotion"},{"floor":12,"key":"CultistPotion"},{"floor":14,"key":"SteroidPotion"},{"floor":16,"key":"SpeedPotion"}],"is_trial":false,"path_per_floor":["M","M","$","M","?","E","R","M","T","R","E","M","R","M","R","B",null,"M"],"character_chosen":"DEFECT","items_purchased":["Turbo","Gash"],"campfire_rested":3,"item_purchase_floors":[3,3],"current_hp_per_floor":[60,59,59,57,57,42,42,21,21,40,20,11,30,15,34,3,49,0,0],"gold":255,"neow_bonus":"REMOVE_TWO","is_daily":false,"chose_seed":false,"campfire_upgraded":1,"win_rate":0.0,"timestamp":1612699001,"path_taken":["M","M","$","M","?","E","R","M","T","R","E","M","R","?","R","BOSS","M"],"items_purchased_type":["Card","Card"],"build_version":"2020-12-22","purchased_purges":0,"victory":false,"max_hp_per_floor":[64,64,64,64,64,64,64,64,64,64,64,64,64,64,64,64,64,64,64],"relic_stats":{"Nunchaku":[3],"counters":[10,44],"Prayer Wheel":2,"obtain_stats":[{"Nunchaku":6,"SacredBark":17,"Prayer Wheel":11,"Cracked Core":0,"White Beast Statue":9},{"Nunchaku":4,"SacredBark":9,"Prayer Wheel":6,"Cracked Core":0,"White Beast Statue":5},{"Nunchaku":16,"SacredBark":41,"Prayer Wheel":27,"Cracked Core":0,"White Beast Statue":21}]},"card_choices":[{"not_picked":["Skim","Heatsinks"],"picked":"Tempest","floor":1},{"not_picked":["Heatsinks","Compile Driver"],"picked":"Barrage","floor":2},{"not_picked":["Skim","Reinforced Body"],"picked":"Steam","floor":4},{"not_picked":["Self Repair","Tempest"],"picked":"Compile Driver","floor":6},{"not_picked":["Amplify","Conserve Battery"],"picked":"Recycle","floor":8},{"not_picked":["Turbo","Melter"],"picked":"Double Energy","floor":11},{"not_picked":["Streamline","Hello World"],"picked":"Auto Shields","floor":12},{"not_picked":["Coolheaded","Scrape"],"picked":"Chill","floor":12},{"not_picked":["Streamline","Stack"],"picked":"Core Surge","floor":14},{"not_picked":["Redo","Turbo"],"picked":"Static Discharge","floor":14},{"not_picked":["Reboot","Buffer"],"picked":"Echo Form","floor":16}],"player_experience":806651,"relics_obtained":[{"floor":6,"key":"Nunchaku"},{"floor":9,"key":"White Beast Statue"},{"floor":11,"key":"Prayer Wheel"}],"event_choices":[{"damage_healed":0,"gold_gain":0,"player_choice":"1 cards matched","damage_taken":0,"max_hp_gain":0,"max_hp_loss":0,"event_name":"Match and Keep!","floor":5,"gold_loss":0,"cards_obtained":["Hello World"]}],"is_beta":false,"boss_relics":[{"not_picked":["Runic Dome","Calling Bell"],"picked":"SacredBark"}],"items_purged_floors":[],"is_endless":false,"potions_floor_spawned":[1,2,11,12,14,16],"killed_by":"3 Byrds","ascension_level":20}}