{"host":"ydg0vn0pu4pubmdt","time":1612727539,"event":{"mods":["AchievementEnabler","BaseMod","Colored Map","Gold Saver","Minty Spire (QoL Compilation)","Quick Restart","SuperFastMode"],"gold_per_floor":[109,109,34,34,48,82,100,25,25,25,37,47,47,67,67,67,67],"floor_reached":16,"language":"KOR","playtime":320,"items_purged":["Strike_P"],"score":254,"play_id":"491861d2-c927-4b81-b309-7b04c427cfe1","local_time":"20210208045219","is_ascension_mode":true,"campfire_choices":[{"data":"Eruption","floor":10.0,"key":"SMITH"},{"data":"Study","floor":13,"key":"SMITH"},{"data":"TalkToTheHand","floor":15,"key":"SMITH"}],"circlet_count":0,"master_deck":["AscendersBane","Strike_P","Strike_P","Defend_P+1","Defend_P+1","Defend_P","Defend_P","Eruption+1","Vigilance","BattleHymn","Study+1","Protect","Halt","TalkToTheHand+1"],"relics":["PureWater","NeowsBlessing","Calipers","Kunai"],"acts_visited":["Exordium"],"potions_floor_usage":[12,16,16],"damage_taken":[{"damage":0.0,"enemies":"2 Louse","floor":1.0,"turns":1.0},{"damage":0.0,"enemies":"Jaw Worm","floor":5.0,"turns":1.0},{"damage":0.0,"enemies":"3 Sentries","floor":6.0,"turns":2.0},{"damage":4.0,"enemies":"Small Slimes","floor":7.0,"turns":4.0},{"damage":0,"enemies":"2 Fungi Beasts","floor":11,"turns":2},{"damage":9,"enemies":"Exordium Thugs","floor":12,"turns":5},{"damage":0,"enemies":"Exordium Wildlife","floor":14,"turns":6},{"damage":35,"enemies":"Hexaghost","floor":16,"turns":7}],"seed_played":"8112879062299151313","potions_obtained":[{"floor":6.0,"key":"SpeedPotion"},{"floor":11,"key":"DuplicationPotion"},{"floor":12,"key":"BlessingOfTheForge"}],"is_trial":false,"path_per_floor":["M","?","?","?","M","E","M","$","T","R","M","M","R","M","R","B"],"character_chosen":"WATCHER","items_purchased":[],"campfire_rested":0,"item_purchase_floors":[],"current_hp_per_floor":[61,41,41,46,46,46,42,42,42,42,42,33,33,33,33,0,0],"gold":67,"neow_bonus":"THREE_ENEMY_KILL","is_daily":false,"chose_seed":false,"campfire_upgraded":3,"win_rate":0.0,"timestamp":1612727539,"path_taken":["M","?","?","?","M","E","M","$","T","R","M","M","R","M","R","BOSS"],"items_purchased_type":[],"build_version":"2020-12-22","purchased_purges":1,"victory":false,"max_hp_per_floor":[68,68,68,73,73,73,73,73,73,73,73,73,73,73,73,73,73],"card_choices":[{"not_picked":["ThirdEye","Protect"],"picked":"BattleHymn","floor":1.0},{"not_picked":["Crescendo","Wireheading"],"picked":"Study","floor":5.0},{"not_picked":["Nirvana","Vengeance","Weave"],"picked":"SKIP","floor":6.0},{"not_picked":["Wireheading","CrushJoints"],"picked":"Protect","floor":7.0},{"not_picked":["JustLucky","Protect"],"picked":"Halt","floor":11},{"not_picked":["CutThroughFate","Omniscience"],"picked":"TalkToTheHand","floor":12},{"not_picked":["WaveOfTheHand","Wireheading","SashWhip"],"picked":"SKIP","floor":14}],"player_experience":656191,"relics_obtained":[{"floor":6.0,"key":"Calipers"},{"floor":9.0,"key":"Kunai"}],"event_choices":[{"damage_healed":0.0,"max_hp_gain":0.0,"max_hp_loss":0.0,"gold_gain":0.0,"event_name":"Shining Light","player_choice":"Entered Light","floor":2.0,"gold_loss":0.0,"damage_taken":20.0,"cards_upgraded":["Defend_P","Defend_P"]},{"cards_removed":["Strike_P"],"damage_healed":0.0,"max_hp_gain":0.0,"max_hp_loss":0.0,"gold_gain":0.0,"event_name":"The Cleric","player_choice":"Card Removal","floor":3.0,"gold_loss":75.0,"damage_taken":0.0},{"damage_healed":0.0,"max_hp_gain":5.0,"max_hp_loss":0.0,"gold_gain":0.0,"event_name":"Big Fish","player_choice":"Donut","floor":4.0,"gold_loss":0.0,"damage_taken":0.0}],"is_beta":false,"boss_relics":[],"items_purged_floors":[8],"is_endless":false,"potions_floor_spawned":[6,11,12],"killed_by":"Hexaghost","ascension_level":20}}