{"host":"t9zjxed0utvsfjwc","time":1612740551,"event":{"mods":["2.2 Compatiblity","Aspiration","BaseMod","Better Altar","Better Match","Better Note","Better Sensory Stone","Better Skull","Better Third Choice","Block Reminder","Colored Map","Colored Powertips","Custom Start","Downfall","Hermit","Highlight Path","Hubris","Infinite Spire","Marisa????????","Minty Spire (QoL Compilation)","Quick Restart","Rare Cards Sparkle","Reliquary","Replay The Spire","StSLib","The Cursed","The Marked","The Runesmith","Unceasing Turn Reminder","everything is the same but u backflip on backflip"],"gold_per_floor":[0,14,30,30,50,63,141,167,167,197,97,7,33,51,67,170,170,70,80,99,99,84,102,102,114,125,125,125,125],"floor_reached":27,"language":"ENG","playtime":1487,"items_purged":["Slimebound:Strike_Slimebound"],"score":301,"play_id":"563fdd49-e629-4a4a-8df8-26e48cd09651","local_time":"20210207232911","is_ascension_mode":true,"campfire_choices":[{"data":"Slimebound:Split","floor":1,"key":"SMITH"},{"floor":9,"key":"RECALL"},{"data":"Slimebound:PressTheAttack","floor":11,"key":"SMITH"}],"circlet_count":0,"master_deck":["Slimebound:Strike_Slimebound","Slimebound:Strike_Slimebound","Slimebound:Tackle","Slimebound:Defend_Slimebound","Slimebound:Defend_Slimebound","Slimebound:Defend_Slimebound","Slimebound:Defend_Slimebound","Slimebound:Split+1","Slimebound:CorrosiveSpit","Slimebound:Schlurp","Slimebound:SamplingLick","Slimebound:SplitLeeching","Pummel","Hemogenesis","Slimebound:PressTheAttack+1","Slimebound:TagTeam","Slimebound:GrowthPunch","Slimebound:RejuvenatingLick","Slimebound:MinionMaster","Slimebound:SamplingLick","Slimebound:Prepare","Slimebound:Recollect","Slimebound:HauntingLick","Slimebound:SlimeSpikes","Slimebound:LevelUp+1"],"relics":["Thread and Needle","m_BurningSludge","Replay:Baseball","aspiration:HummingbirdHeart","downfall:HeartBlessingRed","hubris:GlazedTorus","SlaversCollar","downfall:HeartBlessingGreen","reliquary:PrincelyHelmet"],"acts_visited":["Exordium","TheCity"],"potions_floor_usage":[10,12,13,13,16,20,23,26,27],"damage_taken":[{"damage":0,"enemies":"Cultist","floor":2,"turns":4},{"damage":0,"enemies":"Jaw Worm","floor":3,"turns":3},{"damage":0,"enemies":"2 Louse","floor":5,"turns":3},{"damage":0,"enemies":"Large Slime","floor":6,"turns":5},{"damage":0,"enemies":"Lagavulin","floor":8,"turns":4},{"damage":0,"enemies":"3 Sentries","floor":10,"turns":8},{"damage":0,"enemies":"downfall:FleeingMerchant","floor":12,"turns":4},{"damage":3,"enemies":"Gremlin Nob","floor":13,"turns":4},{"damage":0,"enemies":"2 Fungi Beasts","floor":14,"turns":2},{"damage":0,"enemies":"3 Louse","floor":15,"turns":2},{"damage":3,"enemies":"SI_SHIV_ARCHETYPE","floor":16,"turns":5},{"damage":8,"enemies":"Spheric Guardian","floor":19,"turns":4},{"damage":0,"enemies":"Chosen and Byrds","floor":20,"turns":6},{"damage":0,"enemies":"downfall:FleeingMerchant","floor":22,"turns":4},{"damage":28,"enemies":"Cultist and Chosen","floor":23,"turns":6},{"damage":5,"enemies":"Centurion and Healer","floor":25,"turns":6},{"damage":0,"enemies":"Snake Plant","floor":26,"turns":3},{"damage":89,"enemies":"Cultist and Chosen","floor":27,"turns":7}],"seed_played":"1438659334453307096","potions_obtained":[{"floor":3,"key":"Guardian:BlockOnCardUsePotion"},{"floor":6,"key":"SpeedPotion"},{"floor":8,"key":"EssenceOfSteel"},{"floor":10,"key":"ColorlessPotion"},{"floor":14,"key":"ColorlessPotion"},{"floor":16,"key":"ColorlessPotion"},{"floor":18,"key":"FairyPotion"},{"floor":18,"key":"LifebloodPotion"},{"floor":23,"key":"LifebloodPotion"},{"floor":25,"key":"DistilledChaos"}],"is_trial":false,"path_per_floor":["R","M","M","?","M","M","T","E","R","E","R","$","E","M","M","B",null,"R_BF","M","M","?","$","M","T","M","M","M"],"character_chosen":"SLIMEBOUND","items_purchased":[],"campfire_rested":0,"item_purchase_floors":[],"current_hp_per_floor":[65,65,65,65,65,65,65,65,65,65,65,65,65,65,65,65,65,65,63,65,65,65,43,43,49,53,0,0,0],"gold":125,"neow_bonus":"ONE_RARE_RELIC","is_daily":false,"chose_seed":false,"campfire_upgraded":2,"win_rate":0.0,"timestamp":1612740551,"path_taken":["R","M","?","?","M","M","T","E","R","E","R","$","E","M","M","BOSS","R_BF","M","M","?","$","M","T","M","M","M"],"items_purchased_type":[],"build_version":"2020-12-22","purchased_purges":1,"victory":false,"max_hp_per_floor":[65,65,65,65,65,65,65,65,65,65,65,65,65,65,65,65,65,65,65,65,65,65,65,65,65,65,65,65,65],"card_choices":[{"not_picked":["Slimebound:ComboTackle","Slimebound:ItLooksTasty"],"picked":"Slimebound:Schlurp","floor":2},{"not_picked":["Slimebound:LeadByExample","Slimebound:Chomp"],"picked":"Slimebound:SamplingLick","floor":3},{"not_picked":["Slimebound:PressTheAttack","Slimebound:FlameTackle"],"picked":"Slimebound:SplitLeeching","floor":5},{"not_picked":["Slimebound:SlimeBrawl","Slimebound:PressTheAttack"],"picked":"Pummel","floor":6},{"not_picked":["Slimebound:LeechEnergy","Slimebound:RollThrough"],"picked":"Hemogenesis","floor":8},{"not_picked":["Slimebound:FormOfPuddle","Slimebound:SplitMire"],"picked":"Slimebound:PressTheAttack","floor":10},{"not_picked":["Sword Boomerang","Slimebound:ItLooksTasty","Slimebound:GoopTackle"],"picked":"SKIP","floor":12},{"not_picked":["Slimebound:Prepare","Slimebound:GoopSpray"],"picked":"Slimebound:TagTeam","floor":13},{"not_picked":["Life Link","Sword Boomerang"],"picked":"Slimebound:GrowthPunch","floor":14},{"not_picked":["Slimebound:PressTheAttack","Slimebound:GoopTackle"],"picked":"Slimebound:RejuvenatingLick","floor":15},{"not_picked":["Slimebound:Teamwork","Slimebound:OneTwoCombo"],"picked":"Slimebound:MinionMaster","floor":16},{"not_picked":["Slimebound:ComboTackle+1","Slimebound:SplitMire"],"picked":"Slimebound:SamplingLick","floor":19},{"not_picked":["Slimebound:ComboTackle","Slimebound:GoopTackle+1"],"picked":"Slimebound:Prepare","floor":20},{"not_picked":["Slimebound:MassFeed","Slimebound:ServeAndProtect"],"picked":"Slimebound:Recollect","floor":22},{"not_picked":["Slimebound:LeechEnergy","Slimebound:RollThrough"],"picked":"Slimebound:HauntingLick","floor":23},{"not_picked":["Slimebound:SplitMire","Slimebound:Equalize"],"picked":"Slimebound:SlimeSpikes","floor":25},{"not_picked":["Slimebound:LeadByExample","Slimebound:PressTheAttack"],"picked":"Slimebound:LevelUp+1","floor":26}],"player_experience":511218,"relics_obtained":[{"floor":8,"key":"Replay:Baseball"},{"floor":10,"key":"aspiration:HummingbirdHeart"},{"floor":13,"key":"hubris:GlazedTorus"},{"floor":24,"key":"reliquary:PrincelyHelmet"}],"event_choices":[],"is_beta":false,"boss_relics":[{"not_picked":["reliquary:Ember","Abe\u0027s Treasure"],"picked":"SlaversCollar"}],"items_purged_floors":[12],"is_endless":false,"potions_floor_spawned":[3,6,8,10,14,16,23,25],"killed_by":"Cultist and Chosen","ascension_level":1}}