{"host":"2zw05eexjythz74b","time":1612730210,"event":{"mods":["AchievementEnabler","BaseMod","Better Altar","Colored Map","Minty Spire (QoL Compilation)","StSLib","everything is the same but u backflip on backflip"],"gold_per_floor":[110,285,77,90,105,135,135,135,135],"floor_reached":8,"language":"ENG","playtime":338,"items_purged":[],"score":64,"play_id":"b0cbee11-70b5-47ee-a693-0cc7613cebf8","local_time":"20210207143650","is_ascension_mode":true,"campfire_choices":[{"data":"Disarm","floor":7,"key":"SMITH"}],"circlet_count":0,"master_deck":["Strike_R","Strike_R","Strike_R","Strike_R","Strike_R","Defend_R","Defend_R","Defend_R","Defend_R","Bash","Injury","Shockwave","Doubt","True Grit","Demon Form","Shockwave","Disarm+1"],"relics":["Burning Blood","Charon\u0027s Ashes","MealTicket"],"acts_visited":["Exordium"],"potions_floor_usage":[],"damage_taken":[{"damage":18,"enemies":"Jaw Worm","floor":1,"turns":4},{"damage":11,"enemies":"2 Louse","floor":4,"turns":3},{"damage":5,"enemies":"Small Slimes","floor":5,"turns":4},{"damage":43,"enemies":"Gremlin Nob","floor":6,"turns":5},{"damage":29,"enemies":"3 Sentries","floor":8,"turns":4}],"seed_played":"1638521735800131318","potions_obtained":[],"is_trial":false,"path_per_floor":["M","?","$","M","M","E","R","E"],"character_chosen":"IRONCLAD","items_purchased":["True Grit","Demon Form"],"campfire_rested":0,"item_purchase_floors":[3,3],"current_hp_per_floor":[68,68,68,63,64,27,27,0,0],"gold":135,"neow_bonus":"ONE_RARE_RELIC","is_daily":false,"chose_seed":false,"campfire_upgraded":1,"win_rate":0.0,"timestamp":1612730210,"path_taken":["M","?","$","M","M","E","R","E"],"items_purchased_type":["Card","Card"],"build_version":"2020-12-22","purchased_purges":0,"victory":false,"max_hp_per_floor":[80,80,80,80,80,80,80,80,80],"card_choices":[{"not_picked":["Rampage","Body Slam"],"picked":"Shockwave","floor":1},{"not_picked":["Whirlwind","Warcry"],"picked":"Shockwave","floor":4},{"not_picked":["Anger","Iron Wave","Cleave"],"picked":"SKIP","floor":5},{"not_picked":["Uppercut","Spot Weakness"],"picked":"Disarm","floor":6}],"player_experience":245541,"relics_obtained":[{"floor":6,"key":"MealTicket"}],"event_choices":[{"damage_healed":0,"gold_gain":175,"player_choice":"AGREE","damage_taken":0,"max_hp_gain":0,"max_hp_loss":0,"event_name":"Liars Game","floor":2,"gold_loss":0,"cards_obtained":["Doubt"]}],"is_beta":false,"boss_relics":[],"items_purged_floors":[],"is_endless":false,"potions_floor_spawned":[],"killed_by":"3 Sentries","ascension_level":3}}