{"host":"xhd4yuu3rnu1c5xc","time":1612677204,"event":{"mods":["A Penny For Your Troubles","ATMod(°¢èªMod)","Act Like it!","Aspiration","BaseMod","Better Altar","Better Debug","Better Note","Better Sensory Stone","Better Skull","Better Third Choice","Better Vampires","Better-Laid Plans","Conspire","Displayed Cursed Tome","Dota2Spire","Downfall","Emptier Cage","Energized Spire","Gensokyo","GungeonMod","Hubris","Lobotomy","Marisa£¨ìFÓê¡¡Ä§ÀíÉ³£©","Minty Spire (QoL Compilation)","Mirrors Mod","MostiFishMod","Pale of the Ancients","Potion Indicator Mod","Quick Restart","Relic Stats","Reliquary","Reorder Act Four","Replay The Spire","RumiaBox-Â¶Ã×æ«µÄÉñÃØºÐ×Ó","SacredBarkPlus","StSLib","TestMod","The Jungle","Transform Curses","Uncapped","[IsaacMod]ÒÔÈö¼âËþ","¡¾¹¦ÄÜMod¡¿»ìãçÖ®»·ÐÞ¸´²¹¶¡","¡¾ÒÅÎï¿¨ÅÆ¡¿REMEMod","óô»ðÖ¸ÄÏ"],"gold_per_floor":[136,211,136,136,156,170,203,203,203,236,261,311,339,354,354,354,354,503,503,596,687,962,1051,1138,1248,1264,1364,1364,697,728,816,843,793,793,868,868,883,975,975,1067,1082,1182,1182,1275,1275,1275,1380,1380,1474,1500,889,889,889,889,247,87,197,197],"floor_reached":59,"language":"ZHS","playtime":2179,"items_purged":["Strike_R","Strike_R","Bash"],"score":2654,"play_id":"53b2a1ac-55fa-4906-83b8-0b6951a8b77f","local_time":"20210207135324","is_ascension_mode":true,"campfire_choices":[{"data":"Armaments","floor":15.0,"key":"SMITH"},{"floor":17.0,"key":"RECALL"},{"data":"Feel No Pain","floor":34.0,"key":"SMITH"},{"data":"Evolve","floor":43.0,"key":"SMITH"}],"circlet_count":0,"master_deck":["AscendersBane","Defend_R","Defend_R","Defend_R","Defend_R","AT_RealColorLess+1","Armaments+1","Juggernaut+1","Evolve+1","Juggernaut+1","Shrug It Off+1","Shrug It Off","Second Wind","Power Through","AT_Dispersion+1","Offering+1","Impervious+1","Impervious+1","hubris:DuctTapeCard"],"relics":["Burning Blood","HushsDoor","testmod-Temperance","Void","BrkXgEgg","SynthV:TestCard","hubris:Icosahedron","Akabeko","SatanicBible","Ccalipers","Smiling Mask","Tiny Chest","ReplayTheSpireMod:Ring of Challenge","TheBible","ReplayTheSpireMod:Lightbulb","EasyGame_NEW","Guardian:PocketSentry","bronze:DecasWashers","aspiration:ChemicalBlood","GodSword3","White Beast Statue","hubris:ChampionShield","GodSword4","Toolbox","DemoMod:WhiteGuonStone","ReplayTheSpireMod:Ninjato","sneckomod:SneckoTalon","Dota2Spire:ArcaneBoots","DemoMod:GlassGuonStoneRelic","MealTicket","Dota2Spire:CrimsonGuard","ReplayTheSpireMod:TigerMarble","SynthV:C4","reliquary:BoilingFlask","hubris:AstralHammer","hubris:DuctTape","testmod-Nyarlathotep","AT_SunfireAegis","Habit","reliquary:RoseTintedGlasses","BookOfRevelations","AnarchistCookbook"],"acts_visited":["Exordium","TheCity","TheBeyond","TheEnding"],"potions_floor_usage":[58],"damage_taken":[{"damage":0.0,"enemies":"conspire:RoseBush","floor":1.0,"turns":3.0},{"damage":7.0,"enemies":"Jaw Worm","floor":5.0,"turns":2.0},{"damage":0.0,"enemies":"Cultist","floor":6.0,"turns":1.0},{"damage":5.0,"enemies":"Replay:BlueRogue","floor":7.0,"turns":5.0},{"damage":0.0,"enemies":"Gremlin Nob","floor":10.0,"turns":4.0},{"damage":5.0,"enemies":"Lagavulin","floor":13.0,"turns":4.0},{"damage":0.0,"enemies":"2 Fungi Beasts","floor":14.0,"turns":3.0},{"damage":5.0,"enemies":"Hexaghost","floor":18.0,"turns":4.0},{"damage":25.0,"enemies":"2 Thieves","floor":20.0,"turns":2.0},{"damage":24.0,"enemies":"conspire:FuzzyDice","floor":21.0,"turns":4.0},{"damage":0.0,"enemies":"Snake Plant","floor":23.0,"turns":3.0},{"damage":0.0,"enemies":"Snecko","floor":24.0,"turns":2.0},{"damage":2.0,"enemies":"REME_1_Revenger","floor":25.0,"turns":3.0},{"damage":0.0,"enemies":"Sentry and Sphere","floor":26.0,"turns":3.0},{"damage":0.0,"enemies":"Book of Stabbing","floor":27.0,"turns":2.0},{"damage":0.0,"enemies":"Replay:Snechameleon","floor":30.0,"turns":3.0},{"damage":0.0,"enemies":"Shelled Parasite and Fungi","floor":31.0,"turns":1.0},{"damage":0.0,"enemies":"conspire:Head Lice","floor":32.0,"turns":2.0},{"damage":6.0,"enemies":"Collector","floor":35.0,"turns":3.0},{"damage":6.0,"enemies":"Orb Walker","floor":37.0,"turns":1.0},{"damage":0.0,"enemies":"3 Darklings","floor":38.0,"turns":3.0},{"damage":6.0,"enemies":"Writhing Mass","floor":40.0,"turns":2.0},{"damage":0.0,"enemies":"4 Shapes","floor":41.0,"turns":3.0},{"damage":9.0,"enemies":"R_Hoarder","floor":42.0,"turns":3.0},{"damage":6.0,"enemies":"Maw","floor":44.0,"turns":2.0},{"damage":6.0,"enemies":"Nemesis","floor":47.0,"turns":1.0},{"damage":9.0,"enemies":"Spire Growth","floor":49.0,"turns":1.0},{"damage":6.0,"enemies":"Giant Head","floor":50.0,"turns":1.0},{"damage":1.0,"enemies":"MirrorBossEncounter","floor":52.0,"turns":3.0},{"damage":0.0,"enemies":"Shield and Spear","floor":57.0,"turns":1.0},{"damage":0,"enemies":"The Heart","floor":58,"turns":4}],"seed_played":"-2172058308028916031","potions_obtained":[{"floor":5.0,"key":"Explosive Potion"},{"floor":13.0,"key":"Fire Potion"},{"floor":24.0,"key":"BlessingOfTheForge"},{"floor":27.0,"key":"REME_GoldPotion"},{"floor":31.0,"key":"conspire:TimeTravelPotion"},{"floor":42.0,"key":"DistilledChaos"},{"floor":49.0,"key":"testmod-SpacePotion"},{"floor":50.0,"key":"ElixirPotion"}],"is_trial":false,"path_per_floor":["M","?","$","?","M","M","E","PTL","PTL","E","T","?","E","M","R","?","R","B",null,"M","M","?","M","M","E","M","E","T","R","E","M","E","$","R","B",null,"M","M","?","M","M","E","R","M","T","T","E","?","M","E","R","B",null,null,"$","R","E","B",null],"character_chosen":"IRONCLAD","items_purchased":["hubris:ChampionShield","GodSword4","Toolbox","hubris:AstralHammer","hubris:DuctTape","testmod-Nyarlathotep","AT_SunfireAegis","Habit","reliquary:RoseTintedGlasses"],"campfire_rested":0,"item_purchase_floors":[29,29,29,51,51,55,55,55,56],"current_hp_per_floor":[74,63,63,63,62,68,69,69,69,75,75,75,75,75,75,60,60,65,73,54,36,36,42,48,52,59,65,65,65,71,75,75,75,75,75,75,75,75,75,75,75,72,72,72,72,72,72,68,65,65,65,68,68,68,68,68,68,68],"gold":197,"neow_bonus":"THREE_ENEMY_KILL","is_daily":false,"chose_seed":false,"campfire_upgraded":3,"win_rate":0.0,"timestamp":1612677204,"path_taken":["M","?","?","?","M","?","E","PTL","PTL","E","T","?","E","M","R","?","R","BOSS","M","M","?","M","M","E","M","E","T","R","E","M","E","$","R","BOSS","M","M","?","M","M","E","R","M","T","?","E","?","M","E","R","BOSS","$","R","E","BOSS"],"items_purchased_type":["Relic","Relic","Relic","Relic","Relic","Relic","Relic","Relic","Relic"],"build_version":"2020-12-22","purchased_purges":3,"victory":true,"max_hp_per_floor":[75,75,75,75,75,75,75,75,75,75,75,75,75,75,75,75,75,75,75,75,75,75,75,75,75,75,75,75,75,75,75,75,75,75,75,75,75,75,75,75,75,75,75,72,72,72,72,68,68,68,68,68,68,68,68,68,68,68],"relic_stats":{"counters":[31,79],"Tiny Chest":1,"MealTicket":0,"Smiling Mask":125,"obtain_stats":[{"AT_ATBox":0,"DemoMod:GlassGuonStoneRelic":6,"SatanicBible":10,"Dota2Spire:CrimsonGuard":44,"Ccalipers":11,"hubris:AstralHammer":51,"MealTicket":42,"Void":0,"KeepersGift":0,"testmod-TestBox":0,"hubris:DuctTape":51,"BookOfRevelations":57,"Guardian:PocketSentry":21,"sneckomod:SneckoTalon":36,"Akabeko":7,"ReplayTheSpireMod:TigerMarble":46,"GodSword4":29,"HushsDoor":0,"GodSword3":27,"EasyGame_NEW":19,"AnarchistCookbook":57,"DaveBox":0,"testmod-Temperance":0,"reliquary:BoilingFlask":50,"testmod-Nyarlathotep":55,"DemoMod:WhiteGuonStone":30,"Smiling Mask":12,"Burning Blood":0,"SynthV:C4":47,"hubris:Icosahedron":4,"Toolbox":29,"Tiny Chest":12,"reliquary:RoseTintedGlasses":56,"Dota2Spire:ArcaneBoots":38,"hubris:ChampionShield":29,"aspiration:ChemicalBlood":25,"ReplayTheSpireMod:Ninjato":32,"NeowsBlessing":0,"bronze:DecasWashers":25,"BrkXgEgg":0,"Ring of Greed":12,"White Beast Statue":28,"Habit":55,"SynthV:TestCard":1,"TheBible":13,"ReplayTheSpireMod:Ring of Challenge":12,"AT_SunfireAegis":55,"ReplayTheSpireMod:Lightbulb":16,"REME_ComplimentaryCards":0},{"AT_ATBox":0,"DemoMod:GlassGuonStoneRelic":3,"SatanicBible":5,"Dota2Spire:CrimsonGuard":25,"Ccalipers":5,"hubris:AstralHammer":28,"MealTicket":24,"Void":0,"KeepersGift":0,"testmod-TestBox":0,"hubris:DuctTape":28,"BookOfRevelations":30,"Guardian:PocketSentry":10,"sneckomod:SneckoTalon":19,"Akabeko":4,"ReplayTheSpireMod:TigerMarble":25,"GodSword4":15,"HushsDoor":0,"GodSword3":15,"EasyGame_NEW":8,"AnarchistCookbook":30,"DaveBox":0,"testmod-Temperance":0,"reliquary:BoilingFlask":28,"testmod-Nyarlathotep":29,"DemoMod:WhiteGuonStone":16,"Smiling Mask":5,"Burning Blood":0,"SynthV:C4":26,"hubris:Icosahedron":1,"Toolbox":15,"Tiny Chest":5,"reliquary:RoseTintedGlasses":29,"Dota2Spire:ArcaneBoots":21,"hubris:ChampionShield":15,"aspiration:ChemicalBlood":13,"ReplayTheSpireMod:Ninjato":18,"NeowsBlessing":0,"bronze:DecasWashers":13,"BrkXgEgg":0,"Ring of Greed":5,"White Beast Statue":15,"Habit":29,"SynthV:TestCard":1,"TheBible":6,"ReplayTheSpireMod:Ring of Challenge":5,"AT_SunfireAegis":29,"ReplayTheSpireMod:Lightbulb":7,"REME_ComplimentaryCards":0},{"AT_ATBox":0,"DemoMod:GlassGuonStoneRelic":6,"SatanicBible":15,"Dota2Spire:CrimsonGuard":68,"Ccalipers":15,"hubris:AstralHammer":71,"MealTicket":66,"Void":0,"KeepersGift":0,"testmod-TestBox":0,"hubris:DuctTape":71,"BookOfRevelations":75,"Guardian:PocketSentry":32,"sneckomod:SneckoTalon":54,"Akabeko":11,"ReplayTheSpireMod:TigerMarble":68,"GodSword4":45,"HushsDoor":0,"GodSword3":45,"EasyGame_NEW":26,"AnarchistCookbook":75,"DaveBox":0,"testmod-Temperance":0,"reliquary:BoilingFlask":71,"testmod-Nyarlathotep":74,"DemoMod:WhiteGuonStone":48,"Smiling Mask":15,"Burning Blood":0,"SynthV:C4":69,"hubris:Icosahedron":3,"Toolbox":45,"Tiny Chest":15,"reliquary:RoseTintedGlasses":74,"Dota2Spire:ArcaneBoots":58,"hubris:ChampionShield":45,"aspiration:ChemicalBlood":40,"ReplayTheSpireMod:Ninjato":51,"NeowsBlessing":0,"bronze:DecasWashers":40,"BrkXgEgg":0,"Ring of Greed":15,"White Beast Statue":45,"Habit":74,"SynthV:TestCard":3,"TheBible":19,"ReplayTheSpireMod:Ring of Challenge":15,"AT_SunfireAegis":74,"ReplayTheSpireMod:Lightbulb":22,"REME_ComplimentaryCards":0}],"Burning Blood":144},"card_choices":[{"not_picked":["Hemogenesis+1","Rage","Seeing Red"],"picked":"SKIP","floor":1.0},{"not_picked":["Twin Strike","Perfected Strike","Blood for Blood","Warcry"],"picked":"Armaments","floor":5.0},{"not_picked":["Rampage","hubris:SharpeningStone","MostiFishMod:BrandingRite","Clash"],"picked":"Carnage","floor":6.0},{"not_picked":["Anger","Clash","MostiFishMod:BrandingRite","hubris:ReadiedAction","Second Wind"],"picked":"SKIP","floor":7.0},{"not_picked":["MostiFishMod:RainCloud+1","REME_FearOfPain","Thunderclap","AT_BodySlamDance","Havoc"],"picked":"SKIP","floor":10.0},{"not_picked":["AT_DrawKnifeCut","Clash","Cleave","True Grit"],"picked":"Juggernaut+1","floor":13.0},{"not_picked":["Sword Boomerang","Headbutt","Flame Barrier","Hemokinesis"],"picked":"Evolve","floor":14.0},{"not_picked":["Corruption+1","Impervious+1","Exhume+1","MostiFishMod:Mania+1"],"picked":"Juggernaut+1","floor":18.0},{"not_picked":["Havoc","Iron Wave","Body Slam","Rupture","hubris:CleavingFinish"],"picked":"SKIP","floor":20.0},{"not_picked":["AT_IchimonjiDouble","hubris:CleavingFinish","True Grit","Hemokinesis"],"picked":"Shrug It Off+1","floor":21.0},{"not_picked":["ReplayTheSpireMod:Muscle Training","Sword Boomerang","Demonic Infusion+1","Thunderclap"],"picked":"Shrug It Off","floor":23.0},{"not_picked":["MostiFishMod:BrandingRite+1","Wild Strike+1","Dropkick","hubris:ReadiedAction"],"picked":"Second Wind","floor":24.0},{"not_picked":["AT_BodySlamDance","Headbutt","Wild Strike","hubris:CleavingFinish","Life Link"],"picked":"SKIP","floor":25.0},{"not_picked":["Clash","Clothesline+1","Twin Strike","Pommel Strike"],"picked":"Power Through","floor":26.0},{"not_picked":["ReplayTheSpireMod:Corrosion Curse","Thunderclap","Iron Wave+1","ReplayTheSpireMod:Stacked"],"picked":"AT_Dispersion+1","floor":27.0},{"not_picked":["Intimidate","Bloodletting+1","Second Wind","Clash"],"picked":"Feel No Pain","floor":30.0},{"not_picked":["Heavy Blade","Sever Soul","Warcry","Clothesline","Whirlwind"],"picked":"SKIP","floor":31.0},{"not_picked":["Iron Wave","Sword Boomerang","Sever Soul+1","ReplayReversal"],"picked":"Offering+1","floor":32.0},{"not_picked":["MostiFishMod:FireWorks+1","MostiFishMod:ChineseTea+1","Reaper+1","Corruption+1"],"picked":"Impervious+1","floor":35.0},{"not_picked":["DemoMod:BlackBlade","Warcry","Body Slam","Thunderclap","Pummel+1"],"picked":"SKIP","floor":37.0},{"not_picked":["Iron Wave","Burning Pact+1","Anger","Thunderclap","REME_Scribble"],"picked":"SKIP","floor":38.0},{"not_picked":["Massacre","MostiFishMod:DarkDeal+1","Intimidate","AT_GerminateFire+1","Reckless Charge"],"picked":"SKIP","floor":40.0},{"not_picked":["Anger","Cleave+1","AT_CaressingTears","Wild Strike+1","ReplayTheSpireMod:Limb From Limb+1"],"picked":"SKIP","floor":41.0},{"not_picked":["Thunderclap","Armaments","ReplayTheSpireMod:Muscle Training","Feed+1","AT_ShrugMaster"],"picked":"SKIP","floor":42.0},{"not_picked":["Anger","AT_IchimonjiDouble","Flame Barrier+1","ReplayTheSpireMod:LeadingStrike","Replay:Undeath\u0027s Touch"],"picked":"SKIP","floor":44.0},{"not_picked":["AT_DrawKnifeCut","Abandon","Clash","Second Wind","Eclipse+1"],"picked":"SKIP","floor":47.0},{"not_picked":["Pommel Strike+1","Disarm+1","Headbutt","Clothesline+1","Reaper+1"],"picked":"SKIP","floor":49.0},{"not_picked":["REME_FearOfPain","ReplayReversal","Second Wind","Metallicize"],"picked":"Feel No Pain+1","floor":50.0},{"not_picked":["Sword Boomerang","Corruption+1","Reckless Charge+1","True Grit","MostiFishMod:RacingGame+1"],"picked":"SKIP","floor":57.0}],"player_experience":1983586,"relics_obtained":[{"floor":1.0,"key":"SynthV:TestCard"},{"floor":7.0,"key":"Akabeko"},{"floor":10.0,"key":"SatanicBible"},{"floor":11.0,"key":"Ccalipers"},{"floor":12.0,"key":"Ring of Greed"},{"floor":12.0,"key":"Smiling Mask"},{"floor":12.0,"key":"Tiny Chest"},{"floor":12.0,"key":"ReplayTheSpireMod:Ring of Challenge"},{"floor":13.0,"key":"TheBible"},{"floor":21.0,"key":"Guardian:PocketSentry"},{"floor":25.0,"key":"bronze:DecasWashers"},{"floor":25.0,"key":"aspiration:ChemicalBlood"},{"floor":27.0,"key":"GodSword3"},{"floor":28.0,"key":"White Beast Statue"},{"floor":30.0,"key":"DemoMod:WhiteGuonStone"},{"floor":32.0,"key":"ReplayTheSpireMod:Ninjato"},{"floor":38.0,"key":"Dota2Spire:ArcaneBoots"},{"floor":42.0,"key":"MealTicket"},{"floor":44.0,"key":"Dota2Spire:CrimsonGuard"},{"floor":46.0,"key":"ReplayTheSpireMod:TigerMarble"},{"floor":47.0,"key":"SynthV:C4"},{"floor":50.0,"key":"reliquary:BoilingFlask"},{"floor":57.0,"key":"BookOfRevelations"},{"floor":57.0,"key":"AnarchistCookbook"}],"event_choices":[{"damage_healed":0.0,"max_hp_gain":0.0,"max_hp_loss":0.0,"gold_gain":75.0,"event_name":"betterThird:BetterGoop","player_choice":"Gold","floor":2.0,"gold_loss":0.0,"damage_taken":11.0},{"damage_healed":0.0,"max_hp_gain":0.0,"max_hp_loss":0.0,"gold_gain":275.0,"event_name":"Golden Shrine","player_choice":"Desecrate","floor":22.0,"gold_loss":0.0,"damage_taken":0.0,"cards_obtained":["Regret"]},{"damage_healed":0.0,"max_hp_gain":0.0,"max_hp_loss":0.0,"gold_gain":0.0,"event_name":"Duplicator","player_choice":"Copied","floor":39.0,"gold_loss":0.0,"damage_taken":0.0,"cards_obtained":["Impervious"]},{"damage_healed":0.0,"max_hp_gain":0.0,"max_hp_loss":4.0,"gold_gain":0.0,"event_name":"Winding Halls","player_choice":"Max HP","floor":48.0,"gold_loss":0.0,"damage_taken":0.0}],"is_beta":false,"boss_relics":[{"not_picked":["Transparent","RhineCircuit"],"picked":"EasyGame_NEW"},{"not_picked":[]},{"not_picked":["Black Star","conspire:RunicOctahedron"],"picked":"sneckomod:SneckoTalon"},{"not_picked":[]}],"items_purged_floors":[3,29,33],"is_endless":false,"potions_floor_spawned":[5,13,14,24,25,26,27,30,31,32,35,37,38,40,41,42,44,47,49,50,57],"ascension_level":20}}