{"host":"zmnaju399zpax9sm","time":1612719642,"event":{"mods":["BaseMod","Hermit","Minty Spire (QoL Compilation)","StSLib","The Cursed","The Poker Player","The Runesmith"],"gold_per_floor":[110,110,110,110,123,123,148,164,164,195,43,43,78,78,78,78,78],"floor_reached":16,"language":"KOR","playtime":489,"items_purged":[],"score":111,"play_id":"232ccc82-060a-4750-a240-1b3725c90735","local_time":"20210208024042","is_ascension_mode":true,"campfire_choices":[{"data":"TheCursedMod:CleanUpWorkshop","floor":6,"key":"SMITH"},{"data":"TheCursedMod:EmpowerCircles","floor":12,"key":"SMITH"},{"data":"TheCursedMod:DarkBarrier","floor":15,"key":"SMITH"}],"circlet_count":0,"master_deck":["TheCursedMod:Strike_TheCursed","TheCursedMod:Strike_TheCursed","TheCursedMod:Strike_TheCursed","TheCursedMod:Strike_TheCursed","TheCursedMod:Defend_TheCursed","TheCursedMod:Defend_TheCursed","TheCursedMod:Defend_TheCursed","TheCursedMod:Defend_TheCursed","TheCursedMod:CursedWand+1","TheCursedMod:CleanUpWorkshop+1","TheCursedMod:Dregs","TheCursedMod:SurpriseAttack","TheCursedMod:EmpowerCircles+1","TheCursedMod:DarkBarrier+1"],"relics":["TheCursedMod:BlackMagic101","Akabeko","Happy Flower","StrikeDummy","Mummified Hand","TheCursedMod:PinkPellets","Darkstone Periapt"],"acts_visited":["Exordium"],"potions_floor_usage":[10],"damage_taken":[{"damage":0,"enemies":"Jaw Worm","floor":1,"turns":3},{"damage":0,"enemies":"2 Louse","floor":5,"turns":2},{"damage":0,"enemies":"Small Slimes","floor":8,"turns":2},{"damage":13,"enemies":"Gremlin Nob","floor":10,"turns":4},{"damage":18,"enemies":"Lagavulin","floor":13,"turns":6},{"damage":17,"enemies":"The Guardian","floor":16,"turns":9}],"seed_played":"-434420211243708083","potions_obtained":[{"floor":1,"key":"Block Potion"},{"floor":8,"key":"SpeedPotion"}],"is_trial":false,"path_per_floor":["M","?","?","?","M","R","T","M","T","E","$","R","E","$","R","B"],"character_chosen":"THE_CURSED","items_purchased":["TheCursedMod:PinkPellets"],"campfire_rested":0,"item_purchase_floors":[11],"current_hp_per_floor":[75,68,73,73,73,73,73,73,73,60,60,60,42,42,42,25,25],"gold":78,"neow_bonus":"RANDOM_COMMON_RELIC","is_daily":false,"chose_seed":false,"campfire_upgraded":3,"win_rate":0.0,"timestamp":1612719642,"path_taken":["M","?","?","?","M","R","?","M","T","E","$","R","E","?","R","BOSS"],"items_purchased_type":["Relic"],"build_version":"2020-12-22","purchased_purges":0,"victory":false,"max_hp_per_floor":[75,75,80,80,80,80,80,80,80,80,80,80,80,80,80,80,80],"card_choices":[{"not_picked":["TheCursedMod:CursedSpellbook","TheCursedMod:SpitefulPlan"],"picked":"TheCursedMod:SurpriseAttack","floor":1},{"not_picked":["TheCursedMod:Mangle","TheCursedMod:CircleOfFlame","TheCursedMod:SoulCrush"],"picked":"SKIP","floor":5},{"not_picked":["TheCursedMod:CursedShiv","TheCursedMod:CursedBlade","TheCursedMod:EmpowerCircles"],"picked":"SKIP","floor":8},{"not_picked":["TheCursedMod:CursedShiv","TheCursedMod:SmokeScreen"],"picked":"TheCursedMod:EmpowerCircles","floor":10},{"not_picked":["TheCursedMod:FleshFromBone","TheCursedMod:HellfireBreathing"],"picked":"TheCursedMod:DarkBarrier","floor":13}],"player_experience":484225,"relics_obtained":[{"floor":9,"key":"StrikeDummy"},{"floor":10,"key":"Mummified Hand"},{"floor":13,"key":"Darkstone Periapt"}],"event_choices":[{"damage_healed":0,"gold_gain":0,"player_choice":"Success","damage_taken":7,"relics_obtained":["Happy Flower"],"max_hp_gain":0,"max_hp_loss":0,"event_name":"Scrap Ooze","floor":2,"gold_loss":0},{"damage_healed":0,"gold_gain":0,"player_choice":"Donut","damage_taken":0,"max_hp_gain":5,"max_hp_loss":0,"event_name":"Big Fish","floor":3,"gold_loss":0},{"damage_healed":0,"gold_gain":0,"player_choice":"Grow","damage_taken":0,"max_hp_gain":0,"max_hp_loss":0,"event_name":"Living Wall","floor":4,"gold_loss":0,"cards_upgraded":["TheCursedMod:CursedWand"]}],"is_beta":false,"boss_relics":[],"items_purged_floors":[],"is_endless":false,"potions_floor_spawned":[1,8],"killed_by":"The Guardian","ascension_level":1}}