{"host":"o9lehcdjc4u6j9un","time":1612684648,"event":{"mods":["BaseMod","Colored Map","Downfall","Hermit","Marisa£®ÏF”Í°°ƒß¿Ì…≥£©","Minty Spire (QoL Compilation)","Reimu£®≤©¿ˆ¡È√Œ£©","Remilia£®¿Ÿ√◊¿Ú—«£©","StSLib","The Runesmith","Youmu£®ªÍ∆«—˝√Œ£©"],"gold_per_floor":[110,110,121,132,150,177,177,191,262,290,303,303,638,638,638,736,736,747,762,774,788,802,833,833,845,845,484,484,484],"floor_reached":28,"language":"ZHS","playtime":3545,"items_purged":["Strike_Lin:ReiMu"],"score":289,"play_id":"76173396-28fa-4468-a8c9-0f80c709a0e0","local_time":"20210207155728","is_ascension_mode":false,"campfire_choices":[{"floor":7,"key":"REST"},{"floor":12,"key":"REST"},{"floor":15,"key":"REST"},{"floor":24,"key":"REST"}],"circlet_count":0,"master_deck":["Strike_Lin:ReiMu","Strike_Lin:ReiMu","Strike_Lin:ReiMu","Defend_Lin:ReiMu","Defend_Lin:ReiMu","Defend_Lin:ReiMu","Defend_Lin:ReiMu","NB:ReiMu","Stagnation:ReiMu","CareerPray:ReiMu","SubAcupoint:ReiMu","Enchanting:ReiMu","SubcavityFantasy:ReiMu","InherentArray:ReiMu","FantasyBorder:ReiMu","Meditation:ReiMu","OrbThrow:ReiMu","KamiRite:ReiMu","PrepareRite:ReiMu","EmergencyTakeOff:ReiMu","Meditation:ReiMu","SubAcupoint:ReiMu","SubAcupoint:ReiMu","Free:ReiMu","SubAcupoint:ReiMu+1"],"relics":["FlyPower:ReiMu","Gambling Chip","Pocketwatch","Smiling Mask","Old Coin","Fusion Hammer","Bow_fan:ReiMu","Matryoshka","Oddly Smooth Stone","Sling"],"acts_visited":["Exordium","TheCity"],"potions_floor_usage":[6,10,20,22,28],"damage_taken":[{"damage":5,"enemies":"Small Slimes","floor":1,"turns":4},{"damage":0,"enemies":"2 Louse","floor":3,"turns":2},{"damage":0,"enemies":"Jaw Worm","floor":4,"turns":4},{"damage":0,"enemies":"Looter","floor":5,"turns":4},{"damage":28,"enemies":"Lagavulin","floor":6,"turns":8},{"damage":4,"enemies":"2 Fungi Beasts","floor":8,"turns":4},{"damage":21,"enemies":"Gremlin Nob","floor":10,"turns":5},{"damage":8,"enemies":"3 Louse","floor":11,"turns":4},{"damage":26,"enemies":"3 Sentries","floor":13,"turns":9},{"damage":31,"enemies":"The Guardian","floor":16,"turns":12},{"damage":2,"enemies":"3 Byrds","floor":18,"turns":5},{"damage":10,"enemies":"Shell Parasite","floor":19,"turns":6},{"damage":15,"enemies":"Snecko","floor":20,"turns":7},{"damage":12,"enemies":"Shelled Parasite and Fungi","floor":21,"turns":6},{"damage":18,"enemies":"3 Cultists","floor":22,"turns":6},{"damage":30,"enemies":"Book of Stabbing","floor":23,"turns":8},{"damage":6,"enemies":"Cultist and Chosen","floor":25,"turns":5},{"damage":22,"enemies":"Gremlin Leader","floor":28,"turns":2}],"seed_played":"6569017048100488083","potions_obtained":[{"floor":3,"key":"FairyPotion"},{"floor":5,"key":"SkillPotion"},{"floor":8,"key":"ColorlessPotion"},{"floor":18,"key":"PinkPotion:ReiMu"},{"floor":21,"key":"SpeedPotion"},{"floor":25,"key":"FearPotion"}],"is_trial":false,"path_per_floor":["M","?","M","M","M","E","R","M","T","E","M","R","E","?","R","B",null,"M","M","M","M","M","E","R","M","T","$","E"],"character_chosen":"REIMU","items_purchased":["Oddly Smooth Stone","Sling"],"campfire_rested":4,"item_purchase_floors":[27,27],"current_hp_per_floor":[66,59,59,59,59,31,52,48,48,27,19,40,14,14,35,4,71,69,59,44,32,14,6,27,21,21,21,0,0],"gold":484,"neow_bonus":"TEN_PERCENT_HP_BONUS","is_daily":false,"chose_seed":false,"campfire_upgraded":0,"win_rate":0.0,"timestamp":1612684648,"path_taken":["M","?","M","M","M","E","R","M","T","E","M","R","E","?","R","BOSS","M","M","M","M","M","E","R","M","T","$","E"],"items_purchased_type":["Relic","Relic"],"build_version":"2020-12-22","purchased_purges":1,"victory":false,"max_hp_per_floor":[71,71,71,71,71,71,71,71,71,71,71,71,71,71,71,71,71,71,71,71,71,71,71,71,71,71,71,71,71],"card_choices":[{"not_picked":["Amulet:ReiMu","WonderfulDomain:ReiMu"],"picked":"CareerPray:ReiMu","floor":1},{"not_picked":["TakeOff:ReiMu","Conquer:ReiMu"],"picked":"SubAcupoint:ReiMu","floor":3},{"not_picked":["Intuition:ReiMu","Mountainwind:ReiMu"],"picked":"Enchanting:ReiMu","floor":4},{"not_picked":["SubAcupoint:ReiMu","Intuition:ReiMu"],"picked":"SubcavityFantasy:ReiMu","floor":5},{"not_picked":["AlertArray:ReiMu","PhosphorusFlame:ReiMu","TightArray:ReiMu"],"picked":"SKIP","floor":6},{"not_picked":["ManaGlint:ReiMu","Dreaming2:ReiMu"],"picked":"InherentArray:ReiMu","floor":8},{"not_picked":["Determination:ReiMu","Intuition:ReiMu"],"picked":"FantasyBorder:ReiMu","floor":10},{"not_picked":["ForcedLanding:ReiMu","SpringWay:ReiMu"],"picked":"Meditation:ReiMu","floor":11},{"not_picked":["WonderfulDomain:ReiMu","Enchanting:ReiMu"],"picked":"OrbThrow:ReiMu","floor":13},{"not_picked":["BlastKick2:ReiMu","PrayRite:ReiMu"],"picked":"KamiRite:ReiMu","floor":16},{"not_picked":["UniversalSpiritual:ReiMu","Dreaming2:ReiMu"],"picked":"PrepareRite:ReiMu","floor":18},{"not_picked":["Enchanting:ReiMu","FineLineFantasy:ReiMu"],"picked":"EmergencyTakeOff:ReiMu","floor":19},{"not_picked":["UpKicking:ReiMu","AirStrike:ReiMu+1"],"picked":"Meditation:ReiMu","floor":20},{"not_picked":["MountainWay:ReiMu","Conquer:ReiMu"],"picked":"SubAcupoint:ReiMu","floor":21},{"not_picked":["OrbThrow:ReiMu","EmergencyTakeOff:ReiMu"],"picked":"SubAcupoint:ReiMu","floor":22},{"not_picked":["SubAcupoint:ReiMu","DependentForm:ReiMu"],"picked":"Free:ReiMu","floor":23},{"not_picked":["Mountainwind:ReiMu+1","OrbThrow:ReiMu+1"],"picked":"SubAcupoint:ReiMu+1","floor":25}],"player_experience":118583,"relics_obtained":[{"floor":6,"key":"Pocketwatch"},{"floor":10,"key":"Smiling Mask"},{"floor":13,"key":"Old Coin"},{"floor":23,"key":"Bow_fan:ReiMu"},{"floor":26,"key":"Matryoshka"}],"event_choices":[{"damage_healed":0,"gold_gain":0,"player_choice":"Success","damage_taken":7,"relics_obtained":["Gambling Chip"],"max_hp_gain":0,"max_hp_loss":0,"event_name":"Scrap Ooze","floor":2,"gold_loss":0},{"damage_healed":0,"gold_gain":0,"player_choice":"Ignored","damage_taken":0,"max_hp_gain":0,"max_hp_loss":0,"event_name":"Liars Game","floor":14,"gold_loss":0}],"is_beta":false,"boss_relics":[{"not_picked":["Coffee Dripper","RedLine:ReiMu"],"picked":"Fusion Hammer"}],"items_purged_floors":[27],"is_endless":false,"potions_floor_spawned":[3,5,8,18,21,25],"killed_by":"Gremlin Leader","ascension_level":0}}