{"host":"xsuxkwaivmtd234a","time":1612724531,"event":{"mods":["BaseMod","Colored Map","Filter the Spire","Minty Spire (QoL Compilation)","Relic Stats","StSLib"],"gold_per_floor":[116,128,141,161,161,191,202,230,253,253,328,348,374,24,24,123,173,183,183,183,33,52,52,52,52],"floor_reached":24,"language":"ENG","playtime":904,"items_purged":["Strike_G"],"score":333,"play_id":"edb1aee7-0a46-4c6b-bd80-7da7671394b7","local_time":"20210207140211","is_ascension_mode":true,"campfire_choices":[{"floor":10.0,"key":"REST"},{"floor":15.0,"key":"REST"},{"data":"Well Laid Plans","floor":23.0,"key":"SMITH"}],"circlet_count":0,"master_deck":["Strike_G","Strike_G","Strike_G","Strike_G","Defend_G","Defend_G","Defend_G+1","Defend_G","Defend_G","Survivor","Neutralize","Glass Knife","Eviscerate","Predator+1","PiercingWail","Footwork","Acrobatics","Endless Agony","Envenom","Backstab","Footwork","Poisoned Stab","Burst","Crippling Poison","Blur","Well Laid Plans+1","Necronomicurse","Outmaneuver+1"],"relics":["Ring of the Snake","Question Card","Snake Skull","Akabeko","Orichalcum","DollysMirror","Tiny House","Necronomicon","Lantern"],"acts_visited":["Exordium","TheCity"],"potions_floor_usage":[24,24],"damage_taken":[{"damage":0.0,"enemies":"2 Louse","floor":1.0,"turns":2.0},{"damage":0.0,"enemies":"Cultist","floor":2.0,"turns":3.0},{"damage":4.0,"enemies":"Jaw Worm","floor":3.0,"turns":2.0},{"damage":2.0,"enemies":"3 Louse","floor":4.0,"turns":3.0},{"damage":8.0,"enemies":"Gremlin Nob","floor":6.0,"turns":3.0},{"damage":4.0,"enemies":"Looter","floor":7.0,"turns":3.0},{"damage":25.0,"enemies":"Lagavulin","floor":8.0,"turns":8.0},{"damage":12.0,"enemies":"Exordium Wildlife","floor":12.0,"turns":4.0},{"damage":17.0,"enemies":"3 Sentries","floor":13.0,"turns":6.0},{"damage":0.0,"enemies":"Hexaghost","floor":16.0,"turns":7.0},{"damage":0.0,"enemies":"3 Byrds","floor":18.0,"turns":4.0},{"damage":0.0,"enemies":"Spheric Guardian","floor":22.0,"turns":1.0},{"damage":51,"enemies":"Gremlin Leader","floor":24,"turns":7}],"seed_played":"7844068736644621838","potions_obtained":[{"floor":3.0,"key":"AttackPotion"},{"floor":4.0,"key":"Poison Potion"},{"floor":16.0,"key":"SpeedPotion"},{"floor":17.0,"key":"CultistPotion"}],"is_trial":false,"path_per_floor":["M","M","M","M","?","E","M","E","T","R","?","M","E","$","R","B",null,"M","?","?","$","M","R","E"],"character_chosen":"THE_SILENT","items_purchased":["DistilledChaos","DollysMirror","Poisoned Stab","Lantern"],"campfire_rested":2,"item_purchase_floors":[14,14,14,21],"current_hp_per_floor":[70,70,66,64,64,56,52,27,27,48,37,25,8,8,29,29,65,65,65,49,49,49,49,0,0],"gold":52,"neow_bonus":"ONE_RANDOM_RARE_CARD","is_daily":false,"chose_seed":false,"campfire_upgraded":1,"win_rate":0.0,"timestamp":1612724531,"path_taken":["M","M","M","M","?","E","?","E","T","R","?","M","E","$","R","BOSS","M","?","?","?","M","R","E"],"items_purchased_type":["Potion","Relic","Card","Relic"],"build_version":"2020-12-22","purchased_purges":1,"victory":false,"max_hp_per_floor":[70,70,70,70,70,70,70,70,70,70,70,70,70,70,70,70,75,75,75,75,75,75,75,75,75],"relic_stats":{"counters":[13,53],"Snake Skull":[39],"Necronomicon":[3],"Orichalcum":[60],"Question Card":8,"obtain_stats":[{"Lantern":21,"Tiny House":17,"DollysMirror":14,"Snake Skull":8,"Necronomicon":20,"Orichalcum":13,"Question Card":6,"Akabeko":9,"Ring of the Snake":0},{"Lantern":11,"Tiny House":10,"DollysMirror":9,"Snake Skull":7,"Necronomicon":11,"Orichalcum":9,"Question Card":5,"Akabeko":7,"Ring of the Snake":0},{"Lantern":45,"Tiny House":41,"DollysMirror":34,"Snake Skull":24,"Necronomicon":45,"Orichalcum":34,"Question Card":13,"Akabeko":24,"Ring of the Snake":0}],"Ring of the Snake":[27]},"card_choices":[{"not_picked":["Sucker Punch","Calculated Gamble"],"picked":"Eviscerate","floor":1.0},{"not_picked":["PiercingWail","Prepared"],"picked":"Predator","floor":2.0},{"not_picked":["Sucker Punch","Bane"],"picked":"PiercingWail","floor":3.0},{"not_picked":["Underhanded Strike","Flechettes"],"picked":"Footwork","floor":4.0},{"not_picked":["Flying Knee","Reflex"],"picked":"Acrobatics","floor":6.0},{"not_picked":["Heel Hook","Quick Slash","Underhanded Strike"],"picked":"Endless Agony","floor":7.0},{"not_picked":["Leg Sweep","Well Laid Plans","PiercingWail"],"picked":"Envenom","floor":8.0},{"not_picked":["Outmaneuver","Backflip","Bane","Infinite Blades"],"picked":"SKIP","floor":12.0},{"not_picked":["Flying Knee","Deflect","Choke"],"picked":"Backstab","floor":13.0},{"not_picked":["Storm of Steel","Doppelganger","Envenom"],"picked":"Burst","floor":16.0},{"not_picked":["Choke","Leg Sweep","Predator"],"picked":"Crippling Poison","floor":17.0},{"not_picked":["Dodge and Roll+1","Slice","Dagger Throw"],"picked":"Blur","floor":18.0},{"not_picked":["Sucker Punch","Slice+1","PiercingWail"],"picked":"Outmaneuver+1","floor":22.0}],"player_experience":1218202,"relics_obtained":[{"floor":6.0,"key":"Question Card"},{"floor":8.0,"key":"Snake Skull"},{"floor":9.0,"key":"Akabeko"},{"floor":13.0,"key":"Orichalcum"},{"floor":20.0,"key":"Necronomicon"}],"event_choices":[{"damage_healed":0.0,"max_hp_gain":0.0,"max_hp_loss":0.0,"gold_gain":0.0,"event_name":"Upgrade Shrine","player_choice":"Upgraded","floor":5.0,"gold_loss":0.0,"damage_taken":0.0,"cards_upgraded":["Predator"]},{"damage_healed":0.0,"max_hp_gain":0.0,"max_hp_loss":0.0,"gold_gain":75.0,"event_name":"World of Goop","player_choice":"Gather Gold","floor":11.0,"gold_loss":0.0,"damage_taken":11.0},{"damage_healed":0.0,"max_hp_gain":0.0,"max_hp_loss":0.0,"gold_gain":0.0,"event_name":"The Library","player_choice":"Read","floor":19.0,"gold_loss":0.0,"damage_taken":0.0,"cards_obtained":["Well Laid Plans"]},{"damage_healed":0.0,"max_hp_gain":0.0,"max_hp_loss":0.0,"gold_gain":0.0,"event_name":"Cursed Tome","player_choice":"Obtained Book","floor":20.0,"gold_loss":0.0,"damage_taken":16.0}],"is_beta":false,"boss_relics":[{"not_picked":["Sozu","Fusion Hammer"],"picked":"Tiny House"}],"items_purged_floors":[14],"is_endless":false,"potions_floor_spawned":[3,4,16,18],"killed_by":"Gremlin Leader","ascension_level":5}}