{"host":"bakf0s4odzu8z5xt","time":1612680098,"event":{"mods":["2.2 Compatiblity","BaseMod","Downfall","Friendly Minions","Minty Spire (QoL Compilation)","StSLib"],"gold_per_floor":[99,110,122,141,44,44,44,73,73,84,100,111,11,53,79,185,185,85,113,132,148,16,43,43,77,106,141,91,115,115,115,142,255,255,255,284,311,157,179,179,269,287,287,310,126,153,53,78,93,93,93,137,40,40,40,40],"floor_reached":57,"language":"ENG","playtime":5585,"items_purged":["Guardian:Strike_Guardian"],"score":1284,"play_id":"7857355c-20e8-4cb4-89f8-25d1e795f98f","local_time":"20210207004138","is_ascension_mode":true,"campfire_choices":[{"floor":1.0,"key":"RECALL"},{"data":"Guardian:Planning","floor":6,"key":"SMITH"},{"data":"Guardian:ShieldCharger","floor":13,"key":"SMITH"},{"floor":18,"key":"REST"},{"floor":30,"key":"REST"},{"floor":35,"key":"REST"},{"floor":40,"key":"REST"},{"floor":47,"key":"REST"},{"floor":54,"key":"REST"}],"circlet_count":0,"master_deck":["Guardian:Strike_Guardian","Guardian:Strike_Guardian","Guardian:Strike_Guardian","Guardian:Defend_Guardian","Guardian:Defend_Guardian","Guardian:Defend_Guardian","Guardian:Defend_Guardian","Guardian:CurlUp","Guardian:BronzeOrb","Guardian:Planning+1","Guardian:PolyBeam+1","Guardian:WalkerClaw+1","Doubt","Guardian:ShieldCharger+1","Guardian:SphericShield","Guardian:Recover","Guardian:TemporalStrike","Guardian:TimeSifter","Guardian:MultiBeam","Guardian:BaubleBeam+1","Guardian:TimeCapacitor","Guardian:BronzeArmor","Guardian:TemporalShield+1","Guardian:PrismaticBarrier+1","Guardian:DonusPower+1","Guardian:CrystalBeam","Guardian:GatlingBeam","Guardian:Orbwalk","Guardian:Recover+1","Guardian:WalkerClaw+1","Guardian:Clone+1","Guardian:TemporalShield","Guardian:BronzeOrb+1","Guardian:ShieldCharger","Guardian:Repulse","Guardian:Emergency"],"relics":["Guardian:ModeShifter","Blue Candle","Potion Belt","downfall:HeartBlessingRed","CeramicFish","Fusion Hammer","downfall:HeartBlessingGreen","hexamod:CandleOfCauterizing","Eternal Feather","Mercury Hourglass","Cursed Key","Shuriken","Bottled Tornado","downfall:HeartBlessingBlue","Mummified Hand"],"acts_visited":["Exordium","TheCity","TheBeyond","TheEnding"],"potions_floor_usage":[8,14,20,22,22,25,27,27,46,48,56,56,56],"damage_taken":[{"damage":6.0,"enemies":"Jaw Worm","floor":2.0,"turns":4.0},{"damage":1.0,"enemies":"Cultist","floor":3.0,"turns":4.0},{"damage":0.0,"enemies":"2 Louse","floor":4.0,"turns":3.0},{"damage":5.0,"enemies":"downfall:FleeingMerchant","floor":5.0,"turns":4.0},{"damage":6,"enemies":"Lagavulin","floor":8,"turns":7},{"damage":6,"enemies":"Exordium Wildlife","floor":10,"turns":4},{"damage":6,"enemies":"Exordium Thugs","floor":11,"turns":4},{"damage":1,"enemies":"2 Fungi Beasts","floor":12,"turns":4},{"damage":1,"enemies":"3 Sentries","floor":14,"turns":6},{"damage":3,"enemies":"Red Slaver","floor":15,"turns":2},{"damage":12,"enemies":"SI_SHIV_ARCHETYPE","floor":16,"turns":9},{"damage":5,"enemies":"Spheric Guardian","floor":19,"turns":4},{"damage":7,"enemies":"Shell Parasite","floor":20,"turns":3},{"damage":0,"enemies":"Snecko","floor":21,"turns":5},{"damage":1,"enemies":"downfall:FleeingMerchant","floor":22,"turns":4},{"damage":10,"enemies":"Sentry and Sphere","floor":23,"turns":6},{"damage":4,"enemies":"Gremlin Leader","floor":25,"turns":7},{"damage":11,"enemies":"Centurion and Healer","floor":26,"turns":5},{"damage":15,"enemies":"Slavers","floor":27,"turns":4},{"damage":1,"enemies":"Cultist and Chosen","floor":29,"turns":5},{"damage":1,"enemies":"3 Cultists","floor":32,"turns":4},{"damage":19,"enemies":"WA_ARCHETYPE_CALM","floor":33,"turns":8},{"damage":5,"enemies":"3 Shapes","floor":36,"turns":4},{"damage":3,"enemies":"Orb Walker","floor":37,"turns":3},{"damage":1,"enemies":"downfall:FleeingMerchant","floor":38,"turns":4},{"damage":21,"enemies":"Maw","floor":39,"turns":7},{"damage":5,"enemies":"3 Darklings","floor":44,"turns":4},{"damage":10,"enemies":"downfall:FleeingMerchant","floor":45,"turns":3},{"damage":0,"enemies":"Transient","floor":46,"turns":5},{"damage":4,"enemies":"Writhing Mass","floor":48,"turns":7},{"damage":0,"enemies":"4 Shapes","floor":49,"turns":4},{"damage":38,"enemies":"DF_ARCHETYPE_ORBS","floor":50,"turns":8},{"damage":31,"enemies":"downfall:CharBossMerchant","floor":52,"turns":6},{"damage":27,"enemies":"downfall:NeowBoss","floor":55,"turns":11},{"damage":52,"enemies":"downfall:NeowBossFinal","floor":56,"turns":8}],"seed_played":"3231412649914524342","potions_obtained":[{"floor":2.0,"key":"Fire Potion"},{"floor":10,"key":"FearPotion"},{"floor":11,"key":"Explosive Potion"},{"floor":12,"key":"SpeedPotion"},{"floor":15,"key":"ColorlessPotion"},{"floor":16,"key":"CultistPotion"},{"floor":20,"key":"DistilledChaos"},{"floor":21,"key":"GamblersBrew"},{"floor":23,"key":"PowerPotion"},{"floor":26,"key":"EssenceOfSteel"},{"floor":33,"key":"sneckomod:MuddlingPotion"},{"floor":37,"key":"Dexterity Potion"},{"floor":39,"key":"FearPotion"}],"is_trial":false,"path_per_floor":["R","M","M","M","$","R","T","E","?","M","M","M","R","E","M","B",null,"R","M","M","M","$","M","T","E","M","E","?","M","R","?","M","B",null,"R","M","M","$","M","R","T","?","?","M","$","M","R","M","M","B",null,"E","$","R","B","B",null],"character_chosen":"GUARDIAN","items_purchased":["Guardian:PolyBeam","Guardian:TimeCapacitor","Guardian:BronzeArmor","Guardian:Orbwalk","Shuriken","Bottled Tornado","Guardian:Gem_Cyan","Guardian:Repulse","Guardian:Emergency"],"campfire_rested":6,"item_purchase_floors":[5,22,22,38,45,45,45,53,53],"current_hp_per_floor":[80,74,73,73,68,68,68,62,62,56,50,49,49,48,45,33,80,80,75,68,68,67,57,57,53,42,27,57,56,80,80,79,60,80,80,75,72,71,50,80,80,80,72,67,57,57,90,86,86,48,90,59,59,90,63,11],"gold":40,"neow_bonus":"UPGRADE_CARD","is_daily":false,"chose_seed":false,"campfire_upgraded":2,"win_rate":0.0,"timestamp":1612680098,"path_taken":["R","M","M","M","$","R","T","E","?","?","M","M","R","E","M","BOSS","R","M","M","M","$","M","T","E","M","E","?","M","R","?","M","BOSS","R","M","M","$","M","R","T","?","?","M","$","?","R","M","M","BOSS","E","$","R","BOSS","BOSS"],"items_purchased_type":["Card","Card","Card","Card","Relic","Relic","Card","Card","Card"],"build_version":"2020-12-22","purchased_purges":1,"victory":true,"max_hp_per_floor":[80,80,80,80,80,80,80,80,80,80,80,80,80,80,80,80,80,80,80,80,80,80,80,80,80,80,80,80,80,80,80,80,80,80,80,80,80,80,80,80,80,80,80,80,80,80,90,90,90,90,90,90,90,90,90,90],"card_choices":[{"not_picked":["Guardian:TimeCapacitor","Guardian:Gem_Lightblue"],"picked":"Guardian:BronzeOrb","floor":2.0},{"not_picked":["Guardian:PrimingBeam","Guardian:ShieldSpikes"],"picked":"Guardian:Gem_Blue","floor":3.0},{"not_picked":["Guardian:Reroute","Guardian:VentSteam"],"picked":"Guardian:Planning","floor":4.0},{"not_picked":["Guardian:Suspension","Guardian:WalkerClaw"],"picked":"Guardian:Gem_Red","floor":5.0},{"not_picked":["Guardian:ArmoredProtocol","Guardian:Reroute"],"picked":"Guardian:WalkerClaw","floor":8},{"not_picked":["Guardian:FuturePlans","Guardian:PiercingHide"],"picked":"Guardian:ShieldCharger","floor":10},{"not_picked":["Guardian:ChargeCore","Guardian:TemporalShield"],"picked":"Guardian:SphericShield","floor":11},{"not_picked":["Guardian:Gem_Lightblue","Guardian:WalkerClaw"],"picked":"Guardian:Recover","floor":12},{"not_picked":["Guardian:Gem_Cyan","Guardian:PrimingBeam"],"picked":"Guardian:TemporalStrike","floor":14},{"not_picked":["Guardian:BronzeOrb","Guardian:Gem_Green"],"picked":"Guardian:Gem_Red","floor":15},{"not_picked":["Guardian:FastForward","Guardian:StasisEngine"],"picked":"Guardian:TimeSifter","floor":16},{"not_picked":["Guardian:Gem_Crimson","Guardian:SpikerProtocol"],"picked":"Guardian:MultiBeam","floor":19},{"not_picked":["Guardian:Planning+1","Guardian:GuardianWhirl"],"picked":"Guardian:Gem_Cyan","floor":20},{"not_picked":["Guardian:Incinerate","Guardian:Recover","Guardian:PiercingHide"],"picked":"SKIP","floor":21},{"not_picked":["Guardian:Emergency","Guardian:TemporalShield"],"picked":"Guardian:BaubleBeam","floor":22},{"not_picked":["Guardian:ArmoredProtocol","Guardian:Planning+1"],"picked":"Guardian:TemporalShield+1","floor":23},{"not_picked":["Guardian:Planning","Guardian:ChargeCore","Guardian:VentSteam"],"picked":"SKIP","floor":25},{"not_picked":["Guardian:ChargeCore","Guardian:DecasProtection"],"picked":"Guardian:PrismaticBarrier+1","floor":26},{"not_picked":["Guardian:ShieldSpikes","Guardian:PrimingBeam+1"],"picked":"Guardian:DonusPower+1","floor":27},{"not_picked":["Guardian:PiercingHide","Guardian:PolyBeam"],"picked":"Guardian:CrystalBeam","floor":29},{"not_picked":["Guardian:ShieldCharger+1","Guardian:Suspension+1"],"picked":"Guardian:Gem_Fragmented","floor":32},{"not_picked":["Guardian:SphericShield","Guardian:ExploitGems"],"picked":"Guardian:GatlingBeam","floor":33},{"not_picked":["Guardian:ShieldCharger","Guardian:Reroute"],"picked":"Guardian:Gem_Green","floor":36},{"not_picked":["Guardian:CrystalBeam+1","Guardian:Gem_Red"],"picked":"Guardian:Gem_Cyan","floor":37},{"not_picked":["Guardian:SpikerProtocol+1","Guardian:TemporalStrike"],"picked":"Guardian:Gem_Synthetic","floor":38},{"not_picked":["Guardian:Gem_Cyan","Guardian:PrimingBeam"],"picked":"Guardian:Recover+1","floor":39},{"not_picked":["Guardian:EvasiveProtocol+1","Guardian:PrimingBeam+1"],"picked":"Guardian:WalkerClaw+1","floor":44},{"not_picked":["Guardian:Reroute+1","Guardian:Gem_Cyan"],"picked":"Guardian:Clone+1","floor":45},{"not_picked":["Guardian:PiercingHide","Guardian:Gem_Red"],"picked":"Guardian:TemporalShield","floor":46},{"not_picked":["Guardian:Gem_Synthetic","Guardian:Emergency+1"],"picked":"Guardian:BronzeOrb+1","floor":48},{"not_picked":["Guardian:Gem_Red","Guardian:ChargeCore+1","Guardian:Planning"],"picked":"SKIP","floor":49},{"not_picked":["Guardian:BronzeArmor+1","Guardian:PrismaticBarrier+1"],"picked":"Guardian:ShieldCharger","floor":52}],"player_experience":2104189,"relics_obtained":[{"floor":7,"key":"Blue Candle"},{"floor":8,"key":"Potion Belt"},{"floor":14,"key":"CeramicFish"},{"floor":24,"key":"hexamod:CandleOfCauterizing"},{"floor":25,"key":"Eternal Feather"},{"floor":27,"key":"Mercury Hourglass"},{"floor":52,"key":"Mummified Hand"}],"event_choices":[],"is_beta":false,"boss_relics":[{"not_picked":["expansioncontent:StudyCardRelic","Runic Pyramid"],"picked":"Fusion Hammer"},{"not_picked":["Guardian:ModeShifterPlus","Velvet Choker"],"picked":"Cursed Key"}],"items_purged_floors":[38],"is_endless":false,"potions_floor_spawned":[2,10,11,12,15,16,20,21,23,26,33,37,39],"ascension_level":1}}