{"host":"utqe55yv0jihe4d6","time":1612734512,"event":{"mods":["2.2 Compatiblity","AchievementEnabler","BaseMod","Block Reminder","Colored Map","Colored Powertips","Minty Spire (QoL Compilation)","Quick Restart","Rare Cards Sparkle","Relic Stats","SuperFastMode"],"gold_per_floor":[119,8,26,26,26,53,53,53,53],"floor_reached":8,"language":"ENG","playtime":126,"items_purged":[],"score":158,"play_id":"abdceca6-9135-4f8b-b917-9e7bff030068","local_time":"20210207164832","is_ascension_mode":true,"campfire_choices":[{"data":"Footwork","floor":7,"key":"SMITH"}],"circlet_count":0,"master_deck":["AscendersBane","Strike_G","Strike_G","Strike_G","Strike_G","Strike_G","Defend_G","Defend_G","Defend_G","Defend_G","Defend_G","Survivor","Neutralize+1","Cloak And Dagger","Quick Slash","Leg Sweep","Footwork+1"],"relics":["Ring of the Snake","NeowsBlessing","Bottled Lightning"],"acts_visited":["Exordium"],"potions_floor_usage":[],"damage_taken":[{"damage":0,"enemies":"Small Slimes","floor":1,"turns":1},{"damage":0,"enemies":"2 Louse","floor":3,"turns":1},{"damage":0,"enemies":"Lagavulin","floor":6,"turns":3},{"damage":83,"enemies":"Gremlin Nob","floor":8,"turns":7}],"seed_played":"-5708135034858798508","potions_obtained":[],"is_trial":false,"path_per_floor":["M","$","M","?","?","E","R","E"],"character_chosen":"THE_SILENT","items_purchased":["Quick Slash","Explosive Potion"],"campfire_rested":0,"item_purchase_floors":[2,2],"current_hp_per_floor":[59,59,59,64,64,64,64,0,0],"gold":53,"neow_bonus":"THREE_ENEMY_KILL","is_daily":false,"chose_seed":false,"campfire_upgraded":1,"win_rate":0.0,"timestamp":1612734512,"path_taken":["M","$","M","?","?","E","R","E"],"items_purchased_type":["Card","Potion"],"build_version":"2020-12-22","purchased_purges":0,"victory":false,"max_hp_per_floor":[66,66,66,71,71,71,71,71,71],"relic_stats":{"counters":[4,12],"obtain_stats":[{"NeowsBlessing":0,"Bottled Lightning":6,"Ring of the Snake":0},{"NeowsBlessing":0,"Bottled Lightning":3,"Ring of the Snake":0},{"NeowsBlessing":0,"Bottled Lightning":5,"Ring of the Snake":0}],"Ring of the Snake":[8]},"card_choices":[{"not_picked":["Underhanded Strike","Finisher"],"picked":"Cloak And Dagger","floor":1},{"not_picked":["Endless Agony","Sucker Punch"],"picked":"Leg Sweep","floor":3},{"not_picked":["Backflip","Blade Dance"],"picked":"Footwork","floor":6}],"player_experience":3050754,"relics_obtained":[{"floor":6,"key":"Bottled Lightning"}],"event_choices":[{"damage_healed":0,"gold_gain":0,"player_choice":"Donut","damage_taken":0,"max_hp_gain":5,"max_hp_loss":0,"event_name":"Big Fish","floor":4,"gold_loss":0},{"damage_healed":0,"gold_gain":0,"player_choice":"Grow","damage_taken":0,"max_hp_gain":0,"max_hp_loss":0,"event_name":"Living Wall","floor":5,"gold_loss":0,"cards_upgraded":["Neutralize"]}],"is_beta":false,"boss_relics":[],"items_purged_floors":[],"is_endless":false,"potions_floor_spawned":[],"killed_by":"Gremlin Nob","ascension_level":20}}