{"host":"uzp1tn8qxn9571p9","time":1612672991,"event":{"mods":["BaseMod","Colored Map","Colored Powertips","Downfall","Hermit","Marisa£®ÏF”Í°°ƒß¿Ì…≥£©","Minty Spire (QoL Compilation)","StSLib","The Runesmith"],"gold_per_floor":[119,119,137,147,147,177,177,193,216,229,229,255,255,269,269,269,269],"floor_reached":16,"language":"ZHS","playtime":3339,"items_purged":[],"score":102,"play_id":"c6ae1da9-b473-430e-97ee-cc9133cc8a12","local_time":"20210207124311","is_ascension_mode":false,"campfire_choices":[{"data":"EnergyFlow","floor":11,"key":"SMITH"},{"data":"MasterSpark","floor":13,"key":"SMITH"},{"data":"DarkSpark","floor":15,"key":"SMITH"}],"circlet_count":0,"master_deck":["Strike_MRS","Strike_MRS","Strike_MRS","Strike_MRS","Defend_MRS","Defend_MRS","Defend_MRS","Defend_MRS","MasterSpark+1","UpSweep","MagicAbsorber","EnergyFlow+1","Acceleration","StarlightTyphoon","ShootTheMoon","DarkSpark+1","SuperPerseids"],"relics":["MiniHakkero","Lantern","Boot"],"acts_visited":["Exordium"],"potions_floor_usage":[14],"damage_taken":[{"damage":2.0,"enemies":"2 Louse","floor":1.0,"turns":3.0},{"damage":1.0,"enemies":"Cultist","floor":3.0,"turns":3.0},{"damage":0.0,"enemies":"Small Slimes","floor":4.0,"turns":3.0},{"damage":32.0,"enemies":"Gremlin Nob","floor":6.0,"turns":5.0},{"damage":7.0,"enemies":"Looter","floor":8.0,"turns":4.0},{"damage":2,"enemies":"Blue Slaver","floor":10,"turns":3},{"damage":0,"enemies":"Gremlin Gang","floor":14,"turns":2},{"damage":41,"enemies":"Hexaghost","floor":16,"turns":8}],"seed_played":"9216944049642314385","potions_obtained":[{"floor":2.0,"key":"CultistPotion"},{"floor":2.0,"key":"DistilledChaos"},{"floor":2.0,"key":"ShroomBrew"},{"floor":3.0,"key":"Energy Potion"},{"floor":14,"key":"DistilledChaos"}],"is_trial":false,"path_per_floor":["M","?","M","M","?","E","?","M","T","M","R","T","R","M","R","B"],"character_chosen":"MARISA","items_purchased":[],"campfire_rested":0,"item_purchase_floors":[],"current_hp_per_floor":[80,80,79,79,84,52,52,45,45,43,43,43,43,43,43,2,2],"gold":269,"neow_bonus":"TEN_PERCENT_HP_BONUS","is_daily":false,"chose_seed":false,"campfire_upgraded":3,"win_rate":0.0,"timestamp":1612672991,"path_taken":["M","?","M","?","?","E","?","M","T","M","R","?","R","M","R","BOSS"],"items_purchased_type":[],"build_version":"2020-12-22","purchased_purges":0,"victory":false,"max_hp_per_floor":[82,82,82,82,87,87,87,87,87,87,87,87,87,87,87,87,87],"card_choices":[{"not_picked":["DoubleSpark","ShootTheMoon"],"picked":"MagicAbsorber","floor":1.0},{"not_picked":["SprinkleStarSeal","MysteriousBeam"],"picked":"EnergyFlow","floor":3.0},{"not_picked":["NonDirectionalLaser","DoubleSpark"],"picked":"Acceleration","floor":4.0},{"not_picked":["AlicesGift","MagicChant"],"picked":"StarlightTyphoon","floor":6.0},{"not_picked":["SprinkleStarSeal","GalacticHalo"],"picked":"ShootTheMoon","floor":8.0},{"not_picked":["GalacticHalo","LuminesStrike"],"picked":"DarkSpark","floor":10},{"not_picked":["MaximisePower","OrrerysSun"],"picked":"SuperPerseids","floor":14}],"player_experience":391849,"relics_obtained":[{"floor":6.0,"key":"Lantern"},{"floor":12,"key":"Boot"}],"event_choices":[{"damage_healed":0.0,"max_hp_gain":0.0,"max_hp_loss":0.0,"gold_gain":0.0,"event_name":"Lab","player_choice":"Got Potions","floor":2.0,"gold_loss":0.0,"damage_taken":0.0},{"damage_healed":0.0,"max_hp_gain":5.0,"max_hp_loss":0.0,"gold_gain":0.0,"event_name":"Big Fish","player_choice":"Donut","floor":5.0,"gold_loss":0.0,"damage_taken":0.0},{"damage_healed":0.0,"max_hp_gain":0.0,"max_hp_loss":0.0,"gold_gain":0.0,"event_name":"Scrap Ooze","player_choice":"Fled","floor":7.0,"gold_loss":0.0,"damage_taken":0.0}],"is_beta":false,"boss_relics":[],"items_purged_floors":[],"is_endless":false,"potions_floor_spawned":[3,4,14],"killed_by":"Hexaghost","ascension_level":0}}