{"host":"88gqw5ki7llrf2bp","time":1612682465,"event":{"mods":["BaseMod","Downfall","Duelist Mod","Friendly Minions","Hubris","Jorbs\u0027s Wanderer Trilogy","Minty Spire (QoL Compilation)","Quick Restart","Railgun Mod","Rare Cards Sparkle","StSLib","The Animator","The Construct","The Cursed","The Gatherer","slay the spire mod where everything is the same but ironclad has a cowboy hat"],"gold_per_floor":[99,99,115,128,143,160,212,212,241,253,308,323,323,343,355,458,458,458,478,57,57,57,57,57,73,73,83,111,96,96,131,144,144,144,144],"floor_reached":33,"language":"ENG","playtime":1797,"items_purged":["theDuelist:PsiCurse"],"score":289,"play_id":"647dbef8-a02b-4f93-9758-9419ede43c1f","local_time":"20210207012105","is_ascension_mode":false,"campfire_choices":[{"data":"bronze:Goto","floor":1,"key":"SMITH"},{"data":"bronze:GetLatest","floor":8,"key":"SMITH"},{"data":"bronze:Iterate","floor":13,"key":"SMITH"},{"data":"bronze:Optimize","floor":18,"key":"SMITH"},{"data":"bronze:ItsAFeature","floor":23,"key":"SMITH"},{"data":"bronze:Fortify","floor":30,"key":"SMITH"}],"circlet_count":0,"master_deck":["bronze:Strike","bronze:Strike","bronze:Strike","bronze:Strike","bronze:Defend","bronze:Defend","bronze:Defend","bronze:Defend","bronze:Replicate","bronze:Goto+1","bronze:Replicate","bronze:Goto+1","bronze:WhirlingStrike+1","bronze:GetLatest+1","bronze:DelayedGuard","bronze:ItsAFeature+1","bronze:CutThrough","bronze:Iterate+1","bronze:Optimize+1","bronze:ChosenStrike","bronze:Break","bronze:BronzeOrb+1","bronze:Fortify+1","bronze:ClassDefault","bronze:OilSpill","Writhe","bronze:BugBarrage+1","stsjorbsmod:Withering","bronze:Fortify+1","bronze:Flail","bronze:Boost+1","bronze:Backtrace"],"relics":["bronze:BronzeCore","Blood Vial","hubris:Reverence","Orichalcum","Coffee Dripper","Mummified Hand","Singing Bowl","Sundial","Bottled Lightning","Letter Opener"],"acts_visited":["Exordium","TheCity"],"potions_floor_usage":[16,28,31,32],"damage_taken":[{"damage":1,"enemies":"Cultist","floor":3,"turns":3},{"damage":1,"enemies":"Jaw Worm","floor":4,"turns":3},{"damage":0,"enemies":"2 Louse","floor":5,"turns":1},{"damage":3,"enemies":"Exordium Thugs","floor":6,"turns":3},{"damage":27,"enemies":"Gremlin Nob","floor":9,"turns":5},{"damage":0,"enemies":"Large Slime","floor":10,"turns":3},{"damage":5,"enemies":"Exordium Wildlife","floor":12,"turns":4},{"damage":3,"enemies":"2 Fungi Beasts","floor":14,"turns":2},{"damage":7,"enemies":"Blue Slaver","floor":15,"turns":2},{"damage":24,"enemies":"IC_STATUS_ARCHETYPE","floor":16,"turns":5},{"damage":12,"enemies":"Chosen","floor":19,"turns":6},{"damage":5,"enemies":"downfall:FleeingMerchant","floor":20,"turns":4},{"damage":3,"enemies":"Spheric Guardian","floor":25,"turns":3},{"damage":12,"enemies":"Snake Plant","floor":27,"turns":3},{"damage":30,"enemies":"Gremlin Leader","floor":28,"turns":6},{"damage":0,"enemies":"downfall:FleeingMerchant","floor":29,"turns":4},{"damage":27,"enemies":"Slavers","floor":31,"turns":3},{"damage":0,"enemies":"3 Cultists","floor":32,"turns":3},{"damage":11,"enemies":"DF_ARCHETYPE_CLAW","floor":33,"turns":2}],"seed_played":"3568197544546377493","potions_obtained":[{"floor":5,"key":"DuplicationPotion"},{"floor":10,"key":"Strength Potion"},{"floor":12,"key":"SpeedPotion"},{"floor":14,"key":"CultistPotion"},{"floor":19,"key":"AttackPotion"},{"floor":31,"key":"LiquidMemories"}],"is_trial":false,"path_per_floor":["R","?","M","M","M","M","T","R","E","M","T","M","R","M","M","B",null,"R","M","$","?","?","R","T","M","?","M","E","$","R","E","M","B"],"character_chosen":"THE_AUTOMATON","items_purchased":["Mummified Hand","bronze:ClassDefault"],"campfire_rested":0,"item_purchase_floors":[20,20],"current_hp_per_floor":[77,77,76,75,75,72,72,72,47,49,49,46,46,45,40,18,77,77,65,62,62,62,62,62,61,61,51,23,27,27,2,4,0,0,0],"gold":144,"neow_bonus":"TEN_PERCENT_HP_BONUS","is_daily":false,"chose_seed":false,"campfire_upgraded":6,"win_rate":0.0,"timestamp":1612682465,"path_taken":["R","?","M","M","M","?","T","R","E","M","?","M","R","M","M","BOSS","R","M","$","?","?","R","T","M","?","?","E","$","R","E","M","BOSS"],"items_purchased_type":["Relic","Card"],"build_version":"2020-12-22","purchased_purges":1,"victory":false,"max_hp_per_floor":[77,77,77,77,77,77,77,77,77,77,77,77,77,77,77,77,77,77,77,77,77,77,77,77,77,77,77,77,79,79,79,79,79,79,79],"card_choices":[{"not_picked":["bronze:Turbo","bronze:ClassDefault"],"picked":"bronze:WhirlingStrike","floor":3},{"not_picked":["bronze:Overload","bronze:Philosophize"],"picked":"bronze:GetLatest","floor":4},{"not_picked":["bronze:BuggyMess","bronze:BugBarrage","bronze:Invalidate"],"picked":"SKIP","floor":5},{"not_picked":["bronze:WhirlingStrike","bronze:OilSpill"],"picked":"bronze:DelayedGuard","floor":6},{"not_picked":["bronze:Invalidate","bronze:BurnOut"],"picked":"bronze:ItsAFeature","floor":9},{"not_picked":["bronze:BitShift","bronze:Shield"],"picked":"bronze:CutThrough","floor":10},{"not_picked":["bronze:BitShift","bronze:CloningBeam"],"picked":"bronze:Iterate","floor":12},{"not_picked":["bronze:Fortify","bronze:MaxOutput"],"picked":"bronze:Optimize","floor":14},{"not_picked":["bronze:Iterate","bronze:ForceShield"],"picked":"bronze:ChosenStrike","floor":15},{"not_picked":["bronze:SpaghettiCode","bronze:HyperBeam"],"picked":"bronze:Break","floor":16},{"not_picked":["bronze:Branch+1","bronze:WildBeam"],"picked":"bronze:BronzeOrb+1","floor":19},{"not_picked":["bronze:BitShift","bronze:BuggyMess+1"],"picked":"bronze:Fortify","floor":20},{"not_picked":["bronze:WildBeam","bronze:Repulsor"],"picked":"bronze:BugBarrage+1","floor":25},{"not_picked":["bronze:DarkDash","bronze:GetLatest"],"picked":"bronze:Fortify","floor":27},{"not_picked":["bronze:Deprecate","bronze:WildBeam"],"picked":"bronze:Flail","floor":28},{"not_picked":["bronze:OilSpill","bronze:Shell+1","bronze:Iterate"],"picked":"Singing Bowl","floor":29},{"not_picked":["bronze:DelayedSlice+1","bronze:BitShift"],"picked":"bronze:Boost+1","floor":31},{"not_picked":["bronze:DelayedGuard","bronze:Fortify"],"picked":"bronze:Backtrace","floor":32}],"player_experience":1866494,"relics_obtained":[{"floor":7,"key":"Blood Vial"},{"floor":9,"key":"hubris:Reverence"},{"floor":11,"key":"Orichalcum"},{"floor":24,"key":"Sundial"},{"floor":28,"key":"Bottled Lightning"},{"floor":31,"key":"Letter Opener"}],"event_choices":[{"damage_healed":0,"gold_gain":0,"player_choice":"Read","damage_taken":0,"max_hp_gain":0,"max_hp_loss":0,"event_name":"The Library","floor":21,"gold_loss":0,"cards_obtained":["bronze:OilSpill"]}],"is_beta":false,"boss_relics":[{"not_picked":["hubris:BlackHole","Tiny House"],"picked":"Coffee Dripper"}],"items_purged_floors":[20],"is_endless":false,"potions_floor_spawned":[5,10,12,14,19,25,31],"killed_by":"DF_ARCHETYPE_CLAW","ascension_level":0}}