{"host":"oehe2dxjvdgux73m","time":1612709051,"event":{"mods":["AchievementEnabler","BaseMod","Colored Map","Colored Powertips","DeckTracker","Keyboard Shortcuts","Minty Spire (QoL Compilation)","Permanent Neow","Quick Restart","StSLib","SuperFastMode"],"gold_per_floor":[19,19,29,49,69,104,117,117,117,97,109,135,155,165,165,236,236,187,200,12,12,26,26,36,36,36,36,36,46,4,4,4,4,4],"floor_reached":33,"language":"KOR","playtime":910,"items_purged":["Strike_G"],"score":506,"play_id":"9361be7a-ae3e-4515-b960-97db5fd05b84","local_time":"20210207234411","is_ascension_mode":true,"campfire_choices":[{"floor":8.0,"key":"REST"},{"floor":15.0,"key":"REST"},{"data":"A Thousand Cuts","floor":23.0,"key":"SMITH"},{"data":"Noxious Fumes","floor":25.0,"key":"SMITH"},{"data":"Crippling Poison","floor":28,"key":"SMITH"},{"data":"Calculated Gamble","floor":32,"key":"SMITH"}],"circlet_count":0,"master_deck":["AscendersBane","Strike_G+1","Strike_G+1","Strike_G+1","Strike_G+1","Defend_G+1","Defend_G+1","Defend_G+1","Defend_G+1","Defend_G+1","Survivor","Neutralize","Predator","Crippling Poison+1","Escape Plan","Blade Dance","Masterful Stab","Leg Sweep","A Thousand Cuts+1","Backflip+1","Noxious Fumes+1","Dash","Calculated Gamble+1","Decay","Prepared+1","Reflex","Blur"],"relics":["Ring of the Snake","Lizard Tail","Bird Faced Urn","Singing Bowl","Regal Pillow","Coffee Dripper","Eternal Feather"],"acts_visited":["Exordium","TheCity"],"potions_floor_usage":[33,33],"damage_taken":[{"damage":0.0,"enemies":"Cultist","floor":1.0,"turns":4.0},{"damage":1.0,"enemies":"Jaw Worm","floor":3.0,"turns":3.0},{"damage":3.0,"enemies":"2 Louse","floor":4.0,"turns":3.0},{"damage":5.0,"enemies":"Large Slime","floor":5.0,"turns":6.0},{"damage":34.0,"enemies":"Lagavulin","floor":6.0,"turns":8.0},{"damage":4.0,"enemies":"2 Fungi Beasts","floor":7.0,"turns":3.0},{"damage":8.0,"enemies":"Exordium Thugs","floor":10.0,"turns":4.0},{"damage":11.0,"enemies":"Looter","floor":11.0,"turns":4.0},{"damage":8.0,"enemies":"Exordium Wildlife","floor":13.0,"turns":3.0},{"damage":2.0,"enemies":"Exordium Thugs","floor":14.0,"turns":5.0},{"damage":28.0,"enemies":"Slime Boss","floor":16.0,"turns":5.0},{"damage":14.0,"enemies":"2 Thieves","floor":18.0,"turns":5.0},{"damage":12.0,"enemies":"Shell Parasite","floor":19.0,"turns":12.0},{"damage":40.0,"enemies":"Shelled Parasite and Fungi","floor":22.0,"turns":10.0},{"damage":31.0,"enemies":"Snake Plant","floor":24.0,"turns":5.0},{"damage":8,"enemies":"Centurion and Healer","floor":29,"turns":7},{"damage":53,"enemies":"Champ","floor":33,"turns":14}],"seed_played":"5309142845457221590","potions_obtained":[{"floor":3.0,"key":"ColorlessPotion"},{"floor":5.0,"key":"Poison Potion"},{"floor":6.0,"key":"Weak Potion"},{"floor":13.0,"key":"ColorlessPotion"},{"floor":18.0,"key":"SkillPotion"},{"floor":24.0,"key":"LiquidBronze"},{"floor":29,"key":"Strength Potion"}],"is_trial":false,"path_per_floor":["M","?","M","M","M","E","M","R","T","M","M","T","M","M","R","B",null,"M","M","$","?","M","R","M","R","T","?","R","M","$","?","R","B"],"character_chosen":"THE_SILENT","items_purchased":["Dash","Calculated Gamble","Blur"],"campfire_rested":2,"item_purchase_floors":[20,20,30],"current_hp_per_floor":[59,59,58,55,50,16,12,31,31,25,14,14,8,6,42,14,56,44,34,34,34,36,36,9,9,9,9,24,20,20,20,35,0,0],"gold":4,"neow_bonus":"ONE_RARE_RELIC","is_daily":false,"chose_seed":false,"campfire_upgraded":4,"win_rate":0.0,"timestamp":1612709051,"path_taken":["M","?","M","M","?","E","M","R","T","M","M","?","?","M","R","BOSS","M","M","$","?","M","R","M","R","T","?","R","M","$","?","R","BOSS"],"items_purchased_type":["Card","Card","Card"],"build_version":"2020-12-22","purchased_purges":1,"victory":false,"max_hp_per_floor":[66,66,66,66,66,66,66,66,66,68,68,68,70,70,70,70,70,70,70,70,70,72,72,72,72,72,72,72,72,72,72,72,72,72],"card_choices":[{"not_picked":["Deflect","Underhanded Strike"],"picked":"Predator","floor":1.0},{"not_picked":["Deflect","Calculated Gamble"],"picked":"Crippling Poison","floor":3.0},{"not_picked":["Flying Knee","Dagger Throw"],"picked":"Escape Plan","floor":4.0},{"not_picked":["Dagger Throw","Sucker Punch","Outmaneuver"],"picked":"SKIP","floor":5.0},{"not_picked":["Malaise","Caltrops"],"picked":"Blade Dance","floor":6.0},{"not_picked":["Bane","Poisoned Stab","Outmaneuver"],"picked":"SKIP","floor":7.0},{"not_picked":["Quick Slash","Deadly Poison","Underhanded Strike"],"picked":"Singing Bowl","floor":10.0},{"not_picked":["Bane","Acrobatics"],"picked":"Masterful Stab","floor":11.0},{"not_picked":["Poisoned Stab","Flying Knee","Deadly Poison"],"picked":"Singing Bowl","floor":13.0},{"not_picked":["Predator","Dagger Spray"],"picked":"Leg Sweep","floor":14.0},{"not_picked":["Die Die Die","Phantasmal Killer"],"picked":"A Thousand Cuts","floor":16.0},{"not_picked":["Slice+1","Concentrate"],"picked":"Backflip+1","floor":18.0},{"not_picked":["Masterful Stab","Underhanded Strike"],"picked":"Noxious Fumes","floor":19.0},{"not_picked":["Expertise","Bane","Underhanded Strike"],"picked":"Singing Bowl","floor":22.0},{"not_picked":["Cloak And Dagger","Distraction"],"picked":"Prepared+1","floor":24.0},{"not_picked":["Dagger Spray","Riddle With Holes"],"picked":"Reflex","floor":29}],"player_experience":414302,"relics_obtained":[{"floor":6.0,"key":"Bird Faced Urn"},{"floor":9.0,"key":"Singing Bowl"},{"floor":12.0,"key":"Regal Pillow"},{"floor":26.0,"key":"Eternal Feather"}],"event_choices":[{"damage_healed":0.0,"max_hp_gain":0.0,"max_hp_loss":0.0,"gold_gain":0.0,"event_name":"WeMeetAgain","player_choice":"Ignored","floor":2.0,"gold_loss":0.0,"damage_taken":0.0},{"damage_healed":0.0,"max_hp_gain":0.0,"max_hp_loss":0.0,"gold_gain":0.0,"event_name":"Forgotten Altar","player_choice":"Smashed Altar","floor":21.0,"gold_loss":0.0,"damage_taken":0.0,"cards_obtained":["Decay"]},{"damage_healed":0,"gold_gain":0,"player_choice":"Simplicity","damage_taken":0,"max_hp_gain":0,"max_hp_loss":0,"event_name":"Back to Basics","floor":27,"gold_loss":0,"cards_upgraded":["Strike_G","Strike_G","Strike_G","Strike_G","Defend_G","Defend_G","Defend_G","Defend_G","Defend_G"]},{"damage_healed":0,"gold_gain":0,"player_choice":"Ignored","damage_taken":0,"max_hp_gain":0,"max_hp_loss":0,"event_name":"Vampires","floor":31,"gold_loss":0}],"is_beta":false,"boss_relics":[{"not_picked":["Fusion Hammer","SacredBark"],"picked":"Coffee Dripper"}],"items_purged_floors":[20],"is_endless":false,"potions_floor_spawned":[3,5,6,13,14,18,24,29],"killed_by":"Champ","ascension_level":20}}