{"host":"pams0q6vr1th6wla","time":1612684598,"event":{"mods":["BaseMod","Downfall","Minty Spire (QoL Compilation)","Relic Sorter","StSLib"],"gold_per_floor":[99,118,135,148,73,23,23,35,45,64,77,97,115,134,145,242,242,192,212,297,207,220,220,220,220,238,253,287,387,337,348,366,468,518,468,484,496,496,544,233,233,183,200,350,367,386,414,64,78,78,78,104,104,54,54,54],"floor_reached":57,"language":"ENG","playtime":5750,"items_purged":["Slimebound:Strike_Slimebound"],"score":1231,"play_id":"bacf8dd9-a38f-4beb-ab4d-af6a535e000a","local_time":"20210206235638","is_ascension_mode":false,"campfire_choices":[{"data":"Slimebound:Split","floor":1.0,"key":"SMITH"},{"data":"Slimebound:RollThrough","floor":6.0,"key":"SMITH"},{"data":"Slimebound:SlimeBarrage","floor":18.0,"key":"SMITH"},{"data":"Slimebound:SlimeTap","floor":30.0,"key":"SMITH"},{"data":"Slimebound:Equalize","floor":35.0,"key":"SMITH"},{"floor":42,"key":"RECALL"},{"data":"Slimebound:SelfFormingGoo","floor":48,"key":"SMITH"},{"data":"Slimebound:MinionMaster","floor":54,"key":"SMITH"}],"circlet_count":0,"master_deck":["Slimebound:Tackle","Slimebound:Defend_Slimebound","Slimebound:Defend_Slimebound","Slimebound:Defend_Slimebound","Slimebound:CorrosiveSpit","Slimebound:RollThrough+1","Slimebound:Repurpose+1","Slimebound:Equalize+1","Slimebound:SplitSpecialist","Slimebound:MassFeed","Slimebound:SplitLeeching","Slimebound:Prepare","Slimebound:Nibble","Slimebound:GoopSpray","Slimebound:FlameTackle","Slimebound:SlimeBarrage+1","Slimebound:RallyTheTroops","Slimebound:RainOfGoop+1","Slimebound:OozeBath","Slimebound:MinionMaster+1","Slimebound:LeechingTouch","Slimebound:SlimeSpikes+1","Slimebound:MegaLick+1","Slimebound:SlimeTap+1","Slimebound:Repurpose","Slimebound:GoopSpray+1","Slimebound:ServeAndProtect+1","Slimebound:Overexert","Slimebound:Repurpose+1","Slimebound:Prepare","Slimebound:SlimeBarrage+1","Slimebound:Recycling","Slimebound:Darklings","Slimebound:Recollect","Slimebound:SelfFormingGoo+1","expansioncontent:QuickStudy","Slimebound:GoopTackle+1","Slimebound:ItLooksTasty+1","Slimebound:LevelUp","Slimebound:LeechEnergy","Slimebound:HauntingLick+1","Slimebound:SplitAcid+1"],"relics":["Slimebound:AbsorbEndCombat","Slimebound:GreedOozeRelic","Darkstone Periapt","Sozu","Prayer Wheel","Happy Flower","Tiny House","Regal Pillow","ClockworkSouvenir","Bag of Preparation","downfall:HeartBlessingGreen","downfall:HeartBlessingRed","downfall:HeartBlessingBlue","Ornamental Fan"],"acts_visited":["Exordium","TheCity","TheBeyond","TheEnding"],"potions_floor_usage":[50],"damage_taken":[{"damage":0.0,"enemies":"Small Slimes","floor":2.0,"turns":4.0},{"damage":1.0,"enemies":"Jaw Worm","floor":3.0,"turns":4.0},{"damage":10.0,"enemies":"2 Louse","floor":4.0,"turns":3.0},{"damage":11.0,"enemies":"Blue Slaver","floor":8.0,"turns":4.0},{"damage":35.0,"enemies":"Gremlin Gang","floor":9.0,"turns":6.0},{"damage":3.0,"enemies":"Large Slime","floor":10.0,"turns":6.0},{"damage":7.0,"enemies":"3 Louse","floor":11.0,"turns":4.0},{"damage":23.0,"enemies":"Exordium Thugs","floor":12.0,"turns":5.0},{"damage":0.0,"enemies":"Red Slaver","floor":13.0,"turns":3.0},{"damage":24.0,"enemies":"Gremlin Gang","floor":14.0,"turns":3.0},{"damage":6.0,"enemies":"2 Fungi Beasts","floor":15.0,"turns":4.0},{"damage":6.0,"enemies":"IC_STATUS_ARCHETYPE","floor":16.0,"turns":7.0},{"damage":8.0,"enemies":"Chosen","floor":19.0,"turns":3.0},{"damage":8.0,"enemies":"downfall:FleeingMerchant","floor":21.0,"turns":4.0},{"damage":16.0,"enemies":"Centurion and Healer","floor":22.0,"turns":6.0},{"damage":12.0,"enemies":"Snake Plant","floor":26.0,"turns":4.0},{"damage":17.0,"enemies":"3 Cultists","floor":27.0,"turns":5.0},{"damage":19.0,"enemies":"Slavers","floor":28.0,"turns":3.0},{"damage":14.0,"enemies":"Centurion and Healer","floor":31.0,"turns":4.0},{"damage":0.0,"enemies":"Chosen and Byrds","floor":32.0,"turns":4.0},{"damage":1.0,"enemies":"SI_MIRROR_ARCHETYPE","floor":33.0,"turns":10.0},{"damage":0,"enemies":"3 Shapes","floor":36,"turns":3},{"damage":0,"enemies":"Orb Walker","floor":37,"turns":2},{"damage":0,"enemies":"downfall:FleeingMerchant","floor":40,"turns":4},{"damage":21,"enemies":"Sphere and 2 Shapes","floor":43,"turns":4},{"damage":2,"enemies":"downfall:FleeingMerchant","floor":44,"turns":3},{"damage":34,"enemies":"4 Shapes","floor":45,"turns":5},{"damage":5,"enemies":"Writhing Mass","floor":46,"turns":4},{"damage":37,"enemies":"Reptomancer","floor":47,"turns":5},{"damage":0,"enemies":"Transient","floor":49,"turns":5},{"damage":55,"enemies":"DF_ARCHETYPE_ORBS","floor":50,"turns":8},{"damage":40,"enemies":"downfall:CharBossMerchant","floor":52,"turns":6},{"damage":76,"enemies":"downfall:NeowBoss","floor":55,"turns":14},{"damage":82,"enemies":"downfall:NeowBossFinal","floor":56,"turns":11}],"seed_played":"-7070889617549551668","potions_obtained":[{"floor":2.0,"key":"PowerPotion"},{"floor":8.0,"key":"SpeedPotion"},{"floor":9.0,"key":"Slimebound:SlimedPotion"},{"floor":13.0,"key":"FairyPotion"},{"floor":16.0,"key":"champ:CounterPotion"}],"is_trial":false,"path_per_floor":["R","M","M","M","?","R","T","M","M","M","M","M","M","M","M","B",null,"R","M","?","$","M","?","T","?","M","M","E","?","R","M","M","B",null,"R","M","M","?","T","$","T","R","M","$","M","M","E","R","M","B",null,"E","$","R","B","B",null],"character_chosen":"SLIMEBOUND","items_purchased":["ClockworkSouvenir","Slimebound:Darklings","expansioncontent:QuickStudy"],"campfire_rested":0,"item_purchase_floors":[40,40,44],"current_hp_per_floor":[71,71,71,61,61,61,61,60,25,42,43,34,44,38,47,57,104,104,96,84,90,88,88,88,88,80,67,54,54,54,59,73,88,118,118,118,118,118,118,118,118,118,111,117,103,106,80,90,108,73,143,111,111,111,55,42],"gold":54,"neow_bonus":"TEN_PERCENT_HP_BONUS","is_daily":false,"chose_seed":false,"campfire_upgraded":7,"win_rate":0.0,"timestamp":1612684598,"path_taken":["R","M","M","M","?","R","T","M","M","M","M","M","M","M","M","BOSS","R","M","?","$","M","?","T","?","?","M","E","?","R","M","M","BOSS","R","M","M","?","?","$","T","R","?","$","M","?","E","R","M","BOSS","E","$","R","BOSS","BOSS"],"items_purchased_type":["Relic","Card","Card"],"build_version":"2020-12-22","purchased_purges":1,"victory":true,"max_hp_per_floor":[71,71,71,71,71,71,71,71,71,77,83,89,89,101,104,104,104,104,104,104,104,110,110,110,110,110,110,110,110,110,113,113,113,118,118,118,118,118,118,118,118,118,124,124,130,130,133,143,143,143,143,143,143,143,143,143],"card_choices":[{"not_picked":["Slimebound:SlimeBrawl","Slimebound:HauntingLick"],"picked":"Slimebound:RollThrough","floor":2.0},{"not_picked":["Slimebound:Schlurp","Slimebound:GoopTackle"],"picked":"Slimebound:Repurpose","floor":3.0},{"not_picked":["Slimebound:SlimeTap","Slimebound:DivideAndConquer"],"picked":"Slimebound:Equalize","floor":4.0},{"not_picked":["Slimebound:SamplingLick","Slimebound:RainOfGoop"],"picked":"Slimebound:SplitSpecialist","floor":8.0},{"not_picked":["Slimebound:SplitSpecialist","Slimebound:RollThrough"],"picked":"Slimebound:MassFeed","floor":9.0},{"not_picked":["Slimebound:SpikyOuterGoop","Slimebound:HauntingLick"],"picked":"Slimebound:SplitLeeching","floor":10.0},{"not_picked":["Slimebound:LeechEnergy","Slimebound:Schlurp"],"picked":"Slimebound:Prepare","floor":11.0},{"not_picked":["Slimebound:TongueLash","Slimebound:PressTheAttack"],"picked":"Slimebound:Nibble","floor":12.0},{"not_picked":["Slimebound:ViciousTackle","Slimebound:Schlurp"],"picked":"Slimebound:GoopSpray","floor":13.0},{"not_picked":["Slimebound:Repurpose","Slimebound:SplitLeeching"],"picked":"Slimebound:FlameTackle","floor":14.0},{"not_picked":["Slimebound:GoopTackle","Slimebound:RollThrough"],"picked":"Slimebound:SlimeBarrage","floor":15.0},{"not_picked":["Slimebound:SlimeSlap","Slimebound:LeechLife"],"picked":"Slimebound:RallyTheTroops","floor":16.0},{"not_picked":["Slimebound:BestDefense","Slimebound:SplitMire"],"picked":"Slimebound:RainOfGoop+1","floor":19.0},{"not_picked":["Slimebound:TongueLash","Slimebound:LeechingTouch","Slimebound:SplitAcid"],"picked":"SKIP","floor":21.0},{"not_picked":["Slimebound:ItLooksTasty","Slimebound:FinishingTackle"],"picked":"Slimebound:OozeBath","floor":22.0},{"not_picked":["Slimebound:SplitLeeching+1","Slimebound:Recollect+1"],"picked":"Slimebound:SlimeSpikes+1","floor":26.0},{"not_picked":["Slimebound:GoopSpray","Slimebound:SplitSpecialist+1"],"picked":"Slimebound:MegaLick+1","floor":26.0},{"not_picked":["Slimebound:LivingWall+1","Slimebound:SplitLeeching+1"],"picked":"Slimebound:SlimeTap","floor":27.0},{"not_picked":["Slimebound:GoopTackle","Slimebound:Recollect","Slimebound:PressTheAttack+1"],"picked":"SKIP","floor":27.0},{"not_picked":["Slimebound:FinishingTackle","Slimebound:Nibble"],"picked":"Slimebound:Repurpose","floor":28.0},{"not_picked":["Slimebound:PrepareCrush","Slimebound:RainOfGoop"],"picked":"Slimebound:GoopSpray+1","floor":31.0},{"not_picked":["Slimebound:LeechingTouch","Slimebound:HauntingLick","Slimebound:SplitMire+1"],"picked":"SKIP","floor":31.0},{"not_picked":["Slimebound:SplitMire","Slimebound:SplitBruiser+1"],"picked":"Slimebound:ServeAndProtect+1","floor":32.0},{"not_picked":["Slimebound:MegaLick","Slimebound:ItLooksTasty+1","Slimebound:SplitLeeching"],"picked":"SKIP","floor":32.0},{"not_picked":["Slimebound:RallyTheTroops","Slimebound:MassFeed"],"picked":"Slimebound:Overexert","floor":33.0},{"not_picked":["Slimebound:RollThrough","Slimebound:ItLooksTasty"],"picked":"Slimebound:Repurpose+1","floor":34.0},{"not_picked":["Slimebound:SplitLeeching+1","Slimebound:BestDefense+1"],"picked":"Slimebound:Prepare","floor":36},{"not_picked":["Slimebound:SplitBruiser","Slimebound:RainOfGoop+1","Slimebound:SlimeBarrage+1"],"picked":"SKIP","floor":36},{"not_picked":["Slimebound:SplitBruiser","Slimebound:RainOfGoop+1"],"picked":"Slimebound:SlimeBarrage+1","floor":36},{"not_picked":["Slimebound:SlimeSpikes","Slimebound:SlimeBrawl+1"],"picked":"Slimebound:Recycling","floor":37},{"not_picked":["Slimebound:ViciousTackle","Slimebound:RollThrough","Slimebound:ItLooksTasty"],"picked":"SKIP","floor":37},{"not_picked":["Slimebound:ViciousTackle","Slimebound:RollThrough","Slimebound:ItLooksTasty"],"picked":"SKIP","floor":37},{"not_picked":["Slimebound:Schlurp","Slimebound:SlimeBarrage+1","Slimebound:SpikyOuterGoop+1"],"picked":"SKIP","floor":40},{"not_picked":["Slimebound:HauntingLick+1","Slimebound:RainOfGoop+1"],"picked":"Slimebound:Recollect","floor":43},{"not_picked":["Slimebound:SplitBruiser+1","Slimebound:HungryTackle+1","Slimebound:SplitLeeching"],"picked":"SKIP","floor":43},{"not_picked":["Slimebound:SamplingLick+1","Slimebound:SplitMire"],"picked":"Slimebound:SelfFormingGoo","floor":44},{"not_picked":["Slimebound:Chomp+1","Slimebound:SplitLeeching+1"],"picked":"Slimebound:GoopTackle+1","floor":45},{"not_picked":["Slimebound:LeechingTouch+1","Slimebound:FlameTackle"],"picked":"Slimebound:ItLooksTasty+1","floor":45},{"not_picked":["Slimebound:RainOfGoop","Slimebound:PressTheAttack+1","Slimebound:Gluttony"],"picked":"SKIP","floor":46},{"not_picked":["Slimebound:DisruptingSlam+1","Slimebound:Schlurp+1","Slimebound:GrowthPunch+1"],"picked":"SKIP","floor":46},{"not_picked":["Slimebound:HungryTackle+1","Slimebound:GrowthPunch+1"],"picked":"Slimebound:LevelUp","floor":47},{"not_picked":["Slimebound:Prepare+1","Slimebound:SamplingLick"],"picked":"Slimebound:LeechEnergy","floor":49},{"not_picked":["Slimebound:LeechingTouch","Slimebound:Repurpose+1"],"picked":"Slimebound:HauntingLick+1","floor":49},{"not_picked":["Slimebound:Nibble+1","Slimebound:Grow"],"picked":"Slimebound:SplitAcid+1","floor":52}],"player_experience":920018,"relics_obtained":[{"floor":7.0,"key":"Darkstone Periapt"},{"floor":24.0,"key":"Prayer Wheel"},{"floor":28.0,"key":"Happy Flower"},{"floor":39,"key":"Regal Pillow"},{"floor":47,"key":"Bag of Preparation"},{"floor":52,"key":"Ornamental Fan"}],"event_choices":[{"damage_healed":0.0,"max_hp_gain":0.0,"max_hp_loss":0.0,"gold_gain":0.0,"cards_transformed":["Slimebound:Strike_Slimebound","Slimebound:Strike_Slimebound"],"event_name":"Drug Dealer","player_choice":"Became Test Subject","floor":23.0,"gold_loss":0.0,"damage_taken":0.0,"cards_obtained":["Slimebound:MinionMaster","Slimebound:LeechingTouch"]},{"cards_removed":["Slimebound:Split"],"damage_healed":0,"gold_gain":0,"player_choice":"Removed Skill","damage_taken":0,"max_hp_gain":0,"max_hp_loss":0,"event_name":"Falling","floor":38,"gold_loss":0}],"is_beta":false,"boss_relics":[{"not_picked":["Calling Bell","Busted Crown"],"picked":"Sozu"},{"not_picked":["Runic Dome","Philosopher\u0027s Stone"],"picked":"Tiny House"}],"items_purged_floors":[21],"is_endless":false,"potions_floor_spawned":[2,8,9,11,13,15,16,22,26,31,32,33,45,46,49],"ascension_level":0}}