{"host":"7sni158j623xchr2","time":1612670993,"event":{"mods":["BaseMod","Colored Map","Highlight Path","Minty Spire (QoL Compilation)","Permanent Neow","Potion Indicator Mod","Rare Cards Sparkle","Relic Sorter","Relic Stats","StSLib","everything is the same but u backflip on backflip"],"gold_per_floor":[165,176,196,52,12,40,40,69,69,81,81,93,108,139,139,239,239,259,259,278,278,25,56,66,76,130,146,171,171,196,196,196,299,299,315,327,339,58,0,0,26,26,26,26,26,37,37,37,37,37,37,37,37,72,72,72],"floor_reached":55,"language":"ENG","playtime":1673,"items_purged":["Defend_B","Pain","Strike_B"],"score":963,"play_id":"89daa045-7195-459e-bf6e-33fd4eb233ea","local_time":"20210206220953","is_ascension_mode":true,"campfire_choices":[{"data":"Defragment","floor":7,"key":"SMITH"},{"data":"Zap","floor":11,"key":"SMITH"},{"data":"Go for the Eyes","floor":15,"key":"SMITH"},{"data":"Fission","floor":29,"key":"SMITH"},{"data":"Consume","floor":32,"key":"SMITH"},{"floor":40,"key":"RECALL"},{"floor":42,"key":"REST"},{"floor":45,"key":"REST"},{"floor":49,"key":"REST"},{"floor":52,"key":"REST"}],"circlet_count":0,"master_deck":["Strike_B","Strike_B","Strike_B","Defend_B","Defend_B","Zap+1","Dualcast+1","Sweeping Beam","Leap","Defragment+1","FTL","Force Field","Coolheaded","Doom and Gloom","Melter","Genetic Algorithm","Consume+1","Go for the Eyes+1","Fission+1","Coolheaded","Sunder+1","Ball Lightning","Loop","Conserve Battery","Fusion+1","Reboot","Heatsinks","Sweeping Beam+1","Defragment","Redo+1","Skim"],"relics":["Tiny House","StrikeDummy","Thread and Needle","FossilizedHelix","Happy Flower","Nuclear Battery","WarpedTongs","Runic Capacitor","Meat on the Bone","Smiling Mask","Omamori","Strawberry","InkBottle","Fusion Hammer","Chemical X","Red Mask","HornCleat","Emotion Chip"],"acts_visited":["Exordium","TheCity","TheBeyond","TheEnding"],"potions_floor_usage":[28,30,54,55],"damage_taken":[{"damage":1,"enemies":"Cultist","floor":1,"turns":3},{"damage":10,"enemies":"Small Slimes","floor":2,"turns":4},{"damage":9,"enemies":"Jaw Worm","floor":3,"turns":4},{"damage":17,"enemies":"Lagavulin","floor":6,"turns":7},{"damage":14,"enemies":"Gremlin Nob","floor":8,"turns":4},{"damage":1,"enemies":"Gremlin Gang","floor":10,"turns":3},{"damage":0,"enemies":"Exordium Thugs","floor":12,"turns":4},{"damage":0,"enemies":"2 Fungi Beasts","floor":13,"turns":3},{"damage":11,"enemies":"Lagavulin","floor":14,"turns":6},{"damage":0,"enemies":"The Guardian","floor":16,"turns":9},{"damage":0,"enemies":"Spheric Guardian","floor":18,"turns":3},{"damage":0,"enemies":"2 Thieves","floor":20,"turns":4},{"damage":20,"enemies":"Book of Stabbing","floor":23,"turns":7},{"damage":0,"enemies":"Cultist and Chosen","floor":24,"turns":6},{"damage":5,"enemies":"Snecko","floor":25,"turns":4},{"damage":15,"enemies":"Snake Plant","floor":27,"turns":5},{"damage":21,"enemies":"Slavers","floor":28,"turns":5},{"damage":9,"enemies":"Gremlin Leader","floor":30,"turns":4},{"damage":0,"enemies":"Champ","floor":33,"turns":11},{"damage":9,"enemies":"3 Shapes","floor":35,"turns":4},{"damage":0,"enemies":"3 Darklings","floor":36,"turns":4},{"damage":10,"enemies":"Writhing Mass","floor":37,"turns":5},{"damage":0,"enemies":"Reptomancer","floor":41,"turns":6},{"damage":0,"enemies":"Transient","floor":46,"turns":5},{"damage":70,"enemies":"Time Eater","floor":50,"turns":10},{"damage":10,"enemies":"Shield and Spear","floor":54,"turns":5},{"damage":104,"enemies":"The Heart","floor":55,"turns":8}],"seed_played":"-3516551060976355745","potions_obtained":[{"floor":0,"key":"Weak Potion"},{"floor":2,"key":"PowerPotion"},{"floor":8,"key":"PowerPotion"},{"floor":12,"key":"AttackPotion"},{"floor":13,"key":"FairyPotion"},{"floor":37,"key":"SkillPotion"},{"floor":46,"key":"Energy Potion"}],"is_trial":false,"path_per_floor":["M","M","M","$","$","E","R","E","T","M","R","M","M","E","R","B",null,"M","?","M","?","$","E","M","M","T","M","E","R","E","T","R","B",null,"M","M","M","$","?","R","E","R","T","?","R","M","?","?","R","B",null,"R","$","E","B"],"character_chosen":"DEFECT","items_purchased":["FTL","Force Field","Runic Capacitor","Defragment","Chemical X"],"campfire_rested":4,"item_purchase_floors":[4,5,22,38,38],"current_hp_per_floor":[79,69,60,60,60,43,43,29,29,28,28,28,28,17,17,17,80,80,65,65,65,65,45,45,52,52,49,40,40,50,50,50,50,92,83,83,73,73,73,73,73,92,92,87,87,87,87,87,87,29,87,87,87,77,0,0],"gold":72,"neow_bonus":"BOSS_RELIC","is_daily":false,"chose_seed":false,"campfire_upgraded":5,"win_rate":0.0,"timestamp":1612670993,"path_taken":["M","?","M","?","$","E","R","E","T","M","R","M","M","E","R","BOSS","M","?","M","?","$","E","?","M","T","M","E","R","E","?","R","BOSS","M","M","M","$","?","R","E","R","T","?","R","M","?","?","R","BOSS","R","$","E","BOSS"],"items_purchased_type":["Card","Card","Relic","Card","Relic"],"build_version":"2020-12-22","purchased_purges":3,"victory":false,"max_hp_per_floor":[80,80,80,80,80,80,80,80,80,80,80,80,80,80,80,80,80,80,85,85,85,85,85,85,85,85,85,85,85,92,92,92,92,92,92,92,92,92,92,92,92,92,92,87,87,87,87,87,87,87,87,87,87,87,87,87],"relic_stats":{"Emotion Chip":[8,4,3,0,1],"Happy Flower":[35],"counters":[27,143],"Chemical X":[1],"Smiling Mask":75,"obtain_stats":[{"Tiny House":0,"Happy Flower":14,"Thread and Needle":8,"Runic Capacitor":22,"Omamori":28,"Smiling Mask":26,"Nuclear Battery":17,"WarpedTongs":21,"Emotion Chip":54,"HornCleat":41,"Strawberry":30,"Fusion Hammer":34,"Red Mask":39,"Chemical X":38,"Cracked Core":0,"StrikeDummy":6,"FossilizedHelix":9,"InkBottle":31,"Meat on the Bone":23},{"Tiny House":0,"Happy Flower":9,"Thread and Needle":5,"Runic Capacitor":12,"Omamori":17,"Smiling Mask":15,"Nuclear Battery":10,"WarpedTongs":12,"Emotion Chip":26,"HornCleat":23,"Strawberry":18,"Fusion Hammer":19,"Red Mask":22,"Chemical X":22,"Cracked Core":0,"StrikeDummy":4,"FossilizedHelix":5,"InkBottle":18,"Meat on the Bone":13},{"Tiny House":0,"Happy Flower":38,"Thread and Needle":22,"Runic Capacitor":54,"Omamori":81,"Smiling Mask":71,"Nuclear Battery":47,"WarpedTongs":54,"Emotion Chip":135,"HornCleat":115,"Strawberry":85,"Fusion Hammer":96,"Red Mask":109,"Chemical X":109,"Cracked Core":0,"StrikeDummy":18,"FossilizedHelix":22,"InkBottle":85,"Meat on the Bone":61}],"InkBottle":[30],"WarpedTongs":[89],"Meat on the Bone":60},"card_choices":[{"not_picked":["Beam Cell","Stack"],"picked":"Sweeping Beam","floor":0},{"not_picked":["Gash","Turbo"],"picked":"Leap","floor":1},{"not_picked":["Steam","Turbo"],"picked":"Defragment","floor":2},{"not_picked":["Scrape","Gash","Double Energy"],"picked":"SKIP","floor":3},{"not_picked":["Force Field","Sweeping Beam"],"picked":"Coolheaded","floor":6},{"not_picked":["Double Energy","Chaos"],"picked":"Doom and Gloom","floor":8},{"not_picked":["Doom and Gloom","Chill"],"picked":"Melter","floor":10},{"not_picked":["Go for the Eyes","Tempest"],"picked":"Genetic Algorithm","floor":12},{"not_picked":["Stack","Beam Cell"],"picked":"Consume","floor":13},{"not_picked":["Turbo","Darkness"],"picked":"Go for the Eyes","floor":14},{"not_picked":["Buffer","Rainbow"],"picked":"Fission","floor":16},{"not_picked":["Redo","Recycle"],"picked":"Coolheaded","floor":18},{"not_picked":["Steam+1","Reinforced Body"],"picked":"Sunder+1","floor":20},{"not_picked":["Blizzard","Gash","Stack"],"picked":"SKIP","floor":23},{"not_picked":["Go for the Eyes","BootSequence"],"picked":"Ball Lightning","floor":24},{"not_picked":["Redo","Gash"],"picked":"Loop","floor":25},{"not_picked":["Ball Lightning","Rebound"],"picked":"Conserve Battery","floor":27},{"not_picked":["Rip and Tear","Undo+1"],"picked":"Fusion+1","floor":28},{"not_picked":["Hologram","Barrage","Thunder Strike"],"picked":"SKIP","floor":30},{"not_picked":["Multi-Cast","Rainbow"],"picked":"Reboot","floor":33},{"not_picked":["Reprogram+1","Leap"],"picked":"Heatsinks","floor":35},{"not_picked":["Redo+1","Fusion+1"],"picked":"Sweeping Beam+1","floor":36},{"not_picked":["Redo+1","Streamline+1","Steam+1"],"picked":"SKIP","floor":37},{"not_picked":["Beam Cell","Go for the Eyes","Stack"],"picked":"SKIP","floor":41},{"not_picked":["Steam","Beam Cell+1"],"picked":"Redo+1","floor":46},{"not_picked":["Cold Snap","Reprogram+1"],"picked":"Skim","floor":54}],"player_experience":1759059,"relics_obtained":[{"floor":6,"key":"StrikeDummy"},{"floor":8,"key":"Thread and Needle"},{"floor":9,"key":"FossilizedHelix"},{"floor":14,"key":"Happy Flower"},{"floor":23,"key":"Meat on the Bone"},{"floor":26,"key":"Smiling Mask"},{"floor":28,"key":"Omamori"},{"floor":30,"key":"Strawberry"},{"floor":31,"key":"InkBottle"},{"floor":41,"key":"HornCleat"},{"floor":54,"key":"Emotion Chip"}],"event_choices":[{"damage_healed":0,"gold_gain":0,"player_choice":"Shed Blood","damage_taken":20,"max_hp_gain":5,"max_hp_loss":0,"event_name":"Forgotten Altar","floor":19,"gold_loss":0},{"damage_healed":0,"gold_gain":0,"player_choice":"Rummage","damage_taken":0,"relics_obtained":["WarpedTongs"],"max_hp_gain":0,"max_hp_loss":0,"event_name":"Accursed Blacksmith","floor":21,"gold_loss":0,"cards_obtained":["Pain"]},{"damage_healed":0,"gold_gain":0,"player_choice":"Paid","damage_taken":0,"relics_obtained":["Red Mask"],"max_hp_gain":0,"max_hp_loss":0,"event_name":"Tomb of Lord Red Mask","floor":39,"gold_loss":58},{"damage_healed":0,"gold_gain":0,"player_choice":"Max HP","damage_taken":0,"max_hp_gain":0,"max_hp_loss":5,"event_name":"Winding Halls","floor":44,"gold_loss":0},{"damage_healed":0,"gold_gain":0,"player_choice":"Ignored","damage_taken":0,"max_hp_gain":0,"max_hp_loss":0,"event_name":"Mysterious Sphere","floor":47,"gold_loss":0},{"cards_removed":["Defend_B"],"damage_healed":0,"gold_gain":0,"player_choice":"Removed Skill","damage_taken":0,"max_hp_gain":0,"max_hp_loss":0,"event_name":"Falling","floor":48,"gold_loss":0}],"is_beta":false,"boss_relics":[{"not_picked":["Black Star","Runic Dome"],"picked":"Nuclear Battery"},{"not_picked":["Busted Crown","Cursed Key"],"picked":"Fusion Hammer"}],"items_purged_floors":[4,22,38],"is_endless":false,"potions_floor_spawned":[2,8,12,13,24,25,37,46],"killed_by":"The Heart","ascension_level":2}}