{"host":"3a1ypf1irl30q4k8","time":1612686349,"event":{"mods":["AchievementEnabler","BaseMod","Bestiary","Minty Spire (QoL Compilation)","Relic Stats","ojb\u0027s Better Paths Mod","ojb\u0027s Info Mod"],"gold_per_floor":[114,131,306,318,318,318,358,358,358,358,382,382,406,449,449,574,574,593,593,613,613,634,634,678,678,747,747,163,179,218,58,58,58,58],"floor_reached":33,"language":"ENG","playtime":1808,"items_purged":["Strike_R"],"score":398,"play_id":"df91d84c-ee92-477a-ac46-ac3ccd084433","local_time":"20210207082549","is_ascension_mode":true,"campfire_choices":[{"data":"Berserk","floor":6.0,"key":"SMITH"},{"floor":8.0,"key":"REST"},{"data":"Rampage","floor":10.0,"key":"SMITH"},{"data":"Bash","floor":12.0,"key":"SMITH"},{"data":"Wild Strike","floor":15.0,"key":"SMITH"},{"data":"Cleave","floor":23.0,"key":"SMITH"},{"floor":25,"key":"REST"},{"data":"Shockwave","floor":27,"key":"SMITH"},{"floor":32,"key":"REST"}],"circlet_count":0,"master_deck":["Strike_R","Defend_R","Defend_R","Defend_R","Bash+1","Berserk+1","Headbutt","Wild Strike","Second Wind","Doubt","Rampage+1","Wild Strike+1","Shockwave+1","Reckless Charge","Juggernaut","Reckless Charge+1","Offering","Headbutt","Cleave+1","Decay","Sever Soul","Body Slam+1","Rage+1","Impervious"],"relics":["Burning Blood","Golden Idol","Sundial","Orichalcum","Velvet Choker","PreservedInsect","Molten Egg 2","Matryoshka","Sling","Singing Bowl"],"acts_visited":["Exordium","TheCity"],"potions_floor_usage":[24,29,33,33,33],"damage_taken":[{"damage":7.0,"enemies":"2 Louse","floor":1.0,"turns":3.0},{"damage":14.0,"enemies":"Jaw Worm","floor":2.0,"turns":3.0},{"damage":6.0,"enemies":"Cultist","floor":4.0,"turns":4.0},{"damage":40.0,"enemies":"3 Sentries","floor":7.0,"turns":7.0},{"damage":10.0,"enemies":"2 Fungi Beasts","floor":11.0,"turns":3.0},{"damage":9.0,"enemies":"Red Slaver","floor":13.0,"turns":3.0},{"damage":0.0,"enemies":"Gremlin Nob","floor":14.0,"turns":2.0},{"damage":21.0,"enemies":"Slime Boss","floor":16.0,"turns":10.0},{"damage":7.0,"enemies":"Chosen","floor":18.0,"turns":3.0},{"damage":13.0,"enemies":"3 Byrds","floor":20.0,"turns":4.0},{"damage":18.0,"enemies":"3 Cultists","floor":22.0,"turns":4.0},{"damage":46,"enemies":"Slavers","floor":24,"turns":5},{"damage":15,"enemies":"Snake Plant","floor":29,"turns":3},{"damage":22,"enemies":"Book of Stabbing","floor":30,"turns":4},{"damage":60,"enemies":"Collector","floor":33,"turns":5}],"seed_played":"1509948192584326693","potions_obtained":[{"floor":2.0,"key":"Fire Potion"},{"floor":4.0,"key":"Ancient Potion"},{"floor":11.0,"key":"BlessingOfTheForge"},{"floor":13.0,"key":"Fruit Juice"},{"floor":14.0,"key":"CultistPotion"},{"floor":18.0,"key":"BloodPotion"},{"floor":24,"key":"ColorlessPotion"},{"floor":29,"key":"Fire Potion"}],"is_trial":false,"path_per_floor":["M","M","?","M","?","R","E","R","T","R","M","R","M","E","R","B",null,"M","?","M","?","M","R","E","R","T","R","$","M","E","$","R","B"],"character_chosen":"IRONCLAD","items_purchased":["Body Slam+1","Matryoshka","Sling","SteroidPotion","Impervious"],"campfire_rested":3,"item_purchase_floors":[28,28,28,28,31],"current_hp_per_floor":[55,47,47,47,47,47,13,35,35,35,31,31,28,39,39,24,65,64,64,72,72,60,60,20,43,43,43,43,34,20,20,44,0,0],"gold":58,"neow_bonus":"TRANSFORM_TWO_CARDS","is_daily":false,"chose_seed":false,"campfire_upgraded":6,"win_rate":0.0,"timestamp":1612686349,"path_taken":["M","M","?","M","?","R","E","R","T","R","?","R","M","E","R","BOSS","M","?","M","?","M","R","E","R","T","R","$","M","E","$","R","BOSS"],"items_purchased_type":["Card","Relic","Relic","Potion","Card"],"build_version":"2020-12-22","purchased_purges":1,"victory":false,"max_hp_per_floor":[80,80,80,80,74,74,74,74,74,74,74,74,74,79,79,79,79,79,79,79,79,79,79,79,79,79,79,79,79,81,81,81,81,81],"relic_stats":{"Singing Bowl":2,"counters":[15,63],"Golden Idol":89,"Sundial":[0],"PreservedInsect":41,"Orichalcum":[108],"obtain_stats":[{"Matryoshka":28,"Singing Bowl":30,"Golden Idol":5,"Sundial":7,"Velvet Choker":17,"Molten Egg 2":26,"PreservedInsect":24,"Orichalcum":14,"Sling":28,"Burning Blood":0},{"Matryoshka":12,"Singing Bowl":14,"Golden Idol":3,"Sundial":4,"Velvet Choker":8,"Molten Egg 2":12,"PreservedInsect":12,"Orichalcum":7,"Sling":12,"Burning Blood":0},{"Matryoshka":51,"Singing Bowl":58,"Golden Idol":10,"Sundial":17,"Velvet Choker":35,"Molten Egg 2":51,"PreservedInsect":51,"Orichalcum":25,"Sling":51,"Burning Blood":0}],"Burning Blood":84},"card_choices":[{"not_picked":["Rage","Rupture"],"picked":"Wild Strike","floor":1.0},{"not_picked":["Headbutt","Perfected Strike"],"picked":"Second Wind","floor":2.0},{"not_picked":["Sword Boomerang","Warcry"],"picked":"Rampage","floor":4.0},{"not_picked":["Fire Breathing","Thunderclap","Warcry"],"picked":"SKIP","floor":7.0},{"not_picked":["Thunderclap","Havoc"],"picked":"Wild Strike","floor":11.0},{"not_picked":["Perfected Strike","Wild Strike"],"picked":"Shockwave","floor":13.0},{"not_picked":["Barricade","Wild Strike"],"picked":"Reckless Charge","floor":14.0},{"not_picked":["Fiend Fire","Berserk"],"picked":"Juggernaut","floor":16.0},{"not_picked":["Perfected Strike","Combust+1"],"picked":"Reckless Charge+1","floor":18.0},{"not_picked":["Armaments+1","Flex"],"picked":"Cleave","floor":20.0},{"not_picked":["Dark Embrace","Reckless Charge"],"picked":"Sever Soul","floor":22.0},{"not_picked":["Carnage","Sword Boomerang+1","Clothesline"],"picked":"SKIP","floor":24},{"not_picked":["Thunderclap+1","Dual Wield"],"picked":"Rage+1","floor":29},{"not_picked":["Rupture","Body Slam+1","Rampage+1"],"picked":"Singing Bowl","floor":30}],"player_experience":1353717,"relics_obtained":[{"floor":7.0,"key":"Sundial"},{"floor":14.0,"key":"Orichalcum"},{"floor":24,"key":"PreservedInsect"},{"floor":26,"key":"Molten Egg 2"},{"floor":30,"key":"Singing Bowl"}],"event_choices":[{"damage_healed":0.0,"max_hp_gain":0.0,"max_hp_loss":0.0,"gold_gain":175.0,"event_name":"Liars Game","player_choice":"AGREE","floor":3.0,"gold_loss":0.0,"damage_taken":0.0,"cards_obtained":["Doubt"]},{"damage_healed":0.0,"max_hp_gain":0.0,"max_hp_loss":6.0,"gold_gain":0.0,"event_name":"Golden Idol","player_choice":"Lose Max HP","floor":5.0,"gold_loss":0.0,"damage_taken":0.0,"relics_obtained":["Golden Idol"]},{"damage_healed":0.0,"max_hp_gain":0.0,"max_hp_loss":0.0,"gold_gain":0.0,"cards_transformed":["Strike_R","Strike_R"],"event_name":"Drug Dealer","player_choice":"Became Test Subject","floor":19.0,"gold_loss":0.0,"damage_taken":0.0,"cards_obtained":["Offering","Headbutt"]},{"damage_healed":0.0,"max_hp_gain":0.0,"max_hp_loss":0.0,"gold_gain":0.0,"event_name":"Wheel of Change","player_choice":"Cursed","floor":21.0,"gold_loss":0.0,"damage_taken":0.0,"cards_obtained":["Decay"]}],"is_beta":false,"boss_relics":[{"not_picked":["Sozu","Black Star"],"picked":"Velvet Choker"}],"items_purged_floors":[28],"is_endless":false,"potions_floor_spawned":[2,4,11,13,14,18,24,29],"killed_by":"Collector","ascension_level":5}}