{"host":"usru02jcpe2a942d","time":1612658222,"event":{"mods":["ATMod(阿瑾Mod)","Act Like it!","BaseMod","Better Altar","Better Match","Better Note","Better Sensory Stone","Better Skull","Better Third Choice","Better Vampires","Challenge The Spire","Colored Powertips","Friendly Minions","GifTheSpireLib","Highlight Path","Hubris","Infinite Spire","Jedi Mod","KinomotoSakuraMod(木之本樱)","Minty Spire (QoL Compilation)","MostiFishMod","Pale of the Ancients","Quick Restart","Relic Stats","RumiaBox-露米娅的神秘盒子","StSLib","noobMod","【遗物卡牌】REMEMod","篝火指南"],"gold_per_floor":[110,110,127,142,142,142,216,216,216,216,226,239,164,178,103,208,208,224,224,499,509,524,550,550,81,81,94,129,151,38,55,55,152,152,163,538,538,538,1,1,29,47,95,113,145,161,211,227,75,75],"floor_reached":51,"language":"ZHS","playtime":2956,"items_purged":["ClowCardTheSword","ClowCardTheSword+1","Regret","ClowCardTheSword","SakuraCardTheWindy+","ClowCardTheShield"],"score":988,"play_id":"2c1b8322-e136-45c5-bdea-25da4f10ddb3","local_time":"20210207083702","is_ascension_mode":false,"campfire_choices":[{"data":"ClowCardTheDream","floor":6.0,"key":"SMITH"},{"data":"SpellCardSeal","floor":10.0,"key":"SMITH"},{"data":"ClowCardTheBig","floor":32.0,"key":"SMITH"},{"data":"infinitespire:Collect","floor":40,"key":"SMITH"}],"circlet_count":0,"master_deck":["SakuraCardTheJump+","ClowCardTheSword","ClowCardTheShield+1","ClowCardTheShield","ClowCardTheShield","SpellCardSeal+1","SpellCardRelease","AT_FamilyPortrait+1","jedi:forcepull","AT_DarkMatter","ClowCardTheDream+1","ClowCardTheSand","Master of Strategy+1","jedi:forcepull+1","Feel No Pain+1","MostiFishMod:SupremeArchaeology+1","ClowCardTheBig+1","Purity+1","Berserk","hubris:DuctTapeCard","infinitespire:Gouge","infinitespire:Collect+1","ClowCardTheWatery","ClowCardTheBubbles+1","Madness"],"relics":["KSMOD_SealedBook","KSMOD_SealedWand","DaveBox","ice","REME_ComplimentaryCards","AT_ATBox","PrismaticShard","SynthV:TestCard","infinitespire:Bottled Soul","FeatherPendant","Bird Faced Urn","Lizard Tail","REME_LowDesire","Pen Nib","Bronze Scales","Lantern","hubris:DuctTape","Black Star","KSMOD_Yue","hubris:SlimyHat","Sling","BionicSphere","MawBank","hubris:SphereOfDissonance","Coffee Dripper","Torii","Spirit Poop","Medical Kit","jedi:HeartOfTheCards","AT_SpeedBoots","AT_RedTearstoneRing","Juzu Bracelet","KSMOD_TouyasBicycle","KSMOD_TaoistSuit","jedi:firstaidkit","War Paint"],"acts_visited":["TheCity","TheBeyond"],"potions_floor_usage":[],"damage_taken":[{"damage":3.0,"enemies":"Jaw Worm","floor":1.0,"turns":3.0},{"damage":1.0,"enemies":"Cultist","floor":3.0,"turns":4.0},{"damage":0.0,"enemies":"Small Slimes","floor":4.0,"turns":4.0},{"damage":0.0,"enemies":"Blue Slaver","floor":11.0,"turns":1.0},{"damage":0.0,"enemies":"Lots of Slimes","floor":12.0,"turns":1.0},{"damage":0.0,"enemies":"Red Slaver","floor":14.0,"turns":2.0},{"damage":35.0,"enemies":"The Guardian","floor":16.0,"turns":3.0},{"damage":0.0,"enemies":"Shell Parasite","floor":18.0,"turns":1.0},{"damage":3.0,"enemies":"2 Thieves","floor":21.0,"turns":3.0},{"damage":0.0,"enemies":"Shelled Parasite and Fungi","floor":22.0,"turns":2.0},{"damage":10.0,"enemies":"Slavers","floor":23.0,"turns":4.0},{"damage":0.0,"enemies":"Centurion and Healer","floor":27.0,"turns":2.0},{"damage":4.0,"enemies":"REME_1_Revenger","floor":28.0,"turns":3.0},{"damage":0.0,"enemies":"3 Cultists","floor":29.0,"turns":2.0},{"damage":0.0,"enemies":"Shelled Parasite and Fungi","floor":31.0,"turns":2.0},{"damage":0.0,"enemies":"Collector","floor":33.0,"turns":3.0},{"damage":0.0,"enemies":"3 Darklings","floor":35.0,"turns":2.0},{"damage":0.0,"enemies":"infinitespire:Three Voidlings","floor":36.0,"turns":3.0},{"damage":56.0,"enemies":"Nightmare_Alpha","floor":36.0,"turns":6.0},{"damage":0,"enemies":"Nightmare","floor":41,"turns":1},{"damage":0,"enemies":"Orb Walker","floor":42,"turns":1},{"damage":0,"enemies":"Spire Growth","floor":44,"turns":1},{"damage":0,"enemies":"Giant Head","floor":45,"turns":2},{"damage":0,"enemies":"3 Darklings","floor":46,"turns":1},{"damage":0,"enemies":"Mind Bloom Boss Battle","floor":47,"turns":1},{"damage":0,"enemies":"4 Shapes","floor":48,"turns":1},{"damage":0,"enemies":"Time Eater","floor":50,"turns":8}],"seed_played":"-2416493185581231564","potions_obtained":[{"floor":1.0,"key":"Fire Potion"},{"floor":4.0,"key":"Swift Potion"},{"floor":11.0,"key":"PowerPotion"},{"floor":33.0,"key":"infinitespire:BlackPotion"}],"is_trial":false,"path_per_floor":["M","?","M","M","?","R","T","AVR","T","R","M","M","?","M","R","B",null,"M","T","?","M","M","E","AVR","R","T","M","E","M","$","M","R","B",null,"M","?","?","?","$","R","NM","M","T","M","E","M","?","M","R","B",null],"character_chosen":"KINOMOTOSAKURA","items_purchased":["ClowCardTheBig","hubris:SlimyHat","Sling","Medical Kit","jedi:HeartOfTheCards","War Paint"],"campfire_rested":0,"item_purchase_floors":[25,25,25,39,39,49],"current_hp_per_floor":[67,67,66,66,52,52,52,52,52,52,52,52,52,66,66,39,70,70,70,70,69,70,66,66,66,66,70,70,70,70,70,70,70,70,70,28,11,11,11,11,25,39,39,53,57,70,70,70,70,70],"gold":75,"neow_bonus":"UPGRADE_CARD","is_daily":false,"chose_seed":false,"campfire_upgraded":4,"win_rate":0.0,"timestamp":1612658222,"path_taken":["M","?","M","?","?","R","?","AVR","T","R","?","M","?","M","R","BOSS","M","?","?","?","M","E","AVR","R","T","M","E","M","?","M","R","BOSS","M","?","?","?","$","R","NM","M","T","M","E","M","?","M","R","BOSS"],"items_purchased_type":["Card","Relic","Relic","Relic","Relic","Relic"],"build_version":"2020-12-22","purchased_purges":6,"victory":true,"max_hp_per_floor":[70,70,70,70,70,70,70,70,70,70,70,70,70,70,70,70,70,70,70,70,70,70,70,70,70,70,70,70,70,70,70,70,70,70,70,70,70,70,70,70,70,70,70,70,70,70,70,70,70,70],"relic_stats":{"Lizard Tail":0,"Torii":0,"counters":[27,67],"Bird Faced Urn":[108],"Bronze Scales":[211],"Pen Nib":[25],"Black Star":3,"Juzu Bracelet":1,"War Paint":["Master of Strategy","MostiFishMod:SupremeArchaeology"],"MawBank":24,"Medical Kit":[0],"obtain_stats":[{"Lantern":19,"AT_ATBox":0,"DaveBox":0,"Torii":36,"Spirit Poop":38,"ice":0,"hubris:SlimyHat":25,"Juzu Bracelet":43,"PrismaticShard":0,"Sling":25,"Lizard Tail":9,"infinitespire:Bottled Soul":7,"jedi:firstaidkit":47,"KSMOD_SealedWand":0,"REME_LowDesire":17,"AT_RedTearstoneRing":41,"KSMOD_Yue":24,"hubris:DuctTape":23,"KSMOD_SealedBook":0,"hubris:SphereOfDissonance":28,"Pen Nib":17,"KSMOD_TaoistSuit":45,"War Paint":49,"MawBank":28,"Medical Kit":39,"jedi:HeartOfTheCards":39,"AT_SpeedBoots":41,"SynthV:TestCard":1,"FeatherPendant":8,"Bird Faced Urn":8,"Bronze Scales":17,"BionicSphere":26,"Black Star":24,"Coffee Dripper":34,"KSMOD_TouyasBicycle":45,"REME_ComplimentaryCards":0},{"Lantern":8,"AT_ATBox":0,"DaveBox":0,"Torii":19,"Spirit Poop":19,"ice":0,"hubris:SlimyHat":11,"Juzu Bracelet":21,"PrismaticShard":0,"Sling":11,"Lizard Tail":3,"infinitespire:Bottled Soul":3,"jedi:firstaidkit":25,"KSMOD_SealedWand":0,"REME_LowDesire":7,"AT_RedTearstoneRing":20,"KSMOD_Yue":11,"hubris:DuctTape":11,"KSMOD_SealedBook":0,"hubris:SphereOfDissonance":13,"Pen Nib":7,"KSMOD_TaoistSuit":23,"War Paint":26,"MawBank":13,"Medical Kit":19,"jedi:HeartOfTheCards":19,"AT_SpeedBoots":20,"SynthV:TestCard":1,"FeatherPendant":3,"Bird Faced Urn":3,"Bronze Scales":7,"BionicSphere":11,"Black Star":11,"Coffee Dripper":16,"KSMOD_TouyasBicycle":23,"REME_ComplimentaryCards":0},{"Lantern":19,"AT_ATBox":0,"DaveBox":0,"Torii":51,"Spirit Poop":51,"ice":0,"hubris:SlimyHat":28,"Juzu Bracelet":53,"PrismaticShard":0,"Sling":28,"Lizard Tail":11,"infinitespire:Bottled Soul":11,"jedi:firstaidkit":58,"KSMOD_SealedWand":0,"REME_LowDesire":18,"AT_RedTearstoneRing":52,"KSMOD_Yue":28,"hubris:DuctTape":28,"KSMOD_SealedBook":0,"hubris:SphereOfDissonance":33,"Pen Nib":18,"KSMOD_TaoistSuit":56,"War Paint":59,"MawBank":33,"Medical Kit":51,"jedi:HeartOfTheCards":51,"AT_SpeedBoots":52,"SynthV:TestCard":3,"FeatherPendant":11,"Bird Faced Urn":11,"Bronze Scales":18,"BionicSphere":28,"Black Star":28,"Coffee Dripper":40,"KSMOD_TouyasBicycle":56,"REME_ComplimentaryCards":0}]},"card_choices":[{"not_picked":["ClowCardTheShot","FlurryOfBlows"],"picked":"Deflect","floor":1.0},{"not_picked":["AT_BreakingExtremeWeapon","REME_BuildACard","REME_MawOfCthun","Trip"],"picked":"jedi:forcepull","floor":2.0},{"not_picked":["Streamline","REME_TwoStrings","Prostrate","AT_ThistleTea"],"picked":"AT_DarkMatter","floor":3.0},{"not_picked":["Hologram","Sword Boomerang","Havoc","jedi:BurstFrost"],"picked":"ClowCardTheDream","floor":4.0},{"not_picked":["Headbutt","Prepared","Evaluate","JustLucky","jedi:collectorvenom"],"picked":"SKIP","floor":11.0},{"not_picked":["MostiFishMod:ScryFuture","Protect","SashWhip","FollowUp","Flying Knee"],"picked":"SKIP","floor":12.0},{"not_picked":["MostiFishMod:ScryFuture","Protect","SashWhip","FollowUp","Flying Knee"],"picked":"SKIP","floor":12.0},{"not_picked":["ClowCardTheBig","ClowCardTheWatery","ClowCardTheWave","ClowCardTheLittle"],"picked":"ClowCardTheWindy","floor":13.0},{"not_picked":["ClowCardTheMirror","ClowCardTheSilent","ClowCardTheErase","ClowCardTheChange"],"picked":"ClowCardTheSand","floor":13.0},{"not_picked":["Panache","REME_AllRoundStrike","REME_WheelOfFate","REME_BuildACard"],"picked":"Master of Strategy","floor":13.0},{"not_picked":["Evaluate","Genetic Algorithm","Rampage","Clash","ClowCardThePower"],"picked":"SKIP","floor":14.0},{"not_picked":["REME_Repentance","Spot Weakness+1","hubris:ReadiedAction","Prepared","jedi:spotbugs","Impatience"],"picked":"SKIP","floor":18.0},{"not_picked":["Evaluate","Streamline","ClowCardTheLibra","jedi:unstablefumes","ClowCardTheErase"],"picked":"jedi:forcepull+1","floor":21.0},{"not_picked":["MostiFishMod:TalkingToTheRain","Crescendo","Protect","Flex","Forethought"],"picked":"Feel No Pain+1","floor":22.0},{"not_picked":["MostiFishMod:InvigoratingSolution","EmptyBody","hubris:Counter+1","ClowCardTheSand","Reprogram"],"picked":"MostiFishMod:SupremeArchaeology","floor":23.0},{"not_picked":["ClowCardTheSand+1","REME_AllRoundStrike","MostiFishMod:PreservedThorns","Cleave+1","ClowCardTheIllusion","Mind Blast+1"],"picked":"SKIP","floor":27.0},{"not_picked":["Stack","ClowCardTheIllusion","Aggregate","Dagger Spray","The Bomb"],"picked":"Purity+1","floor":28.0},{"not_picked":["Glacier","Poisoned Stab","Rip and Tear","WaveOfTheHand","Blind"],"picked":"ClowCardTheJump","floor":29.0},{"not_picked":["Outmaneuver","PathToVictory","Dagger Spray","Underhanded Strike+1","Sucker Punch","AT_TearsDenial"],"picked":"SKIP","floor":31.0},{"not_picked":["MostiFishMod:Nova","Malaise","MostiFishMod:TemporaryOutbreak","Glass Knife","MostiFishMod:SupremeArchaeology"],"picked":"Berserk","floor":33.0},{"not_picked":["Coolheaded+1","Whirlwind+1","AT_StudyProgram","ClowCardThePower","Steam+1","Armaments","AT_FalsePromise","REME_FirmDetermination+1"],"picked":"SKIP","floor":35.0},{"not_picked":["infinitespire:Oblivion","infinitespire:UltimateForm"],"picked":"infinitespire:Gouge","floor":36},{"not_picked":["infinitespire:DeathsTouch","hubris:Fate"],"picked":"infinitespire:Collect","floor":37},{"not_picked":["Perfected Strike+1","Darkness+1","Bloodletting","jedi:acidrain","Rupture+1","Metamorphosis"],"picked":"SKIP","floor":41},{"not_picked":["Thunderclap+1","InnerPeace","Acrobatics+1","Rebound+1","AT_PowerWithin+1"],"picked":"ClowCardTheWatery","floor":42},{"not_picked":["ClowCardTheJump","REME_MagicPocketWatch","Conserve Battery+1","AT_EMC2","Anger+1","Transmutation"],"picked":"SKIP","floor":44},{"not_picked":["AT_IchimonjiDouble","Magnetism","jedi:blockon+1","Flying Knee","Leap+1","Panacea"],"picked":"SKIP","floor":45},{"not_picked":["REME_ShadowForm","Heel Hook+1","Sentinel+1","Headbutt","Blind+1"],"picked":"ClowCardTheBubbles+1","floor":46},{"not_picked":["Stack","Dark Shackles","MostiFishMod:GatherIntelligence","Rampage+1","Metamorphosis"],"picked":"Madness","floor":47},{"not_picked":["Sweeping Beam","AT_DiedThrough+1","Slice+1","Aggregate","Reckless Charge+1","REME_Flogging"],"picked":"SKIP","floor":48}],"player_experience":249462,"relics_obtained":[{"floor":1.0,"key":"SynthV:TestCard"},{"floor":7.0,"key":"infinitespire:Bottled Soul"},{"floor":9.0,"key":"Lizard Tail"},{"floor":17.0,"key":"Pen Nib"},{"floor":17.0,"key":"Bronze Scales"},{"floor":19.0,"key":"Lantern"},{"floor":23.0,"key":"hubris:DuctTape"},{"floor":26.0,"key":"BionicSphere"},{"floor":28.0,"key":"MawBank"},{"floor":28.0,"key":"hubris:SphereOfDissonance"},{"floor":36,"key":"Torii"},{"floor":41,"key":"AT_SpeedBoots"},{"floor":41,"key":"AT_RedTearstoneRing"},{"floor":43,"key":"Juzu Bracelet"},{"floor":45,"key":"KSMOD_TouyasBicycle"},{"floor":45,"key":"KSMOD_TaoistSuit"},{"floor":47,"key":"jedi:firstaidkit"}],"event_choices":[{"damage_healed":0.0,"max_hp_gain":0.0,"max_hp_loss":0.0,"gold_gain":1.0,"event_name":"betterStone:BetterStone","player_choice":"1","floor":2.0,"gold_loss":0.0,"damage_taken":0.0},{"damage_healed":66.0,"max_hp_gain":0.0,"max_hp_loss":70.0,"gold_gain":0.0,"event_name":"betterThird:BetterShining","player_choice":"Upgrade","floor":5.0,"gold_loss":0.0,"damage_taken":14.0,"cards_upgraded":["ClowCardTheShield","ClowCardTheSword"]},{"damage_healed":0.0,"max_hp_gain":0.0,"max_hp_loss":0.0,"gold_gain":0.0,"event_name":"betterMatch:BetterMatch","player_choice":"1","floor":13.0,"gold_loss":0.0,"damage_taken":0.0,"cards_obtained":["betterMatch:UncommonCard","betterMatch:CommonCard","betterMatch:ColorlessRareCard"]},{"damage_healed":0.0,"max_hp_gain":0.0,"max_hp_loss":0.0,"gold_gain":275.0,"event_name":"Golden Shrine","player_choice":"Desecrate","floor":20.0,"gold_loss":0.0,"damage_taken":0.0,"cards_obtained":["Regret"]},{"damage_healed":0,"gold_gain":275,"player_choice":"Desecrate","damage_taken":0,"max_hp_gain":0,"max_hp_loss":0,"event_name":"Golden Shrine","floor":36,"gold_loss":0,"cards_obtained":["Regret"]},{"cards_removed":["Regret"],"damage_healed":0,"gold_gain":0,"player_choice":"Offered Curse","damage_taken":0,"relics_obtained":["Spirit Poop"],"max_hp_gain":0,"max_hp_loss":0,"event_name":"Bonfire Elementals","floor":38,"gold_loss":0},{"damage_healed":0,"gold_gain":0,"player_choice":"Fight","damage_taken":0,"max_hp_gain":0,"max_hp_loss":0,"event_name":"MindBloom","floor":47,"gold_loss":0}],"is_beta":false,"boss_relics":[{"not_picked":["PatriotShield","AT_TrinityForce"],"picked":"REME_LowDesire"},{"not_picked":["Calling Bell","AT_MortalBlade"],"picked":"Coffee Dripper"}],"items_purged_floors":[8,15,24,25,30,39],"is_endless":true,"potions_floor_spawned":[1,4,11,18,21,23,31,33,35,36,42,46],"ascension_level":0}}