{"host":"9j472d1lqxyi8fmj","time":1612728201,"event":{"mods":["AchievementEnabler","Aspiration","BaseMod","Better Note","BetterRewards","Block Reminder","Card Filter","Colored Powertips","Downfall","Halation","Hermit","Hubris","Infinite Spire","Minty Spire (QoL Compilation)","Potion Indicator Mod","Rare Cards Sparkle","Relic Filter","Reliquary","Replay The Spire","Spicy Shops","StSLib","The Runesmith","Virulent Crown"],"gold_per_floor":[112,112,112,112,112,112,125,139,218,218,230,2,31,48,48,143,143,158,175,175,175],"floor_reached":20,"language":"ENG","playtime":794,"items_purged":[],"score":274,"play_id":"5fde5e06-d96c-4a08-90f2-b0342149d55e","local_time":"20210207150321","is_ascension_mode":false,"campfire_choices":[{"floor":15,"key":"REST"}],"circlet_count":0,"master_deck":["hermit:Strike_Hermit","hermit:Strike_Hermit","hermit:Strike_Hermit","hermit:Strike_Hermit","hermit:Defend_Hermit","hermit:Defend_Hermit","hermit:Defend_Hermit","hermit:Defend_Hermit","hermit:Snapshot","hermit:Covet","hermit:RoundhouseKick+1","hermit:CursedWeapon","Voices","Delirium","hermit:Strike_Hermit","Quick Slash","hermit:EyeOfTheStorm","hermit:ItchyTrigger","hermit:ItchyTrigger","hermit:Ricochet","Blur","hermit:OverwhelmingPower","hermit:Reprieve","hermit:ShadowCloak","hermit:Enervate"],"relics":["hermit:Momento","Replay:Multitool","halation:LostSnail","hubris:DisguiseKit","halation:PinkSoulGem","White Beast Statue","hubris:Towel","aspiration:Nostalgia","m_DevilBlood","reliquary:TridentHead","halation:HeavySnake"],"acts_visited":["Exordium","TheCity"],"potions_floor_usage":[19],"damage_taken":[{"damage":1,"enemies":"Jaw Worm","floor":1,"turns":4},{"damage":4,"enemies":"2 Louse","floor":7,"turns":3},{"damage":5,"enemies":"Small Slimes","floor":8,"turns":2},{"damage":2,"enemies":"3 Louse","floor":11,"turns":1},{"damage":27,"enemies":"3 Sentries","floor":13,"turns":6},{"damage":0,"enemies":"Looter","floor":14,"turns":1},{"damage":38,"enemies":"Slime Boss","floor":16,"turns":11},{"damage":32,"enemies":"2 Thieves","floor":18,"turns":3},{"damage":40,"enemies":"Spheric Guardian","floor":19,"turns":8},{"damage":16,"enemies":"Snake Plant","floor":20,"turns":1}],"seed_played":"-6004418813441137490","potions_obtained":[{"floor":1,"key":"PowerPotion"},{"floor":8,"key":"hexamod:SoulburnPotion"},{"floor":19,"key":"EssenceOfSteel"}],"is_trial":false,"path_per_floor":["M","?","?","?","?","R","M","M","T","?","M","$","E","M","R","B",null,"M","M","M"],"character_chosen":"HERMIT","items_purchased":["Replay:Multitool","halation:LostSnail","hermit:RoundhouseKick","hermit:ItchyTrigger","aspiration:Nostalgia","hermit:Ricochet"],"campfire_rested":1,"item_purchase_floors":[0,0,0,12,12,12],"current_hp_per_floor":[63,63,63,63,63,75,71,66,66,66,64,64,37,37,59,21,75,43,11,0,0],"gold":175,"neow_bonus":"","is_daily":false,"chose_seed":false,"campfire_upgraded":0,"win_rate":0.0,"timestamp":1612728201,"path_taken":["M","?","?","?","?","R","M","?","T","?","M","$","E","M","R","BOSS","M","M","M"],"items_purchased_type":["Relic","Relic","Card","Card","Relic","Card"],"build_version":"2020-12-22","purchased_purges":0,"victory":false,"max_hp_per_floor":[75,75,75,75,75,75,75,75,75,75,75,75,75,75,75,75,75,75,75,75,75],"card_choices":[{"not_picked":["hermit:Glare","hermit:Headshot"],"picked":"hermit:CursedWeapon","floor":1},{"not_picked":["hermit:Roulette","hermit:HoleUp","hermit:Maintenance"],"picked":"Quick Slash","floor":7},{"not_picked":["hermit:Desperado","hermit:WideOpen","Deadly Poison"],"picked":"hermit:EyeOfTheStorm","floor":8},{"not_picked":["hermit:HighCaliber","hermit:FlashPowder","Catalyst"],"picked":"hermit:ItchyTrigger","floor":11},{"not_picked":["Defy Death","hermit:FlashPowder","Ghostly Armor"],"picked":"Blur","floor":13},{"not_picked":["hermit:FullyLoaded","hexamod:SpectersWail","Cloak And Dagger"],"picked":"hermit:OverwhelmingPower","floor":14},{"not_picked":["hermit:FinalCanter","hermit:DeadOrAlive","Malaise"],"picked":"hermit:Reprieve","floor":16},{"not_picked":["hermit:Glare","hermit:Coalescence","Deflect"],"picked":"hermit:ShadowCloak","floor":18},{"not_picked":["hermit:Quickdraw","hermit:Determination","Hidden Blade"],"picked":"hermit:Enervate","floor":19}],"player_experience":383912,"relics_obtained":[{"floor":9,"key":"White Beast Statue"},{"floor":13,"key":"reliquary:TridentHead"}],"event_choices":[{"damage_healed":0,"gold_gain":0,"player_choice":"2 cards matched","damage_taken":0,"max_hp_gain":0,"max_hp_loss":0,"event_name":"Match and Keep!","floor":5,"gold_loss":0,"cards_obtained":["Delirium","hermit:Strike_Hermit"]}],"is_beta":false,"boss_relics":[{"not_picked":["Sozu","Ring of Chaos"],"picked":"halation:HeavySnake"}],"items_purged_floors":[],"is_endless":false,"potions_floor_spawned":[1,8,11,13,14,16,18,19],"killed_by":"Snake Plant","ascension_level":0}}