{"host":"zs3tguvuxkh90jf4","time":1612658763,"event":{"mods":["AchievementEnabler","BaseMod","Better Silent Start","Better-Laid Plans","BetterRewards","Block Reminder","Colored Map","Colored Powertips","Gold Saver","Minty Spire (QoL Compilation)","Shop Mod","StSLib","Transform Curses"],"gold_per_floor":[2498,2498,2436,2452,2452,2452,2081,2081,2081,2125,1691,1710,1354,1374,1374,1468,1468,1481,1214,1214,854,854,890,890,890,890,914,937,970,970,984,984,1079,1079,1099,1432,1105,1123,1123,1149,1166,1197,1244,1271,1271,1271,1291,1323,1323,1323,1323,1323,927,954,954],"floor_reached":56,"language":"ENG","playtime":2556,"items_purged":["Strike_G","Injury","Strike_G","Defend_G","Defend_G","Defend_G"],"score":2878,"play_id":"78cb5b5b-eac4-46aa-ae0c-876a0ed4b4a6","local_time":"20210206164603","is_ascension_mode":true,"campfire_choices":[{"floor":6,"key":"REST"},{"floor":8,"key":"REST"},{"data":"Accuracy","floor":15,"key":"SMITH"},{"floor":30,"key":"RECALL"},{"floor":32,"key":"REST"},{"data":"Apotheosis","floor":46,"key":"SMITH"},{"floor":49,"key":"REST"},{"data":"After Image","floor":52,"key":"SMITH"}],"circlet_count":0,"master_deck":["AscendersBane","Survivor","Neutralize","Accuracy+1","Backflip","Noxious Fumes","Deadly Poison","Dramatic Entrance","Terror","Poisoned Stab","Blade Dance","Infinite Blades","Bane","After Image+1","Noxious Fumes","Deflect","Catalyst","Caltrops","Apotheosis+1","Outmaneuver","Catalyst+1","Bullet Time+1","Blade Dance+1","Dodge and Roll+1","Blur+1","Sadistic Nature","PiercingWail+1","Accuracy","Bite","Bite","Bite","Bite","Bite","Blade Dance+1","Adrenaline+1","Burst+1","Blur+1","Tactician+1","Neutralize","Cloak And Dagger+1","Bane+1","Blade Dance+1","Dodge and Roll+1","Cloak And Dagger+1","Bandage Up+1"],"relics":["Ring of the Serpent","Boot","Happy Flower","MerchantsRug","Matryoshka","Membership Card","Snake Skull","Unceasing Top","Lizard Tail","Orichalcum","Vajra","ClockworkSouvenir","Smiling Mask","Bottled Tornado","Whetstone","Regal Pillow","Orrery","Toxic Egg 2","Omamori","DollysMirror","WristBlade","Paper Crane","TwistedFunnel","Anchor","Art of War","Pen Nib","Gambling Chip","Oddly Smooth Stone","Shuriken","Lee\u0027s Waffle","Bag of Preparation","Molten Egg 2","Toy Ornithopter","Juzu Bracelet","Dream Catcher","Pear","Strange Spoon","Eternal Feather","Bronze Scales"],"acts_visited":["Exordium","TheCity","TheBeyond","TheEnding"],"potions_floor_usage":[10,16,16,23,33],"damage_taken":[{"damage":12,"enemies":"Jaw Worm","floor":1,"turns":4},{"damage":0,"enemies":"2 Louse","floor":4,"turns":3},{"damage":6,"enemies":"3 Sentries","floor":10,"turns":5},{"damage":0,"enemies":"Small Slimes","floor":12,"turns":2},{"damage":0,"enemies":"2 Fungi Beasts","floor":14,"turns":2},{"damage":8,"enemies":"The Guardian","floor":16,"turns":5},{"damage":7,"enemies":"Chosen","floor":18,"turns":4},{"damage":32,"enemies":"Book of Stabbing","floor":23,"turns":4},{"damage":0,"enemies":"Spheric Guardian","floor":27,"turns":1},{"damage":7,"enemies":"3 Cultists","floor":28,"turns":3},{"damage":18,"enemies":"Slavers","floor":29,"turns":3},{"damage":0,"enemies":"Snake Plant","floor":31,"turns":2},{"damage":22,"enemies":"Champ","floor":33,"turns":5},{"damage":0,"enemies":"3 Shapes","floor":35,"turns":1},{"damage":0,"enemies":"Orb Walker","floor":38,"turns":1},{"damage":9,"enemies":"Nemesis","floor":40,"turns":3},{"damage":5,"enemies":"3 Darklings","floor":41,"turns":3},{"damage":0,"enemies":"Giant Head","floor":42,"turns":4},{"damage":6,"enemies":"Reptomancer","floor":44,"turns":4},{"damage":27,"enemies":"Writhing Mass","floor":47,"turns":3},{"damage":0,"enemies":"Giant Head","floor":48,"turns":4},{"damage":36,"enemies":"Time Eater","floor":50,"turns":7},{"damage":26,"enemies":"Shield and Spear","floor":54,"turns":5},{"damage":99,"enemies":"The Heart","floor":55,"turns":7}],"seed_played":"8505234862703037898","potions_obtained":[{"floor":10,"key":"Energy Potion"},{"floor":16,"key":"GamblersBrew"},{"floor":18,"key":"Weak Potion"},{"floor":28,"key":"BlessingOfTheForge"},{"floor":35,"key":"EssenceOfSteel"}],"is_trial":false,"path_per_floor":["M","?","?","M","?","R","$","R","T","E","$","M","$","M","R","B",null,"M","$","?","$","?","E","?","?","T","M","M","E","R","M","R","B",null,"M","?","$","M","?","E","M","E","T","E","?","R","M","E","R","B",null,"R","$","E","B",null],"character_chosen":"THE_SILENT","items_purchased":["Boot","Happy Flower","Accuracy","Backflip","MerchantsRug","Membership Card","Snake Skull","Strawberry","Noxious Fumes","Deadly Poison","Explosive Potion","Orichalcum","Vajra","ClockworkSouvenir","Blade Dance","Infinite Blades","CunningPotion","After Image","Whetstone","Regal Pillow","Orrery","Apotheosis","Toxic Egg 2","Omamori","DollysMirror","Paper Crane","Blade Dance+1","FairyPotion","Dodge and Roll+1","TwistedFunnel","Anchor","Sadistic Nature","PiercingWail+1","Accuracy","Oddly Smooth Stone","Shuriken","Lee\u0027s Waffle","FairyPotion","Pear","Strange Spoon","Eternal Feather","Bandage Up+1"],"campfire_rested":4,"item_purchase_floors":[0,0,0,0,0,0,0,0,0,0,0,7,7,7,7,7,7,11,11,11,11,11,13,13,13,19,19,19,19,21,21,21,21,21,37,37,37,37,53,53,53,53],"current_hp_per_floor":[39,21,21,21,21,42,42,63,63,59,59,61,61,63,63,57,69,64,64,64,64,64,34,34,34,34,38,37,25,25,25,61,48,67,67,67,80,80,80,73,70,72,72,74,74,74,53,55,80,50,73,73,83,63,27],"gold":954,"neow_bonus":"","is_daily":false,"chose_seed":false,"campfire_upgraded":3,"win_rate":0.0,"timestamp":1612658763,"path_taken":["M","?","?","M","?","R","$","R","T","E","$","M","$","M","R","BOSS","M","$","?","$","?","E","?","?","T","M","M","E","R","M","R","BOSS","M","?","$","M","?","E","M","E","T","E","?","R","M","E","R","BOSS","R","$","E","BOSS"],"items_purchased_type":["Relic","Relic","Card","Card","Relic","Relic","Relic","Relic","Card","Card","Potion","Relic","Relic","Relic","Card","Card","Potion","Card","Relic","Relic","Relic","Card","Relic","Relic","Relic","Relic","Card","Potion","Card","Relic","Relic","Card","Card","Card","Relic","Relic","Relic","Potion","Relic","Relic","Relic","Card"],"build_version":"2020-12-22","purchased_purges":6,"victory":true,"max_hp_per_floor":[73,73,73,73,73,73,73,73,73,73,73,73,73,73,73,73,73,73,73,73,73,73,73,73,73,73,73,73,73,73,73,73,73,73,73,73,80,80,80,80,80,80,80,80,80,80,80,80,80,80,80,80,90,90,90],"card_choices":[{"not_picked":["Dodge and Roll","Flying Knee"],"picked":"Terror","floor":1},{"not_picked":["Deadly Poison","Acrobatics"],"picked":"Poisoned Stab","floor":4},{"not_picked":["Dodge and Roll","Heel Hook"],"picked":"Bane","floor":10},{"not_picked":["Riddle With Holes","Predator"],"picked":"Noxious Fumes","floor":11},{"not_picked":["Quick Slash","Poisoned Stab"],"picked":"Deflect","floor":11},{"not_picked":["Slice","Flechettes"],"picked":"Catalyst","floor":11},{"not_picked":["Night Terror","Underhanded Strike"],"picked":"Caltrops","floor":11},{"not_picked":["Flechettes","Deadly Poison"],"picked":"Outmaneuver","floor":12},{"not_picked":["Dagger Spray","Sucker Punch","Predator"],"picked":"SKIP","floor":14},{"not_picked":["Night Terror+1","Venomology+1"],"picked":"Bullet Time+1","floor":16},{"not_picked":["Bane","Choke","Prepared+1"],"picked":"SKIP","floor":18},{"not_picked":["All Out Attack","Quick Slash","Slice"],"picked":"SKIP","floor":23},{"not_picked":["Eviscerate","Expertise+1","Quick Slash"],"picked":"SKIP","floor":27},{"not_picked":["Tactician+1","Dagger Spray"],"picked":"Blade Dance+1","floor":28},{"not_picked":["Expertise+1","Well Laid Plans","Sucker Punch"],"picked":"SKIP","floor":29},{"not_picked":["Eviscerate","Escape Plan+1"],"picked":"Adrenaline+1","floor":31},{"not_picked":["Unload","Adrenaline+1"],"picked":"Burst+1","floor":33},{"not_picked":["Flying Knee","Accuracy","Quick Slash"],"picked":"SKIP","floor":35},{"not_picked":["Sucker Punch","Dodge and Roll+1"],"picked":"Blur+1","floor":38},{"not_picked":["Blur+1","Calculated Gamble+1"],"picked":"Cloak And Dagger+1","floor":40},{"not_picked":["Dodge and Roll+1","Dagger Spray","Flying Knee"],"picked":"SKIP","floor":41},{"not_picked":["Die Die Die+1","Outmaneuver+1"],"picked":"Bane+1","floor":42},{"not_picked":["Acrobatics+1","Escape Plan+1"],"picked":"Blade Dance+1","floor":44},{"not_picked":["Leg Sweep+1","Dagger Throw+1","Reflex+1"],"picked":"SKIP","floor":47},{"not_picked":["Bouncing Flask+1","Outmaneuver+1","Well Laid Plans"],"picked":"SKIP","floor":48},{"not_picked":["Finisher+1","Dagger Throw+1"],"picked":"Cloak And Dagger+1","floor":49},{"not_picked":["Underhanded Strike+1","All Out Attack+1","Choke+1"],"picked":"SKIP","floor":54}],"player_experience":529732,"relics_obtained":[{"floor":9,"key":"Blood Vial"},{"floor":9,"key":"Smiling Mask"},{"floor":10,"key":"Bottled Tornado"},{"floor":23,"key":"Art of War"},{"floor":26,"key":"Pen Nib"},{"floor":29,"key":"Gambling Chip"},{"floor":40,"key":"Bag of Preparation"},{"floor":42,"key":"Molten Egg 2"},{"floor":43,"key":"Toy Ornithopter"},{"floor":44,"key":"Juzu Bracelet"},{"floor":48,"key":"Dream Catcher"},{"floor":54,"key":"Bronze Scales"}],"event_choices":[{"damage_healed":0,"gold_gain":0,"player_choice":"Success","damage_taken":18,"relics_obtained":["Lizard Tail"],"max_hp_gain":0,"max_hp_loss":0,"event_name":"Scrap Ooze","floor":2,"gold_loss":0},{"damage_healed":0,"gold_gain":0,"player_choice":"Left Gold","damage_taken":0,"max_hp_gain":0,"max_hp_loss":0,"event_name":"World of Goop","floor":3,"gold_loss":62},{"damage_healed":0,"gold_gain":0,"player_choice":"Take Wound","damage_taken":0,"relics_obtained":["Golden Idol"],"max_hp_gain":0,"max_hp_loss":0,"event_name":"Golden Idol","floor":5,"gold_loss":0,"cards_obtained":["Injury"]},{"damage_healed":0,"gold_gain":0,"player_choice":"Read","damage_taken":0,"max_hp_gain":0,"max_hp_loss":0,"event_name":"The Library","floor":20,"gold_loss":0,"cards_obtained":["Blur"]},{"damage_healed":0,"gold_gain":0,"player_choice":"Ignored","damage_taken":0,"max_hp_gain":0,"max_hp_loss":0,"event_name":"Ghosts","floor":22,"gold_loss":0},{"cards_removed":["Strike_G"],"damage_healed":0,"gold_gain":0,"player_choice":"Elegance","damage_taken":0,"max_hp_gain":0,"max_hp_loss":0,"event_name":"Back to Basics","floor":24,"gold_loss":0},{"damage_healed":0,"gold_gain":0,"player_choice":"Became a vampire (Vial)","damage_taken":0,"max_hp_gain":0,"max_hp_loss":0,"event_name":"Vampires","floor":25,"relics_lost":["Blood Vial"],"gold_loss":0,"cards_obtained":["Bite","Bite","Bite","Bite","Bite"]},{"damage_healed":0,"gold_gain":333,"player_choice":"Gave Idol","damage_taken":0,"max_hp_gain":0,"max_hp_loss":0,"event_name":"The Moai Head","floor":36,"relics_lost":["Golden Idol"],"gold_loss":0},{"damage_healed":0,"gold_gain":0,"player_choice":"2 cards matched","damage_taken":0,"max_hp_gain":0,"max_hp_loss":0,"event_name":"Match and Keep!","floor":39,"gold_loss":0,"cards_obtained":["Tactician","Neutralize"]},{"damage_healed":0,"gold_gain":0,"cards_transformed":["Defend_G"],"player_choice":"Transformed","damage_taken":0,"max_hp_gain":0,"max_hp_loss":0,"event_name":"Transmorgrifier","floor":45,"gold_loss":0,"cards_obtained":["Dodge and Roll"]}],"is_beta":false,"boss_relics":[{"not_picked":["Philosopher\u0027s Stone","Tiny House"],"picked":"WristBlade"},{"not_picked":["Snecko Eye","Astrolabe"],"picked":"Ring of the Serpent"}],"items_purged_floors":[0,7,11,13,19,21],"is_endless":false,"potions_floor_spawned":[10,14,16,18,28,29,35,38,47,48],"ascension_level":17}}