{"host":"fevvm7bbzuh4s1jc","time":1612718746,"event":{"mods":["BaseMod","Highlight Path","Minty Spire (QoL Compilation)","Relic Stats"],"gold_per_floor":[119,139,151,170,180,215,215,86,110,110,137,62,73,102,102,179,179,199,219,269,288,306,306,39,53,53,65,65,90,90,125,125,204,204,220,124,8,28,28,73,87,87,87],"floor_reached":42,"language":"ENG","playtime":2107,"items_purged":["Strike_R","Perfected Strike","Strike_R","Strike_R"],"score":1030,"play_id":"35e179e5-22a6-4739-b661-d9063acc32bd","local_time":"20210207122546","is_ascension_mode":true,"campfire_choices":[{"data":"Uppercut","floor":7.0,"key":"SMITH"},{"data":"Hemokinesis","floor":15.0,"key":"SMITH"},{"floor":23.0,"key":"REST"},{"data":"Rupture","floor":30.0,"key":"SMITH"},{"data":"Rampage","floor":32.0,"key":"SMITH"}],"circlet_count":0,"master_deck":["AscendersBane","Strike_R","Defend_R","Defend_R","Defend_R","Bash","Uppercut+1","Whirlwind","Offering","Pommel Strike","Hemokinesis+1","Brutality","Rupture+1","Blood for Blood","Shrug It Off","Battle Trance","Rampage+1","Double Tap","Feel No Pain"],"relics":["Burning Blood","Orichalcum","Ancient Tea Set","Potion Belt","Dream Catcher","Strawberry","Smiling Mask","SacredBark","Centennial Puzzle","Meat on the Bone","HornCleat","The Courier","Fusion Hammer","Vajra"],"acts_visited":["Exordium","TheCity","TheBeyond"],"potions_floor_usage":[40,40,42],"damage_taken":[{"damage":5.0,"enemies":"Cultist","floor":1.0,"turns":4.0},{"damage":1.0,"enemies":"2 Louse","floor":2.0,"turns":2.0},{"damage":4.0,"enemies":"Small Slimes","floor":3.0,"turns":4.0},{"damage":13.0,"enemies":"Exordium Wildlife","floor":4.0,"turns":5.0},{"damage":6.0,"enemies":"Looter","floor":5.0,"turns":3.0},{"damage":23.0,"enemies":"Lagavulin","floor":6.0,"turns":7.0},{"damage":0.0,"enemies":"Gremlin Nob","floor":11.0,"turns":3.0},{"damage":3.0,"enemies":"2 Fungi Beasts","floor":13.0,"turns":3.0},{"damage":10.0,"enemies":"3 Sentries","floor":14.0,"turns":3.0},{"damage":44.0,"enemies":"Hexaghost","floor":16.0,"turns":6.0},{"damage":23.0,"enemies":"Shell Parasite","floor":18.0,"turns":2.0},{"damage":16.0,"enemies":"3 Byrds","floor":19.0,"turns":5.0},{"damage":24.0,"enemies":"3 Cultists","floor":21.0,"turns":3.0},{"damage":20.0,"enemies":"Centurion and Healer","floor":22.0,"turns":4.0},{"damage":21.0,"enemies":"Snake Plant","floor":25.0,"turns":3.0},{"damage":23.0,"enemies":"Cultist and Chosen","floor":27.0,"turns":3.0},{"damage":55.0,"enemies":"Slavers","floor":29.0,"turns":5.0},{"damage":26.0,"enemies":"Book of Stabbing","floor":31.0,"turns":3.0},{"damage":38.0,"enemies":"Champ","floor":33.0,"turns":6.0},{"damage":39.0,"enemies":"3 Shapes","floor":35.0,"turns":7.0},{"damage":4,"enemies":"Orb Walker","floor":38,"turns":2},{"damage":67,"enemies":"Reptomancer","floor":40,"turns":5},{"damage":8,"enemies":"4 Shapes","floor":41,"turns":3},{"damage":55,"enemies":"Nemesis","floor":42,"turns":5}],"seed_played":"489602429435661393","potions_obtained":[{"floor":1.0,"key":"SkillPotion"},{"floor":2.0,"key":"BloodPotion"},{"floor":6.0,"key":"Weak Potion"},{"floor":11.0,"key":"FairyPotion"},{"floor":13.0,"key":"LiquidBronze"},{"floor":16.0,"key":"ColorlessPotion"},{"floor":19.0,"key":"ElixirPotion"},{"floor":21.0,"key":"ColorlessPotion"},{"floor":31.0,"key":"BlessingOfTheForge"},{"floor":33.0,"key":"Swift Potion"},{"floor":35.0,"key":"ColorlessPotion"}],"is_trial":false,"path_per_floor":["M","M","M","M","M","E","R","$","T","?","E","?","M","E","R","B",null,"M","M","?","M","M","R","$","M","T","M","?","E","R","E","R","B",null,"M","$","$","M","?","E","M","E"],"character_chosen":"IRONCLAD","items_purchased":["Fire Potion","Centennial Puzzle","Shrug It Off","BloodPotion","Ancient Potion"],"campfire_rested":1,"item_purchase_floors":[8,24,24,36,37],"current_hp_per_floor":[69,74,75,68,68,51,51,66,66,66,79,79,82,78,78,40,72,55,45,45,27,13,37,37,22,22,55,92,55,55,47,47,27,76,55,55,55,57,57,44,54,0,0],"gold":87,"neow_bonus":"RANDOM_COMMON_RELIC","is_daily":false,"chose_seed":false,"campfire_upgraded":4,"win_rate":0.0,"timestamp":1612718746,"path_taken":["M","M","M","M","M","E","R","$","T","?","E","?","M","E","R","BOSS","M","M","?","M","M","R","$","M","T","M","?","E","R","E","R","BOSS","M","?","$","M","?","E","M","E"],"items_purchased_type":["Potion","Relic","Card","Potion","Potion"],"build_version":"2020-12-22","purchased_purges":4,"victory":false,"max_hp_per_floor":[75,75,75,75,75,75,75,75,75,75,82,82,82,82,82,82,82,82,82,82,82,82,82,82,82,82,82,92,92,92,92,92,92,92,92,92,92,92,92,92,92,92,92],"relic_stats":{"Dream Catcher":1,"Centennial Puzzle":[27],"counters":[24,96],"Orichalcum":[342],"Smiling Mask":170,"obtain_stats":[{"Potion Belt":9,"SacredBark":17,"Vajra":40,"The Courier":31,"Orichalcum":0,"Ancient Tea Set":6,"Smiling Mask":14,"Burning Blood":0,"Dream Catcher":10,"Centennial Puzzle":24,"HornCleat":29,"Strawberry":11,"Fusion Hammer":34,"Meat on the Bone":26},{"Potion Belt":6,"SacredBark":10,"Vajra":22,"The Courier":18,"Orichalcum":0,"Ancient Tea Set":6,"Smiling Mask":9,"Burning Blood":0,"Dream Catcher":6,"Centennial Puzzle":14,"HornCleat":17,"Strawberry":7,"Fusion Hammer":19,"Meat on the Bone":15},{"Potion Belt":25,"SacredBark":40,"Vajra":88,"The Courier":68,"Orichalcum":0,"Ancient Tea Set":25,"Smiling Mask":34,"Burning Blood":0,"Dream Catcher":25,"Centennial Puzzle":54,"HornCleat":65,"Strawberry":28,"Fusion Hammer":74,"Meat on the Bone":57}],"Burning Blood":137,"Meat on the Bone":72},"card_choices":[{"not_picked":["Bloodletting","Sever Soul"],"picked":"Uppercut","floor":1.0},{"not_picked":["Warcry","Sentinel","Rampage"],"picked":"SKIP","floor":2.0},{"not_picked":["Havoc","Body Slam","Dual Wield"],"picked":"SKIP","floor":3.0},{"not_picked":["True Grit","Dark Embrace"],"picked":"Perfected Strike","floor":4.0},{"not_picked":["Wild Strike","Clothesline"],"picked":"Whirlwind","floor":5.0},{"not_picked":["Battle Trance","Sentinel"],"picked":"Offering","floor":6.0},{"not_picked":["Ghostly Armor","Wild Strike"],"picked":"Pommel Strike","floor":11.0},{"not_picked":["Body Slam","Clash"],"picked":"Hemokinesis","floor":13.0},{"not_picked":["Seeing Red","Perfected Strike"],"picked":"Brutality","floor":14.0},{"not_picked":["Juggernaut","Brutality"],"picked":"Offering","floor":16.0},{"not_picked":["True Grit","Sentinel","Clothesline"],"picked":"SKIP","floor":18.0},{"not_picked":["Flex","Perfected Strike","Entrench"],"picked":"SKIP","floor":19.0},{"not_picked":["Headbutt","Sentinel"],"picked":"Rupture","floor":21.0},{"not_picked":["Sword Boomerang","Anger"],"picked":"Blood for Blood","floor":22.0},{"not_picked":["Entrench","Inflame+1","Dual Wield"],"picked":"SKIP","floor":25.0},{"not_picked":["True Grit","Warcry"],"picked":"Battle Trance","floor":27.0},{"not_picked":["Seeing Red","Dark Embrace"],"picked":"Rampage","floor":29.0},{"not_picked":["Perfected Strike","Sentinel","Pommel Strike"],"picked":"SKIP","floor":31.0},{"not_picked":["Demon Form","Berserk"],"picked":"Double Tap","floor":33.0},{"not_picked":["Blood for Blood","Body Slam"],"picked":"Feel No Pain","floor":35.0},{"not_picked":["Combust","Whirlwind","Iron Wave"],"picked":"SKIP","floor":38},{"not_picked":["Reckless Charge","Havoc","Warcry"],"picked":"SKIP","floor":40},{"not_picked":["Wild Strike","Flex","Rupture"],"picked":"SKIP","floor":41}],"player_experience":2795252,"relics_obtained":[{"floor":6.0,"key":"Ancient Tea Set"},{"floor":9.0,"key":"Potion Belt"},{"floor":11.0,"key":"Strawberry"},{"floor":14.0,"key":"Smiling Mask"},{"floor":26.0,"key":"Meat on the Bone"},{"floor":29.0,"key":"HornCleat"},{"floor":31.0,"key":"The Courier"},{"floor":40,"key":"Vajra"}],"event_choices":[{"damage_healed":0.0,"max_hp_gain":0.0,"max_hp_loss":0.0,"gold_gain":0.0,"event_name":"Dead Adventurer","player_choice":"Searched \u00271\u0027 times","floor":10.0,"gold_loss":0.0,"damage_taken":0.0,"relics_obtained":["Dream Catcher"]},{"cards_removed":["Defend_R"],"damage_healed":0.0,"max_hp_gain":0.0,"max_hp_loss":0.0,"gold_gain":0.0,"event_name":"The Cleric","player_choice":"Card Removal","floor":12.0,"gold_loss":75.0,"damage_taken":0.0},{"damage_healed":0.0,"max_hp_gain":0.0,"max_hp_loss":0.0,"gold_gain":50.0,"event_name":"Nest","player_choice":"Stole From Cult","floor":20.0,"gold_loss":0.0,"damage_taken":0.0},{"cards_removed":["Offering"],"damage_healed":27.0,"max_hp_gain":10.0,"max_hp_loss":0.0,"gold_gain":0.0,"event_name":"Bonfire Elementals","player_choice":"Offered Rare","floor":28.0,"gold_loss":0.0,"damage_taken":0.0},{"cards_removed":["Strike_R"],"damage_healed":0,"gold_gain":0,"player_choice":"Removed Attack","damage_taken":0,"max_hp_gain":0,"max_hp_loss":0,"event_name":"Falling","floor":39,"gold_loss":0}],"is_beta":false,"boss_relics":[{"not_picked":["Ectoplasm","Calling Bell"],"picked":"SacredBark"},{"not_picked":["Philosopher\u0027s Stone","Runic Cube"],"picked":"Fusion Hammer"}],"items_purged_floors":[8,24,36,37],"is_endless":false,"potions_floor_spawned":[1,2,6,11,13,16,19,21,22,31,33,35],"killed_by":"Nemesis","ascension_level":20}}