{"host":"tubmkv2g6v9d0kjw","time":1612726524,"event":{"mods":["2.2 Compatiblity","BaseMod","Conspire","Downfall","Hubris","Minty Spire (QoL Compilation)","Spire Arcade","StSLib"],"gold_per_floor":[0,16,34,134,134,153,153,53,53,64,64,64,87,124,140,253,253,53,82,105,29,56,76,156,181,204,220,329,329,329,329],"floor_reached":29,"language":"ENG","playtime":1507,"items_purged":[],"score":231,"play_id":"417e7973-6623-4cd7-a586-5d8b02d0e884","local_time":"20210207133524","is_ascension_mode":false,"campfire_choices":[{"floor":1.0,"key":"RECALL"},{"data":"champ:FaceSlap","floor":8.0,"key":"SMITH"},{"data":"champ:PreciseThrust","floor":11.0,"key":"SMITH"},{"data":"champ:UltimateStance","floor":18.0,"key":"SMITH"}],"circlet_count":0,"master_deck":["champ:Strike","champ:Strike","champ:Strike","champ:Strike","champ:Defend","champ:Defend","champ:Defend","champ:Defend","champ:Execute","champ:Taunt+1","champ:BerserkersShout","champ:PreciseThrust+1","champ:FaceSlap+1","champ:Endure","champ:ShieldSlam","champ:VampiricStrike","champ:UltimateStance+1","champ:Shatter+1","champ:AdrenalArmor","champ:FanOfKnives+1","champ:HeartStrike","champ:StanceDance","champ:FocusedBerserking+1","champ:EnGarde","champ:ShieldWall+1","champ:IgnorePain"],"relics":["champ:ChampionCrown","Ginger","downfall:HeartBlessingRed","champ:LiftRelic","CeramicFish","Bag of Marbles","Velvet Choker","downfall:HeartBlessingGreen","downfall:HeartBlessingBlue","Gremlin Horn","champ:BlackKnightHelmet","conspire:BottledYoYo"],"acts_visited":["Exordium","TheCity"],"potions_floor_usage":[28,29],"damage_taken":[{"damage":16.0,"enemies":"Cultist","floor":2.0,"turns":4.0},{"damage":20.0,"enemies":"Small Slimes","floor":3.0,"turns":3.0},{"damage":11.0,"enemies":"2 Louse","floor":6.0,"turns":3.0},{"damage":7.0,"enemies":"Blue Slaver","floor":10.0,"turns":3.0},{"damage":17.0,"enemies":"3 Louse","floor":13.0,"turns":3.0},{"damage":35.0,"enemies":"Gremlin Nob","floor":14.0,"turns":4.0},{"damage":15.0,"enemies":"Exordium Thugs","floor":15.0,"turns":2.0},{"damage":48.0,"enemies":"IC_STATUS_ARCHETYPE","floor":16.0,"turns":4.0},{"damage":5.0,"enemies":"Chosen","floor":19.0,"turns":3.0},{"damage":20.0,"enemies":"Shell Parasite","floor":20.0,"turns":2.0},{"damage":45,"enemies":"downfall:FleeingMerchant","floor":21,"turns":4},{"damage":25,"enemies":"3 Cultists","floor":22,"turns":4},{"damage":9,"enemies":"Chosen and Byrds","floor":23,"turns":3},{"damage":40,"enemies":"Snecko","floor":25,"turns":4},{"damage":50,"enemies":"conspire:HollyBat","floor":26,"turns":6},{"damage":46,"enemies":"3 Cultists","floor":27,"turns":5},{"damage":82,"enemies":"3 Cultists","floor":28,"turns":6},{"damage":26,"enemies":"Slavers","floor":29,"turns":3}],"seed_played":"-4223599535085038682","potions_obtained":[{"floor":2.0,"key":"Block Potion"},{"floor":10.0,"key":"BlessingOfTheForge"},{"floor":13.0,"key":"AttackPotion"},{"floor":16.0,"key":"Energy Potion"},{"floor":25,"key":"Regen Potion"},{"floor":26,"key":"LiquidBronze"}],"is_trial":false,"path_per_floor":["R","M","M","?","?","M","T","R","?","M","R","?","M","E","M","B",null,"R","M","M","$","M","M","T","M","M","M","?","E"],"character_chosen":"THE_CHAMP","items_purchased":["champ:HeartStrike"],"campfire_rested":0,"item_purchase_floors":[21],"current_hp_per_floor":[90,89,89,89,89,88,88,88,88,86,86,86,84,64,59,41,90,100,100,100,100,100,96,96,81,61,50,20,0,0,0],"gold":329,"neow_bonus":"ONE_RARE_RELIC","is_daily":false,"chose_seed":false,"campfire_upgraded":3,"win_rate":0.0,"timestamp":1612726524,"path_taken":["R","M","M","?","?","M","T","R","?","M","R","?","M","E","M","BOSS","R","M","M","$","M","M","T","M","M","M","?","E"],"items_purchased_type":["Card"],"build_version":"2020-12-22","purchased_purges":0,"victory":false,"max_hp_per_floor":[90,90,90,90,90,90,90,90,90,90,90,90,90,90,90,90,90,100,100,100,100,100,100,100,100,100,100,100,100,100,100],"card_choices":[{"not_picked":["champ:Haymaker","champ:Backstep"],"picked":"champ:BerserkersShout","floor":2.0},{"not_picked":["champ:BerserkersShout","champ:Shatter"],"picked":"champ:PreciseThrust","floor":3.0},{"not_picked":["champ:PerfectedStrike","champ:Haymaker"],"picked":"champ:FaceSlap","floor":6.0},{"not_picked":["champ:SetATrap","champ:ShieldWall"],"picked":"champ:Endure","floor":10.0},{"not_picked":["champ:FlashCut","champ:EnGarde"],"picked":"champ:ShieldSlam","floor":13.0},{"not_picked":["champ:TornadoPunch","champ:ArenaPreparation"],"picked":"champ:VampiricStrike","floor":14.0},{"not_picked":["champ:GutPunch","champ:Circumvent","champ:FlashCut"],"picked":"SKIP","floor":15.0},{"not_picked":["champ:LastStand","champ:Improvising"],"picked":"champ:UltimateStance","floor":16.0},{"not_picked":["champ:CrownThrow","champ:FalseCounter"],"picked":"champ:Shatter+1","floor":19.0},{"not_picked":["champ:BerserkersShout","champ:CrownThrow+1"],"picked":"champ:AdrenalArmor","floor":20.0},{"not_picked":["champ:SkillfulDodge","champ:PreciseThrust+1"],"picked":"champ:FanOfKnives+1","floor":21},{"not_picked":["champ:Parry","champ:ShieldWall"],"picked":"champ:StanceDance","floor":22},{"not_picked":["champ:SkillfulDodge","champ:EnGarde"],"picked":"champ:FocusedBerserking+1","floor":23},{"not_picked":["champ:DeathBlow","champ:FancyFootwork"],"picked":"champ:EnGarde","floor":25},{"not_picked":["champ:TornadoPunch","champ:Backstep"],"picked":"champ:ShieldWall+1","floor":26},{"not_picked":["champ:BringItOn","champ:CalledShot","champ:FlashCut"],"picked":"SKIP","floor":27},{"not_picked":["champ:SkillfulDodge+1","champ:EnragedBash+1"],"picked":"champ:IgnorePain","floor":28}],"player_experience":529687,"relics_obtained":[{"floor":14.0,"key":"Bag of Marbles"},{"floor":24,"key":"Gremlin Horn"},{"floor":28,"key":"champ:BlackKnightHelmet"},{"floor":28,"key":"conspire:BottledYoYo"}],"event_choices":[],"is_beta":false,"boss_relics":[{"not_picked":["Runic Dome","Cursed Key"],"picked":"Velvet Choker"}],"items_purged_floors":[],"is_endless":false,"potions_floor_spawned":[2,10,13,16,25,26,27],"killed_by":"Slavers","ascension_level":0}}