{"host":"iv8ljmz7si0xetfh","time":1612714642,"event":{"mods":["100% Spire Juice","BaseMod","Bestiary","Better Note","Colored Map","Colored Powertips","Dark Map","DeckTracker","Displayed Cursed Tome","Downfall","Highlight Path","Minty Spire (QoL Compilation)","Prisma Mod","Rare Cards Sparkle","Relic Stats","StSLib","The Alterego","Unceasing Turn Reminder"],"gold_per_floor":[99,119,137,137,137,167,204,116,140,179,191,238,250,47,61,164,164,164,182,182,192,192,292,292,310,337,355,386,221,221,106,122,223,223,123,133,183,183,198,224,249,262,162,174,174,174],"floor_reached":45,"language":"ENG","playtime":3589,"items_purged":["PrismaMod:ChloeUncommonAttack","PrismaMod:ChloeUncommonAttack","PrismaMod:MiyuCheapDefend2","Regret","Injury","PrismaMod:ChloeGaeBolg+1","Shame","PrismaMod:ChloeCommonDefend","PrismaMod:ChloeCommonDefend"],"score":634,"play_id":"ea255570-24c6-4b94-8dab-081345b93c13","local_time":"20210207161722","is_ascension_mode":true,"campfire_choices":[{"data":"PrismaMod:ChloeCheapDefend","floor":1.0,"key":"SMITH"},{"data":"PrismaMod:ChloeGaeBolg","floor":8.0,"key":"SMITH"},{"data":"PrismaMod:ChloeBetterTracePools","floor":11.0,"key":"SMITH"},{"floor":13.0,"key":"REST"},{"data":"PrismaMod:ChloeMordred","floor":18.0,"key":"SMITH"},{"floor":35,"key":"RECALL"},{"data":"Normality","floor":43,"key":"PURGE"}],"circlet_count":0,"master_deck":["PrismaMod:ChloeCommonAttack","PrismaMod:ChloeCommonAttack","PrismaMod:ChloeCommonAttack","PrismaMod:ChloeCommonAttack","PrismaMod:ChloeCommonDefend","PrismaMod:ChloeCommonDefend","PrismaMod:ChloeCommonDefend","PrismaMod:ChloeCommonDefend+1","PrismaMod:ChloeCheapAttack","PrismaMod:ChloeCheapDefend+1","PrismaMod:ChloeBetterTracePools+1","PrismaMod:ChloeExhaustOne","PrismaMod:ChloeChristmas","PrismaMod:ChloeGaeBolg+1","PrismaMod:ChloeMordred+1","PrismaMod:ChloeCarnivalAOEAttack","PrismaMod:ChloeDevil","downfall:Icky","Injury","PrismaMod:ChloeCheapDefendTwo+1","PrismaMod:ChloeGreatTracePools","PrismaMod:ChloeExcalibur","PrismaMod:ChloeCheapDefendTwo+1","expansioncontent:YouAreMine","PrismaMod:ChloeRitsuka+1","downfall:Aged"],"relics":["PrismaMod:PrismaTraceOnUpgrade","MawBank","Smiling Mask","downfall:HeartBlessingBlue","Shovel","Busted Crown","downfall:RedIOU","downfall:ExtraCursedKey","Matryoshka","Lantern","Ancient Tea Set","downfall:HeartBlessingGreen","Peace Pipe","Bag of Preparation","Pen Nib","Mummified Hand","Centennial Puzzle","downfall:HeartBlessingRed"],"acts_visited":["Exordium","TheCity","TheBeyond"],"potions_floor_usage":[28,28,29,40,45],"damage_taken":[{"damage":6.0,"enemies":"Cultist","floor":2.0,"turns":3.0},{"damage":2.0,"enemies":"Jaw Worm","floor":3.0,"turns":2.0},{"damage":13.0,"enemies":"3 Sentries","floor":6.0,"turns":11.0},{"damage":0.0,"enemies":"Small Slimes","floor":9.0,"turns":2.0},{"damage":18.0,"enemies":"Lagavulin","floor":10.0,"turns":4.0},{"damage":34.0,"enemies":"Gremlin Nob","floor":12.0,"turns":4.0},{"damage":3.0,"enemies":"downfall:FleeingMerchant","floor":14.0,"turns":4.0},{"damage":3.0,"enemies":"Blue Slaver","floor":15.0,"turns":2.0},{"damage":0.0,"enemies":"Slime Boss","floor":16.0,"turns":5.0},{"damage":2.0,"enemies":"Chosen","floor":19.0,"turns":2.0},{"damage":0.0,"enemies":"Spheric Guardian","floor":21.0,"turns":2.0},{"damage":0.0,"enemies":"Centurion and Healer","floor":25.0,"turns":3.0},{"damage":30.0,"enemies":"Gremlin Leader","floor":26.0,"turns":4.0},{"damage":34.0,"enemies":"Snake Plant","floor":27.0,"turns":4.0},{"damage":5,"enemies":"Slavers","floor":28,"turns":6},{"damage":4,"enemies":"downfall:FleeingMerchant","floor":29,"turns":4},{"damage":9,"enemies":"downfall:FleeingMerchant","floor":31,"turns":4},{"damage":0,"enemies":"3 Cultists","floor":32,"turns":3},{"damage":10,"enemies":"SI_MIRROR_ARCHETYPE","floor":33,"turns":10},{"damage":11,"enemies":"3 Shapes","floor":36,"turns":4},{"damage":10,"enemies":"3 Shapes","floor":37,"turns":6},{"damage":0,"enemies":"Orb Walker","floor":39,"turns":3},{"damage":26,"enemies":"Nemesis","floor":40,"turns":5},{"damage":18,"enemies":"Spire Growth","floor":42,"turns":4},{"damage":0,"enemies":"Sphere and 2 Shapes","floor":44,"turns":3},{"damage":44,"enemies":"Writhing Mass","floor":45,"turns":4}],"seed_played":"8154148860932871517","potions_obtained":[{"floor":3.0,"key":"Regen Potion"},{"floor":6.0,"key":"LiquidBronze"},{"floor":12.0,"key":"FearPotion"},{"floor":16.0,"key":"Energy Potion"},{"floor":28,"key":"GamblersBrew"},{"floor":33,"key":"LiquidMemories"},{"floor":37,"key":"Explosive Potion"},{"floor":40,"key":"AttackPotion"},{"floor":42,"key":"BlessingOfTheForge"}],"is_trial":false,"path_per_floor":["R","M","M","T","?","E","T","R","M","E","R","E","R","$","M","B",null,"R","M","?","M","?","?","T","M","E","M","E","$","?","$","M","B",null,"R","M","?","?","M","E","T","M","R","M","M"],"character_chosen":"CHLOE","items_purchased":[],"campfire_rested":1,"item_purchase_floors":[],"current_hp_per_floor":[68,62,60,60,60,62,62,72,72,54,54,20,43,40,37,37,78,78,76,76,78,78,78,78,78,48,16,13,11,11,4,13,5,78,78,67,59,59,61,37,37,19,19,19,0,0],"gold":174,"neow_bonus":"TRANSFORM_TWO_CARDS","is_daily":false,"chose_seed":false,"campfire_upgraded":4,"win_rate":0.0,"timestamp":1612714642,"path_taken":["R","M","?","?","?","E","T","R","M","E","R","E","R","?","M","BOSS","R","M","?","M","?","?","T","M","E","M","E","$","?","$","M","BOSS","R","M","?","?","M","E","T","M","R","M","M"],"items_purchased_type":[],"build_version":"2020-12-22","purchased_purges":9,"victory":false,"max_hp_per_floor":[68,68,68,68,68,68,68,78,78,78,78,78,78,78,78,78,78,78,78,78,78,78,78,78,78,78,78,78,78,78,78,78,78,78,78,78,78,78,78,78,78,78,78,78,78,78],"relic_stats":{"Peace Pipe":1,"Centennial Puzzle":[6],"Shovel":0,"Busted Crown":36,"counters":[26,108],"Mummified Hand":[2],"Pen Nib":[3],"Bag of Preparation":[42],"MawBank":96,"Smiling Mask":1125,"obtain_stats":[{"Lantern":26,"downfall:HeartBlessingRed":43,"downfall:HeartBlessingGreen":35,"Pen Nib":40,"Juzu Bracelet":5,"Bag of Preparation":10,"MawBank":6,"Smiling Mask":7,"Ancient Tea Set":28,"PrismaMod:PrismaTraceOn":0,"Peace Pipe":37,"Centennial Puzzle":41,"Shovel":12,"Busted Crown":17,"Matryoshka":24,"PrismaMod:PrismaTraceOnUpgrade":34,"downfall:HeartBlessingBlue":8,"Mummified Hand":41,"downfall:RedIOU":22,"downfall:ExtraCursedKey":23},{"Lantern":13,"downfall:HeartBlessingRed":24,"downfall:HeartBlessingGreen":19,"Pen Nib":23,"Juzu Bracelet":2,"Bag of Preparation":5,"MawBank":3,"Smiling Mask":3,"Ancient Tea Set":15,"PrismaMod:PrismaTraceOn":0,"Peace Pipe":21,"Centennial Puzzle":23,"Shovel":6,"Busted Crown":9,"Matryoshka":11,"PrismaMod:PrismaTraceOnUpgrade":19,"downfall:HeartBlessingBlue":3,"Mummified Hand":23,"downfall:RedIOU":11,"downfall:ExtraCursedKey":11},{"Lantern":48,"downfall:HeartBlessingRed":101,"downfall:HeartBlessingGreen":79,"Pen Nib":97,"Juzu Bracelet":5,"Bag of Preparation":22,"MawBank":16,"Smiling Mask":16,"Ancient Tea Set":58,"PrismaMod:PrismaTraceOn":0,"Peace Pipe":89,"Centennial Puzzle":97,"Shovel":26,"Busted Crown":37,"Matryoshka":41,"PrismaMod:PrismaTraceOnUpgrade":79,"downfall:HeartBlessingBlue":16,"Mummified Hand":97,"downfall:RedIOU":41,"downfall:ExtraCursedKey":41}]},"card_choices":[{"not_picked":["PrismaMod:ChloeCheapAttackTwo","PrismaMod:ChloeCommonAOEAttack"],"picked":"PrismaMod:ChloeExhaustOne","floor":2.0},{"not_picked":["PrismaMod:ChloeCommonAOEAttack","PrismaMod:ChloeCheapAttackTwo"],"picked":"PrismaMod:ChloeChristmas","floor":3.0},{"not_picked":["PrismaMod:ChloeCommonAOEAttack","PrismaMod:ChloeDemonicTutor"],"picked":"PrismaMod:ChloeGaeBolg","floor":6.0},{"not_picked":["PrismaMod:ChloeCheapAttackTwo","PrismaMod:ChloeUncommonAOEAttack","PrismaMod:ChloeExhaustOne"],"picked":"SKIP","floor":9.0},{"not_picked":["PrismaMod:ChloeExhaustOne","PrismaMod:ChloeBetterTracePools","PrismaMod:ChloeExhaustTwo"],"picked":"SKIP","floor":10.0},{"not_picked":["PrismaMod:ChloeCheapDefend","PrismaMod:ChloeRuleBreaker"],"picked":"PrismaMod:ChloeMordred","floor":12.0},{"not_picked":["PrismaMod:ChloeExhaustOne","PrismaMod:ChloeRhongomyniad"],"picked":"PrismaMod:ChloeCarnivalAOEAttack","floor":14.0},{"not_picked":["PrismaMod:ChloeDiscardRecovery","PrismaMod:ChloeUncommonAOEAttack","PrismaMod:ChloeCommonAOEAttack"],"picked":"SKIP","floor":15.0},{"not_picked":["PrismaMod:ChloeGreatTracePools","PrismaMod:ChloeAnyAttackTrace"],"picked":"PrismaMod:ChloeDevil","floor":16.0},{"not_picked":["PrismaMod:ChloeExhaustOne"],"picked":"SKIP","floor":19.0},{"not_picked":["PrismaMod:ChloeBetterTracePools+1"],"picked":"SKIP","floor":21.0},{"not_picked":["PrismaMod:ChloeCheapDefend"],"picked":"SKIP","floor":25.0},{"not_picked":["PrismaMod:ChloeUncommonAOEAttack"],"picked":"SKIP","floor":26.0},{"not_picked":["PrismaMod:ChloeCheapDefend"],"picked":"SKIP","floor":27.0},{"not_picked":["PrismaMod:ChloeUncommonAttack"],"picked":"SKIP","floor":28},{"not_picked":["PrismaMod:ChloeChristmas"],"picked":"SKIP","floor":29},{"not_picked":["PrismaMod:ChloeEyeOfTheEuryale"],"picked":"SKIP","floor":31},{"not_picked":[],"picked":"PrismaMod:ChloeCheapDefendTwo+1","floor":32},{"not_picked":[],"picked":"PrismaMod:ChloeGreatTracePools","floor":33},{"not_picked":[],"picked":"PrismaMod:ChloeExcalibur","floor":36},{"not_picked":[],"picked":"PrismaMod:ChloeCheapDefendTwo+1","floor":37},{"not_picked":["expansioncontent:PolyBeam","expansioncontent:GuardianWhirl"],"picked":"expansioncontent:YouAreMine","floor":38},{"not_picked":["PrismaMod:ChloeDiscardRecovery+1"],"picked":"SKIP","floor":39},{"not_picked":[],"picked":"PrismaMod:ChloeRitsuka+1","floor":40},{"not_picked":["PrismaMod:ChloeRitsuka"],"picked":"SKIP","floor":42},{"not_picked":["PrismaMod:ChloeMordred+1"],"picked":"SKIP","floor":44}],"player_experience":381906,"relics_obtained":[{"floor":6.0,"key":"MawBank"},{"floor":7.0,"key":"Smiling Mask"},{"floor":10.0,"key":"Bag of Preparation"},{"floor":12.0,"key":"Shovel"},{"floor":24.0,"key":"Matryoshka"},{"floor":26.0,"key":"Lantern"},{"floor":28,"key":"Ancient Tea Set"},{"floor":37,"key":"Peace Pipe"},{"floor":37,"key":"Bag of Preparation"},{"floor":40,"key":"Pen Nib"},{"floor":41,"key":"Mummified Hand"},{"floor":41,"key":"Centennial Puzzle"}],"event_choices":[{"damage_healed":0.0,"max_hp_gain":0.0,"max_hp_loss":0.0,"gold_gain":0.0,"event_name":"Big Fish","player_choice":"Box","floor":5.0,"gold_loss":0.0,"damage_taken":0.0,"relics_obtained":["Juzu Bracelet"],"cards_obtained":["Regret"]}],"is_beta":false,"boss_relics":[{"not_picked":["Velvet Choker","Calling Bell"],"picked":"Busted Crown"},{"not_picked":["Sozu","Pandora\u0027s Box"],"picked":"PrismaMod:PrismaTraceOnUpgrade"}],"items_purged_floors":[14,14,14,14,29,29,29,31,31],"is_endless":false,"potions_floor_spawned":[3,6,12,16,25,27,28,33,37,40,42],"killed_by":"Writhing Mass","ascension_level":3}}