{"host":"1u4zr9vl8my47i07","time":1612712764,"event":{"mods":["AchievementEnabler","BaseMod","Colored Map","DeckTracker","Highlight Path","Keyboard Shortcuts","Minty Spire (QoL Compilation)","Relic Stats","StSLib","SuperFastMode","Uncapped","Waifu the Spire","everything is the same but u backflip on backflip"],"gold_per_floor":[11,11,28,28,47,47,61,61,61,80,92,92,92,118,118,194,194,164,214,139,157,177,207,207,207,207,207,222,0,17,32,32,103,103,113,130,141,141,153,187,87,113,113,143,161,176,176,0,0,0,0,0,0,0,26,26],"floor_reached":57,"language":"KOR","playtime":2124,"items_purged":["Defend_R","Clothesline"],"score":3182,"play_id":"80d1af32-d1b4-4298-b799-3577590947a1","local_time":"20210208004604","is_ascension_mode":true,"campfire_choices":[{"data":"Pommel Strike","floor":8.0,"key":"SMITH"},{"data":"Shrug It Off","floor":13.0,"key":"SMITH"},{"floor":15.0,"key":"REST"},{"data":"Offering","floor":25.0,"key":"SMITH"},{"data":"Rupture","floor":27.0,"key":"SMITH"},{"floor":32.0,"key":"RECALL"},{"data":"Madness","floor":49,"key":"SMITH"},{"data":"Madness","floor":53,"key":"SMITH"}],"circlet_count":0,"master_deck":["AscendersBane","Defend_R","Defend_R","Defend_R","Bash","Pommel Strike+1","Pommel Strike+1","Shrug It Off+1","Offering+1","Rupture+1","Shockwave","Flex+1","Madness+1","Madness+1","Barricade","Offering"],"relics":["Burning Blood","White Beast Statue","Bottled Flame","Gambling Chip","SacredBark","Sundial","Lantern","Self Forming Clay","Bag of Preparation","Black Star","Bronze Scales","Happy Flower","CaptainsWheel","Pantograph","Vajra","Smiling Mask","Red Mask","Art of War","Gremlin Horn"],"acts_visited":["TheCity","TheBeyond","TheEnding"],"potions_floor_usage":[56,56,56],"damage_taken":[{"damage":10.0,"enemies":"Small Slimes","floor":1.0,"turns":3.0},{"damage":1.0,"enemies":"Cultist","floor":3.0,"turns":3.0},{"damage":9.0,"enemies":"Jaw Worm","floor":5.0,"turns":3.0},{"damage":13.0,"enemies":"Exordium Wildlife","floor":7.0,"turns":4.0},{"damage":0.0,"enemies":"Looter","floor":10.0,"turns":2.0},{"damage":25.0,"enemies":"Lots of Slimes","floor":11.0,"turns":5.0},{"damage":32.0,"enemies":"Gremlin Nob","floor":14.0,"turns":4.0},{"damage":33.0,"enemies":"Slime Boss","floor":16.0,"turns":6.0},{"damage":17.0,"enemies":"2 Thieves","floor":18.0,"turns":4.0},{"damage":37.0,"enemies":"3 Byrds","floor":21.0,"turns":5.0},{"damage":6.0,"enemies":"3 Cultists","floor":22.0,"turns":2.0},{"damage":6.0,"enemies":"Slavers","floor":23.0,"turns":1.0},{"damage":6.0,"enemies":"Snecko","floor":28.0,"turns":1.0},{"damage":6.0,"enemies":"Shelled Parasite and Fungi","floor":30.0,"turns":1.0},{"damage":6.0,"enemies":"Sentry and Sphere","floor":31.0,"turns":1.0},{"damage":6.0,"enemies":"Automaton","floor":33.0,"turns":2.0},{"damage":6,"enemies":"3 Shapes","floor":35,"turns":1},{"damage":6,"enemies":"Orb Walker","floor":36,"turns":1},{"damage":6,"enemies":"Spire Growth","floor":37,"turns":1},{"damage":6,"enemies":"Transient","floor":39,"turns":1},{"damage":6,"enemies":"Nemesis","floor":40,"turns":1},{"damage":6,"enemies":"Reptomancer","floor":42,"turns":2},{"damage":6,"enemies":"Nemesis","floor":44,"turns":1},{"damage":6,"enemies":"Maw","floor":45,"turns":3},{"damage":6,"enemies":"Jaw Worm Horde","floor":46,"turns":1},{"damage":6,"enemies":"Awakened One","floor":50,"turns":2},{"damage":40,"enemies":"Donu and Deca","floor":51,"turns":3},{"damage":45,"enemies":"Shield and Spear","floor":55,"turns":3},{"damage":30,"enemies":"The Heart","floor":56,"turns":7}],"seed_played":"-4361088594413524611","potions_obtained":[{"floor":1.0,"key":"Swift Potion"},{"floor":3.0,"key":"Block Potion"},{"floor":10.0,"key":"SteroidPotion"},{"floor":11.0,"key":"CultistPotion"},{"floor":16.0,"key":"BloodPotion"},{"floor":21.0,"key":"SpeedPotion"},{"floor":30.0,"key":"Energy Potion"}],"is_trial":false,"path_per_floor":["M","?","M","?","M","?","M","R","T","M","M","T","R","E","R","B",null,"M","?","?","M","M","E","?","R","T","R","M","$","M","M","R","B",null,"M","M","M","?","M","E","$","E","T","E","M","M","?","?","R","B","B",null,"R","$","E","B",null],"character_chosen":"IRONCLAD","items_purchased":["Bag of Preparation"],"campfire_rested":1,"item_purchase_floors":[29],"current_hp_per_floor":[64,64,69,69,66,59,52,52,52,58,39,39,39,13,35,8,58,47,47,47,46,46,46,75,75,75,75,75,75,75,75,75,75,75,75,75,75,61,61,61,61,61,61,61,61,61,61,61,61,75,41,67,67,67,28,29],"gold":26,"neow_bonus":"REMOVE_TWO","is_daily":false,"chose_seed":false,"campfire_upgraded":6,"win_rate":0.0,"timestamp":1612712764,"path_taken":["M","?","M","?","?","?","M","R","T","M","M","?","R","E","R","BOSS","M","?","?","M","?","E","?","R","T","R","M","$","M","?","R","BOSS","M","M","?","?","M","E","$","E","T","E","M","M","?","?","R","BOSS","BOSS","R","$","E","BOSS"],"items_purchased_type":["Relic"],"build_version":"2020-12-22","purchased_purges":2,"victory":true,"max_hp_per_floor":[75,75,75,75,75,75,75,75,75,75,75,75,75,75,75,75,75,75,75,75,75,75,75,75,75,75,75,75,75,75,75,75,75,75,75,75,75,75,75,75,75,75,75,75,75,75,75,75,75,75,75,75,75,75,75,75],"relic_stats":{"Happy Flower":[7],"Gremlin Horn":[0,0],"counters":[29,74],"Self Forming Clay":[78],"Bag of Preparation":[32],"Smiling Mask":0,"Burning Blood":174,"Sundial":[358],"Gambling Chip":[54],"Bronze Scales":[120],"Pantograph":39,"Black Star":4,"Art of War":[1],"obtain_stats":[{"Lantern":23,"Happy Flower":40,"Gremlin Horn":55,"Self Forming Clay":26,"SacredBark":17,"Vajra":44,"Bag of Preparation":29,"Smiling Mask":44,"Burning Blood":0,"White Beast Statue":9,"Bottled Flame":12,"CaptainsWheel":42,"Sundial":21,"Gambling Chip":14,"Bronze Scales":40,"Pantograph":42,"Black Star":34,"Red Mask":48,"Art of War":55},{"Lantern":12,"Happy Flower":21,"Gremlin Horn":28,"Self Forming Clay":12,"SacredBark":8,"Vajra":23,"Bag of Preparation":13,"Smiling Mask":23,"Burning Blood":0,"White Beast Statue":4,"Bottled Flame":6,"CaptainsWheel":22,"Sundial":10,"Gambling Chip":7,"Bronze Scales":21,"Pantograph":22,"Black Star":16,"Red Mask":25,"Art of War":28},{"Lantern":42,"Happy Flower":52,"Gremlin Horn":67,"Self Forming Clay":42,"SacredBark":30,"Vajra":55,"Bag of Preparation":43,"Smiling Mask":55,"Burning Blood":0,"White Beast Statue":13,"Bottled Flame":20,"CaptainsWheel":54,"Sundial":36,"Gambling Chip":24,"Bronze Scales":52,"Pantograph":54,"Black Star":47,"Red Mask":59,"Art of War":67}]},"card_choices":[{"not_picked":["Heavy Blade","Sever Soul"],"picked":"Carnage","floor":1.0},{"not_picked":["Twin Strike","Pummel"],"picked":"Pommel Strike","floor":3.0},{"not_picked":["Spot Weakness","Rupture"],"picked":"Dual Wield","floor":5.0},{"not_picked":["Intimidate","Iron Wave"],"picked":"Pommel Strike","floor":7.0},{"not_picked":["Anger","Havoc"],"picked":"Shrug It Off","floor":10.0},{"not_picked":["Warcry","Flex","Armaments"],"picked":"SKIP","floor":11.0},{"not_picked":["Thunderclap","True Grit","Armaments"],"picked":"SKIP","floor":14.0},{"not_picked":["Impervious","Fiend Fire"],"picked":"Offering","floor":16.0},{"not_picked":["Warcry","Flex+1","Iron Wave"],"picked":"SKIP","floor":18.0},{"not_picked":["Rupture","Perfected Strike","Sword Boomerang"],"picked":"SKIP","floor":21.0},{"not_picked":["Flex","Headbutt"],"picked":"Burning Pact+1","floor":22.0},{"not_picked":["Iron Wave+1","Thunderclap","Flex"],"picked":"SKIP","floor":23.0},{"not_picked":["Perfected Strike","Pommel Strike","Headbutt"],"picked":"SKIP","floor":28.0},{"not_picked":["Iron Wave","Intimidate+1","Anger"],"picked":"SKIP","floor":30.0},{"not_picked":["True Grit","Metallicize","Cleave"],"picked":"SKIP","floor":31.0},{"not_picked":["Bloodletting+1","Rampage"],"picked":"Shockwave","floor":35},{"not_picked":["Headbutt+1","Anger","Clash"],"picked":"SKIP","floor":36},{"not_picked":["Sword Boomerang+1","Body Slam"],"picked":"Flex+1","floor":37},{"not_picked":["Shrug It Off","Burning Pact","Searing Blow"],"picked":"SKIP","floor":39},{"not_picked":["Clothesline","Rupture","Flex"],"picked":"SKIP","floor":40},{"not_picked":["Cleave","Power Through+1"],"picked":"Barricade","floor":42},{"not_picked":["Exhume","Thunderclap+1","Power Through+1"],"picked":"SKIP","floor":44},{"not_picked":["Exhume","Thunderclap+1","Power Through+1"],"picked":"SKIP","floor":44},{"not_picked":["Heavy Blade","Dropkick","Ghostly Armor"],"picked":"SKIP","floor":45},{"not_picked":["Intimidate+1","Shockwave","Thunderclap+1"],"picked":"SKIP","floor":46},{"not_picked":["Twin Strike","Second Wind"],"picked":"Offering","floor":55}],"player_experience":362704,"relics_obtained":[{"floor":9.0,"key":"White Beast Statue"},{"floor":12.0,"key":"Bottled Flame"},{"floor":14.0,"key":"Gambling Chip"},{"floor":23.0,"key":"Lantern"},{"floor":26.0,"key":"Self Forming Clay"},{"floor":40,"key":"Bronze Scales"},{"floor":40,"key":"Happy Flower"},{"floor":42,"key":"CaptainsWheel"},{"floor":42,"key":"Pantograph"},{"floor":44,"key":"Vajra"},{"floor":44,"key":"Smiling Mask"},{"floor":55,"key":"Art of War"},{"floor":55,"key":"Gremlin Horn"}],"event_choices":[{"damage_healed":0.0,"max_hp_gain":0.0,"max_hp_loss":0.0,"gold_gain":0.0,"cards_transformed":["Strike_R"],"event_name":"Living Wall","player_choice":"Change","floor":2.0,"gold_loss":0.0,"damage_taken":0.0,"cards_obtained":["Havoc"]},{"damage_healed":0.0,"max_hp_gain":0.0,"max_hp_loss":0.0,"gold_gain":0.0,"event_name":"Upgrade Shrine","player_choice":"Upgraded","floor":4.0,"gold_loss":0.0,"damage_taken":0.0,"cards_upgraded":["Pommel Strike"]},{"cards_removed":["Strike_R"],"damage_healed":0.0,"max_hp_gain":0.0,"max_hp_loss":0.0,"gold_gain":0.0,"event_name":"Golden Wing","player_choice":"Card Removal","floor":6.0,"gold_loss":0.0,"damage_taken":7.0},{"damage_healed":0.0,"max_hp_gain":0.0,"max_hp_loss":0.0,"gold_gain":50.0,"event_name":"Nest","player_choice":"Stole From Cult","floor":19.0,"gold_loss":0.0,"damage_taken":0.0},{"damage_healed":0.0,"max_hp_gain":0.0,"max_hp_loss":0.0,"gold_gain":0.0,"cards_transformed":["Strike_R","Havoc"],"event_name":"Designer","player_choice":"Transformed Cards","floor":20.0,"gold_loss":75.0,"damage_taken":0.0,"cards_obtained":["Clothesline","Rupture"]},{"cards_removed":["Carnage"],"damage_healed":29.0,"max_hp_gain":0.0,"max_hp_loss":0.0,"gold_gain":0.0,"event_name":"Bonfire Elementals","player_choice":"Offered Uncommon","floor":24.0,"gold_loss":0.0,"damage_taken":0.0},{"damage_healed":0,"gold_gain":0,"player_choice":"Embrace Madness","damage_taken":14,"max_hp_gain":0,"max_hp_loss":0,"event_name":"Winding Halls","floor":38,"gold_loss":0,"cards_obtained":["Madness","Madness"]},{"cards_removed":["Burning Pact"],"damage_healed":0,"gold_gain":0,"player_choice":"Removed Skill","damage_taken":0,"max_hp_gain":0,"max_hp_loss":0,"event_name":"Falling","floor":47,"gold_loss":0},{"damage_healed":0,"gold_gain":0,"player_choice":"Paid","damage_taken":0,"relics_obtained":["Red Mask"],"max_hp_gain":0,"max_hp_loss":0,"event_name":"Tomb of Lord Red Mask","floor":48,"gold_loss":176}],"is_beta":false,"boss_relics":[{"not_picked":["Runic Dome","Ectoplasm"],"picked":"SacredBark"},{"not_picked":["Runic Cube","Empty Cage"],"picked":"Black Star"}],"items_purged_floors":[29,41],"is_endless":false,"potions_floor_spawned":[1,3,7,10,11,14,16,18,21,22,23,28,30,31,33,35,36,37,39,40,42,44,45,46,55],"ascension_level":20}}