{"host":"utqe55yv0jihe4d6","time":1612733975,"event":{"mods":["2.2 Compatiblity","AchievementEnabler","BaseMod","Block Reminder","Colored Map","Colored Powertips","Minty Spire (QoL Compilation)","Quick Restart","Rare Cards Sparkle","Relic Stats","SuperFastMode"],"gold_per_floor":[118,118,133,148,165,165,190,218,269,269,300,320,320,27,27,103,103,115,5,16,16,16,16,16],"floor_reached":23,"language":"ENG","playtime":616,"items_purged":["Strike_G"],"score":398,"play_id":"e3318324-eea8-4ccd-8373-4fce624e2018","local_time":"20210207163935","is_ascension_mode":true,"campfire_choices":[{"data":"Neutralize","floor":6,"key":"SMITH"},{"floor":10,"key":"REST"},{"floor":13,"key":"REST"},{"data":"Deadly Poison","floor":15,"key":"SMITH"}],"circlet_count":0,"master_deck":["AscendersBane","Survivor","Neutralize+1","Quick Slash+1","Endless Agony","Blade Dance","Backstab","Deadly Poison+1","Glass Knife","Skewer","Malaise","Malaise","Corpse Explosion","PiercingWail","Bullet Time","Die Die Die","Malaise","Dagger Spray","Blur","PiercingWail","Footwork"],"relics":["Ring of the Snake","Odd Mushroom","Question Card","Nunchaku","Bronze Scales","Bag of Preparation","Pandora\u0027s Box"],"acts_visited":["Exordium","TheCity"],"potions_floor_usage":[7,8,16],"damage_taken":[{"damage":1,"enemies":"2 Louse","floor":1,"turns":4},{"damage":0,"enemies":"Cultist","floor":3,"turns":4},{"damage":4,"enemies":"Jaw Worm","floor":4,"turns":5},{"damage":0,"enemies":"2 Fungi Beasts","floor":5,"turns":3},{"damage":3,"enemies":"The Mushroom Lair","floor":7,"turns":3},{"damage":17,"enemies":"3 Sentries","floor":8,"turns":8},{"damage":20,"enemies":"Lagavulin","floor":11,"turns":7},{"damage":0,"enemies":"3 Louse","floor":12,"turns":2},{"damage":20,"enemies":"The Guardian","floor":16,"turns":9},{"damage":24,"enemies":"2 Thieves","floor":18,"turns":4},{"damage":10,"enemies":"Spheric Guardian","floor":20,"turns":4},{"damage":25,"enemies":"Slavers","floor":23,"turns":3}],"seed_played":"5255265559796088586","potions_obtained":[{"floor":4,"key":"Poison Potion"},{"floor":5,"key":"AttackPotion"},{"floor":11,"key":"Strength Potion"}],"is_trial":false,"path_per_floor":["M","?","M","M","M","R","?","E","T","R","E","M","R","$","R","B",null,"M","?","M","?","$","E"],"character_chosen":"THE_SILENT","items_purchased":["Bag of Preparation","AttackPotion"],"campfire_rested":2,"item_purchase_floors":[14,14],"current_hp_per_floor":[64,42,42,38,38,38,35,18,18,39,19,19,40,40,40,20,59,35,35,25,25,25,0,0],"gold":16,"neow_bonus":"TEN_PERCENT_HP_BONUS","is_daily":false,"chose_seed":false,"campfire_upgraded":2,"win_rate":0.0,"timestamp":1612733975,"path_taken":["M","?","M","M","M","R","?","E","T","R","E","M","R","$","R","BOSS","M","?","?","?","$","E"],"items_purchased_type":["Relic","Potion"],"build_version":"2020-12-22","purchased_purges":1,"victory":false,"max_hp_per_floor":[72,72,72,72,72,72,72,72,72,72,72,72,72,72,72,72,72,72,72,72,72,72,72,72],"relic_stats":{"Nunchaku":[6],"counters":[12,56],"Bronze Scales":[63],"Pandora\u0027s Box":["Malaise","Corpse Explosion","PiercingWail","Bullet Time","Die Die Die","Malaise","Dagger Spray","Setup","Blur"],"Bag of Preparation":[8],"Question Card":5,"obtain_stats":[{"Nunchaku":9,"Bronze Scales":11,"Pandora\u0027s Box":17,"Bag of Preparation":14,"Odd Mushroom":7,"Question Card":8,"Ring of the Snake":0},{"Nunchaku":6,"Bronze Scales":7,"Pandora\u0027s Box":9,"Bag of Preparation":8,"Odd Mushroom":5,"Question Card":6,"Ring of the Snake":0},{"Nunchaku":27,"Bronze Scales":34,"Pandora\u0027s Box":45,"Bag of Preparation":36,"Odd Mushroom":19,"Question Card":27,"Ring of the Snake":0}],"Ring of the Snake":[25]},"card_choices":[{"not_picked":["Dodge and Roll","Sucker Punch"],"picked":"Quick Slash","floor":1},{"not_picked":["Catalyst","Calculated Gamble"],"picked":"Endless Agony","floor":3},{"not_picked":["Deflect","Dagger Spray"],"picked":"Blade Dance","floor":4},{"not_picked":["Slice","Prepared"],"picked":"Backstab","floor":5},{"not_picked":["Underhanded Strike","Blade Dance"],"picked":"Deadly Poison","floor":7},{"not_picked":["Flying Knee","Calculated Gamble"],"picked":"Glass Knife","floor":8},{"not_picked":["Flying Knee","Prepared","Deadly Poison","Slice"],"picked":"SKIP","floor":11},{"not_picked":["Backflip","Outmaneuver","Caltrops"],"picked":"Skewer","floor":12},{"not_picked":["Envenom","Glass Knife","Tools of the Trade"],"picked":"Malaise","floor":16},{"not_picked":["Prepared","Cloak And Dagger","Underhanded Strike"],"picked":"PiercingWail","floor":18},{"not_picked":["Endless Agony","Deadly Poison","Prepared"],"picked":"Footwork","floor":20}],"player_experience":3050754,"relics_obtained":[{"floor":7,"key":"Odd Mushroom"},{"floor":8,"key":"Question Card"},{"floor":9,"key":"Nunchaku"},{"floor":11,"key":"Bronze Scales"}],"event_choices":[{"damage_healed":0,"gold_gain":0,"player_choice":"Entered Light","damage_taken":22,"max_hp_gain":0,"max_hp_loss":0,"event_name":"Shining Light","floor":2,"gold_loss":0,"cards_upgraded":["Strike_G","Strike_G"]},{"damage_healed":0,"gold_gain":0,"player_choice":"Fought Mushrooms","damage_taken":0,"max_hp_gain":0,"max_hp_loss":0,"event_name":"Mushrooms","floor":7,"gold_loss":0},{"cards_removed":["Setup"],"damage_healed":0,"gold_gain":0,"player_choice":"Upgrade and Remove","damage_taken":0,"max_hp_gain":0,"max_hp_loss":0,"event_name":"Designer","floor":19,"gold_loss":110,"cards_upgraded":["Quick Slash"]}],"is_beta":false,"boss_relics":[{"not_picked":["Astrolabe","Calling Bell"],"picked":"Pandora\u0027s Box"}],"items_purged_floors":[14],"is_endless":false,"potions_floor_spawned":[4,5,11],"killed_by":"Slavers","ascension_level":20}}