{"host":"i2ntsfwoh5q5m216","time":1612731609,"event":{"mods":["BaseMod","Colored Map","Downfall","Minty Spire (QoL Compilation)","StSLib"],"gold_per_floor":[112,112,37,37,37,68,19,19,19,19,0,0,23,40,40,40,40],"floor_reached":16,"language":"ENG","playtime":368,"items_purged":["Regret"],"score":94,"play_id":"79f402d4-34c9-47ca-b194-c026a1488ab0","local_time":"20210207150009","is_ascension_mode":false,"campfire_choices":[{"floor":10,"key":"REST"},{"floor":12,"key":"REST"},{"data":"Zap","floor":15,"key":"SMITH"}],"circlet_count":0,"master_deck":["Strike_B","Strike_B","Strike_B","Defend_B","Defend_B","Defend_B","Defend_B","Zap+1","Dualcast","Beam Cell","Reinforced Body","Coolheaded"],"relics":["Cracked Core","Juzu Bracelet","Toy Ornithopter","PreservedInsect","Kunai","HornCleat","Odd Mushroom"],"acts_visited":["Exordium"],"potions_floor_usage":[],"damage_taken":[{"damage":6,"enemies":"Cultist","floor":1,"turns":3},{"damage":36,"enemies":"Lagavulin","floor":6,"turns":6},{"damage":7,"enemies":"The Mushroom Lair","floor":13,"turns":4},{"damage":0,"enemies":"Jaw Worm","floor":14,"turns":2},{"damage":44,"enemies":"Slime Boss","floor":16,"turns":14}],"seed_played":"5306669909162996378","potions_obtained":[{"floor":13,"key":"Swift Potion"},{"floor":14,"key":"Energy Potion"}],"is_trial":false,"path_per_floor":["M","?","$","?","?","E","$","?","T","R","?","R","?","M","R","B"],"character_chosen":"DEFECT","items_purchased":["Beam Cell"],"campfire_rested":2,"item_purchase_floors":[7],"current_hp_per_floor":[69,69,69,62,37,1,1,1,1,23,23,45,38,38,38,0,0],"gold":40,"neow_bonus":"RANDOM_COMMON_RELIC","is_daily":false,"chose_seed":false,"campfire_upgraded":1,"win_rate":0.0,"timestamp":1612731609,"path_taken":["M","?","$","?","?","E","$","?","T","R","?","R","?","M","R","BOSS"],"items_purchased_type":["Card"],"build_version":"2020-12-22","purchased_purges":1,"victory":false,"max_hp_per_floor":[75,75,75,75,75,75,75,75,75,75,75,75,75,75,75,75,75],"card_choices":[{"not_picked":["Conserve Battery","Rip and Tear","Fusion"],"picked":"SKIP","floor":1},{"not_picked":["Compile Driver","Ball Lightning","Lockon"],"picked":"SKIP","floor":6},{"not_picked":["Barrage","Doom and Gloom"],"picked":"Reinforced Body","floor":13},{"not_picked":["Auto Shields","Capacitor"],"picked":"Coolheaded","floor":14}],"player_experience":52351,"relics_obtained":[{"floor":6,"key":"Kunai"},{"floor":9,"key":"HornCleat"},{"floor":13,"key":"Odd Mushroom"}],"event_choices":[{"damage_healed":0,"gold_gain":0,"player_choice":"Box","damage_taken":0,"relics_obtained":["Toy Ornithopter"],"max_hp_gain":0,"max_hp_loss":0,"event_name":"Big Fish","floor":2,"gold_loss":0,"cards_obtained":["Regret"]},{"cards_removed":["Strike_B"],"damage_healed":0,"gold_gain":0,"player_choice":"Card Removal","damage_taken":7,"max_hp_gain":0,"max_hp_loss":0,"event_name":"Golden Wing","floor":4,"gold_loss":0},{"damage_healed":0,"gold_gain":0,"player_choice":"Success","damage_taken":25,"relics_obtained":["PreservedInsect"],"max_hp_gain":0,"max_hp_loss":0,"event_name":"Scrap Ooze","floor":5,"gold_loss":0},{"damage_healed":0,"gold_gain":0,"player_choice":"Searched \u00270\u0027 times","damage_taken":0,"max_hp_gain":0,"max_hp_loss":0,"event_name":"Dead Adventurer","floor":8,"gold_loss":0},{"damage_healed":0,"gold_gain":0,"player_choice":"Left Gold","damage_taken":0,"max_hp_gain":0,"max_hp_loss":0,"event_name":"World of Goop","floor":11,"gold_loss":19},{"damage_healed":0,"gold_gain":0,"player_choice":"Fought Mushrooms","damage_taken":0,"max_hp_gain":0,"max_hp_loss":0,"event_name":"Mushrooms","floor":13,"gold_loss":0}],"is_beta":false,"boss_relics":[],"items_purged_floors":[3],"is_endless":false,"potions_floor_spawned":[13,14],"killed_by":"Slime Boss","ascension_level":0}}