{"host":"7qoz5gmva6til3yp","time":1612709074,"event":{"mods":["2.2 Compatiblity","Astrologer","BaseMod","Marisa£¨Ùöéë¡¡Øª×âÞÞ£©","Minty Spire (QoL Compilation)","StSLib","SuperFastMode","The Poker Player"],"gold_per_floor":[114,114,114,48,48,48,299,299,299,299,316,333,348,232,232,327,327,343,343,343,360,378,378,408,421,448,458,18,18,18,18,18,122,122,134,134,134,186,233,233,264,264,287,287,287,313,325,92,92,92],"floor_reached":51,"language":"KOR","playtime":1497,"items_purged":["Pain","PokerPlayerMod:Spade1","PokerPlayerMod:Spade2"],"score":782,"play_id":"93847c01-8910-4a66-bf6c-249db490b64e","local_time":"20210207234434","is_ascension_mode":false,"metric_token":542,"campfire_choices":[{"data":"PokerPlayerMod:Mulligan","floor":6,"key":"SMITH"},{"data":"PokerPlayerMod:Sharpen","floor":8,"key":"SMITH"},{"data":"PokerPlayerMod:DartThrow","floor":10,"key":"SMITH"},{"data":"PokerPlayerMod:SecondChance","floor":15,"key":"SMITH"},{"data":"PokerPlayerMod:JackOfSpades","floor":23,"key":"SMITH"},{"data":"Shame","floor":30,"key":"PURGE"},{"data":"PokerPlayerMod:Diamond2","floor":32,"key":"PURGE"},{"data":"Apotheosis","floor":40,"key":"SMITH"},{"data":"PokerPlayerMod:DartThrow","floor":42,"key":"PURGE"},{"data":"PokerPlayerMod:TheDieIsCast","floor":45,"key":"SMITH"},{"data":"PokerPlayerMod:FakeSymbols","floor":49,"key":"SMITH"}],"circlet_count":0,"master_deck":["PokerPlayerMod:Diamond3","PokerPlayerMod:Diamond4","PokerPlayerMod:Diamond5","PokerPlayerMod:Spade3","PokerPlayerMod:Spade4","PokerPlayerMod:Club2","PokerPlayerMod:Heart2","PokerPlayerMod:TrumpStrike+1","PokerPlayerMod:BadJoker","PokerPlayerMod:Mulligan+1","Bandage Up+1","PokerPlayerMod:Trickery+1","PokerPlayerMod:Heart4","PokerPlayerMod:Diamond7","PokerPlayerMod:Sharpen+1","PokerPlayerMod:DartThrow+1","Finesse+1","PokerPlayerMod:SecondChance+1","PokerPlayerMod:Heart8","PokerPlayerMod:JackOfSpades+1","PokerPlayerMod:GamblerForm","PokerPlayerMod:ClubsClub+1","PokerPlayerMod:Club5","PokerPlayerMod:DartThrow+1","PokerPlayerMod:Club8","PokerPlayerMod:Club10+","PokerPlayerMod:TheDieIsCast+1","PokerPlayerMod:Diamond8","Apotheosis+1","PokerPlayerMod:Spade7","PokerPlayerMod:CardBurn+1","PokerPlayerMod:ClubStrike+1","PokerPlayerMod:FakeSymbols+1","PokerPlayerMod:ClubShade"],"relics":["PokerPlayerMod:DeckCase","WarpedTongs","HornCleat","Bag of Marbles","Empty Cage","Akabeko","Peace Pipe","Whetstone","PreservedInsect","Oddly Smooth Stone","Sozu","CatCart","Calipers","Singing Bowl","Lantern","PokerPlayerMod:BrokenClock","War Paint"],"acts_visited":["Exordium","TheCity","TheBeyond"],"potions_floor_usage":[33,50],"damage_taken":[{"damage":0.0,"enemies":"Small Slimes","floor":1.0,"turns":2.0},{"damage":0,"enemies":"Cultist","floor":11,"turns":2},{"damage":1,"enemies":"Jaw Worm","floor":12,"turns":2},{"damage":5,"enemies":"Blue Slaver","floor":13,"turns":3},{"damage":14,"enemies":"The Guardian","floor":16,"turns":4},{"damage":14,"enemies":"Spheric Guardian","floor":18,"turns":4},{"damage":1,"enemies":"2 Thieves","floor":21,"turns":3},{"damage":12,"enemies":"Shelled Parasite and Fungi","floor":22,"turns":4},{"damage":36,"enemies":"Slavers","floor":24,"turns":4},{"damage":4,"enemies":"Snecko","floor":25,"turns":4},{"damage":0,"enemies":"3 Cultists","floor":27,"turns":4},{"damage":48,"enemies":"Collector","floor":33,"turns":7},{"damage":0,"enemies":"3 Darklings","floor":35,"turns":2},{"damage":4,"enemies":"Orin","floor":38,"turns":5},{"damage":27,"enemies":"2 Orb Walkers","floor":39,"turns":5},{"damage":6,"enemies":"Reptomancer","floor":41,"turns":2},{"damage":0,"enemies":"Nemesis","floor":46,"turns":3},{"damage":2,"enemies":"Orb Walker","floor":47,"turns":2},{"damage":80,"enemies":"Awakened One","floor":50,"turns":11}],"seed_played":"6719712979761507273","potions_obtained":[{"floor":12,"key":"Dexterity Potion"},{"floor":13,"key":"LiquidBronze"},{"floor":18,"key":"Block Potion"},{"floor":22,"key":"FairyPotion"}],"is_trial":false,"path_per_floor":["M","?","?","$","?","R","$","R","T","R","M","M","M","$","R","B",null,"M","?","?","M","M","R","E","M","T","M","$","?","R","$","R","B",null,"M","?","?","?","?","R","E","R","T","?","R","E","M","$","R","B",null],"character_chosen":"THE_POKER_PLAYER","items_purchased":["PokerPlayerMod:Heart4","PokerPlayerMod:Diamond7","PokerPlayerMod:Sharpen","PokerPlayerMod:DartThrow","Finesse","Bag of Marbles","PokerPlayerMod:SecondChance","PokerPlayerMod:Heart8","PokerPlayerMod:JackOfSpades","PreservedInsect","PokerPlayerMod:Club10+","War Paint","PokerPlayerMod:ClubShade"],"campfire_rested":0,"item_purchase_floors":[4,7,7,7,14,14,14,14,14,28,28,48,48],"current_hp_per_floor":[52,52,57,57,57,57,57,57,57,57,57,56,57,57,57,45,57,43,34,34,52,50,50,25,35,35,49,49,49,49,49,49,12,62,62,62,52,58,57,57,51,51,51,51,51,57,57,57,57,12],"gold":92,"neow_bonus":"RANDOM_COLORLESS","is_daily":false,"chose_seed":false,"campfire_upgraded":8,"win_rate":0.0,"timestamp":1612709074,"path_taken":["M","?","?","$","?","R","$","R","T","R","M","?","M","?","R","BOSS","M","?","?","M","M","R","E","M","T","?","?","?","R","$","R","BOSS","M","?","?","?","?","R","E","R","T","?","R","E","?","$","R","BOSS"],"items_purchased_type":["Card","Card","Card","Card","Card","Relic","Card","Card","Card","Relic","Undefined","Relic","Card"],"build_version":"2020-12-22","purchased_purges":3,"victory":true,"max_hp_per_floor":[52,52,57,57,57,57,57,57,57,57,57,57,57,57,57,57,57,57,62,62,62,62,62,62,62,62,62,62,62,62,62,62,62,62,62,62,62,62,62,62,62,62,62,62,62,62,64,64,64,64],"card_choices":[{"not_picked":["Trip","Forethought"],"picked":"Bandage Up","floor":0.0},{"not_picked":["PokerPlayerMod:ClubStrike","PokerPlayerMod:Club2"],"picked":"PokerPlayerMod:Trickery","floor":1.0},{"not_picked":["PokerPlayerMod:HiddenCard","PokerPlayerMod:Diamond5"],"picked":"PokerPlayerMod:Extraction","floor":11},{"not_picked":["PokerPlayerMod:Diamond2","PokerPlayerMod:Diamond4"],"picked":"PokerPlayerMod:DartThrow","floor":12},{"not_picked":["PokerPlayerMod:Configure","PokerPlayerMod:Spade4","PokerPlayerMod:HiddenCard"],"picked":"SKIP","floor":13},{"not_picked":["PokerPlayerMod:VarietyAttack","PokerPlayerMod:RoyalStrike"],"picked":"PokerPlayerMod:GamblerForm","floor":16},{"not_picked":["PokerPlayerMod:Configure","PokerPlayerMod:MagicTrick"],"picked":"PokerPlayerMod:ClubsClub+1","floor":18},{"not_picked":["PokerPlayerMod:Heart2","PokerPlayerMod:Sharpen"],"picked":"PokerPlayerMod:Club5","floor":21},{"not_picked":["PokerPlayerMod:Spade1","PokerPlayerMod:MagicTrick","PokerPlayerMod:Heart10+"],"picked":"SKIP","floor":22},{"not_picked":["PokerPlayerMod:SpadeStrike","PokerPlayerMod:Harden+1","PokerPlayerMod:ClubDance+1"],"picked":"SKIP","floor":24},{"not_picked":["PokerPlayerMod:Harden","PokerPlayerMod:Fold"],"picked":"PokerPlayerMod:DartThrow","floor":25},{"not_picked":["PokerPlayerMod:Heart4","PokerPlayerMod:Diamond3"],"picked":"PokerPlayerMod:Club8","floor":27},{"not_picked":["PokerPlayerMod:Diamond8","PokerPlayerMod:Diamond7"],"picked":"PokerPlayerMod:TheDieIsCast","floor":33},{"not_picked":["PokerPlayerMod:Spade3","PokerPlayerMod:Diamond4"],"picked":"PokerPlayerMod:Diamond8","floor":35},{"not_picked":["Madness","Thinking Ahead"],"picked":"Apotheosis","floor":37},{"not_picked":["PokerPlayerMod:Diamond4","PokerPlayerMod:Fold"],"picked":"PokerPlayerMod:Spade7","floor":38},{"not_picked":["PokerPlayerMod:Overdeal+1","PokerPlayerMod:Diamond1"],"picked":"PokerPlayerMod:CardBurn+1","floor":39},{"not_picked":["PokerPlayerMod:Diamond4","PokerPlayerMod:Heart1"],"picked":"PokerPlayerMod:ClubStrike+1","floor":41},{"not_picked":["PokerPlayerMod:RiskyBet","PokerPlayerMod:Heart3"],"picked":"PokerPlayerMod:FakeSymbols","floor":46},{"not_picked":["PokerPlayerMod:Diamond5","PokerPlayerMod:Heart3","PokerPlayerMod:Diamond3"],"picked":"Singing Bowl","floor":47}],"player_experience":494880,"relics_obtained":[{"floor":9,"key":"HornCleat"},{"floor":24,"key":"Peace Pipe"},{"floor":26,"key":"Whetstone"},{"floor":38,"key":"CatCart"},{"floor":39,"key":"Calipers"},{"floor":41,"key":"Singing Bowl"},{"floor":43,"key":"Lantern"},{"floor":46,"key":"PokerPlayerMod:BrokenClock"}],"event_choices":[{"damage_healed":0.0,"max_hp_gain":0.0,"max_hp_loss":0.0,"gold_gain":0.0,"event_name":"Living Wall","player_choice":"Grow","floor":2.0,"gold_loss":0.0,"damage_taken":0.0,"cards_upgraded":["PokerPlayerMod:TrumpStrike"]},{"damage_healed":0.0,"max_hp_gain":5.0,"max_hp_loss":0.0,"gold_gain":0.0,"event_name":"Big Fish","player_choice":"Donut","floor":3.0,"gold_loss":0.0,"damage_taken":0.0},{"damage_healed":0,"gold_gain":0,"player_choice":"Rummage","damage_taken":0,"relics_obtained":["WarpedTongs"],"max_hp_gain":0,"max_hp_loss":0,"event_name":"Accursed Blacksmith","floor":5,"gold_loss":0,"cards_obtained":["Pain"]},{"damage_healed":0,"gold_gain":0,"player_choice":"Shed Blood","damage_taken":14,"max_hp_gain":5,"max_hp_loss":0,"event_name":"Forgotten Altar","floor":19,"gold_loss":0},{"damage_healed":0,"gold_gain":0,"player_choice":"Opened","damage_taken":0,"relics_obtained":["Akabeko"],"max_hp_gain":0,"max_hp_loss":0,"event_name":"The Mausoleum","floor":20,"gold_loss":0},{"damage_healed":0,"gold_gain":0,"player_choice":"Stole Relic","damage_taken":0,"relics_obtained":["Oddly Smooth Stone"],"max_hp_gain":0,"max_hp_loss":0,"event_name":"Addict","floor":29,"gold_loss":0,"cards_obtained":["Shame"]},{"cards_removed":["PokerPlayerMod:Extraction"],"damage_healed":0,"gold_gain":0,"player_choice":"Removed Skill","damage_taken":0,"max_hp_gain":0,"max_hp_loss":0,"event_name":"Falling","floor":36,"gold_loss":0},{"damage_healed":0,"gold_gain":0,"player_choice":"Memory 3","damage_taken":10,"max_hp_gain":0,"max_hp_loss":0,"event_name":"SensoryStone","floor":37,"gold_loss":0},{"damage_healed":0,"gold_gain":0,"player_choice":"Fight","damage_taken":0,"max_hp_gain":0,"max_hp_loss":0,"event_name":"OrinTheCat","floor":38,"gold_loss":0},{"damage_healed":0,"gold_gain":0,"player_choice":"Fight","damage_taken":0,"max_hp_gain":0,"max_hp_loss":0,"event_name":"Mysterious Sphere","floor":39,"gold_loss":0},{"damage_healed":0,"gold_gain":0,"player_choice":"Got Potions","damage_taken":0,"max_hp_gain":0,"max_hp_loss":0,"event_name":"Lab","floor":44,"gold_loss":0}],"is_beta":false,"boss_relics":[{"not_picked":["Philosopher\u0027s Stone","SacredBark"],"picked":"Empty Cage"},{"not_picked":["Busted Crown","PokerPlayerMod:AceCard"],"picked":"Sozu"}],"items_purged_floors":[7,14,28],"is_endless":false,"potions_floor_spawned":[12,13,18,22,24,25,27,35,38,46],"ascension_level":0}}