{"host":"frxf5qncsmta3skc","time":1612660816,"event":{"mods":["BaseMod","Koishi","Marisa????????","Minty Spire (QoL Compilation)","Remilia??????","StSLib","The Bug Knight","The Senshi"],"gold_per_floor":[119,4,4,17,48,100,100,136,162,25,25,76,76,76,76,195,195,207,207,236,236,249,280,280,280,280],"floor_reached":25,"language":"ENG","playtime":1999,"items_purged":[],"score":224,"play_id":"d9aa6aba-f7fd-44fc-8550-72bce8c68383","local_time":"20210206202016","is_ascension_mode":false,"campfire_choices":[{"floor":7.0,"key":"REST"},{"floor":15.0,"key":"REST"},{"floor":24,"key":"REST"}],"circlet_count":1,"master_deck":["Strike_RM+1","Strike_RM+1","Strike_RM+1","Strike_RM+1","Defend_RM+1","RedMoon","ScarletShoot","VampireClaw","BombardNight","DevilSight","FavorOfDestiny","RedRainbow","MastersStateliness","Stigmanizer","Finesse+1","ScarletImprint","BatForm","ScarletGensokyo+1","EquivalentExchange+1","RedRainbow+1","Septette","DiffusionOfMisfortune","DiffusionOfMisfortune","MastersStateliness"],"relics":["ScarletHat","Circlet","Centennial Puzzle","Potion Belt","Juzu Bracelet","CultistMask","Astrolabe","HollowMod:GreatKnightMask","MutagenicStrength"],"acts_visited":[],"potions_floor_usage":[],"damage_taken":[{"damage":3.0,"enemies":"Jaw Worm","floor":1.0,"turns":4.0},{"damage":2.0,"enemies":"Cultist","floor":4.0,"turns":5.0},{"damage":6.0,"enemies":"Small Slimes","floor":5.0,"turns":2.0},{"damage":34.0,"enemies":"Gremlin Nob","floor":6.0,"turns":6.0},{"damage":12.0,"enemies":"3 Louse","floor":8.0,"turns":4.0},{"damage":21.0,"enemies":"HollowMod:FalseKnight","floor":16.0,"turns":9.0},{"damage":3.0,"enemies":"Spheric Guardian","floor":18.0,"turns":3.0},{"damage":0.0,"enemies":"HollowMod:Zote","floor":20.0,"turns":2.0},{"damage":20.0,"enemies":"Shell Parasite","floor":22.0,"turns":5.0},{"damage":6,"enemies":"Snecko","floor":23,"turns":3},{"damage":8,"enemies":"Gremlin Leader","floor":25,"turns":4}],"seed_played":"8557097152151400732","potions_obtained":[{"floor":1.0,"key":"SpeedPotion"},{"floor":4.0,"key":"Energy Potion"},{"floor":20.0,"key":"PowerPotion"}],"is_trial":false,"path_per_floor":["M","$","?","M","M","E","R","M","T","$","?","?","?","?","R","B",null,"M","?","?","?","M","M","R","E"],"character_chosen":"REMILIA","items_purchased":["BombardNight","DevilSight","Finesse","ScarletImprint"],"campfire_rested":3,"item_purchase_floors":[2,2,10,10],"current_hp_per_floor":[72,72,72,72,66,32,54,42,42,42,42,42,47,47,71,62,83,80,80,80,80,60,54,78,70,70],"gold":280,"neow_bonus":"RANDOM_COMMON_RELIC","is_daily":false,"chose_seed":false,"campfire_upgraded":0,"win_rate":0.0,"timestamp":1612660816,"path_taken":["M","$","?","?","M","E","R","M","T","?","?","?","?","?","R","BOSS","M","?","?","?","M","M","R","E"],"items_purchased_type":["Card","Card","Card","Card"],"build_version":"2020-12-22","purchased_purges":0,"victory":false,"max_hp_per_floor":[75,75,75,75,75,75,75,75,75,75,75,75,80,80,80,83,83,83,83,83,83,83,83,83,83,83],"card_choices":[{"not_picked":["VampireSweep","Septette"],"picked":"VampireClaw","floor":1.0},{"not_picked":["DevilSight","UnstableMagic"],"picked":"FavorOfDestiny","floor":4.0},{"not_picked":["Ultimatum","FitfulNightmare"],"picked":"RedRainbow","floor":5.0},{"not_picked":["FavorOfDestiny","BombardNight"],"picked":"MastersStateliness","floor":6.0},{"not_picked":["VampireClaw","ForbiddenFruit"],"picked":"Stigmanizer","floor":8.0},{"not_picked":["CurseOfVladTepes","TransientEternity"],"picked":"BatForm","floor":16.0},{"not_picked":["ScarletSymphony","ReincarnationDial"],"picked":"Septette","floor":18.0},{"not_picked":["ChainGang","UnderTheZenith"],"picked":"DiffusionOfMisfortune","floor":20.0},{"not_picked":["FavorOfDestiny","Septette"],"picked":"DiffusionOfMisfortune","floor":22},{"not_picked":["RedRainbow","FavorOfDestiny"],"picked":"MastersStateliness","floor":23}],"player_experience":96830,"relics_obtained":[{"floor":6.0,"key":"Potion Belt"},{"floor":9.0,"key":"Juzu Bracelet"},{"floor":20.0,"key":"HollowMod:GreatKnightMask"}],"event_choices":[{"damage_healed":0.0,"max_hp_gain":0.0,"max_hp_loss":0.0,"gold_gain":0.0,"event_name":"FaceTrader","player_choice":"Trade","floor":11.0,"gold_loss":0.0,"damage_taken":0.0,"relics_obtained":["CultistMask"]},{"damage_healed":0.0,"max_hp_gain":0.0,"max_hp_loss":0.0,"gold_gain":51.0,"event_name":"Golden Wing","player_choice":"Gained Gold","floor":12.0,"gold_loss":0.0,"damage_taken":0.0},{"damage_healed":0.0,"max_hp_gain":5.0,"max_hp_loss":0.0,"gold_gain":0.0,"event_name":"Big Fish","player_choice":"Donut","floor":13.0,"gold_loss":0.0,"damage_taken":0.0},{"damage_healed":0.0,"max_hp_gain":0.0,"max_hp_loss":0.0,"gold_gain":0.0,"event_name":"Living Wall","player_choice":"Grow","floor":14.0,"gold_loss":0.0,"damage_taken":0.0,"cards_upgraded":["Finesse"]},{"damage_healed":0.0,"max_hp_gain":0.0,"max_hp_loss":0.0,"gold_gain":0.0,"event_name":"Back to Basics","player_choice":"Simplicity","floor":19.0,"gold_loss":0.0,"damage_taken":0.0,"cards_upgraded":[]},{"damage_healed":0.0,"max_hp_gain":0.0,"max_hp_loss":0.0,"gold_gain":0.0,"event_name":"Drug Dealer","player_choice":"Inject Mutagens","floor":21.0,"gold_loss":0.0,"damage_taken":0.0,"relics_obtained":["MutagenicStrength"]}],"is_beta":false,"boss_relics":[{"not_picked":["Runic Pyramid","Velvet Choker"],"picked":"Astrolabe"}],"items_purged_floors":[],"is_endless":false,"potions_floor_spawned":[1,4,20],"killed_by":"Gremlin Leader","ascension_level":0}}