{"host":"mn5kbj4x7gv3jr0o","time":1612694598,"event":{"mods":["2.2 Compatiblity","A Magickal Journey","AchievementEnabler","Ascension Reborn","Aspiration","BaseMod","Bestiary","Better Altar","Better Note","Better Sensory Stone","Better Silent Start","Better Skull","Better Third Choice","Better Vampires","Better-Laid Plans","BetterRewards","Block Reminder","CCEM2","Colored Powertips","Colorless Booster Pack","Conspire","Curses Come First","Dota2Spire","Downfall","Emptier Cage","Energized Spire","Fox Events","GifTheSpireLib","Halation","HololiveMod","Hubris","Infinite Spire","Ironclad Rager","Jess\u0027s Bottle","Keyboard Shortcuts","Minty Spire (QoL Compilation)","Mirrors Mod","Poem Panic","Potion Indicator Mod","Potionbrewer","Puzzle Mod","Quarter Circle Forward PUNCH!","Quick Restart","Random Character Button","RatMod","Relic Sorter","Reliquary","Retaliation","Reworked Bosses","SCP261 Mod","SacredBarkPlus","Shop Mod","Small Relic Pack","Spicy Shops","Spikes Relics","StS++","StSLib","Stuff the Spire","The Blue Laboratory","Thieving Mod","Trackpad","Uncapped","UnlockEverythingMod","Useless Jewels Mod","Virulent Crown","Weighted Paths","Wide Potions"],"gold_per_floor":[111,121,121,132,147,178,178,270,320,67,77,95,95,121,121,196,196,208,208,226,244,264,264,298,416,439,464,500,500,500,33,33,33,33],"floor_reached":33,"language":"ENG","playtime":3224,"items_purged":[],"score":673,"play_id":"94fb4044-fd4a-4190-832c-c016ce35f9dd","local_time":"20210207054318","is_ascension_mode":true,"campfire_choices":[{"floor":7.0,"key":"REST"},{"floor":15.0,"key":"REST"},{"data":"theextravagant:Triumph","floor":23.0,"key":"SMITH"},{"floor":32,"key":"REST"}],"circlet_count":0,"master_deck":["AscendersBane","theextravagant:Fence","theextravagant:Fence","theextravagant:Fence","theextravagant:QuickAttack","theextravagant:Triumph+1","StSpp:ChainedTrap","champ:CrownThrow","StSpp:Anticipation","Slimebound:ComboTackle","Feel No Pain","theextravagant:SharpTalons","theextravagant:Riot","theextravagant:Castle","theextravagant:Drift","theextravagant:Defy","conspire:Banana","DeceiveReality","StuffTheSpire:Innocence","expansioncontent:AwakenDeath","sneckomod:UnknownBoss","Hololive_FlyingPonyTail+1","bronze:Branch","theextravagant:HeavyBlows+1","StuffTheSpire:Slingshot"],"relics":["qcfpunch:Killian_Engine_Alpha","halation:EternalFortune","Orichalcum","trackpad:CultistFigurine","StuffTheSpire:Experiment12","PrismaticShard","reliquary:Aerogel","aspiration:SecretTechniqueScroll","energizedSpire:DeadBattery","Dota2Spire:ArcaneBoots","trackpad:HandOfMidas","potionbrewer:Torch","Dota2Spire:Dagon","MutagenicStrength","Hololive_LightStick"],"acts_visited":["Exordium","TheCity"],"potions_floor_usage":[27],"damage_taken":[{"damage":6.0,"enemies":"2 Louse","floor":1.0,"turns":3.0},{"damage":6.0,"enemies":"Small Slimes","floor":2.0,"turns":3.0},{"damage":7.0,"enemies":"Cultist","floor":4.0,"turns":3.0},{"damage":3.0,"enemies":"2 Fungi Beasts","floor":5.0,"turns":2.0},{"damage":17.0,"enemies":"Lagavulin","floor":6.0,"turns":5.0},{"damage":1.0,"enemies":"Looter","floor":11.0,"turns":3.0},{"damage":3.0,"enemies":"Blue Slaver","floor":12.0,"turns":2.0},{"damage":0.0,"enemies":"3 Sentries","floor":14.0,"turns":6.0},{"damage":28.0,"enemies":"Slime Boss","floor":16.0,"turns":15.0},{"damage":0.0,"enemies":"Chosen","floor":18.0,"turns":3.0},{"damage":0.0,"enemies":"conspire:FuzzyDice","floor":20.0,"turns":5.0},{"damage":12.0,"enemies":"3 Cultists","floor":21.0,"turns":4.0},{"damage":9.0,"enemies":"Shelled Parasite and Fungi","floor":22.0,"turns":5.0},{"damage":32.0,"enemies":"Slavers","floor":24.0,"turns":4.0},{"damage":0.0,"enemies":"conspire:HollyBat","floor":25.0,"turns":2.0},{"damage":7,"enemies":"conspire:Head Lice","floor":27,"turns":4},{"damage":0,"enemies":"Sentry and Sphere","floor":28,"turns":2},{"damage":83,"enemies":"bossMod:newCollector","floor":33,"turns":5}],"seed_played":"7205579457322310365","potions_obtained":[{"floor":6.0,"key":"blueLaboratory:StoneskinPotion"},{"floor":12.0,"key":"SpeedPotion"},{"floor":14.0,"key":"potionbrewer:CleansingPotion"},{"floor":22.0,"key":"PowerPotion"},{"floor":24.0,"key":"PowerPotion"}],"is_trial":false,"path_per_floor":["M","M","?","M","M","E","R","?","T","$","M","M","?","E","R","B",null,"M","AVR","M","M","M","R","E","M","T","E","M","?","?","$","R","B"],"character_chosen":"THE_EXTRAVAGANT","items_purchased":["conspire:Banana","PrismaticShard","Hololive_LightStick"],"campfire_rested":3,"item_purchase_floors":[10,10,31],"current_hp_per_floor":[62,56,59,52,52,35,59,30,30,30,33,31,21,22,48,21,71,71,71,72,61,53,53,25,25,25,19,20,20,20,20,49,0,0],"gold":33,"neow_bonus":"BOSS_RELIC","is_daily":false,"chose_seed":false,"campfire_upgraded":1,"win_rate":0.0,"timestamp":1612694598,"path_taken":["M","M","?","M","M","E","R","?","T","$","M","?","?","E","R","BOSS","M","AVR","M","M","M","R","E","M","T","E","M","?","?","$","R","BOSS"],"items_purchased_type":["Card","Relic","Relic"],"build_version":"2020-12-22","purchased_purges":0,"victory":false,"max_hp_per_floor":[75,75,78,78,81,81,81,81,81,81,85,86,86,87,87,88,88,88,88,89,90,91,91,95,95,95,96,97,97,97,97,97,98,98],"card_choices":[{"not_picked":["theextravagant:Pushthrough","theextravagant:GarbageCannon"],"picked":"theextravagant:SharpTalons","floor":1.0},{"not_picked":["theextravagant:HeavyBlows","theextravagant:Clairvoyance"],"picked":"theextravagant:Riot","floor":2.0},{"not_picked":["theextravagant:Cutthroat","theextravagant:PuffUp"],"picked":"theextravagant:Castle","floor":4.0},{"not_picked":["theextravagant:Shake","theextravagant:PuffUp"],"picked":"theextravagant:Drift","floor":5.0},{"not_picked":["theextravagant:TreasureHunt","theextravagant:PuffUp"],"picked":"theextravagant:Defy","floor":6.0},{"not_picked":["Outmaneuver","bronze:FineTuning","puzzleMod:BigSlap"],"picked":"SKIP","floor":11.0},{"not_picked":["Streamline","StuffTheSpire:LoadUp"],"picked":"DeceiveReality","floor":12.0},{"not_picked":["hexamod:HexaLevel","Magicka:SlipperyLightningCard"],"picked":"expansioncontent:AwakenDeath","floor":14.0},{"not_picked":["theextravagant:RiskyStrike","hexamod:TimeWarp"],"picked":"sneckomod:UnknownBoss","floor":16.0},{"not_picked":["Slimebound:AcidTongue","bronze:Frontload"],"picked":"Hololive_FlyingPonyTail+1","floor":18.0},{"not_picked":["Guardian:EvasiveProtocol+1","Dagger Spray"],"picked":"bronze:Branch","floor":20.0},{"not_picked":["potionbrewer:BlindingMist","Slimebound:SplitAcid"],"picked":"theextravagant:HeavyBlows+1","floor":21.0},{"not_picked":["potionbrewer:Transmute","sneckomod:QuickBite"],"picked":"StuffTheSpire:Slingshot","floor":22.0},{"not_picked":["sneckomod:UnknownStrike","StuffTheSpire:Python","potionbrewer:BlindingSpray"],"picked":"SKIP","floor":24.0},{"not_picked":["bronze:OilSpill","theextravagant:Drift+1","bronze:Turbo"],"picked":"SKIP","floor":25.0},{"not_picked":["Blind","Double Energy+1","Hololive_CallAkaiHaato"],"picked":"SKIP","floor":27},{"not_picked":["theextravagant:Precaution","Slimebound:SplitAcid","theextravagant:PerfectTheBasics"],"picked":"SKIP","floor":28}],"player_experience":191354,"relics_obtained":[{"floor":5.0,"key":"halation:EternalFortune"},{"floor":6.0,"key":"Orichalcum"},{"floor":9.0,"key":"StuffTheSpire:Experiment12"},{"floor":11.0,"key":"halation:EternalFortune"},{"floor":14.0,"key":"reliquary:Aerogel"},{"floor":24.0,"key":"halation:EternalFortune"},{"floor":24.0,"key":"trackpad:HandOfMidas"},{"floor":26.0,"key":"potionbrewer:Torch"},{"floor":27,"key":"Dota2Spire:Dagon"}],"event_choices":[{"damage_healed":0.0,"max_hp_gain":0.0,"max_hp_loss":0.0,"gold_gain":92.0,"event_name":"betterSkull:BetterSkull","player_choice":"GO RE ","floor":8.0,"gold_loss":0.0,"damage_taken":32.0,"cards_upgraded":[],"relics_obtained":["trackpad:CultistFigurine"]},{"cards_removed":["expansioncontent:AwakenDeath"],"damage_healed":0,"gold_gain":0,"player_choice":"Give","damage_taken":0,"max_hp_gain":0,"max_hp_loss":0,"event_name":"betterNote:BetterNote","floor":29,"gold_loss":0,"cards_obtained":["theextravagant:Flashback"]},{"damage_healed":0,"gold_gain":0,"player_choice":"Inject Mutagens","damage_taken":0,"relics_obtained":["MutagenicStrength"],"max_hp_gain":0,"max_hp_loss":0,"event_name":"Drug Dealer","floor":30,"gold_loss":0}],"is_beta":false,"boss_relics":[{"not_picked":["energizedSpire:EnergizedDie","Runic Dome"],"picked":"aspiration:SecretTechniqueScroll"}],"items_purged_floors":[],"is_endless":false,"potions_floor_spawned":[6,12,14,16,21,22,24],"killed_by":"bossMod:newCollector","ascension_level":20}}