{"host":"za9ilm1uiwmpmin1","time":1612735603,"event":{"mods":["AchievementEnabler","Act Like it!","BaseMod","Dota2Spire","Downfall","Friendly Minions","KomeijiMod","Lobotomy","LobotomyExtend","Minty Spire (QoL Compilation)","MostiFishMod","Reorder Act Four","RumiaBox-露米娅的神秘盒子","StSLib","TestMod","Waifu the Spire","[IsaacMod]以撒尖塔","【功能Mod】混沌之环修复补丁"],"gold_per_floor":[113,113,125,140,157,192,208,208,277,305,305,334,409,444,444,548,548,608,623,538,463,499,544,544,570,597,662,662,702,721,754,754,868,868,884,979,979,1020,400,400,449,152,152,177,177,207,207,250,250,279,279,279,279,279,329,353],"floor_reached":57,"language":"ZHS","playtime":1826,"items_purged":["sneckomod:Strike","sneckomod:Unknown+1","sneckomod:Defend"],"score":2744,"play_id":"f13ca5fb-2b51-4522-9b2c-18f6b027ef49","local_time":"20210208060643","is_ascension_mode":true,"campfire_choices":[{"floor":8.0,"key":"REST"},{"data":"sneckomod:UnknownDraw","floor":11.0,"key":"SMITH"},{"data":"sneckomod:UnknownClassAngela","floor":15.0,"key":"SMITH"},{"floor":24.0,"key":"RECALL"},{"data":"sneckomod:UnknownBlock","floor":28.0,"key":"SMITH"},{"data":"sneckomod:UnknownStrength","floor":32.0,"key":"SMITH"},{"floor":40.0,"key":"DIG"},{"floor":45.0,"key":"DIG"},{"data":"sneckomod:TrashToTreasure","floor":49.0,"key":"SMITH"},{"data":"Backflip","floor":54,"key":"SMITH"}],"circlet_count":0,"master_deck":["sneckomod:Defend","sneckomod:Defend+1","sneckomod:TailWhip+1","sneckomod:SnekBite","sneckomod:Unknown+1","sneckomod:DiceBoulder+24","sneckomod:TrashToTreasure+1","sneckomod:UnknownDraw+1","sneckomod:UnknownClassAngela+1","sneckomod:GlitteringGambit+1","sneckomod:UnknownClassRED+1","sneckomod:UnknownStrength+1","sneckomod:UnknownBlock+1","sneckomod:Transmogrify","Ecstasy+1","Confused","Backflip+1"],"relics":["DaveBox","HushsDoor","testmod-TestBox","testmod-BloodSacrificeSpiritualization","BookOfRevelations","Empty Cage","SynthV:TestCard","LetterFromLob","Meat on the Bone","sneckomod:SneckoCommon","Letter Opener","Coffee Dripper","Dota2Spire:DrumOfEndurance","Guardian:PocketSentry","White Beast Statue","xbg","Shovel","PreservedInsect","PrismaticShard","Dota2Spire:Vanguard","Ccalipers","Whetstone","Dota2Spire:LotusOrb","ClockworkSouvenir","Dota2Spire:ArmletOfMordiggian","Dota2Spire:ArcaneBoots","CombinedTypeHook","Dota2Spire:OrchidMalevolence","JellyFishMachine","Dota2Spire:PhaseBoots","testmod-Hope"],"acts_visited":["Exordium","TheCity","TheBeyond","TheEnding"],"potions_floor_usage":[56,56],"damage_taken":[{"damage":9.0,"enemies":"2 Louse","floor":1.0,"turns":2.0},{"damage":9.0,"enemies":"Jaw Worm","floor":3.0,"turns":1.0},{"damage":9.0,"enemies":"Cultist","floor":4.0,"turns":1.0},{"damage":13.0,"enemies":"Exordium Wildlife","floor":5.0,"turns":3.0},{"damage":9.0,"enemies":"3 Sentries","floor":6.0,"turns":5.0},{"damage":9.0,"enemies":"Blue Slaver","floor":7.0,"turns":2.0},{"damage":9.0,"enemies":"Gremlin Nob","floor":10.0,"turns":2.0},{"damage":9.0,"enemies":"Lagavulin","floor":12.0,"turns":4.0},{"damage":9.0,"enemies":"3 Sentries","floor":14.0,"turns":1.0},{"damage":9.0,"enemies":"Hexaghost","floor":16.0,"turns":4.0},{"damage":8.0,"enemies":"2 Thieves","floor":18.0,"turns":3.0},{"damage":8.0,"enemies":"Spheric Guardian","floor":19.0,"turns":1.0},{"damage":12.0,"enemies":"Centurion and Healer","floor":22.0,"turns":3.0},{"damage":8.0,"enemies":"Gremlin Leader","floor":23.0,"turns":3.0},{"damage":0.0,"enemies":"Snecko","floor":25.0,"turns":1.0},{"damage":11.0,"enemies":"Slavers","floor":27.0,"turns":8.0},{"damage":24.0,"enemies":"Book of Stabbing","floor":29.0,"turns":3.0},{"damage":8.0,"enemies":"Sentry and Sphere","floor":30.0,"turns":2.0},{"damage":8.0,"enemies":"Gremlin Leader","floor":31.0,"turns":3.0},{"damage":8.0,"enemies":"Champ","floor":33.0,"turns":6.0},{"damage":0.0,"enemies":"Orb Walker","floor":35.0,"turns":1.0},{"damage":9.0,"enemies":"3 Darklings","floor":38.0,"turns":4.0},{"damage":53.0,"enemies":"Reptomancer","floor":41.0,"turns":3.0},{"damage":7.0,"enemies":"Nemesis","floor":44.0,"turns":1.0},{"damage":12.0,"enemies":"Transient","floor":46.0,"turns":5.0},{"damage":8.0,"enemies":"Spire Growth","floor":48.0,"turns":2.0},{"damage":7,"enemies":"Time Eater","floor":50,"turns":4},{"damage":7,"enemies":"Shield and Spear","floor":55,"turns":2},{"damage":7,"enemies":"The Heart","floor":56,"turns":4}],"seed_played":"4535687157191269049","potions_obtained":[{"floor":1.0,"key":"Fire Potion"},{"floor":7.0,"key":"Ancient Potion"},{"floor":16.0,"key":"Dota2Spire:Clarity"},{"floor":25.0,"key":"ColorlessPotion"},{"floor":30.0,"key":"testmod-TestPotion"},{"floor":41.0,"key":"PowerPotion"},{"floor":46.0,"key":"Block Potion"},{"floor":55,"key":"Guardian:BlockOnCardUsePotion"}],"is_trial":false,"path_per_floor":["M","?","M","M","M","E","M","R","T","E","R","E","?","E","R","B",null,"M","M","?","$","M","E","R","M","T","E","R","E","M","E","R","B",null,"M","?","?","M","$","R","E","$","T","E","R","M","?","M","R","B",null,null,"$","R","E","B",null],"character_chosen":"THE_SNECKO","items_purchased":["Shovel","PreservedInsect","PrismaticShard","Dota2Spire:LotusOrb","ClockworkSouvenir"],"campfire_rested":1,"item_purchase_floors":[39,39,39,42,42],"current_hp_per_floor":[72,72,63,54,41,32,23,50,50,53,53,56,45,48,48,51,77,69,61,61,76,64,56,56,56,56,45,45,33,37,41,41,45,70,70,55,55,46,61,61,20,20,20,29,29,29,29,40,40,45,45,70,70,70,63,56],"gold":353,"neow_bonus":"BOSS_RELIC","is_daily":false,"chose_seed":false,"campfire_upgraded":6,"win_rate":0.0,"timestamp":1612735603,"path_taken":["M","?","M","?","M","E","M","R","T","E","R","E","?","E","R","BOSS","M","M","?","$","M","E","R","M","T","E","R","E","M","E","R","BOSS","M","?","?","M","$","R","E","?","T","E","R","M","?","?","R","BOSS","$","R","E","BOSS"],"items_purchased_type":["Relic","Relic","Relic","Relic","Relic"],"build_version":"2020-12-22","purchased_purges":3,"victory":true,"max_hp_per_floor":[90,90,90,90,90,90,90,90,90,90,90,90,90,90,90,90,85,85,85,85,85,85,85,85,85,85,85,85,85,85,85,85,85,78,78,78,78,78,78,78,78,78,78,78,78,78,78,78,78,78,78,78,78,78,78,78],"card_choices":[{"not_picked":["sneckomod:Unknown1Cost","sneckomod:UnknownBlock","sneckomod:QuickMove"],"picked":"SKIP","floor":1.0},{"not_picked":["sneckomod:UnknownUncommonPower","sneckomod:MasterEye","sneckomod:DefensiveFlair","sneckomod:RainOfDice"],"picked":"sneckomod:DiceBoulder","floor":3.0},{"not_picked":["sneckomod:UnknownExhaust","sneckomod:UnknownCommonAttack","sneckomod:UnknownWeak","sneckomod:UnknownUncommonSkill"],"picked":"sneckomod:TrashToTreasure","floor":4.0},{"not_picked":["sneckomod:Nope","sneckomod:UnknownDraw","sneckomod:UnknownCommonAttack","sneckomod:WideSting"],"picked":"Bomb","floor":5.0},{"not_picked":["sneckomod:UnknownBoss","sneckomod:UnknownExhaust","sneckomod:PureSnecko","sneckomod:DiceCrush","sneckomod:QuickMove"],"picked":"SKIP","floor":6.0},{"not_picked":["sneckomod:DefensiveFlair","sneckomod:UnknownStrike","sneckomod:UnendingSupply","sneckomod:WideSting","sneckomod:SoulRoll"],"picked":"SKIP","floor":7.0},{"not_picked":["sneckomod:MorePower","sneckomod:Unknown0Cost","Bomb","sneckomod:UnknownCommonSkill"],"picked":"sneckomod:UnknownDraw","floor":10.0},{"not_picked":["sneckomod:IronFang","sneckomod:UnknownExhaust","sneckomod:ImprovisedGuard","sneckomod:UnknownDexterity"],"picked":"Bomb","floor":12.0},{"not_picked":["sneckomod:UnknownCommonAttack","sneckomod:UnknownDraw","sneckomod:DiceCrush","sneckomod:UnknownBlock","sneckomod:DiceBoulder"],"picked":"SKIP","floor":14.0},{"not_picked":["sneckomod:Restock","sneckomod:SerpentMind","sneckomod:UnknownRareSkill","sneckomod:UnknownBoss"],"picked":"sneckomod:GlitteringGambit","floor":16.0},{"not_picked":["sneckomod:UnknownDexterity","sneckomod:IronFang","sneckomod:UnknownCommonAttack","sneckomod:RainOfDice","sneckomod:UnknownClassRED"],"picked":"SKIP","floor":18.0},{"not_picked":["sneckomod:DefensiveFlair","sneckomod:DiceCrush","sneckomod:QuickMove+1","sneckomod:RainOfDice","sneckomod:ImprovisedGuard"],"picked":"SKIP","floor":19.0},{"not_picked":["sneckomod:Nope","sneckomod:SoulExchange","sneckomod:UnendingSupply+1","sneckomod:UnknownWeak+1"],"picked":"sneckomod:UnknownClassRED+1","floor":22.0},{"not_picked":["sneckomod:TrashToTreasure","sneckomod:SnekBeam+1","sneckomod:UnknownBlock","sneckomod:UnknownUncommonPower","sneckomod:Unknown2Cost"],"picked":"SKIP","floor":23.0},{"not_picked":["sneckomod:Unknown1Cost","sneckomod:IronFang","sneckomod:QuickMove","sneckomod:UnknownRareAttack"],"picked":"sneckomod:UnknownStrength","floor":25.0},{"not_picked":["sneckomod:UnknownClassAngela","sneckomod:RainOfDice","sneckomod:Unknown1Cost+1","sneckomod:TrashToTreasure+1"],"picked":"sneckomod:UnknownBlock","floor":27.0},{"not_picked":["sneckomod:UnknownClassAngela","sneckomod:UnknownRareSkill","sneckomod:UnendingSupply","sneckomod:ImprovisedGuard","sneckomod:UnknownDexterity"],"picked":"SKIP","floor":29.0},{"not_picked":["sneckomod:QuickBite","sneckomod:UnknownClassRED","sneckomod:Unknown1Cost","sneckomod:SoulRoll","sneckomod:IronFang"],"picked":"SKIP","floor":30.0},{"not_picked":["sneckomod:UnknownBlock","sneckomod:MixItUp","sneckomod:SnekBeam+1","sneckomod:ImprovisedGuard","sneckomod:SoulDraw"],"picked":"SKIP","floor":31.0},{"not_picked":["sneckomod:UnknownRareSkill","sneckomod:GlitteringGambit","sneckomod:UnknownRarePower","sneckomod:MorePower"],"picked":"sneckomod:Transmogrify","floor":33.0},{"not_picked":["sneckomod:WideSting","sneckomod:UnknownBlock","sneckomod:UnknownClassRED","sneckomod:Nope","sneckomod:UnknownUncommonPower"],"picked":"SKIP","floor":35.0},{"not_picked":["sneckomod:UnknownColorless","sneckomod:QuickMove+1","sneckomod:ImprovisedGuard","sneckomod:Nope","sneckomod:UnknownVulnerable"],"picked":"SKIP","floor":38.0},{"not_picked":["Intimidate","sneckomod:UnknownClassRED","BloodCleaner","Guardian:VentSteam+1","champ:RapidStrikes"],"picked":"SKIP","floor":41.0},{"not_picked":["sneckomod:QuickMove","SeekerWire+1","bronze:GetLatest","SashWhip","sneckomod:UnknownRareAttack"],"picked":"SKIP","floor":44.0},{"not_picked":["WheelKick+1","Guardian:RollAttack","sneckomod:DiceBlock","True Grit"],"picked":"Ecstasy+1","floor":46.0},{"not_picked":["sneckomod:UnknownClassGUARDIAN","sneckomod:UnknownClassItem符卡","Thinking Ahead","HenyouMirume"],"picked":"Backflip","floor":48.0},{"not_picked":["bronze:Virus","sneckomod:DiceBlock+1","Heavy Blade","RedEyes","Backflip"],"picked":"SKIP","floor":55}],"player_experience":1114986,"relics_obtained":[{"floor":1.0,"key":"SynthV:TestCard"},{"floor":1.0,"key":"LetterFromLob"},{"floor":9.0,"key":"Meat on the Bone"},{"floor":10.0,"key":"StrikeDummy"},{"floor":12.0,"key":"sneckomod:SneckoCommon"},{"floor":14.0,"key":"Letter Opener"},{"floor":23.0,"key":"Dota2Spire:DrumOfEndurance"},{"floor":27.0,"key":"sneckomod:LoadedDie"},{"floor":29.0,"key":"Guardian:PocketSentry"},{"floor":31.0,"key":"White Beast Statue"},{"floor":38.0,"key":"JellyFishMachine"},{"floor":38.0,"key":"StrikeDummy"},{"floor":40.0,"key":"Dota2Spire:Vanguard"},{"floor":41.0,"key":"Ccalipers"},{"floor":41.0,"key":"Whetstone"},{"floor":43.0,"key":"Dota2Spire:ArmletOfMordiggian"},{"floor":44.0,"key":"Dota2Spire:ArcaneBoots"},{"floor":45.0,"key":"CombinedTypeHook"},{"floor":46.0,"key":"Dota2Spire:OrchidMalevolence"},{"floor":48.0,"key":"JellyFishMachine"},{"floor":55,"key":"Dota2Spire:PhaseBoots"},{"floor":55,"key":"testmod-Hope"}],"event_choices":[{"damage_healed":0.0,"max_hp_gain":0.0,"max_hp_loss":0.0,"gold_gain":0.0,"event_name":"给自己的盒子","player_choice":"Swap Relic","floor":2.0,"relics_lost":["Technique"],"gold_loss":0.0,"damage_taken":0.0,"relics_obtained":["Technique"]},{"damage_healed":0.0,"max_hp_gain":0.0,"max_hp_loss":0.0,"gold_gain":75.0,"event_name":"World of Goop","player_choice":"Gather Gold","floor":13.0,"gold_loss":0.0,"damage_taken":11.0},{"damage_healed":0.0,"max_hp_gain":0.0,"max_hp_loss":0.0,"gold_gain":0.0,"event_name":"Addict","player_choice":"Obtained Relic","floor":20.0,"gold_loss":85.0,"damage_taken":0.0,"relics_obtained":["MealTicket"]}],"is_beta":false,"boss_relics":[{"not_picked":["testmod-Prudence","ChampionBelt"],"picked":"Coffee Dripper"},{"not_picked":[]},{"not_picked":["SoulBox","Runic Dome"],"picked":"xbg"},{"not_picked":[]}],"items_purged_floors":[17,21,34],"is_endless":false,"potions_floor_spawned":[1,7,16,19,23,25,29,30,33,35,38,41,44,46,48,55],"ascension_level":12}}