{"host":"ak97kadm4gobvh6l","time":1612726459,"event":{"mods":["BaseMod","Colored Map","Downfall","Minty Spire (QoL Compilation)","StSLib"],"gold_per_floor":[99,111,131,150,150,185,263,288,188,213,213,223,253,23,35,138,138,38,55,55,55,55,55,55,55,74,109,128,160,172,172,187,287,287,187,197,101,121,175,175,220,233,233,233,233,233,244,261,273,273,273,305,28,28,28,28],"floor_reached":57,"language":"ENG","playtime":6594,"items_purged":["bronze:Defend"],"score":1326,"play_id":"336a5083-eeb8-49d7-91fb-a9d635564ace","local_time":"20210207203419","is_ascension_mode":true,"campfire_choices":[{"data":"bronze:Replicate","floor":1,"key":"SMITH"},{"floor":9,"key":"RECALL"},{"data":"bronze:HardenedForm","floor":18,"key":"SMITH"},{"data":"bronze:Repulsor","floor":25,"key":"SMITH"},{"data":"bronze:MaxOutput","floor":35,"key":"SMITH"},{"floor":40,"key":"DIG"},{"floor":54,"key":"DIG"}],"circlet_count":0,"master_deck":["bronze:Defend","bronze:Defend","bronze:Defend","bronze:Replicate+1","bronze:Goto+1","bronze:OilSpill","bronze:OilSpill","bronze:InfiniteBeams","bronze:Shield","bronze:Boost","bronze:Repair","bronze:Deprecate","bronze:Repulsor+1","bronze:ForceShield","bronze:ChosenStrike","bronze:HardenedForm+1","bronze:Iterate+1","Necronomicurse","bronze:ItsAFeature","bronze:Invalidate+1","bronze:Verify","bronze:MaxOutput+1","bronze:ClassDefault","bronze:TinkerersToolbox","bronze:Branch+1","bronze:FineTuning+1","bronze:ItsAFeature","bronze:Turbo+1","bronze:BugBarrage","bronze:Virus","bronze:Repair"],"relics":["bronze:BronzeCore","Tiny Chest","Kunai","HornCleat","downfall:HeartBlessingGreen","Juzu Bracelet","Shovel","sneckomod:SneckoTalon","downfall:HeartBlessingRed","Necronomicon","Bag of Marbles","Ornamental Fan","PreservedInsect","Empty Cage","downfall:HeartBlessingBlue","Torii","Darkstone Periapt","Toy Ornithopter","Pantograph","downfall:ExtraCursedKey","Blood Vial","bronze:BronzeIdol","White Beast Statue"],"acts_visited":["Exordium","TheCity","TheBeyond","TheEnding"],"potions_floor_usage":[28,30,30,42,49,52,55],"damage_taken":[{"damage":4,"enemies":"Jaw Worm","floor":2,"turns":4},{"damage":0,"enemies":"Cultist","floor":3,"turns":3},{"damage":0,"enemies":"Small Slimes","floor":4,"turns":2},{"damage":12,"enemies":"Gremlin Nob","floor":6,"turns":3},{"damage":7,"enemies":"3 Sentries","floor":8,"turns":7},{"damage":18,"enemies":"Gremlin Nob","floor":10,"turns":4},{"damage":1,"enemies":"2 Fungi Beasts","floor":12,"turns":5},{"damage":2,"enemies":"Lagavulin","floor":13,"turns":6},{"damage":0,"enemies":"downfall:FleeingMerchant","floor":14,"turns":4},{"damage":0,"enemies":"Red Slaver","floor":15,"turns":3},{"damage":3,"enemies":"SI_SHIV_ARCHETYPE","floor":16,"turns":5},{"damage":6,"enemies":"Chosen","floor":19,"turns":4},{"damage":0,"enemies":"3 Cultists","floor":26,"turns":5},{"damage":3,"enemies":"Gremlin Leader","floor":27,"turns":6},{"damage":1,"enemies":"Shelled Parasite and Fungi","floor":28,"turns":4},{"damage":13,"enemies":"Slavers","floor":29,"turns":5},{"damage":0,"enemies":"Centurion and Healer","floor":30,"turns":5},{"damage":14,"enemies":"Cultist and Chosen","floor":32,"turns":4},{"damage":25,"enemies":"IC_MUSHROOM_ARCHETYPE","floor":33,"turns":7},{"damage":0,"enemies":"3 Shapes","floor":36,"turns":4},{"damage":0,"enemies":"downfall:FleeingMerchant","floor":37,"turns":4},{"damage":0,"enemies":"Orb Walker","floor":38,"turns":3},{"damage":20,"enemies":"2 Orb Walkers","floor":39,"turns":6},{"damage":27,"enemies":"Sphere and 2 Shapes","floor":42,"turns":5},{"damage":0,"enemies":"3 Darklings","floor":47,"turns":4},{"damage":1,"enemies":"4 Shapes","floor":48,"turns":5},{"damage":0,"enemies":"Spire Growth","floor":49,"turns":5},{"damage":6,"enemies":"WA_ARCHETYPE_DIVINITY","floor":50,"turns":11},{"damage":30,"enemies":"downfall:CharBossMerchant","floor":52,"turns":6},{"damage":3,"enemies":"downfall:NeowBoss","floor":55,"turns":11},{"damage":51,"enemies":"downfall:NeowBossFinal","floor":56,"turns":9}],"seed_played":"6886555370059583277","potions_obtained":[{"floor":3,"key":"SpeedPotion"},{"floor":6,"key":"Ancient Potion"},{"floor":10,"key":"DuplicationPotion"},{"floor":16,"key":"Guardian:BlockOnCardUsePotion"},{"floor":29,"key":"ColorlessPotion"},{"floor":39,"key":"ColorlessPotion"},{"floor":42,"key":"PowerPotion"},{"floor":48,"key":"Energy Potion"},{"floor":52,"key":"EssenceOfSteel"}],"is_trial":false,"path_per_floor":["R","M","M","M","?","E","T","E","R","E","?","M","E","$","M","B",null,"R","M","?","?","T","?","T","R","M","E","M","E","M","?","M","B",null,"R","M","$","M","?","R","T","M","T","?","?","?","M","M","M","B",null,"E","$","R","B","B",null],"character_chosen":"THE_AUTOMATON","items_purchased":["bronze:ForceShield","bronze:ChosenStrike","bronze:ItsAFeature","bronze:BronzeIdol","PowerPotion","bronze:Repair"],"campfire_rested":0,"item_purchase_floors":[14,14,37,53,53,53],"current_hp_per_floor":[70,66,66,66,66,54,54,47,47,29,29,35,40,47,54,58,70,70,64,64,64,64,48,48,48,55,59,65,57,64,64,57,32,70,80,80,80,80,67,67,67,52,52,52,52,52,59,65,77,74,80,50,50,50,80,36],"gold":28,"neow_bonus":"UPGRADE_CARD","is_daily":false,"chose_seed":false,"campfire_upgraded":4,"win_rate":0.0,"timestamp":1612726459,"path_taken":["R","M","M","M","?","E","T","E","R","E","?","M","E","$","M","BOSS","R","M","?","?","?","?","T","R","M","E","M","E","M","?","M","BOSS","R","M","$","M","?","R","T","M","?","?","?","?","M","M","M","BOSS","E","$","R","BOSS","BOSS"],"items_purchased_type":["Card","Card","Card","Relic","Potion","Card"],"build_version":"2020-12-22","purchased_purges":1,"victory":true,"max_hp_per_floor":[70,70,70,70,70,70,70,70,70,70,70,70,70,70,70,70,70,70,70,70,70,70,70,70,70,70,70,70,70,70,70,70,70,70,80,80,80,80,80,80,80,80,80,80,80,80,80,80,80,80,80,80,80,80,80,80],"card_choices":[{"not_picked":["bronze:DelayedSlice","bronze:Invalidate"],"picked":"bronze:OilSpill","floor":2},{"not_picked":["bronze:CutThrough","bronze:WildBeam"],"picked":"bronze:OilSpill","floor":3},{"not_picked":["bronze:DelayedGuard","bronze:DarkDash"],"picked":"bronze:InfiniteBeams","floor":4},{"not_picked":["bronze:DelayedGuard","bronze:Boost"],"picked":"bronze:Shield","floor":6},{"not_picked":["bronze:WildBeam","bronze:Frontload"],"picked":"bronze:Boost","floor":8},{"not_picked":["bronze:Deprecate","bronze:Backtrace"],"picked":"bronze:Repair","floor":10},{"not_picked":["bronze:Turbo","bronze:CleanCode","bronze:DelayedGuard"],"picked":"SKIP","floor":12},{"not_picked":["bronze:FollowUp","bronze:BronzeArmor"],"picked":"bronze:Deprecate","floor":13},{"not_picked":["bronze:Iterate","bronze:OilSpill"],"picked":"bronze:Repulsor","floor":14},{"not_picked":["bronze:CloningBeam","bronze:BitShift"],"picked":"bronze:OilSpill","floor":15},{"not_picked":["bronze:InfiniteLoop","bronze:Break"],"picked":"bronze:HardenedForm","floor":16},{"not_picked":["bronze:Separator","bronze:Frontload"],"picked":"bronze:Iterate+1","floor":19},{"not_picked":["bronze:Flail+1","bronze:Iterate+1"],"picked":"bronze:ItsAFeature","floor":26},{"not_picked":["bronze:DelayedSlice","bronze:WildBeam"],"picked":"bronze:Invalidate+1","floor":27},{"not_picked":["bronze:Invalidate+1","bronze:Frontload+1"],"picked":"bronze:Verify","floor":28},{"not_picked":["bronze:Boost","bronze:BugBarrage+1"],"picked":"bronze:MaxOutput","floor":29},{"not_picked":["bronze:Separator","bronze:Overload"],"picked":"bronze:ClassDefault","floor":30},{"not_picked":["bronze:OilSpill","bronze:HyperBeam","bronze:DelayedGuard+1"],"picked":"SKIP","floor":32},{"not_picked":["bronze:Break","bronze:HyperBeam"],"picked":"bronze:TinkerersToolbox","floor":33},{"not_picked":["bronze:Frontload+1","bronze:Shield"],"picked":"bronze:Branch+1","floor":36},{"not_picked":["bronze:ItsAFeature","bronze:Allocate+1"],"picked":"bronze:FineTuning+1","floor":37},{"not_picked":["bronze:CutThrough","bronze:WildBeam","bronze:ItsAFeature"],"picked":"SKIP","floor":38},{"not_picked":["bronze:CutThrough+1","bronze:WildBeam"],"picked":"bronze:Turbo+1","floor":39},{"not_picked":["bronze:Flail","bronze:BuggyMess"],"picked":"bronze:BugBarrage","floor":42},{"not_picked":["bronze:OilSpill","bronze:BitShift+1","bronze:Branch+1"],"picked":"SKIP","floor":47},{"not_picked":["bronze:Shield+1","bronze:Frontload+1","bronze:Separator"],"picked":"SKIP","floor":48},{"not_picked":["bronze:Boost+1","bronze:DelayedGuard"],"picked":"bronze:Virus","floor":49},{"not_picked":["bronze:Flail","bronze:Turbo","bronze:Fortify"],"picked":"SKIP","floor":52}],"player_experience":1088264,"relics_obtained":[{"floor":6,"key":"Tiny Chest"},{"floor":7,"key":"Kunai"},{"floor":8,"key":"HornCleat"},{"floor":10,"key":"Juzu Bracelet"},{"floor":13,"key":"Shovel"},{"floor":23,"key":"Necronomicon"},{"floor":24,"key":"Bag of Marbles"},{"floor":27,"key":"Ornamental Fan"},{"floor":29,"key":"PreservedInsect"},{"floor":39,"key":"Torii"},{"floor":40,"key":"Darkstone Periapt"},{"floor":41,"key":"Toy Ornithopter"},{"floor":43,"key":"Pantograph"},{"floor":52,"key":"Blood Vial"},{"floor":54,"key":"White Beast Statue"}],"event_choices":[{"cards_removed":["bronze:Strike"],"damage_healed":0,"gold_gain":0,"player_choice":"Card Removal","damage_taken":0,"max_hp_gain":0,"max_hp_loss":0,"event_name":"The Cleric","floor":11,"gold_loss":0},{"damage_healed":0,"gold_gain":0,"player_choice":"Ignored","damage_taken":0,"max_hp_gain":0,"max_hp_loss":0,"event_name":"Ghosts","floor":31,"gold_loss":0},{"damage_healed":0,"gold_gain":0,"player_choice":"Fight","damage_taken":0,"max_hp_gain":0,"max_hp_loss":0,"event_name":"Mysterious Sphere","floor":39,"gold_loss":0},{"cards_removed":["bronze:OilSpill"],"damage_healed":0,"gold_gain":0,"player_choice":"Removed Attack","damage_taken":0,"max_hp_gain":0,"max_hp_loss":0,"event_name":"Falling","floor":45,"gold_loss":0},{"cards_removed":["bronze:Strike"],"damage_healed":0,"gold_gain":0,"player_choice":"Offered Basic","damage_taken":0,"max_hp_gain":0,"max_hp_loss":0,"event_name":"Bonfire Elementals","floor":46,"gold_loss":0}],"is_beta":false,"boss_relics":[{"not_picked":["expansioncontent:StudyCardRelic","Busted Crown"],"picked":"sneckomod:SneckoTalon"},{"not_picked":["Calling Bell","SacredBark"],"picked":"Empty Cage"}],"items_purged_floors":[14],"is_endless":false,"potions_floor_spawned":[3,6,10,13,15,16,27,29,39,42,48,52],"ascension_level":4}}