{"host":"avq773cl9g5msfol","time":1612721296,"event":{"mods":["100% Spire Juice","AchievementEnabler","Act Like it!","Ascension Unlocker","Aspiration","Astrologer","Bard","Bartender","BaseMod","Better Altar","Better Third Choice","BetterRewards","CapriCore","ChefMod","Colored Map","Colored Powertips","Conspire","Dio Mod","Downfall","Elementarium","Energized Spire","Gensokyo","GifTheSpireLib","Hallownest","Hermit","Highlight Path","Hubris","Humility","Infinite Spire","Jorbs\u0027s Wanderer Trilogy","Koishi","Magitek Elite","Marisa????????","Marked Mod","Menagerie","Minty Spire (QoL Compilation)","Pale of the Ancients","Potionbrewer","Quarter Circle Forward PUNCH!","Rare Cards Sparkle","Reimu??????","Relic Stats","Reliquary","Remilia??????","Replay The Spire","Robot Space Explorer","SacredBarkPlus","Shade Mod","Somnambulant","Spicy Shops","Spire Arcade","StSLib","The Administrix","The Animator","The Blue Laboratory","The Bug Knight","The Construct","The Cursed","The Disciple","The Dragon Tamer","The Exalted","The Hayseed","The Hierophant","The Hydrologist","The Immortal","The Marked","The Mystic","The Problem Sleuth","The Runesmith","The Senshi","The Vixen","The Wild Card","TheFirefly","Wandering Minibosses","Wide Potions","vexMod"],"gold_per_floor":[23803,899,912,912,930,962,986,1013,1048,927,927,961,980,1076,1088,1162,1162,1162,1181,967,967,967,994,994,1029,891,904,936,948,990,1002,1033,1119,1131,1143,1167,1179,1222,1234,1246,1258,1287,1299,1322,1334,1046,1058,1070,1097,1109,1121,1161,817,817,817,817],"floor_reached":57,"language":"ENG","playtime":5578,"items_purged":["hydrologistmod:PersonalRaincloud+1"],"score":3076,"play_id":"51c6da11-ca31-4613-b762-b609e648d7b2","local_time":"20210208010816","is_ascension_mode":true,"campfire_choices":[{"data":"hydrologistmod:FrostWhip","floor":1.0,"key":"SMITH"},{"floor":11.0,"key":"REST"},{"data":"hydrologistmod:StormFront","floor":18.0,"key":"SMITH"},{"floor":29.0,"key":"REST"},{"floor":35.0,"key":"RECALL"},{"data":"infinitespire:SevenWalls","floor":46.0,"key":"SMITH"},{"data":"Replay:SS_hec_1","floor":54.0,"key":"SMITH"}],"circlet_count":0,"master_deck":["AscendersBane","hydrologistmod:FrostWhip+1","hydrologistmod:UnstableDefend+1","hydrologistmod:ScaldingGeyser+1","hydrologistmod:SurfaceTension+1","hydrologistmod:BranchingCreeks+1","hydrologistmod:OccludingMist+1","hydrologistmod:WaterWheel+1","hydrologistmod:SoggySynthesis+1","hydrologistmod:LayeredShell+1","expansioncontent:StudyTheSpire+1","hydrologistmod:ReleaseValve+1","hydrologistmod:Siphon+1","hydrologistmod:ResonantCrystal+1","hydrologistmod:PureSteam+1","hydrologistmod:Cascade+1","Panacea+1","hydrologistmod:FrozenCapsule+1","hydrologistmod:PureIce","hydrologistmod:Reservoir+1","hydrologistmod:Debilitate+1","expansioncontent:DashGenerateEvil+1","hydrologistmod:StormFront+1","hydrologistmod:Scald+1","hydrologistmod:PressureBlast+1","hydrologistmod:AmalgamateWaters+1","hydrologistmod:MeltingIceberg+1","hydrologistmod:PureSteam+1","hydrologistmod:SteamEngine+1","infinitespire:SevenWalls+1","infinitespire:Gouge","expansioncontent:PrepareCrush","Replay:SS_hec_1+1","expansioncontent:YouAreMine","Mayhem+1","hydrologistmod:Cascade+1","hydrologistmod:Defrost+1"],"relics":["hydrologistmod:WaterPouch","Golden Egg","Quantum Egg","ReplayTheSpireMod:TigerMarble","Chemical X","Juzu Bracelet","Membership Card","Bottled Tornado","ClockworkSouvenir","FossilizedHelix","Replay:Towering Pillar of Hats","hydrologistmod:CursedCabbage","hydrologistmod:GliderStaff","Anchor","hydrologistmod:TwinBlades","wanderingMiniBosses:MasterThiefsPresence","Smiling Mask","Mercury Hourglass","Shuriken","potionbrewer:Keyblade","reliquary:WritOfMandamus","Strange Spoon","ReplayTheSpireMod:Shallot","Mythril_Glove","Bromod:ArcaneUltimatum","Toolbox","MawBank","Replay:WaspNest","energizedSpire:SpiderWeb","aspiration:SecretTechniqueScroll","qcfpunch:Black_Training_Shirt","Torii","Blue Candle","downfall:HeartBlessingRed","downfall:HeartBlessingGreen","downfall:HeartBlessingBlue","hubris:Towel","Cleaning_Rag","reliquary:WeakTea"],"acts_visited":["Gensokyo:Gensokyo","Elementarium:Elementarium","TheBeyond","TheEnding"],"potions_floor_usage":[55,55,55,55,56,56,56,56],"damage_taken":[{"damage":0.0,"enemies":"Gensokyo:3_Fairies","floor":2.0,"turns":5.0},{"damage":0.0,"enemies":"Gensokyo:Gryphon","floor":3.0,"turns":1.0},{"damage":0.0,"enemies":"Gensokyo:2_Kodama","floor":5.0,"turns":3.0},{"damage":16.0,"enemies":"Gensokyo:Cirno","floor":6.0,"turns":6.0},{"damage":0.0,"enemies":"Gensokyo:Mamizou","floor":8.0,"turns":5.0},{"damage":0.0,"enemies":"Gensokyo:Aya","floor":9.0,"turns":1.0},{"damage":0.0,"enemies":"downfall:FleeingMerchant","floor":10.0,"turns":4.0},{"damage":0.0,"enemies":"Gensokyo:Cirno","floor":12.0,"turns":5.0},{"damage":0.0,"enemies":"Gensokyo:CorruptedTreant","floor":13.0,"turns":2.0},{"damage":4.0,"enemies":"downfall:FleeingMerchant","floor":14.0,"turns":4.0},{"damage":0.0,"enemies":"Gensokyo:Python_and_Kodama","floor":15.0,"turns":3.0},{"damage":0.0,"enemies":"DF_ARCHETYPE_STREAMLINE","floor":16.0,"turns":3.0},{"damage":0.0,"enemies":"Elementarium:VoidCorruption","floor":19.0,"turns":1.0},{"damage":17.0,"enemies":"Nightmare","floor":23.0,"turns":7.0},{"damage":14.0,"enemies":"Elementarium:ElementalPortal","floor":25.0,"turns":6.0},{"damage":0.0,"enemies":"Elementarium:Cyclone","floor":27.0,"turns":1.0},{"damage":0.0,"enemies":"Elementarium:WarGolem","floor":28.0,"turns":2.0},{"damage":0.0,"enemies":"Elementarium:FIRE_NOBILITY","floor":30.0,"turns":2.0},{"damage":0.0,"enemies":"Elementarium:VOID_CORRUPTION_AND_TAR_GOLEM","floor":32.0,"turns":2.0},{"damage":8.0,"enemies":"IC_MUSHROOM_ARCHETYPE","floor":33.0,"turns":7.0},{"damage":0.0,"enemies":"3 Darklings","floor":36.0,"turns":2.0},{"damage":0.0,"enemies":"3 Shapes","floor":38.0,"turns":1.0},{"damage":0.0,"enemies":"3 Darklings","floor":42.0,"turns":3.0},{"damage":0.0,"enemies":"4 Shapes","floor":44.0,"turns":1.0},{"damage":0.0,"enemies":"Transient","floor":49.0,"turns":1.0},{"damage":31.0,"enemies":"SI_POISON_ARCHETYPE","floor":50.0,"turns":4.0},{"damage":6.0,"enemies":"downfall:CharBossMerchant","floor":52.0,"turns":6.0},{"damage":0,"enemies":"downfall:NeowBoss","floor":55,"turns":6},{"damage":9,"enemies":"downfall:NeowBossFinal","floor":56,"turns":7}],"seed_played":"-2560290063833544654","potions_obtained":[{"floor":5.0,"key":"Energy Potion"},{"floor":13.0,"key":"Languid Potion"},{"floor":15.0,"key":"hydrologistmod:UnstableBrew"},{"floor":44.0,"key":"infinitespire:BlackPotion"}],"is_trial":false,"path_per_floor":["R","M","M","?","M","E","T","E","?","$","R","E","M","$","M","B",null,"R","M","$","?","?","NM","T","E","$","M","E","R","E","?","M","B",null,"R","M","?","M","?","AVR","T","M","?","M","?","R","?","?","M","B",null,"E","$","R","B","B",null],"character_chosen":"HYDROLOGIST_CLASS","items_purchased":["hydrologistmod:SoggySynthesis","hydrologistmod:LayeredShell","ReplayTheSpireMod:TigerMarble","Chemical X","Juzu Bracelet","expansioncontent:StudyTheSpire","Membership Card","Bottled Tornado","hydrologistmod:ReleaseValve","ClockworkSouvenir","FossilizedHelix","Replay:Towering Pillar of Hats","hydrologistmod:Siphon","hydrologistmod:ResonantCrystal","hydrologistmod:CursedCabbage","hydrologistmod:GliderStaff","hydrologistmod:PureSteam","Anchor","hydrologistmod:TwinBlades","hydrologistmod:Cascade","Panacea","hydrologistmod:FrozenCapsule","expansioncontent:DashGenerateEvil","potionbrewer:Keyblade","hydrologistmod:Scald","Strange Spoon","ReplayTheSpireMod:Shallot","Toolbox","hydrologistmod:PureSteam","blueLaboratory:ImpenetrablePotion","Mayhem","hydrologistmod:Cascade","reliquary:WeakTea","potionbrewer:DiscountPotion","hydrologistmod:Defrost"],"campfire_rested":2,"item_purchase_floors":[0,0,0,0,0,0,0,0,0,0,0,0,0,0,0,0,0,0,0,0,0,0,10,14,14,20,20,26,26,53,53,53,53,53,53],"current_hp_per_floor":[65,65,65,65,65,49,49,49,49,49,70,70,70,66,66,66,71,71,71,71,74,56,39,39,25,25,25,25,47,47,43,43,35,65,65,65,65,65,75,75,75,75,70,70,60,70,70,70,70,39,74,68,68,68,68,59],"gold":817,"neow_bonus":"","is_daily":false,"chose_seed":false,"campfire_upgraded":4,"win_rate":0.0,"timestamp":1612721296,"path_taken":["R","M","M","?","M","E","T","E","?","$","R","E","M","?","M","BOSS","R","M","$","?","?","NM","T","E","?","M","E","R","E","?","M","BOSS","R","M","?","M","?","AVR","T","M","?","M","?","R","?","?","M","BOSS","E","$","R","BOSS","BOSS"],"items_purchased_type":["Card","Card","Relic","Relic","Relic","Card","Relic","Relic","Card","Relic","Relic","Relic","Card","Card","Relic","Relic","Card","Relic","Relic","Card","Card","Card","Card","Relic","Card","Relic","Relic","Relic","Card","Potion","Card","Card","Relic","Potion","Card"],"build_version":"2020-12-22","purchased_purges":1,"victory":true,"max_hp_per_floor":[72,72,72,72,72,72,72,72,72,72,72,72,72,72,72,72,72,72,72,72,75,75,75,75,75,75,75,75,75,75,75,75,75,75,75,75,75,75,75,75,75,75,75,75,75,85,85,85,85,85,85,85,85,85,85,85],"relic_stats":{"Strange Spoon":[45],"Torii":4,"counters":[99,310],"Shuriken":[26],"Blue Candle":[3],"Juzu Bracelet":3,"Chemical X":[7],"Smiling Mask":-12,"MawBank":300,"obtain_stats":[{"Golden Egg":0,"ScarletDevilRocket":34,"downfall:HeartBlessingGreen":46,"Bottled Tornado":0,"aspiration:RitualStick":19,"reliquary:FerryPass":0,"Replay:Bronze Core":17,"hydrologistmod:LoyalBoomerang":0,"construct:RocketBooster":0,"Hallownest:SoulVesselRelic":38,"Blue Candle":43,"HollowMod:JonisBlessing":0,"hubris:SphereOfDissonance":0,"Pen Nib":38,"reliquary:WeakTea":53,"DemoMod:GundromedaStrain":0,"Elementarium:ElementariumTrophy":33,"Pandora\u0027s Box":0,"qcfpunch:Spiky_Bracers":26,"reliquary:SilkGlove":26,"Torii":41,"RobotSpaceExplorer:PlasmaHourglass":0,"hydrologistmod:TwinBlades":0,"Bromod:ArcanePistoleer":0,"wanderingMiniBosses:AbyssPearl":18,"Mythril_Glove":7,"Ancient Tea Set":6,"Cursed Key":17,"White_Cape":37,"Power_Wrist":26,"Smiling Mask":8,"Pet Ghost":23,"qcfpunch:Crimson_Sash":34,"Cleaning_Rag":52,"hydrologistmod:PreciousNecklace":0,"Toolbox":26,"hydrologistmod:WaterPouch":0,"energizedSpire:HugeHouse":34,"Chemical X":0,"Runesmith:Nanobots":47,"downfall:HeartBlessingRed":46,"qcfpunch:Black_Training_Shirt":40,"Thread and Needle":0,"aspiration:RandomNobGenerator":34,"infinitespire:CheckeredPen":42,"reliquary:RosewoodLute":0,"hubris:Towel":21,"energizedSpire:SpiderWeb":34,"MawBank":28,"PureWhite:ReiMu":14,"Bromod:ArcaneDeflection":0,"Elementarium:FlickeringLantern":28,"Ice Cream":0,"Bromod:ArcaneUltimatum":24,"hydrologistmod:GliderStaff":0,"ZunR:ReiMu":20,"DemoMod:GlassGuonStoneRelic":1,"Mastiff:ReiMu":44,"Strawberry":43,"qcfpunch:Handcuffs":41,"qcfpunch:Chain_With_Nametags":0,"wanderingMiniBosses:MasterThiefsPresence":2,"Du-Vu Doll":0,"OrangePellets":0,"conspire:GiftBox":20,"ReplayTheSpireMod:Shallot":10,"Shuriken":12,"hubris:PeanutButter":24,"ReplayTheSpireMod:TigerMarble":0,"reliquary:WritOfMandamus":17,"theSenshi:SuperSailorFukuRelic":0,"reliquary:Boomerang":23,"Gensokyo:NagashiBinaDoll":4,"Incense Burner":0,"Hallownest:DreamNailRelic":3,"Juzu Bracelet":17,"ClockworkSouvenir":0,"hydrologistmod:CursedCabbage":23,"downfall:HeartBlessingBlue":46,"Genji_Glove":0,"qcfpunch:Wrestler\u0027s_Cloak":0,"Bromod:ArcaneGuardian":14,"hexamod:CandleOfCauterizing":0,"Replay:Towering Pillar of Hats":0,"aspiration:FetidBarrel":0,"Quantum Egg":0,"hydrologistmod:DiscardedSole":0,"RobotSpaceExplorer:RoboCore":0,"Replay:WaspNest":30,"aspiration:SecretTechniqueScroll":40,"Mercury Hourglass":9,"Strange Spoon":20,"Pondfish Scales":0,"Anchor":31,"reliquary:RedPaperclip":17,"wanderingMiniBosses:CarrionFlame":18,"vexMod:HeadHunter":0,"reliquary:Stiletto":0,"qcfpunch:Red_Headband":0,"Membership Card":0,"potionbrewer:Keyblade":0,"FossilizedHelix":0},{"Golden Egg":0,"ScarletDevilRocket":44,"downfall:HeartBlessingGreen":94,"Bottled Tornado":70,"aspiration:RitualStick":12,"reliquary:FerryPass":46,"Replay:Bronze Core":36,"hydrologistmod:LoyalBoomerang":46,"construct:RocketBooster":29,"Hallownest:SoulVesselRelic":21,"Blue Candle":93,"HollowMod:JonisBlessing":29,"hubris:SphereOfDissonance":46,"Pen Nib":62,"reliquary:WeakTea":97,"DemoMod:GundromedaStrain":0,"Elementarium:ElementariumTrophy":60,"Pandora\u0027s Box":0,"qcfpunch:Spiky_Bracers":58,"reliquary:SilkGlove":15,"Torii":92,"RobotSpaceExplorer:PlasmaHourglass":0,"hydrologistmod:TwinBlades":70,"Bromod:ArcanePistoleer":0,"wanderingMiniBosses:AbyssPearl":12,"Mythril_Glove":32,"Ancient Tea Set":5,"Cursed Key":11,"White_Cape":21,"Power_Wrist":41,"Smiling Mask":75,"Pet Ghost":13,"qcfpunch:Crimson_Sash":44,"Cleaning_Rag":97,"hydrologistmod:PreciousNecklace":29,"Toolbox":85,"hydrologistmod:WaterPouch":29,"energizedSpire:HugeHouse":60,"Chemical X":29,"Runesmith:Nanobots":69,"downfall:HeartBlessingRed":94,"qcfpunch:Black_Training_Shirt":92,"Thread and Needle":29,"aspiration:RandomNobGenerator":19,"infinitespire:CheckeredPen":65,"reliquary:RosewoodLute":29,"hubris:Towel":55,"energizedSpire:SpiderWeb":90,"MawBank":87,"PureWhite:ReiMu":53,"Bromod:ArcaneDeflection":29,"Elementarium:FlickeringLantern":59,"Ice Cream":29,"Bromod:ArcaneUltimatum":84,"hydrologistmod:GliderStaff":70,"ZunR:ReiMu":12,"DemoMod:GlassGuonStoneRelic":1,"Mastiff:ReiMu":66,"Strawberry":65,"qcfpunch:Handcuffs":23,"qcfpunch:Chain_With_Nametags":29,"wanderingMiniBosses:MasterThiefsPresence":71,"Du-Vu Doll":46,"OrangePellets":0,"conspire:GiftBox":55,"ReplayTheSpireMod:Shallot":8,"Shuriken":78,"hubris:PeanutButter":40,"ReplayTheSpireMod:TigerMarble":70,"reliquary:WritOfMandamus":82,"theSenshi:SuperSailorFukuRelic":0,"reliquary:Boomerang":57,"Gensokyo:NagashiBinaDoll":31,"Incense Burner":46,"Hallownest:DreamNailRelic":47,"Juzu Bracelet":54,"ClockworkSouvenir":29,"hydrologistmod:CursedCabbage":40,"downfall:HeartBlessingBlue":94,"Genji_Glove":46,"qcfpunch:Wrestler\u0027s_Cloak":29,"Bromod:ArcaneGuardian":10,"hexamod:CandleOfCauterizing":46,"Replay:Towering Pillar of Hats":70,"aspiration:FetidBarrel":46,"Quantum Egg":0,"hydrologistmod:DiscardedSole":46,"RobotSpaceExplorer:RoboCore":0,"Replay:WaspNest":88,"aspiration:SecretTechniqueScroll":92,"Mercury Hourglass":76,"Strange Spoon":83,"Pondfish Scales":29,"Anchor":59,"reliquary:RedPaperclip":54,"wanderingMiniBosses:CarrionFlame":37,"vexMod:HeadHunter":0,"reliquary:Stiletto":46,"qcfpunch:Red_Headband":0,"Membership Card":0,"potionbrewer:Keyblade":46,"FossilizedHelix":70},{"Golden Egg":0,"ScarletDevilRocket":136,"downfall:HeartBlessingGreen":286,"Bottled Tornado":209,"aspiration:RitualStick":31,"reliquary:FerryPass":145,"Replay:Bronze Core":106,"hydrologistmod:LoyalBoomerang":145,"construct:RocketBooster":80,"Hallownest:SoulVesselRelic":58,"Blue Candle":285,"HollowMod:JonisBlessing":80,"hubris:SphereOfDissonance":145,"Pen Nib":195,"reliquary:WeakTea":297,"DemoMod:GundromedaStrain":0,"Elementarium:ElementariumTrophy":191,"Pandora\u0027s Box":0,"qcfpunch:Spiky_Bracers":183,"reliquary:SilkGlove":41,"Torii":282,"RobotSpaceExplorer:PlasmaHourglass":0,"hydrologistmod:TwinBlades":209,"Bromod:ArcanePistoleer":0,"wanderingMiniBosses:AbyssPearl":31,"Mythril_Glove":87,"Ancient Tea Set":12,"Cursed Key":28,"White_Cape":58,"Power_Wrist":126,"Smiling Mask":229,"Pet Ghost":34,"qcfpunch:Crimson_Sash":136,"Cleaning_Rag":297,"hydrologistmod:PreciousNecklace":80,"Toolbox":265,"hydrologistmod:WaterPouch":80,"energizedSpire:HugeHouse":191,"Chemical X":80,"Runesmith:Nanobots":207,"downfall:HeartBlessingRed":286,"qcfpunch:Black_Training_Shirt":282,"Thread and Needle":80,"aspiration:RandomNobGenerator":54,"infinitespire:CheckeredPen":200,"reliquary:RosewoodLute":80,"hubris:Towel":172,"energizedSpire:SpiderWeb":279,"MawBank":268,"PureWhite:ReiMu":163,"Bromod:ArcaneDeflection":80,"Elementarium:FlickeringLantern":186,"Ice Cream":80,"Bromod:ArcaneUltimatum":259,"hydrologistmod:GliderStaff":209,"ZunR:ReiMu":31,"DemoMod:GlassGuonStoneRelic":2,"Mastiff:ReiMu":202,"Strawberry":200,"qcfpunch:Handcuffs":62,"qcfpunch:Chain_With_Nametags":80,"wanderingMiniBosses:MasterThiefsPresence":214,"Du-Vu Doll":145,"OrangePellets":0,"conspire:GiftBox":172,"ReplayTheSpireMod:Shallot":19,"Shuriken":239,"hubris:PeanutButter":123,"ReplayTheSpireMod:TigerMarble":209,"reliquary:WritOfMandamus":251,"theSenshi:SuperSailorFukuRelic":0,"reliquary:Boomerang":179,"Gensokyo:NagashiBinaDoll":84,"Incense Burner":145,"Hallownest:DreamNailRelic":148,"Juzu Bracelet":170,"ClockworkSouvenir":80,"hydrologistmod:CursedCabbage":123,"downfall:HeartBlessingBlue":286,"Genji_Glove":145,"qcfpunch:Wrestler\u0027s_Cloak":80,"Bromod:ArcaneGuardian":25,"hexamod:CandleOfCauterizing":145,"Replay:Towering Pillar of Hats":209,"aspiration:FetidBarrel":145,"Quantum Egg":0,"hydrologistmod:DiscardedSole":145,"RobotSpaceExplorer:RoboCore":0,"Replay:WaspNest":270,"aspiration:SecretTechniqueScroll":282,"Mercury Hourglass":230,"Strange Spoon":252,"Pondfish Scales":80,"Anchor":186,"reliquary:RedPaperclip":170,"wanderingMiniBosses:CarrionFlame":113,"vexMod:HeadHunter":0,"reliquary:Stiletto":145,"qcfpunch:Red_Headband":0,"Membership Card":0,"potionbrewer:Keyblade":145,"FossilizedHelix":209}],"Mercury Hourglass":[319]},"card_choices":[{"not_picked":["hydrologistmod:Dehydrate","hydrologistmod:Cascade","hydrologistmod:SearingSynthesis"],"picked":"SKIP","floor":2.0},{"not_picked":["hydrologistmod:Cryogenics","hydrologistmod:HighTide","hydrologistmod:Endothermancy"],"picked":"SKIP","floor":3.0},{"not_picked":["hydrologistmod:Endothermancy","hydrologistmod:OccludingMist","hydrologistmod:SwelteringStrike"],"picked":"SKIP","floor":5.0},{"not_picked":["hydrologistmod:SwelteringStrike","hydrologistmod:DimensionalIcicles","hydrologistmod:StaticIce"],"picked":"SKIP","floor":6.0},{"not_picked":["hydrologistmod:PureWater","hydrologistmod:SoggySynthesis"],"picked":"hydrologistmod:PureIce","floor":8.0},{"not_picked":["hydrologistmod:StagnantCloak","hydrologistmod:Aqueducts"],"picked":"hydrologistmod:Reservoir","floor":9.0},{"not_picked":["hydrologistmod:Defrost","hydrologistmod:OccludingMist"],"picked":"hydrologistmod:Debilitate","floor":10.0},{"not_picked":["hydrologistmod:StaticSteam","hydrologistmod:SwelteringStrike","hydrologistmod:Upstream"],"picked":"SKIP","floor":12.0},{"not_picked":["hydrologistmod:StaticSteam","hydrologistmod:SearingSynthesis"],"picked":"hydrologistmod:StormFront","floor":13.0},{"not_picked":["hydrologistmod:HighTide","hydrologistmod:Cascade","hydrologistmod:GlacialSynthesis"],"picked":"SKIP","floor":14.0},{"not_picked":["hydrologistmod:Cryogenics","hydrologistmod:Drench"],"picked":"hydrologistmod:PressureBlast","floor":15.0},{"not_picked":["hydrologistmod:MeltingIceberg","hydrologistmod:Scald"],"picked":"hydrologistmod:AmalgamateWaters","floor":16.0},{"not_picked":["hydrologistmod:Cascade","hydrologistmod:GlacialSynthesis","hydrologistmod:SoggySynthesis"],"picked":"SKIP","floor":19.0},{"not_picked":["hydrologistmod:DeepFreeze","hydrologistmod:HotSprings+1","hydrologistmod:Endothermancy"],"picked":"SKIP","floor":23.0},{"not_picked":["hydrologistmod:Cascade","hydrologistmod:GhostlyMist"],"picked":"hydrologistmod:MeltingIceberg","floor":25.0},{"not_picked":["hydrologistmod:OccludingMist","hydrologistmod:FlowingCurrents","hydrologistmod:StaticSteam"],"picked":"SKIP","floor":27.0},{"not_picked":["hydrologistmod:ResonantCrystal","hydrologistmod:Debilitate","hydrologistmod:GhostlyMist"],"picked":"SKIP","floor":28.0},{"not_picked":["hydrologistmod:SoggySynthesis","hydrologistmod:JetPropulsion","hydrologistmod:Reservoir"],"picked":"SKIP","floor":30.0},{"not_picked":["hydrologistmod:GhostlyMist+1","hydrologistmod:FrozenCapsule+1","hydrologistmod:GlacialStrike"],"picked":"SKIP","floor":32.0},{"not_picked":["hydrologistmod:Blizzard","hydrologistmod:CrystalSpear"],"picked":"hydrologistmod:SteamEngine","floor":33.0},{"not_picked":["hydrologistmod:Debilitate+1","hydrologistmod:SwelteringStrike+1","hydrologistmod:StaticIce"],"picked":"SKIP","floor":36.0},{"not_picked":["hydrologistmod:Debilitate","hydrologistmod:Pneumatics","hydrologistmod:Dehydrate"],"picked":"SKIP","floor":38.0},{"not_picked":["hydrologistmod:Debilitate+1","hydrologistmod:GlacialSynthesis","hydrologistmod:GhostlyMist"],"picked":"SKIP","floor":42.0},{"not_picked":["hydrologistmod:GlacialStrike","hydrologistmod:ViscousShell","hydrologistmod:GlacialSynthesis"],"picked":"SKIP","floor":44.0},{"not_picked":["expansioncontent:PolyBeam","expansioncontent:Hexaburn"],"picked":"expansioncontent:PrepareCrush","floor":45.0},{"not_picked":["expansioncontent:LastStand","expansioncontent:HyperBeam"],"picked":"Replay:SS_hec_1","floor":45.0},{"not_picked":["Replay:SS_fish_1","expansioncontent:PrepareCrush"],"picked":"expansioncontent:YouAreMine","floor":45.0},{"not_picked":["hydrologistmod:Aqueducts","hydrologistmod:MirageMist+1","hydrologistmod:Drench+1"],"picked":"SKIP","floor":49.0},{"not_picked":["hydrologistmod:Drench","hydrologistmod:TidalWave","hydrologistmod:GhostlyMist"],"picked":"SKIP","floor":52.0}],"player_experience":1427481,"relics_obtained":[{"floor":2.0,"key":"wanderingMiniBosses:MasterThiefsPresence"},{"floor":8.0,"key":"Smiling Mask"},{"floor":9.0,"key":"Mercury Hourglass"},{"floor":12.0,"key":"Shuriken"},{"floor":24.0,"key":"Bromod:ArcaneUltimatum"},{"floor":28.0,"key":"MawBank"},{"floor":30.0,"key":"Replay:WaspNest"},{"floor":41.0,"key":"Torii"},{"floor":52.0,"key":"Cleaning_Rag"}],"event_choices":[{"damage_healed":0.0,"max_hp_gain":0.0,"max_hp_loss":0.0,"gold_gain":0.0,"event_name":"Elementarium:ShatteredPortal","player_choice":"Blood","floor":22.0,"gold_loss":0.0,"damage_taken":18.0,"relics_obtained":["Mythril_Glove"]},{"damage_healed":0.0,"max_hp_gain":0.0,"max_hp_loss":0.0,"gold_gain":0.0,"event_name":"conspire:Investor","player_choice":"Leave","floor":31.0,"gold_loss":0.0,"damage_taken":0.0},{"damage_healed":10.0,"max_hp_gain":0.0,"max_hp_loss":0.0,"gold_gain":0.0,"event_name":"Wheel of Change","player_choice":"Full Heal","floor":39.0,"gold_loss":0.0,"damage_taken":0.0}],"is_beta":false,"boss_relics":[{"not_picked":["sneckomod:SneckoTalon","reliquary:RedPaperclip"],"picked":"reliquary:WritOfMandamus"},{"not_picked":["expansioncontent:StudyCardRelic","hubris:HollowSoul"],"picked":"energizedSpire:SpiderWeb"}],"items_purged_floors":[14],"is_endless":false,"potions_floor_spawned":[5,6,13,15,16,19,23,25,33,38,44],"ascension_level":19,"is_humility":true}}