{"host":"w8xisjf5mgmfjvmt","time":1612664040,"event":{"mods":["BaseMod","BetterRewards","Challenge The Spire","Conspire","Energized Spire","Filter the Spire","Minty Spire (QoL Compilation)","Quarter Circle Forward PUNCH!","Quick Restart","Relic Filter Mod","Relic Stats","Reliquary","Replay The Spire","Shop Mod","Spicy Shops","StSLib","Thieving Mod","¡¾ÒÅÎï¿¨ÅÆ¡¿REMEMod","óô»ðÖ¸ÄÏ"],"gold_per_floor":[10,185,185,195,210,210,243,263,263,274,274,292,325,99,99,199,199,210,220,220,68,84,84,117,117,117,144,144,144,144],"floor_reached":29,"language":"ZHS","playtime":1033,"items_purged":["Doubt"],"score":470,"play_id":"38039cd9-bfaf-459b-b1ee-e13462c34b84","local_time":"20210207101400","is_ascension_mode":true,"campfire_choices":[{"data":"Eruption","floor":6.0,"key":"SMITH"},{"data":"REME_CRH","floor":15.0,"key":"SMITH"},{"data":"Scrawl","floor":23.0,"key":"SMITH"}],"circlet_count":0,"master_deck":["conspire:GhostlyStrike","conspire:GhostlyStrike","conspire:GhostlyStrike","conspire:GhostlyStrike","conspire:GhostlyDefend","conspire:GhostlyDefend","conspire:GhostlyDefend","conspire:GhostlyDefend+1","Eruption+1","Vigilance","REME_CRH+1","Whirlwind","CutThroughFate","Halt","Evaluate","Wallop","Replay:ManipulateFuture","Tantrum","Adaptation+1","Scrawl+1","EmptyFist","LessonLearned","WheelKick","ClearTheMind+1"],"relics":["PureWater","REME_ComplimentaryCards","Bronze Scales","Replay:Multitool","Gremlin Horn","Peace Pipe","Medical Kit","SlaversCollar","qcfpunch:Wrestler\u0027s_Cloak","PreservedInsect","qcfpunch:Red_Beret","reliquary:SilkGlove","Question Card"],"acts_visited":["Exordium","TheCity"],"potions_floor_usage":[27,27],"damage_taken":[{"damage":0.0,"enemies":"Small Slimes","floor":1.0,"turns":4.0},{"damage":5.0,"enemies":"2 Louse","floor":4.0,"turns":2.0},{"damage":0.0,"enemies":"Cultist","floor":5.0,"turns":2.0},{"damage":12.0,"enemies":"Gremlin Nob","floor":7.0,"turns":3.0},{"damage":5.0,"enemies":"Blue Slaver","floor":8.0,"turns":3.0},{"damage":0.0,"enemies":"Exordium Wildlife","floor":10.0,"turns":2.0},{"damage":6.0,"enemies":"Looter","floor":12.0,"turns":4.0},{"damage":0.0,"enemies":"3 Sentries","floor":13.0,"turns":2.0},{"damage":4.0,"enemies":"Hexaghost","floor":16.0,"turns":6.0},{"damage":17.0,"enemies":"2 Thieves","floor":18.0,"turns":4.0},{"damage":3.0,"enemies":"conspire:FuzzyDice","floor":19.0,"turns":5.0},{"damage":22.0,"enemies":"Snake Plant","floor":22.0,"turns":4.0},{"damage":0.0,"enemies":"Book of Stabbing","floor":24.0,"turns":3.0},{"damage":9,"enemies":"Replay:Snechameleon","floor":27,"turns":3},{"damage":0,"enemies":"conspire:HollyBat","floor":29,"turns":4}],"seed_played":"2840916397467369546","potions_obtained":[{"floor":1.0,"key":"Fire Potion"},{"floor":7.0,"key":"Ancient Potion"},{"floor":8.0,"key":"ColorlessPotion"},{"floor":13.0,"key":"GamblersBrew"},{"floor":22.0,"key":"EssenceOfSteel"},{"floor":24.0,"key":"AttackPotion"}],"is_trial":false,"path_per_floor":["M","?","?","M","M","R","E","M","T","M","?","M","E","$","R","B",null,"M","M","?","$","M","R","E","?","T","E","?","M"],"character_chosen":"WATCHER","items_purchased":["Medical Kit","PreservedInsect"],"campfire_rested":0,"item_purchase_floors":[14,21],"current_hp_per_floor":[65,65,65,60,60,60,48,43,43,43,43,37,37,37,37,33,62,45,42,42,42,20,20,20,20,20,11,11,11,11],"gold":144,"neow_bonus":"THREE_RARE_CARDS","is_daily":false,"chose_seed":false,"campfire_upgraded":3,"win_rate":0.0,"timestamp":1612664040,"path_taken":["M","?","?","?","M","R","E","M","T","M","?","M","E","?","R","BOSS","M","M","?","$","M","R","E","?","T","E","?","?"],"items_purchased_type":["Relic","Relic"],"build_version":"2020-12-22","purchased_purges":1,"victory":false,"max_hp_per_floor":[72,72,72,72,72,72,72,72,72,72,72,72,72,72,72,72,72,72,72,72,72,72,72,72,72,72,72,72,72,72],"relic_stats":{"Peace Pipe":0,"Gremlin Horn":[5,5],"counters":[15,51],"Bronze Scales":[123],"PreservedInsect":78,"Medical Kit":[1],"Question Card":0,"obtain_stats":[{"reliquary:SilkGlove":26,"Gremlin Horn":9,"PreservedInsect":21,"Replay:Multitool":7,"qcfpunch:Red_Beret":24,"Medical Kit":14,"Question Card":27,"Peace Pipe":13,"SlaversCollar":17,"Bronze Scales":3,"qcfpunch:Wrestler\u0027s_Cloak":20,"PureWater":0,"REME_ComplimentaryCards":0},{"reliquary:SilkGlove":13,"Gremlin Horn":5,"PreservedInsect":11,"Replay:Multitool":4,"qcfpunch:Red_Beret":13,"Medical Kit":8,"Question Card":14,"Peace Pipe":8,"SlaversCollar":9,"Bronze Scales":1,"qcfpunch:Wrestler\u0027s_Cloak":11,"PureWater":0,"REME_ComplimentaryCards":0},{"reliquary:SilkGlove":44,"Gremlin Horn":14,"PreservedInsect":37,"Replay:Multitool":11,"qcfpunch:Red_Beret":44,"Medical Kit":22,"Question Card":47,"Peace Pipe":22,"SlaversCollar":28,"Bronze Scales":4,"qcfpunch:Wrestler\u0027s_Cloak":37,"PureWater":0,"REME_ComplimentaryCards":0}]},"card_choices":[{"not_picked":["MasterReality","DeusExMachina"],"picked":"REME_CRH","floor":0.0},{"not_picked":["Wireheading","Nirvana"],"picked":"CutThroughFate","floor":1.0},{"not_picked":["BattleHymn","FollowUp"],"picked":"Halt","floor":4.0},{"not_picked":["Replay:ManipulateFuture","JustLucky"],"picked":"Evaluate","floor":5.0},{"not_picked":["Replay:AtTheReady","WindmillStrike"],"picked":"Wallop","floor":7.0},{"not_picked":["BattleHymn","Replay:BluntJabs","Prostrate"],"picked":"SKIP","floor":8.0},{"not_picked":["FollowUp","Replay:Battleflow"],"picked":"Replay:ManipulateFuture","floor":10.0},{"not_picked":["Meditate","Replay:AtTheReady"],"picked":"Tantrum","floor":12.0},{"not_picked":["MentalFortress","DeusExMachina"],"picked":"Adaptation","floor":13.0},{"not_picked":["Replay:AllIn","ConjureBlade"],"picked":"Scrawl","floor":16.0},{"not_picked":["Prostrate+1","PathToVictory","Replay:BluntJabs"],"picked":"SKIP","floor":18.0},{"not_picked":["Halt+1","Replay:Vibes"],"picked":"EmptyFist","floor":19.0},{"not_picked":["FlyingSleeves","Consecrate+1","Prostrate"],"picked":"SKIP","floor":22.0},{"not_picked":["Replay:ManipulateFuture","CrushJoints+1"],"picked":"LessonLearned","floor":24.0},{"not_picked":["ReachHeaven","Replay:BluntJabs+1"],"picked":"ClearTheMind+1","floor":27}],"player_experience":1287736,"relics_obtained":[{"floor":3.0,"key":"Bronze Scales"},{"floor":7.0,"key":"Replay:Multitool"},{"floor":9.0,"key":"Gremlin Horn"},{"floor":13.0,"key":"Peace Pipe"},{"floor":24.0,"key":"qcfpunch:Red_Beret"},{"floor":26.0,"key":"reliquary:SilkGlove"},{"floor":27,"key":"Question Card"}],"event_choices":[{"damage_healed":0.0,"max_hp_gain":0.0,"max_hp_loss":0.0,"gold_gain":175.0,"event_name":"Liars Game","player_choice":"AGREE","floor":2.0,"gold_loss":0.0,"damage_taken":0.0,"cards_obtained":["Doubt"]},{"damage_healed":0.0,"max_hp_gain":0.0,"max_hp_loss":0.0,"gold_gain":0.0,"event_name":"Wheel of Change","player_choice":"Relic","floor":3.0,"gold_loss":0.0,"damage_taken":0.0},{"damage_healed":0.0,"max_hp_gain":0.0,"max_hp_loss":0.0,"gold_gain":0.0,"event_name":"conspire:LoneGhost","player_choice":"Agree","floor":11.0,"gold_loss":0.0,"damage_taken":0.0},{"damage_healed":0.0,"max_hp_gain":0.0,"max_hp_loss":0.0,"gold_gain":0.0,"event_name":"The Mausoleum","player_choice":"Opened","floor":20.0,"gold_loss":0.0,"damage_taken":0.0,"relics_obtained":["qcfpunch:Wrestler\u0027s_Cloak"]},{"damage_healed":0.0,"max_hp_gain":0.0,"max_hp_loss":0.0,"gold_gain":0.0,"event_name":"The Library","player_choice":"Read","floor":25.0,"gold_loss":0.0,"damage_taken":0.0,"cards_obtained":["WheelKick"]},{"damage_healed":0,"gold_gain":0,"player_choice":"Forge","damage_taken":0,"max_hp_gain":0,"max_hp_loss":0,"event_name":"Accursed Blacksmith","floor":28,"gold_loss":0,"cards_upgraded":["Adaptation"]}],"is_beta":false,"boss_relics":[{"not_picked":["energizedSpire:DeadBattery","Replay:Wanted Poster"],"picked":"SlaversCollar"}],"items_purged_floors":[14],"is_endless":false,"potions_floor_spawned":[1,7,8,13,22,24],"killed_by":"conspire:HollyBat","ascension_level":6}}