{"host":"prxrhpgaxnj4om9r","time":1612702663,"event":{"mods":["AchievementEnabler","BaseMod","DeckTracker","Keyboard Shortcuts","Minty Spire (QoL Compilation)"],"gold_per_floor":[114,114,133,152,152,171,190,228,303,303,322,341,360,435,435,560,560,579,598,259,259,278,278,297,297,297,316,316,354,373,411,411,411,411],"floor_reached":33,"language":"KOR","playtime":2665,"items_purged":[],"score":293,"play_id":"b1039c51-be16-4bcc-b036-329ae37acb63","local_time":"20210207215743","daily_mods":["Heirloom","ControlledChaos","Lethality"],"is_ascension_mode":false,"campfire_choices":[{"floor":10,"key":"REST"},{"floor":15,"key":"REST"},{"floor":23,"key":"REST"},{"floor":28,"key":"REST"},{"floor":32,"key":"REST"}],"circlet_count":0,"master_deck":["Strike_G+1","Strike_G","Strike_G","Strike_G","Defend_G","Defend_G","Defend_G","Defend_G","Defend_G","Survivor","Neutralize","Dodge and Roll","Eviscerate+1","PiercingWail","Backflip","Tactician","Flying Knee","Footwork","Concentrate","Finisher","Wraith Form v2","All Out Attack","Cloak And Dagger+1","Caltrops","Eviscerate+1","Noxious Fumes","Expertise","Outmaneuver+1","Corpse Explosion+1","PiercingWail+1","Reflex+1","Phantasmal Killer+1"],"relics":["Ring of the Snake","Frozen Eye","Thread and Needle","Golden Idol","Bird Faced Urn","Matryoshka","Black Star","Letter Opener","Boot","Toxic Egg 2","Vajra","InkBottle","Dream Catcher","Nunchaku"],"acts_visited":["Exordium","TheCity"],"potions_floor_usage":[7,8,16,16,16,22,24,29,29,31],"damage_taken":[{"damage":0,"enemies":"2 Louse","floor":1,"turns":3},{"damage":2,"enemies":"Jaw Worm","floor":3,"turns":3},{"damage":0,"enemies":"Cultist","floor":4,"turns":2},{"damage":1,"enemies":"Looter","floor":6,"turns":2},{"damage":0,"enemies":"Gremlin Gang","floor":7,"turns":2},{"damage":17,"enemies":"Lagavulin","floor":8,"turns":5},{"damage":0,"enemies":"Red Slaver","floor":11,"turns":1},{"damage":4,"enemies":"Blue Slaver","floor":12,"turns":4},{"damage":0,"enemies":"Exordium Wildlife","floor":13,"turns":3},{"damage":50,"enemies":"The Guardian","floor":16,"turns":9},{"damage":37,"enemies":"Spheric Guardian","floor":18,"turns":7},{"damage":0,"enemies":"Chosen","floor":19,"turns":3},{"damage":30,"enemies":"Snake Plant","floor":22,"turns":6},{"damage":25,"enemies":"Cultist and Chosen","floor":24,"turns":7},{"damage":7,"enemies":"Snecko","floor":27,"turns":5},{"damage":13,"enemies":"Book of Stabbing","floor":29,"turns":8},{"damage":18,"enemies":"Sentry and Sphere","floor":30,"turns":6},{"damage":39,"enemies":"Gremlin Leader","floor":31,"turns":7},{"damage":47,"enemies":"Champ","floor":33,"turns":6}],"seed_played":"8884597751285247366","potions_obtained":[{"floor":3,"key":"SneckoOil"},{"floor":6,"key":"AttackPotion"},{"floor":8,"key":"Strength Potion"},{"floor":13,"key":"EntropicBrew"},{"floor":24,"key":"Fire Potion"},{"floor":27,"key":"PowerPotion"},{"floor":30,"key":"Energy Potion"}],"is_trial":false,"path_per_floor":["M","?","M","M","?","M","M","E","T","R","M","M","M","?","R","B",null,"M","M","$","?","M","R","M","?","T","M","R","E","M","E","R","B"],"character_chosen":"THE_SILENT","items_purchased":["Letter Opener","Caltrops","Block Potion"],"campfire_rested":5,"item_purchase_floors":[20,20,20],"current_hp_per_floor":[70,53,51,51,37,36,36,19,19,40,40,38,40,29,50,16,70,43,43,43,43,19,40,27,27,27,26,47,50,38,9,30,0,0],"gold":411,"neow_bonus":"","is_daily":true,"chose_seed":false,"campfire_upgraded":0,"win_rate":0.0,"timestamp":1612702663,"path_taken":["M","?","M","M","?","M","M","E","T","R","M","M","?","?","R","BOSS","M","M","$","?","?","R","M","?","T","?","R","E","M","E","R","BOSS"],"items_purchased_type":["Relic","Card","Potion"],"build_version":"2020-12-22","purchased_purges":0,"victory":false,"max_hp_per_floor":[70,70,70,70,70,70,70,70,70,70,70,70,70,70,70,70,70,70,70,70,70,70,70,70,70,70,70,70,70,70,70,70,70,70],"card_choices":[{"not_picked":["Prepared","Deflect"],"picked":"Dodge and Roll","floor":1},{"not_picked":["Prepared","Deflect"],"picked":"Eviscerate","floor":3},{"not_picked":["Dodge and Roll","Outmaneuver"],"picked":"PiercingWail","floor":4},{"not_picked":["Bane","Outmaneuver"],"picked":"Backflip","floor":6},{"not_picked":["Malaise","Quick Slash"],"picked":"Tactician","floor":7},{"not_picked":["Bane","Prepared"],"picked":"Flying Knee","floor":8},{"not_picked":["Concentrate","Flying Knee"],"picked":"Footwork","floor":11},{"not_picked":["Bane","Quick Slash"],"picked":"Concentrate","floor":12},{"not_picked":["Dodge and Roll","Cloak And Dagger"],"picked":"Finisher","floor":13},{"not_picked":["Grand Finale","Die Die Die"],"picked":"Wraith Form v2","floor":16},{"not_picked":["Outmaneuver","Backflip"],"picked":"All Out Attack","floor":18},{"not_picked":["PiercingWail","Acrobatics"],"picked":"Cloak And Dagger+1","floor":19},{"not_picked":["Heel Hook","PiercingWail"],"picked":"Noxious Fumes","floor":22},{"not_picked":["PiercingWail+1","Acrobatics"],"picked":"Expertise","floor":24},{"not_picked":["Quick Slash+1","Cloak And Dagger+1"],"picked":"Outmaneuver+1","floor":27},{"not_picked":["Concentrate+1","Prepared+1"],"picked":"Corpse Explosion+1","floor":29},{"not_picked":["Sucker Punch+1","Outmaneuver+1"],"picked":"PiercingWail+1","floor":30},{"not_picked":["PiercingWail+1","Slice"],"picked":"Reflex+1","floor":31},{"not_picked":["Well Laid Plans","Outmaneuver+1"],"picked":"Phantasmal Killer+1","floor":32}],"player_experience":303376,"relics_obtained":[{"floor":8,"key":"Bird Faced Urn"},{"floor":9,"key":"Matryoshka"},{"floor":26,"key":"Boot"},{"floor":26,"key":"Toxic Egg 2"},{"floor":29,"key":"Vajra"},{"floor":29,"key":"InkBottle"},{"floor":31,"key":"Dream Catcher"},{"floor":31,"key":"Nunchaku"}],"event_choices":[{"damage_healed":0,"gold_gain":0,"player_choice":"Take Damage","damage_taken":17,"relics_obtained":["Golden Idol"],"max_hp_gain":0,"max_hp_loss":0,"event_name":"Golden Idol","floor":2,"gold_loss":0},{"damage_healed":0,"gold_gain":0,"player_choice":"Entered Light","damage_taken":14,"max_hp_gain":0,"max_hp_loss":0,"event_name":"Shining Light","floor":5,"gold_loss":0,"cards_upgraded":["Eviscerate","Strike_G"]},{"damage_healed":0,"gold_gain":75,"player_choice":"Gather Gold","damage_taken":11,"max_hp_gain":0,"max_hp_loss":0,"event_name":"World of Goop","floor":14,"gold_loss":0},{"damage_healed":0,"gold_gain":0,"player_choice":"Copied","damage_taken":0,"max_hp_gain":0,"max_hp_loss":0,"event_name":"Duplicator","floor":21,"gold_loss":0,"cards_obtained":["Eviscerate"]},{"cards_removed":["Strike_G"],"damage_healed":0,"gold_gain":0,"player_choice":"Purged","damage_taken":0,"max_hp_gain":0,"max_hp_loss":0,"event_name":"Purifier","floor":25,"gold_loss":0}],"is_beta":false,"boss_relics":[{"not_picked":["Ring of the Serpent","Philosopher\u0027s Stone"],"picked":"Black Star"}],"items_purged_floors":[],"is_endless":false,"potions_floor_spawned":[3,6,8,13,24,27,30],"killed_by":"Champ","ascension_level":0}}