{"host":"1c52r9kaxdyo25eq","time":1612669575,"event":{"mods":["AchievementEnabler","BaseMod","DeckTracker","Minty Spire (QoL Compilation)","Rare Cards Sparkle","SuperFastMode","everything is the same but u backflip on backflip"],"gold_per_floor":[117,134,134,152,152,180,180,180,205,205,216,141,171,183,195,207,207],"floor_reached":16,"language":"KOR","playtime":194,"items_purged":["Strike_R"],"score":205,"play_id":"18a575fd-15ce-4c88-a233-bb6dfbb9ab74","local_time":"20210207124615","is_ascension_mode":true,"campfire_choices":[{"floor":7,"key":"REST"},{"floor":15,"key":"REST"}],"circlet_count":0,"master_deck":["AscendersBane","Strike_R","Strike_R","Defend_R","Defend_R","Defend_R","Defend_R","Bash","Shockwave","Barricade","Immolate"],"relics":["Burning Blood","NeowsBlessing","Blue Candle","Mercury Hourglass","Centennial Puzzle","MawBank"],"acts_visited":["Exordium"],"potions_floor_usage":[6,13,13,16],"damage_taken":[{"damage":0,"enemies":"Small Slimes","floor":1,"turns":1},{"damage":0,"enemies":"Cultist","floor":2,"turns":1},{"damage":0,"enemies":"Jaw Worm","floor":4,"turns":1},{"damage":77,"enemies":"Gremlin Nob","floor":6,"turns":7},{"damage":7,"enemies":"Exordium Wildlife","floor":11,"turns":2},{"damage":17,"enemies":"Lagavulin","floor":13,"turns":7},{"damage":21,"enemies":"The Guardian","floor":16,"turns":5}],"seed_played":"-4596395893750260215","potions_obtained":[{"floor":2,"key":"Block Potion"},{"floor":4,"key":"ElixirPotion"},{"floor":6,"key":"AttackPotion"},{"floor":13,"key":"SkillPotion"}],"is_trial":false,"path_per_floor":["M","M","?","M","?","E","R","T","T","?","M","$","E","$","R","B"],"character_chosen":"IRONCLAD","items_purchased":[],"campfire_rested":2,"item_purchase_floors":[],"current_hp_per_floor":[74,75,75,75,80,9,33,33,33,26,25,25,14,14,38,17,17],"gold":207,"neow_bonus":"THREE_ENEMY_KILL","is_daily":false,"chose_seed":false,"campfire_upgraded":0,"win_rate":0.0,"timestamp":1612669575,"path_taken":["M","M","?","?","?","E","R","?","T","?","M","?","E","$","R","BOSS"],"items_purchased_type":[],"build_version":"2020-12-22","purchased_purges":1,"victory":false,"max_hp_per_floor":[75,75,75,75,80,80,80,80,80,80,80,80,80,80,80,80,80],"card_choices":[{"not_picked":["Pommel Strike","Carnage"],"picked":"Shockwave","floor":1},{"not_picked":["Thunderclap","Wild Strike","Sword Boomerang"],"picked":"SKIP","floor":2},{"not_picked":["Heavy Blade","Seeing Red"],"picked":"Barricade","floor":4},{"not_picked":["Seeing Red","Armaments"],"picked":"Immolate","floor":6},{"not_picked":["Sword Boomerang","Dual Wield","Reckless Charge"],"picked":"SKIP","floor":11},{"not_picked":["Clothesline","Armaments","Clash"],"picked":"SKIP","floor":13}],"player_experience":647680,"relics_obtained":[{"floor":6,"key":"Blue Candle"},{"floor":8,"key":"Mercury Hourglass"},{"floor":9,"key":"Centennial Puzzle"},{"floor":13,"key":"MawBank"}],"event_choices":[{"cards_removed":["Strike_R"],"damage_healed":0,"gold_gain":0,"player_choice":"Offered Basic","damage_taken":0,"max_hp_gain":0,"max_hp_loss":0,"event_name":"Bonfire Elementals","floor":3,"gold_loss":0},{"damage_healed":0,"gold_gain":0,"player_choice":"Donut","damage_taken":0,"max_hp_gain":5,"max_hp_loss":0,"event_name":"Big Fish","floor":5,"gold_loss":0},{"cards_removed":["Strike_R"],"damage_healed":0,"gold_gain":0,"player_choice":"Card Removal","damage_taken":7,"max_hp_gain":0,"max_hp_loss":0,"event_name":"Golden Wing","floor":10,"gold_loss":0}],"is_beta":false,"boss_relics":[],"items_purged_floors":[12],"is_endless":false,"potions_floor_spawned":[2,4,6,13],"killed_by":"The Guardian","ascension_level":18}}