{"host":"jwbw4f4imxd0v0b0","time":1612656732,"event":{"mods":["BaseMod","Colored Map","Highlight Path","Minty Spire (QoL Compilation)","Relic Stats","StSLib"],"gold_per_floor":[109,109,128,142,161,191,208,238,238,249,280,280,29,29,29,155,155,176,101,200,1,1,1,1,16,16,47,74,95,130,165,177,318,330,357,432,444,469,500,512,558,570,607,662,694,81,99,199,199,199],"floor_reached":51,"language":"ENG","playtime":6969,"items_purged":["Pain"],"score":1000,"play_id":"57ee2beb-6941-4e81-8ece-7dc91b860f9b","local_time":"20210206181212","is_ascension_mode":true,"campfire_choices":[{"floor":12.0,"key":"REST"},{"data":"Adaptation","floor":15,"key":"SMITH"},{"floor":23,"key":"REST"},{"floor":32,"key":"REST"},{"floor":40,"key":"REST"},{"floor":42,"key":"REST"},{"floor":49,"key":"REST"}],"circlet_count":0,"master_deck":["Defend_P","Defend_P","Defend_P","Defend_P","Eruption+1","Vigilance","Consecrate","Protect","EmptyFist","Adaptation+1","BowlingBash","JustLucky","ReachHeaven","Prostrate","FollowUp","ThirdEye","Panacea","MasterReality","TalkToTheHand+1","InnerPeace+1","Halt+1","Weave+1","CutThroughFate","Protect+1","Nirvana","JustLucky+1","FlurryOfBlows","Omniscience","Sanctity+1","LikeWater+1","LikeWater","ClearTheMind","Scrawl","ThirdEye+1","TalkToTheHand","CutThroughFate","ThirdEye+1","JustLucky+1"],"relics":["PureWater","Centennial Puzzle","Prayer Wheel","Matryoshka","Gremlin Horn","Lee\u0027s Waffle","Golden Idol","Astrolabe","Nunchaku","WarpedTongs","Akabeko","Letter Opener","Blood Vial","Smiling Mask","Vajra","MawBank","Runic Dome","Mango","Gambling Chip","Bag of Preparation","Bag of Marbles","Mercury Hourglass","Dream Catcher"],"acts_visited":["Exordium","TheCity","TheBeyond"],"potions_floor_usage":[33,41,50,50,50],"damage_taken":[{"damage":4.0,"enemies":"Small Slimes","floor":1.0,"turns":5.0},{"damage":0.0,"enemies":"2 Louse","floor":3.0,"turns":1.0},{"damage":2.0,"enemies":"Jaw Worm","floor":4.0,"turns":3.0},{"damage":15.0,"enemies":"Large Slime","floor":5.0,"turns":7.0},{"damage":20.0,"enemies":"Gremlin Nob","floor":6.0,"turns":4.0},{"damage":7.0,"enemies":"Exordium Thugs","floor":7.0,"turns":2.0},{"damage":0.0,"enemies":"3 Sentries","floor":8.0,"turns":3.0},{"damage":9.0,"enemies":"Red Slaver","floor":10.0,"turns":2.0},{"damage":6.0,"enemies":"Gremlin Nob","floor":11.0,"turns":3.0},{"damage":60,"enemies":"The Guardian","floor":16,"turns":10},{"damage":4,"enemies":"Shell Parasite","floor":18,"turns":11},{"damage":5,"enemies":"3 Byrds","floor":25,"turns":4},{"damage":8,"enemies":"Slavers","floor":27,"turns":4},{"damage":4,"enemies":"3 Cultists","floor":29,"turns":4},{"damage":15,"enemies":"Book of Stabbing","floor":30,"turns":7},{"damage":5,"enemies":"Snecko","floor":31,"turns":5},{"damage":17,"enemies":"Collector","floor":33,"turns":6},{"damage":5,"enemies":"3 Shapes","floor":35,"turns":2},{"damage":7,"enemies":"Mind Bloom Boss Battle","floor":36,"turns":10},{"damage":12,"enemies":"3 Darklings","floor":38,"turns":3},{"damage":24,"enemies":"Maw","floor":39,"turns":8},{"damage":36,"enemies":"Reptomancer","floor":41,"turns":8},{"damage":95,"enemies":"Nemesis","floor":44,"turns":11},{"damage":1,"enemies":"4 Shapes","floor":45,"turns":6},{"damage":27,"enemies":"Writhing Mass","floor":47,"turns":9},{"damage":20,"enemies":"Donu and Deca","floor":50,"turns":7}],"seed_played":"5523822350290603064","potions_obtained":[{"floor":1.0,"key":"ColorlessPotion"},{"floor":5.0,"key":"DuplicationPotion"},{"floor":8.0,"key":"SpeedPotion"},{"floor":16,"key":"SteroidPotion"},{"floor":29,"key":"DistilledChaos"},{"floor":37,"key":"FairyPotion"},{"floor":44,"key":"Block Potion"},{"floor":45,"key":"Ancient Potion"}],"is_trial":false,"path_per_floor":["M","?","M","M","M","E","M","E","T","M","E","R","$","?","R","B",null,"M","?","?","$","?","R","$","M","T","E","T","M","E","M","R","B",null,"M","?","?","M","M","R","E","R","T","E","M","$","M","?","R","B",null],"character_chosen":"WATCHER","items_purchased":["Lee\u0027s Waffle","Panacea","Nunchaku","Energy Potion","TalkToTheHand","Mercury Hourglass","Dream Catcher","CutThroughFate","SteroidPotion"],"campfire_rested":6,"item_purchase_floors":[13,13,21,21,46,46,46,46,46],"current_hp_per_floor":[68,73,73,71,56,36,29,29,29,20,14,37,84,63,63,3,64,60,60,60,60,60,84,84,79,79,71,71,69,56,53,78,63,79,76,85,85,75,53,82,48,77,77,25,26,26,1,1,30,12],"gold":199,"neow_bonus":"UPGRADE_CARD","is_daily":false,"chose_seed":false,"campfire_upgraded":1,"win_rate":0.0,"timestamp":1612656732,"path_taken":["M","?","M","M","M","E","M","E","T","M","E","R","$","?","R","BOSS","M","?","?","?","?","R","$","?","T","E","?","?","E","M","R","BOSS","M","?","?","?","M","R","E","R","T","E","M","$","M","?","R","BOSS"],"items_purchased_type":["Relic","Card","Relic","Potion","Card","Relic","Relic","Card","Potion"],"build_version":"2020-12-22","purchased_purges":1,"victory":true,"max_hp_per_floor":[72,77,77,77,77,77,77,77,77,77,77,77,84,84,84,84,84,84,84,84,84,84,84,84,84,84,84,84,84,84,84,84,84,84,84,98,98,98,98,98,98,98,98,98,98,98,98,98,98,98],"relic_stats":{"Lee\u0027s Waffle":47,"Gremlin Horn":[20,20],"counters":[26,145],"Golden Idol":152,"Astrolabe":["TalkToTheHand","InnerPeace","Halt"],"Bag of Preparation":[8],"Letter Opener":[211],"Smiling Mask":25,"MawBank":192,"WarpedTongs":[94],"Mercury Hourglass":[45],"Blood Vial":26,"Centennial Puzzle":[60],"Nunchaku":[29],"Dream Catcher":1,"Gambling Chip":[3],"Prayer Wheel":10,"obtain_stats":[{"Lee\u0027s Waffle":13,"Gremlin Horn":11,"Golden Idol":14,"Astrolabe":17,"Vajra":28,"Mango":36,"Bag of Preparation":43,"Letter Opener":26,"Smiling Mask":28,"MawBank":30,"Akabeko":26,"WarpedTongs":22,"Mercury Hourglass":46,"Blood Vial":27,"Runic Dome":34,"Centennial Puzzle":6,"Nunchaku":21,"Dream Catcher":46,"Matryoshka":9,"Gambling Chip":41,"Prayer Wheel":8,"Bag of Marbles":44,"PureWater":0},{"Lee\u0027s Waffle":9,"Gremlin Horn":9,"Golden Idol":9,"Astrolabe":10,"Vajra":13,"Mango":19,"Bag of Preparation":22,"Letter Opener":12,"Smiling Mask":13,"MawBank":15,"Akabeko":12,"WarpedTongs":11,"Mercury Hourglass":24,"Blood Vial":13,"Runic Dome":17,"Centennial Puzzle":5,"Nunchaku":11,"Dream Catcher":24,"Matryoshka":7,"Gambling Chip":22,"Prayer Wheel":7,"Bag of Marbles":23,"PureWater":0},{"Lee\u0027s Waffle":30,"Gremlin Horn":30,"Golden Idol":30,"Astrolabe":40,"Vajra":59,"Mango":93,"Bag of Preparation":112,"Letter Opener":55,"Smiling Mask":59,"MawBank":70,"Akabeko":55,"WarpedTongs":51,"Mercury Hourglass":129,"Blood Vial":59,"Runic Dome":81,"Centennial Puzzle":20,"Nunchaku":51,"Dream Catcher":129,"Matryoshka":25,"Gambling Chip":112,"Prayer Wheel":25,"Bag of Marbles":123,"PureWater":0}]},"card_choices":[{"not_picked":["Study","Crescendo"],"picked":"Consecrate","floor":1.0},{"not_picked":["Worship","EmptyMind"],"picked":"Protect","floor":3.0},{"not_picked":["Crescendo","Protect"],"picked":"EmptyFist","floor":4.0},{"not_picked":["FollowUp","WreathOfFlame"],"picked":"Adaptation","floor":5.0},{"not_picked":["SashWhip","CrushJoints"],"picked":"BowlingBash","floor":6.0},{"not_picked":["Devotion","Wireheading"],"picked":"JustLucky","floor":7.0},{"not_picked":["FlyingSleeves","EmptyMind"],"picked":"ReachHeaven","floor":8.0},{"not_picked":["FollowUp","DeceiveReality"],"picked":"Prostrate","floor":10.0},{"not_picked":["Consecrate","EmptyFist"],"picked":"FollowUp","floor":10.0},{"not_picked":["FollowUp","CrushJoints"],"picked":"ThirdEye","floor":11.0},{"not_picked":["SpiritShield","DeusExMachina"],"picked":"MasterReality","floor":16},{"not_picked":["Evaluate+1","CutThroughFate"],"picked":"Weave+1","floor":18},{"not_picked":["BowlingBash+1","FollowUp"],"picked":"CutThroughFate","floor":18},{"not_picked":["Halt","EmptyBody+1"],"picked":"Protect+1","floor":25},{"not_picked":["Prostrate","InnerPeace","Judgement"],"picked":"SKIP","floor":25},{"not_picked":["CrushJoints","Consecrate","EmptyFist"],"picked":"SKIP","floor":27},{"not_picked":["Indignation","InnerPeace"],"picked":"Nirvana","floor":29},{"not_picked":["EmptyBody+1","FlyingSleeves","CrushJoints"],"picked":"SKIP","floor":29},{"not_picked":["ThirdEye","Meditate+1"],"picked":"JustLucky+1","floor":30},{"not_picked":["Consecrate","CutThroughFate"],"picked":"FlurryOfBlows","floor":31},{"not_picked":["CutThroughFate","EmptyMind","Protect"],"picked":"SKIP","floor":31},{"not_picked":["Vault","Scrawl"],"picked":"Omniscience","floor":33},{"not_picked":["PathToVictory","Perseverance"],"picked":"Sanctity+1","floor":35},{"not_picked":["Swivel","FollowUp+1","ReachHeaven+1"],"picked":"SKIP","floor":35},{"not_picked":["FlurryOfBlows+1","FollowUp+1"],"picked":"LikeWater+1","floor":36},{"not_picked":["SandsOfTime+1","Halt","Prostrate+1"],"picked":"SKIP","floor":38},{"not_picked":["Collect+1","Fasting2","PathToVictory+1"],"picked":"SKIP","floor":38},{"not_picked":["FearNoEvil+1","SashWhip"],"picked":"LikeWater","floor":39},{"not_picked":["ClearTheMind","Indignation+1","Halt"],"picked":"SKIP","floor":39},{"not_picked":["Indignation+1","Halt"],"picked":"ClearTheMind","floor":39},{"not_picked":["Sanctity","Protect+1","CarveReality+1"],"picked":"SKIP","floor":41},{"not_picked":["Perseverance","SashWhip+1","ReachHeaven"],"picked":"SKIP","floor":44},{"not_picked":["FlurryOfBlows+1","FearNoEvil+1"],"picked":"Scrawl","floor":45},{"not_picked":["BattleHymn","CutThroughFate+1"],"picked":"ThirdEye+1","floor":45},{"not_picked":["Meditate+1","BowlingBash+1"],"picked":"ThirdEye+1","floor":47},{"not_picked":["Alpha","InnerPeace+1","Perseverance"],"picked":"SKIP","floor":47},{"not_picked":["WindmillStrike","Protect"],"picked":"JustLucky+1","floor":49}],"player_experience":1229834,"relics_obtained":[{"floor":6.0,"key":"Centennial Puzzle"},{"floor":8.0,"key":"Prayer Wheel"},{"floor":9.0,"key":"Matryoshka"},{"floor":11.0,"key":"Gremlin Horn"},{"floor":26,"key":"Akabeko"},{"floor":26,"key":"Letter Opener"},{"floor":27,"key":"Blood Vial"},{"floor":28,"key":"Smiling Mask"},{"floor":28,"key":"Vajra"},{"floor":30,"key":"MawBank"},{"floor":36,"key":"Mango"},{"floor":41,"key":"Gambling Chip"},{"floor":43,"key":"Bag of Preparation"},{"floor":44,"key":"Bag of Marbles"}],"event_choices":[{"damage_healed":0.0,"max_hp_gain":5.0,"max_hp_loss":0.0,"gold_gain":0.0,"event_name":"Big Fish","player_choice":"Donut","floor":2.0,"gold_loss":0.0,"damage_taken":0.0},{"damage_healed":0,"gold_gain":0,"player_choice":"Take Damage","damage_taken":21,"relics_obtained":["Golden Idol"],"max_hp_gain":0,"max_hp_loss":0,"event_name":"Golden Idol","floor":14,"gold_loss":0},{"cards_removed":["Strike_P"],"damage_healed":0,"gold_gain":0,"player_choice":"Gave Gold","damage_taken":0,"max_hp_gain":0,"max_hp_loss":0,"event_name":"Beggar","floor":19,"gold_loss":75},{"damage_healed":0,"gold_gain":99,"player_choice":"Stole From Cult","damage_taken":0,"max_hp_gain":0,"max_hp_loss":0,"event_name":"Nest","floor":20,"gold_loss":0},{"damage_healed":0,"gold_gain":0,"player_choice":"Rummage","damage_taken":0,"relics_obtained":["WarpedTongs"],"max_hp_gain":0,"max_hp_loss":0,"event_name":"Accursed Blacksmith","floor":22,"gold_loss":0,"cards_obtained":["Pain"]},{"damage_healed":0,"gold_gain":0,"player_choice":"Fight","damage_taken":0,"max_hp_gain":0,"max_hp_loss":0,"event_name":"MindBloom","floor":36,"gold_loss":0},{"damage_healed":0,"gold_gain":0,"player_choice":"Got Potions","damage_taken":0,"max_hp_gain":0,"max_hp_loss":0,"event_name":"Lab","floor":37,"gold_loss":0},{"damage_healed":0,"gold_gain":100,"player_choice":"Pray","damage_taken":0,"max_hp_gain":0,"max_hp_loss":0,"event_name":"Golden Shrine","floor":48,"gold_loss":0}],"is_beta":false,"boss_relics":[{"not_picked":["HolyWater","Coffee Dripper"],"picked":"Astrolabe"},{"not_picked":["Runic Pyramid","Pandora\u0027s Box"],"picked":"Runic Dome"}],"items_purged_floors":[46],"is_endless":false,"potions_floor_spawned":[1,5,8,16,27,29,30,31,38,44,45],"ascension_level":5}}