{"host":"resql42syj2vwpbb","time":1612705124,"event":{"mods":["BaseMod","BetterRewards","Colored Powertips","Minty Spire (QoL Compilation)","Quick Restart","StSLib","SuperFastMode"],"gold_per_floor":[17,17,29,43,43,43,60,60,60,71,71,71,102,115,115,211,211,226,325,340,340,353,353,371,371,417,417,417,417,428,442,442,537,537,551,606,606,618,628,628,663,4,4,18,30,40,40,56,56,56],"floor_reached":51,"language":"ZHS","playtime":2762,"items_purged":[],"score":746,"play_id":"0974ad28-3f45-49d5-b8f0-67848acbeae4","local_time":"20210207213844","is_ascension_mode":true,"campfire_choices":[{"data":"Accuracy","floor":6.0,"key":"SMITH"},{"data":"Survivor","floor":12.0,"key":"SMITH"},{"floor":15.0,"key":"REST"},{"floor":23.0,"key":"REST"},{"data":"Night Terror","floor":25.0,"key":"SMITH"},{"data":"Distraction","floor":27.0,"key":"SMITH"},{"data":"Unload","floor":29.0,"key":"SMITH"},{"floor":32.0,"key":"REST"},{"floor":40.0,"key":"REST"},{"floor":47.0,"key":"REST"},{"floor":49.0,"key":"REST"}],"circlet_count":0,"master_deck":["Strike_G","Strike_G","Defend_G","Defend_G","Defend_G","Defend_G","Defend_G","Survivor+1","Neutralize+1","Accuracy+1","Blade Dance","Well Laid Plans","Cloak And Dagger","Unload+1","Blade Dance","Distraction+1","Night Terror+1","Distraction+1","Accuracy+1","Leg Sweep+1","Venomology","Quick Slash","Cloak And Dagger","Leg Sweep+1","Parasite","Slice+1"],"relics":["Ring of the Snake","Art of War","Gremlin Horn","Busted Crown","Boot","SlaversCollar","Du-Vu Doll","Vajra","DollysMirror","Pear","Snake Skull","HornCleat"],"acts_visited":[],"potions_floor_usage":[50,50],"damage_taken":[{"damage":4.0,"enemies":"Jaw Worm","floor":1.0,"turns":6.0},{"damage":4.0,"enemies":"Cultist","floor":3.0,"turns":6.0},{"damage":1.0,"enemies":"2 Louse","floor":4.0,"turns":5.0},{"damage":9.0,"enemies":"Large Slime","floor":7.0,"turns":8.0},{"damage":1.0,"enemies":"Exordium Thugs","floor":10.0,"turns":4.0},{"damage":3.0,"enemies":"Lagavulin","floor":13.0,"turns":5.0},{"damage":0.0,"enemies":"Gremlin Gang","floor":14.0,"turns":2.0},{"damage":19.0,"enemies":"The Guardian","floor":16.0,"turns":11.0},{"damage":1.0,"enemies":"Chosen","floor":18.0,"turns":3.0},{"damage":9.0,"enemies":"2 Thieves","floor":20.0,"turns":4.0},{"damage":10.0,"enemies":"Snecko","floor":22.0,"turns":4.0},{"damage":10.0,"enemies":"Chosen and Byrds","floor":24.0,"turns":5.0},{"damage":16.0,"enemies":"Sentry and Sphere","floor":30.0,"turns":5.0},{"damage":10.0,"enemies":"Shelled Parasite and Fungi","floor":31.0,"turns":2.0},{"damage":34.0,"enemies":"Automaton","floor":33.0,"turns":8.0},{"damage":2.0,"enemies":"3 Shapes","floor":35.0,"turns":3.0},{"damage":64.0,"enemies":"2 Orb Walkers","floor":36.0,"turns":6.0},{"damage":7.0,"enemies":"3 Darklings","floor":38.0,"turns":3.0},{"damage":0.0,"enemies":"4 Shapes","floor":39.0,"turns":10.0},{"damage":11.0,"enemies":"Reptomancer","floor":41.0,"turns":7.0},{"damage":7.0,"enemies":"Writhing Mass","floor":44.0,"turns":8.0},{"damage":9.0,"enemies":"Jaw Worm Horde","floor":45.0,"turns":6.0},{"damage":10.0,"enemies":"4 Shapes","floor":46.0,"turns":9.0},{"damage":16.0,"enemies":"Transient","floor":48.0,"turns":5.0},{"damage":32,"enemies":"Time Eater","floor":50,"turns":10}],"seed_played":"6775395784067975111","potions_obtained":[{"floor":1.0,"key":"DistilledChaos"},{"floor":3.0,"key":"DuplicationPotion"},{"floor":14.0,"key":"Fruit Juice"},{"floor":16.0,"key":"Energy Potion"},{"floor":24.0,"key":"SkillPotion"},{"floor":33.0,"key":"ColorlessPotion"},{"floor":37.0,"key":"Poison Potion"},{"floor":37.0,"key":"Swift Potion"},{"floor":38.0,"key":"SpeedPotion"},{"floor":44.0,"key":"SteroidPotion"},{"floor":46.0,"key":"Poison Potion"}],"is_trial":false,"path_per_floor":["M","?","M","M","$","R","M","?","T","M","?","R","E","M","R","B",null,"M","?","M","?","M","R","M","R","T","R","?","R","M","M","R","B",null,"M","?","?","M","M","R","E","$","T","M","M","M","R","M","R","B",null],"character_chosen":"THE_SILENT","items_purchased":["DollysMirror","Pear","Snake Skull","FairyPotion"],"campfire_rested":6,"item_purchase_floors":[42,42,42,42],"current_hp_per_floor":[66,66,62,61,61,61,52,52,52,51,51,51,48,48,69,55,75,74,74,65,51,41,65,55,55,55,55,55,55,39,29,53,19,80,78,14,14,7,7,31,20,30,30,23,14,4,31,15,42,10],"gold":56,"neow_bonus":"REMOVE_TWO","is_daily":false,"chose_seed":false,"campfire_upgraded":5,"win_rate":0.0,"timestamp":1612705124,"path_taken":["M","?","M","?","?","R","M","?","T","?","?","R","E","M","R","BOSS","M","?","M","?","M","R","?","R","T","R","?","R","?","M","R","BOSS","M","?","?","M","M","R","E","$","T","M","?","M","R","M","R","BOSS"],"items_purchased_type":["Relic","Relic","Relic","Potion"],"build_version":"2020-12-22","purchased_purges":0,"victory":true,"max_hp_per_floor":[70,70,70,70,70,70,70,70,70,70,70,70,70,70,70,75,75,75,75,75,80,80,80,80,80,80,80,80,80,80,80,80,80,80,80,80,80,80,80,80,80,90,90,90,90,90,90,90,90,90],"card_choices":[{"not_picked":["Crippling Poison","Eviscerate"],"picked":"Accuracy","floor":1.0},{"not_picked":["Catalyst","Sucker Punch"],"picked":"Blade Dance","floor":3.0},{"not_picked":["Catalyst","Dagger Spray"],"picked":"Well Laid Plans","floor":4.0},{"not_picked":["Outmaneuver","PiercingWail"],"picked":"Cloak And Dagger","floor":7.0},{"not_picked":["Poisoned Stab","PiercingWail"],"picked":"Blade Dance","floor":10.0},{"not_picked":["Catalyst","Corpse Explosion"],"picked":"Distraction","floor":13.0},{"not_picked":["Dagger Spray","Flying Knee","Well Laid Plans"],"picked":"SKIP","floor":14.0},{"not_picked":["Unload","Doppelganger"],"picked":"Night Terror","floor":16.0},{"not_picked":["Catalyst"],"picked":"SKIP","floor":18.0},{"not_picked":["Calculated Gamble"],"picked":"SKIP","floor":20.0},{"not_picked":["Catalyst"],"picked":"SKIP","floor":22.0},{"not_picked":[],"picked":"Distraction+1","floor":24.0},{"not_picked":[],"picked":"Leg Sweep+1","floor":30.0},{"not_picked":["Eviscerate"],"picked":"SKIP","floor":31.0},{"not_picked":[],"picked":"Venomology","floor":33.0},{"not_picked":["Distraction"],"picked":"SKIP","floor":35.0},{"not_picked":[],"picked":"Quick Slash","floor":38.0},{"not_picked":[],"picked":"Cloak And Dagger","floor":39.0},{"not_picked":["Glass Knife"],"picked":"SKIP","floor":41.0},{"not_picked":[],"picked":"Slice+1","floor":44.0},{"not_picked":["Predator+1"],"picked":"SKIP","floor":45.0},{"not_picked":["Deadly Poison"],"picked":"SKIP","floor":46.0},{"not_picked":["Poisoned Stab"],"picked":"SKIP","floor":48.0}],"player_experience":81074,"relics_obtained":[{"floor":9.0,"key":"Art of War"},{"floor":13.0,"key":"Gremlin Horn"},{"floor":26.0,"key":"Boot"},{"floor":36.0,"key":"Du-Vu Doll"},{"floor":41.0,"key":"Vajra"},{"floor":43.0,"key":"HornCleat"}],"event_choices":[{"damage_healed":0.0,"max_hp_gain":0.0,"max_hp_loss":0.0,"gold_gain":0.0,"event_name":"Upgrade Shrine","player_choice":"Upgraded","floor":2.0,"gold_loss":0.0,"damage_taken":0.0,"cards_upgraded":["Neutralize"]},{"damage_healed":0.0,"max_hp_gain":0.0,"max_hp_loss":0.0,"gold_gain":0.0,"cards_transformed":["Strike_G"],"event_name":"Transmorgrifier","player_choice":"Transformed","floor":8.0,"gold_loss":0.0,"damage_taken":0.0,"cards_obtained":["Unload"]},{"damage_healed":0.0,"max_hp_gain":0.0,"max_hp_loss":0.0,"gold_gain":0.0,"event_name":"Liars Game","player_choice":"Ignored","floor":11.0,"gold_loss":0.0,"damage_taken":0.0},{"damage_healed":0.0,"max_hp_gain":0.0,"max_hp_loss":0.0,"gold_gain":99.0,"event_name":"Nest","player_choice":"Stole From Cult","floor":19.0,"gold_loss":0.0,"damage_taken":0.0},{"damage_healed":0.0,"max_hp_gain":5.0,"max_hp_loss":0.0,"gold_gain":0.0,"event_name":"Forgotten Altar","player_choice":"Shed Blood","floor":21.0,"gold_loss":0.0,"damage_taken":19.0},{"damage_healed":0.0,"max_hp_gain":0.0,"max_hp_loss":0.0,"gold_gain":0.0,"event_name":"Duplicator","player_choice":"Copied","floor":28.0,"gold_loss":0.0,"damage_taken":0.0,"cards_obtained":["Accuracy"]},{"damage_healed":0.0,"max_hp_gain":0.0,"max_hp_loss":0.0,"gold_gain":0.0,"event_name":"Mysterious Sphere","player_choice":"Fight","floor":36.0,"gold_loss":0.0,"damage_taken":0.0},{"damage_healed":0.0,"max_hp_gain":0.0,"max_hp_loss":0.0,"gold_gain":0.0,"event_name":"Lab","player_choice":"Got Potions","floor":37.0,"gold_loss":0.0,"damage_taken":0.0}],"is_beta":false,"boss_relics":[{"not_picked":["Tiny House","Runic Dome"],"picked":"Busted Crown"},{"not_picked":["Sozu","Calling Bell"],"picked":"SlaversCollar"}],"items_purged_floors":[],"is_endless":false,"potions_floor_spawned":[1,3,14,16,24,30,33,38,44,45,46],"ascension_level":2}}