{"host":"mo324zvkdr1xwprd","time":1612702674,"event":{"mods":["BaseMod","Better Note","BetterRewards","Hermit","Highlight Path","Hubris","Minty Spire (QoL Compilation)","Quick Restart","Rare Cards Sparkle","Shop Mod","StSLib","The Cursed","The Hierophant"],"gold_per_floor":[136,146,190,253,266,266,295,338,364,10,10,51,70,82,82,156,156,174,190,209,220,220,293,341,399,426,446,446,461,461,487,487,565,565,581,581,601,17,79,79,110,145,145,199,228,244,259,272,272,272,272,272,28,61,61],"floor_reached":56,"language":"ENG","playtime":4908,"items_purged":[],"score":2785,"play_id":"a2a52d80-95ad-4015-8637-d734f83d5014","local_time":"20210207125754","is_ascension_mode":true,"campfire_choices":[{"floor":6.0,"key":"REST"},{"floor":11.0,"key":"RECALL"},{"data":"TheCursedMod:SpitefulPray","floor":15.0,"key":"SMITH"},{"floor":28.0,"key":"REST"},{"floor":32.0,"key":"REST"},{"data":"TheCursedMod:VoidForm","floor":40.0,"key":"SMITH"},{"data":"TheCursedMod:SpitefulPray","floor":49,"key":"SMITH"},{"data":"TheCursedMod:SpitefulPlan","floor":52,"key":"SMITH"}],"circlet_count":0,"master_deck":["AscendersBane","HandOfGreed+1","TheCursedMod:Strike_TheCursed","TheCursedMod:Strike_TheCursed","TheCursedMod:Strike_TheCursed","TheCursedMod:Defend_TheCursed","TheCursedMod:Defend_TheCursed","TheCursedMod:Defend_TheCursed","TheCursedMod:Defend_TheCursed","TheCursedMod:CursedWand","TheCursedMod:CleanUpWorkshop","TheCursedMod:Dregs","TheCursedMod:CursedShiv","HandOfGreed","TheCursedMod:Stretching","Blind","TheCursedMod:SpitefulPlan+1","TheCursedMod:SurpriseAttack","TheCursedMod:TroublousMinions","TheCursedMod:Stretching","TheCursedMod:RapidMovement","TheCursedMod:CursedShiv","TheCursedMod:SoulReap","TheCursedMod:SpitefulPray+1","TheCursedMod:CursedBlade","TheCursedMod:HellfireBreathing","TheCursedMod:TacticalStrike","TheCursedMod:Stigma","TheCursedMod:TacticalStrike","TheCursedMod:ReleasedKnowledge","TheCursedMod:FuryStrike+1","TheCursedMod:SpitefulPray+1","TheCursedMod:SmokeScreen","TheCursedMod:TacticalStrike+1","TheCursedMod:SoulReap+1","TheCursedMod:CursedSpellbook","TheCursedMod:CircleOfFlame","TheCursedMod:LuckyCharm","TheCursedMod:CursedBoomerang+1","TheCursedMod:SoulReap+1","TheCursedMod:ShockAndAwe+1","TheCursedMod:SurpriseAttack+1","TheCursedMod:CursedSpellbook","TheCursedMod:HellsGateOpen","TheCursedMod:CursedBlade+1","TheCursedMod:StingEye+1","TheCursedMod:CursedAmulet+1","TheCursedMod:CursedStaff+1","TheCursedMod:SmokeScreen","Shame","TheCursedMod:VoidForm+1","TheCursedMod:CursedBlade+1","TheCursedMod:Stretching","TheCursedMod:HellfireBreathing","TheCursedMod:CursedShiv+1","TheCursedMod:Obscuration","TheCursedMod:DemonSword+1","TheCursedMod:SurpriseAttack+1","TheCursedMod:CursedShiv+1","TheCursedMod:DemonSword+1","TheCursedMod:RapidMovement+1","TheCursedMod:ReleasedStrength","TheCursedMod:CursedBlade+1","TheCursedMod:SmokeScreen","TheCursedMod:RapidMovement+1","TheCursedMod:LuckyCharm","TheCursedMod:SurpriseAttack+1","TheCursedMod:ReleasedStrength+1","TheCursedMod:LuckyCharm+1","TheCursedMod:CircleOfBlood","TheCursedMod:CursedBoomerang+1","TheCursedMod:TroublousMinions","TheCursedMod:CursedSpellbook+1","TheCursedMod:WearCloak","TheCursedMod:TroublousMinions+1","TheCursedMod:CursedBoomerang+1"],"relics":["TheCursedMod:BlackMagic101","Pen Nib","TheCursedMod:FourLeafCloverCharm","Prayer Wheel","Nunchaku","hubris:Zylophone","Bird Faced Urn","Molten Egg 2","TheCursedMod:CrystalBall","hubris:Stopwatch","Smiling Mask","Vajra","Juzu Bracelet","Happy Flower","Tiny Chest","hubris:SlimyHat","hubris:GrandSneckoEye","Ginger","hubris:SphereOfDissonance","Art of War","Unceasing Top","hubris:ToyBattleship","FossilizedHelix","Bottled Tornado","TungstenRod"],"acts_visited":["Exordium","TheCity","TheBeyond","TheEnding"],"potions_floor_usage":[],"damage_taken":[{"damage":0.0,"enemies":"Small Slimes","floor":1.0,"turns":3.0},{"damage":0.0,"enemies":"Jaw Worm","floor":2.0,"turns":2.0},{"damage":0.0,"enemies":"Cultist","floor":3.0,"turns":4.0},{"damage":0.0,"enemies":"Exordium Thugs","floor":4.0,"turns":2.0},{"damage":1.0,"enemies":"Blue Slaver","floor":5.0,"turns":2.0},{"damage":0.0,"enemies":"Gremlin Nob","floor":7.0,"turns":3.0},{"damage":0.0,"enemies":"Gremlin Gang","floor":8.0,"turns":2.0},{"damage":0.0,"enemies":"Lots of Slimes","floor":12.0,"turns":3.0},{"damage":0.0,"enemies":"2 Fungi Beasts","floor":13.0,"turns":1.0},{"damage":0.0,"enemies":"Blue Slaver","floor":14.0,"turns":1.0},{"damage":0.0,"enemies":"Slime Boss","floor":16.0,"turns":4.0},{"damage":0.0,"enemies":"Chosen","floor":18.0,"turns":2.0},{"damage":5.0,"enemies":"2 Thieves","floor":19.0,"turns":2.0},{"damage":18.0,"enemies":"Shelled Parasite and Fungi","floor":20.0,"turns":4.0},{"damage":0.0,"enemies":"Snake Plant","floor":21.0,"turns":2.0},{"damage":14.0,"enemies":"Slavers","floor":23.0,"turns":4.0},{"damage":66.0,"enemies":"Book of Stabbing","floor":25.0,"turns":5.0},{"damage":0.0,"enemies":"Snecko","floor":27.0,"turns":1.0},{"damage":17.0,"enemies":"Shelled Parasite and Fungi","floor":29.0,"turns":4.0},{"damage":43.0,"enemies":"Collector","floor":33.0,"turns":9.0},{"damage":5.0,"enemies":"3 Shapes","floor":35.0,"turns":2.0},{"damage":0.0,"enemies":"3 Darklings","floor":37.0,"turns":2.0},{"damage":0.0,"enemies":"4 Shapes","floor":39.0,"turns":3.0},{"damage":25,"enemies":"Nemesis","floor":41,"turns":5},{"damage":0,"enemies":"Maw","floor":42,"turns":5},{"damage":0,"enemies":"Giant Head","floor":45,"turns":6},{"damage":0,"enemies":"Jaw Worm Horde","floor":46,"turns":3},{"damage":0,"enemies":"Transient","floor":47,"turns":5},{"damage":0,"enemies":"Spire Growth","floor":48,"turns":2},{"damage":13,"enemies":"Time Eater","floor":50,"turns":9},{"damage":0,"enemies":"Shield and Spear","floor":54,"turns":3},{"damage":69,"enemies":"The Heart","floor":55,"turns":6}],"seed_played":"-6264720677072001466","potions_obtained":[{"floor":7.0,"key":"SteroidPotion"},{"floor":12.0,"key":"SpeedPotion"},{"floor":13.0,"key":"Strength Potion"},{"floor":14.0,"key":"ColorlessPotion"},{"floor":16.0,"key":"Fire Potion"},{"floor":18.0,"key":"FairyPotion"},{"floor":21.0,"key":"EssenceOfSteel"},{"floor":25.0,"key":"Strength Potion"},{"floor":33.0,"key":"Energy Potion"}],"is_trial":false,"path_per_floor":["M","M","M","M","M","R","E","M","T","$","R","M","M","M","R","B",null,"M","M","M","M","?","E","T","E","T","M","R","M","?","T","R","B",null,"M","?","M","$","M","R","E","M","T","T","E","M","M","M","R","B",null,"R","$","E","B",null],"character_chosen":"THE_CURSED","items_purchased":["Pen Nib","TheCursedMod:CursedShiv","TheCursedMod:CursedAmulet","TheCursedMod:HellsGateOpen","Nunchaku","HandOfGreed","TheCursedMod:Stretching","Blind","TheCursedMod:SpitefulPlan","TheCursedMod:SurpriseAttack","TheCursedMod:TroublousMinions","TheCursedMod:Stretching","SteroidPotion","TheCursedMod:CrystalBall","TheCursedMod:TacticalStrike+1","Ginger","hubris:SphereOfDissonance","TheCursedMod:CursedBlade+1","Bottled Tornado"],"campfire_rested":3,"item_purchase_floors":[0,0,0,0,0,0,0,0,0,0,0,0,0,10,10,38,38,38,53],"current_hp_per_floor":[22,24,31,38,37,58,60,60,60,60,60,71,71,71,71,71,71,71,66,66,71,71,68,68,4,4,4,25,24,24,24,45,28,60,66,66,68,68,71,71,48,71,71,71,71,71,71,71,71,66,70,70,70,71,6],"gold":61,"neow_bonus":"","is_daily":false,"chose_seed":false,"campfire_upgraded":4,"win_rate":0.0,"timestamp":1612702674,"path_taken":["M","M","M","M","M","R","E","M","T","$","R","M","M","M","R","BOSS","M","M","M","M","?","E","?","E","T","M","R","M","?","?","R","BOSS","M","?","M","$","M","R","E","M","T","?","E","M","M","M","R","BOSS","R","$","E","BOSS"],"items_purchased_type":["Relic","Card","Card","Card","Relic","Card","Card","Card","Card","Card","Card","Card","Potion","Relic","Card","Relic","Relic","Card","Relic"],"build_version":"2020-12-22","purchased_purges":0,"victory":true,"max_hp_per_floor":[71,71,71,71,71,71,71,71,71,71,71,71,71,71,71,71,71,71,71,71,71,71,71,71,71,71,71,71,71,71,71,71,71,71,71,71,71,71,71,71,71,71,71,71,71,71,71,71,71,71,71,71,71,71,71],"card_choices":[{"not_picked":["TheCursedMod:Stretching","TheCursedMod:Obscuration"],"picked":"TheCursedMod:RapidMovement","floor":1.0},{"not_picked":["TheCursedMod:DoubleShield","TheCursedMod:Wield"],"picked":"TheCursedMod:CursedShiv","floor":1.0},{"not_picked":["TheCursedMod:CircleOfWindfury","TheCursedMod:CursedShiv"],"picked":"TheCursedMod:SoulReap","floor":2.0},{"not_picked":["TheCursedMod:CursedBlade","TheCursedMod:SpreadPlague"],"picked":"TheCursedMod:SpitefulPray","floor":2.0},{"not_picked":["TheCursedMod:SpitefulStrike","TheCursedMod:RapidMovement"],"picked":"TheCursedMod:CursedBlade","floor":3.0},{"not_picked":["TheCursedMod:Evocation","TheCursedMod:CursedBlade"],"picked":"TheCursedMod:HellfireBreathing","floor":3.0},{"not_picked":["TheCursedMod:Torture","TheCursedMod:FleshFromBone"],"picked":"TheCursedMod:TacticalStrike","floor":4.0},{"not_picked":["TheCursedMod:Obscuration","TheCursedMod:RavingStaff"],"picked":"TheCursedMod:Stigma","floor":4.0},{"not_picked":["TheCursedMod:VitalStrike","TheCursedMod:EmpowerCircles"],"picked":"TheCursedMod:TacticalStrike","floor":5.0},{"not_picked":["TheCursedMod:SoulCrush","TheCursedMod:Mangle"],"picked":"TheCursedMod:ReleasedKnowledge","floor":5.0},{"not_picked":["TheCursedMod:VitalStrike+1","TheCursedMod:DarkBarrier"],"picked":"TheCursedMod:FuryStrike+1","floor":7.0},{"not_picked":["TheCursedMod:CircleOfAmplification","TheCursedMod:CursedMace+1"],"picked":"TheCursedMod:SpitefulPray","floor":8.0},{"not_picked":["TheCursedMod:TroublousMinions","TheCursedMod:SpitefulStrike+1"],"picked":"TheCursedMod:SmokeScreen","floor":8.0},{"not_picked":["TheCursedMod:CursedBoomerang+1","TheCursedMod:FleshFromBone"],"picked":"TheCursedMod:SoulReap+1","floor":12.0},{"not_picked":["TheCursedMod:CursedBlade+1","TheCursedMod:TroublousMinions"],"picked":"TheCursedMod:CursedSpellbook","floor":12.0},{"not_picked":["TheCursedMod:ReleasedKnowledge","TheCursedMod:RavingStaff+1"],"picked":"TheCursedMod:CircleOfFlame","floor":13.0},{"not_picked":["TheCursedMod:VitalStrike+1","TheCursedMod:Hemoplague"],"picked":"TheCursedMod:LuckyCharm","floor":13.0},{"not_picked":["TheCursedMod:RapidMovement","TheCursedMod:Wield+1"],"picked":"TheCursedMod:CursedBoomerang+1","floor":14.0},{"not_picked":["TheCursedMod:StingEye+1","TheCursedMod:SpitefulStrike+1"],"picked":"TheCursedMod:SoulReap+1","floor":14.0},{"not_picked":["TheCursedMod:Neurasthenia","TheCursedMod:ForbiddenAlchemy"],"picked":"TheCursedMod:ShockAndAwe+1","floor":16.0},{"not_picked":["TheCursedMod:RavingStaff+1","TheCursedMod:Grudge+1"],"picked":"TheCursedMod:SurpriseAttack+1","floor":18.0},{"not_picked":["TheCursedMod:VitalStrike+1","TheCursedMod:Stretching"],"picked":"TheCursedMod:CursedSpellbook","floor":18.0},{"not_picked":["TheCursedMod:EmpowerCircles","TheCursedMod:SpitefulPlan"],"picked":"TheCursedMod:HellsGateOpen","floor":19.0},{"not_picked":["TheCursedMod:PrepareRite","TheCursedMod:CursedSpellbook"],"picked":"TheCursedMod:CursedBlade+1","floor":19.0},{"not_picked":["TheCursedMod:VitalStrike+1","TheCursedMod:AshesToAshes"],"picked":"TheCursedMod:StingEye+1","floor":20.0},{"not_picked":["TheCursedMod:Evocation","TheCursedMod:SpreadPlague"],"picked":"TheCursedMod:CursedAmulet+1","floor":20.0},{"not_picked":["TheCursedMod:TacticalStrike+1","TheCursedMod:Torture"],"picked":"TheCursedMod:CursedStaff+1","floor":21.0},{"not_picked":["TheCursedMod:Mangle+1","TheCursedMod:ManaCirculation"],"picked":"TheCursedMod:SmokeScreen","floor":21.0},{"not_picked":["TheCursedMod:CursedBoomerang+1","TheCursedMod:CircleOfBlood"],"picked":"TheCursedMod:VoidForm","floor":23.0},{"not_picked":["TheCursedMod:Stretching","TheCursedMod:CircleOfFocus"],"picked":"TheCursedMod:CursedBlade+1","floor":25.0},{"not_picked":["TheCursedMod:Mangle+1","TheCursedMod:AshesToAshes"],"picked":"TheCursedMod:Stretching","floor":27.0},{"not_picked":["TheCursedMod:CursedMace+1","TheCursedMod:VitalStrike+1"],"picked":"TheCursedMod:HellfireBreathing","floor":27.0},{"not_picked":["TheCursedMod:HellsGateOpen","TheCursedMod:CircleOfCorruption"],"picked":"TheCursedMod:CursedShiv+1","floor":29.0},{"not_picked":["TheCursedMod:Evocation","TheCursedMod:CircleOfFlame"],"picked":"TheCursedMod:Obscuration","floor":29.0},{"not_picked":["TheCursedMod:VoidForm","TheCursedMod:StunningStrike+1"],"picked":"TheCursedMod:DemonSword+1","floor":33.0},{"not_picked":["TheCursedMod:FuryStrike+1","TheCursedMod:CircleOfAmplification"],"picked":"TheCursedMod:SurpriseAttack+1","floor":35.0},{"not_picked":["TheCursedMod:ManaBullet+1","TheCursedMod:VitalStrike+1"],"picked":"TheCursedMod:CursedShiv+1","floor":35.0},{"not_picked":["TheCursedMod:CursedShiv+1","TheCursedMod:CircleOfFocus"],"picked":"TheCursedMod:RapidMovement+1","floor":37.0},{"not_picked":["TheCursedMod:CursedMace+1","TheCursedMod:CircleOfCorruption"],"picked":"TheCursedMod:ReleasedStrength","floor":37.0},{"not_picked":["TheCursedMod:Stigma+1","TheCursedMod:CursedStaff+1"],"picked":"TheCursedMod:SmokeScreen","floor":39.0},{"not_picked":["TheCursedMod:TacticalStrike+1","TheCursedMod:BloodBarrier"],"picked":"TheCursedMod:RapidMovement+1","floor":39.0},{"not_picked":["TheCursedMod:HellfireBreathing","TheCursedMod:Grudge"],"picked":"TheCursedMod:LuckyCharm","floor":41},{"not_picked":["TheCursedMod:CursedBoomerang+1","TheCursedMod:ShockAndAwe+1"],"picked":"TheCursedMod:SurpriseAttack+1","floor":42},{"not_picked":["TheCursedMod:ReleasedKnowledge","TheCursedMod:CursedStaff+1"],"picked":"TheCursedMod:ReleasedStrength+1","floor":42},{"not_picked":["TheCursedMod:SpitefulPlan","TheCursedMod:RavingStaff+1"],"picked":"TheCursedMod:LuckyCharm+1","floor":45},{"not_picked":["TheCursedMod:PrepareRite+1","TheCursedMod:Wield+1"],"picked":"TheCursedMod:CircleOfBlood","floor":46},{"not_picked":["TheCursedMod:Hemoplague","TheCursedMod:VitalStrike+1"],"picked":"TheCursedMod:CursedBoomerang+1","floor":46},{"not_picked":["TheCursedMod:CircleOfCorruption+1","TheCursedMod:LuckyCharm"],"picked":"TheCursedMod:TroublousMinions","floor":47},{"not_picked":["TheCursedMod:SoulCrush+1","TheCursedMod:Grudge"],"picked":"TheCursedMod:CursedSpellbook+1","floor":47},{"not_picked":["TheCursedMod:Stretching","TheCursedMod:CircleOfFocus"],"picked":"TheCursedMod:WearCloak","floor":48},{"not_picked":["TheCursedMod:SoulCrush+1","TheCursedMod:CircleOfCorruption"],"picked":"TheCursedMod:TroublousMinions+1","floor":48},{"not_picked":["TheCursedMod:SoulCrush+1","TheCursedMod:FuryStrike+1"],"picked":"TheCursedMod:CursedBoomerang+1","floor":54}],"player_experience":501711,"relics_obtained":[{"floor":7.0,"key":"Molten Egg 2"},{"floor":23.0,"key":"Vajra"},{"floor":24.0,"key":"Juzu Bracelet"},{"floor":25.0,"key":"Happy Flower"},{"floor":26.0,"key":"Tiny Chest"},{"floor":31.0,"key":"hubris:SlimyHat"},{"floor":41,"key":"Art of War"},{"floor":43,"key":"Unceasing Top"},{"floor":44,"key":"hubris:ToyBattleship"},{"floor":45,"key":"FossilizedHelix"},{"floor":54,"key":"TungstenRod"}],"event_choices":[{"damage_healed":0.0,"max_hp_gain":0.0,"max_hp_loss":0.0,"gold_gain":0.0,"event_name":"Addict","player_choice":"Stole Relic","floor":22.0,"gold_loss":0.0,"damage_taken":0.0,"relics_obtained":["Smiling Mask"],"cards_obtained":["Shame"]},{"damage_healed":0.0,"max_hp_gain":0.0,"max_hp_loss":0.0,"gold_gain":0.0,"event_name":"Fountain of Cleansing","player_choice":"Ignored","floor":30.0,"gold_loss":0.0,"damage_taken":0.0},{"damage_healed":0.0,"max_hp_gain":0.0,"max_hp_loss":0.0,"gold_gain":0.0,"event_name":"Duplicator","player_choice":"Copied","floor":36.0,"gold_loss":0.0,"damage_taken":0.0,"cards_obtained":["TheCursedMod:DemonSword"]}],"is_beta":false,"boss_relics":[{"not_picked":["Busted Crown","Philosopher\u0027s Stone"],"picked":"hubris:Stopwatch"},{"not_picked":["SacredBark","hubris:BlackHole"],"picked":"hubris:GrandSneckoEye"}],"items_purged_floors":[],"is_endless":false,"potions_floor_spawned":[7,8,12,13,14,16,18,21,25,33,41,42,45,48],"ascension_level":15}}