{"host":"jpcy2bclvs7juczu","time":1612669200,"event":{"mods":["Alarm Clock","BaseMod","Bestiary","Block Reminder","Colored Map","Colored Powertips","Current Relic Mod","Curses Come First","Dark Map","Filter the Spire","Minty Spire (QoL Compilation)","Quick Restart","RNG Fix","Relic Stats","Slay the Relics Exporter","Smile Girya","StSLib","everything is the same but u backflip on backflip","ojb\u0027s Better Paths Mod","ojb\u0027s Info Mod","slay the spire mod where everything is the same but ironclad has a cowboy hat"],"gold_per_floor":[110,122,18,35,50,50,50],"floor_reached":6,"language":"ENG","playtime":301,"items_purged":[],"score":76,"play_id":"f0bae906-0ab7-4afd-8493-de9852c2f855","local_time":"20210206224000","is_ascension_mode":true,"campfire_choices":[],"circlet_count":0,"master_deck":["AscendersBane","Strike_B","Strike_B","Strike_B","Strike_B","Defend_B","Defend_B","Defend_B","Defend_B","Zap","Dualcast","Scrape","Compile Driver","Genetic Algorithm","Self Repair"],"relics":["Nuclear Battery"],"acts_visited":["Exordium"],"potions_floor_usage":[],"damage_taken":[{"damage":2,"enemies":"Cultist","floor":1,"turns":4},{"damage":5,"enemies":"Small Slimes","floor":2,"turns":4},{"damage":4,"enemies":"Jaw Worm","floor":4,"turns":5},{"damage":16,"enemies":"Large Slime","floor":5,"turns":6},{"damage":51,"enemies":"Lagavulin","floor":6,"turns":8}],"seed_played":"-6085649917198643003","potions_obtained":[{"floor":1,"key":"PotionOfCapacity"}],"is_trial":false,"path_per_floor":["M","M","$","M","M","E"],"character_chosen":"DEFECT","items_purchased":["Compile Driver","Genetic Algorithm"],"campfire_rested":0,"item_purchase_floors":[3,3],"current_hp_per_floor":[62,57,57,53,37,0,0],"gold":50,"neow_bonus":"BOSS_RELIC","is_daily":false,"chose_seed":false,"campfire_upgraded":0,"win_rate":0.0,"timestamp":1612669200,"path_taken":["M","M","$","M","M","E"],"items_purchased_type":["Card","Card"],"build_version":"2020-12-22","purchased_purges":0,"victory":false,"max_hp_per_floor":[71,71,71,71,71,71,71],"relic_stats":{"counters":[5,27],"obtain_stats":[{"Cracked Core":0,"Nuclear Battery":0},{"Cracked Core":0,"Nuclear Battery":0},{"Cracked Core":0,"Nuclear Battery":0}]},"card_choices":[{"not_picked":["Turbo","Hologram","Coolheaded"],"picked":"SKIP","floor":1},{"not_picked":["Static Discharge","Storm"],"picked":"Scrape","floor":2},{"not_picked":["Rebound","Hello World","Redo"],"picked":"SKIP","floor":4},{"not_picked":["Compile Driver","Hologram"],"picked":"Self Repair","floor":5}],"player_experience":1591256,"relics_obtained":[],"event_choices":[],"is_beta":false,"boss_relics":[],"items_purged_floors":[],"is_endless":false,"potions_floor_spawned":[1],"killed_by":"Lagavulin","ascension_level":20}}