{"host":"gaqyve1328ta0etl","time":1612696174,"event":{"mods":["BaseMod","Colored Map","Colored Powertips","Duelist Mod","Googly Eyes","Hero for Fun","Minty Spire (QoL Compilation)","Shop Mod","StSLib","SuperFastMode","The Hierophant","The Runesmith"],"gold_per_floor":[115,115,115,115,129,129,146,157,157,111,124,153,170,22,22,22,22],"floor_reached":16,"language":"ENG","playtime":487,"items_purged":["Strike_R"],"score":163,"play_id":"9f9a2b6b-e53b-4c1d-b74f-9e8335f0a2a7","local_time":"20210207030934","is_ascension_mode":true,"campfire_choices":[{"data":"Entrench","floor":6,"key":"SMITH"},{"floor":15,"key":"REST"}],"circlet_count":0,"master_deck":["AscendersBane","Strike_R","Strike_R","Strike_R","Strike_R","Defend_R","Defend_R","Defend_R","Defend_R","Bash","Twin Strike+1","Entrench+1","Pommel Strike","Disarm","Headbutt","Fire Breathing"],"relics":["Burning Blood","NeowsBlessing","Kunai","Ginger"],"acts_visited":["Exordium"],"potions_floor_usage":[12,13,16,16],"damage_taken":[{"damage":0,"enemies":"Small Slimes","floor":1,"turns":1},{"damage":0,"enemies":"2 Louse","floor":5,"turns":1},{"damage":0,"enemies":"Cultist","floor":7,"turns":1},{"damage":8,"enemies":"Exordium Wildlife","floor":8,"turns":6},{"damage":7,"enemies":"Blue Slaver","floor":11,"turns":3},{"damage":44,"enemies":"Lagavulin","floor":12,"turns":7},{"damage":15,"enemies":"Lots of Slimes","floor":13,"turns":4},{"damage":64,"enemies":"Slime Boss","floor":16,"turns":9}],"seed_played":"-5569073947323389934","potions_obtained":[{"floor":7,"key":"LiquidBronze"},{"floor":11,"key":"LiquidMemories"},{"floor":12,"key":"Swift Potion"},{"floor":13,"key":"Block Potion"}],"is_trial":false,"path_per_floor":["M","?","?","?","M","R","M","M","T","?","M","E","M","$","R","B"],"character_chosen":"IRONCLAD","items_purchased":["Fire Breathing"],"campfire_rested":1,"item_purchase_floors":[14],"current_hp_per_floor":[78,78,83,83,85,85,85,83,83,83,82,44,35,35,60,0,0],"gold":22,"neow_bonus":"THREE_ENEMY_KILL","is_daily":false,"chose_seed":false,"campfire_upgraded":1,"win_rate":0.0,"timestamp":1612696174,"path_taken":["M","?","?","?","?","R","M","M","T","?","M","E","M","?","R","BOSS"],"items_purchased_type":["Card"],"build_version":"2020-12-22","purchased_purges":1,"victory":false,"max_hp_per_floor":[80,80,85,85,85,85,85,85,85,85,85,85,85,85,85,85,85],"card_choices":[{"not_picked":["True Grit","Flame Barrier"],"picked":"Twin Strike","floor":1},{"not_picked":["Dark Embrace","Reckless Charge"],"picked":"Entrench","floor":5},{"not_picked":["Entrench","Dual Wield"],"picked":"Pommel Strike","floor":7},{"not_picked":["Thunderclap","Havoc"],"picked":"Disarm","floor":8},{"not_picked":["Uppercut","Anger"],"picked":"Headbutt","floor":11},{"not_picked":["Shockwave","Corruption","Heavy Blade"],"picked":"SKIP","floor":12},{"not_picked":["Sword Boomerang","Wild Strike","Sever Soul"],"picked":"SKIP","floor":13}],"player_experience":2098141,"relics_obtained":[{"floor":9,"key":"Kunai"},{"floor":12,"key":"Ginger"}],"event_choices":[{"damage_healed":0,"gold_gain":0,"player_choice":"Ignored","damage_taken":0,"max_hp_gain":0,"max_hp_loss":0,"event_name":"Liars Game","floor":2,"gold_loss":0},{"damage_healed":0,"gold_gain":0,"player_choice":"Donut","damage_taken":0,"max_hp_gain":5,"max_hp_loss":0,"event_name":"Big Fish","floor":3,"gold_loss":0},{"damage_healed":0,"gold_gain":0,"player_choice":"Forge","damage_taken":0,"max_hp_gain":0,"max_hp_loss":0,"event_name":"Accursed Blacksmith","floor":4,"gold_loss":0,"cards_upgraded":["Twin Strike"]},{"damage_healed":0,"gold_gain":0,"player_choice":"Left Gold","damage_taken":0,"max_hp_gain":0,"max_hp_loss":0,"event_name":"World of Goop","floor":10,"gold_loss":46}],"is_beta":false,"boss_relics":[],"items_purged_floors":[14],"is_endless":false,"potions_floor_spawned":[7,11,12,13],"killed_by":"Slime Boss","ascension_level":12}}