{"host":"gobyjzz6xbwq9f9i","time":1612727977,"event":{"mods":["AchievementEnabler","BaseMod","Bestiary","Colored Map","Minty Spire (QoL Compilation)","Relic Stats"],"gold_per_floor":[366,366,383,19,34,59,73,84,164,179,179,194,213,243,243,341,341,357,105,119,134,145,145,145,145,214,246,258,183,212,230,230,327,327,340,340,358,75,94,123,152,152,176,205,205,234,266,279,279,279],"floor_reached":51,"language":"ENG","playtime":4347,"items_purged":["Injury","Strike_G"],"score":1352,"play_id":"cd579984-3136-4116-8739-f994f525a5cd","local_time":"20210207115937","is_ascension_mode":true,"campfire_choices":[{"data":"Blade Dance","floor":11.0,"key":"SMITH"},{"data":"Footwork","floor":15.0,"key":"SMITH"},{"floor":23.0,"key":"RECALL"},{"floor":32,"key":"REST"},{"floor":42,"key":"REST"},{"floor":45,"key":"REST"},{"floor":49,"key":"REST"}],"circlet_count":0,"master_deck":["AscendersBane","Strike_G","Strike_G","Defend_G","Defend_G","Defend_G","Defend_G","Defend_G","Survivor","Neutralize","Quick Slash+1","Poisoned Stab","Blade Dance+1","Footwork+1","Backflip","PiercingWail","Dodge and Roll","Blade Dance","Escape Plan","Deflect","After Image","Accuracy","Blade Dance","Well Laid Plans","Noxious Fumes","Accuracy","Secret Technique","Calculated Gamble","Infinite Blades+1","Burst","Blade Dance+1","Calculated Gamble+1"],"relics":["Ring of the Snake","Ninja Scroll","Unceasing Top","Eternal Feather","Gambling Chip","Fusion Hammer","Pen Nib","Strawberry","The Specimen","Mango","Black Star","Kunai","Pantograph","WingedGreaves","White Beast Statue","InkBottle","Lantern","Bronze Scales","Akabeko","Bag of Marbles","Ice Cream","Art of War","Lizard Tail"],"acts_visited":["Exordium","TheCity","TheBeyond"],"potions_floor_usage":[30,33,39,46,50,50,50],"damage_taken":[{"damage":1.0,"enemies":"Small Slimes","floor":1.0,"turns":5.0},{"damage":0.0,"enemies":"Cultist","floor":3.0,"turns":3.0},{"damage":0.0,"enemies":"2 Louse","floor":5.0,"turns":2.0},{"damage":10.0,"enemies":"Gremlin Nob","floor":6.0,"turns":4.0},{"damage":4.0,"enemies":"2 Fungi Beasts","floor":7.0,"turns":2.0},{"damage":0.0,"enemies":"Gremlin Gang","floor":8.0,"turns":5.0},{"damage":0.0,"enemies":"Large Slime","floor":10.0,"turns":6.0},{"damage":0.0,"enemies":"Looter","floor":12.0,"turns":3.0},{"damage":0.0,"enemies":"3 Louse","floor":13.0,"turns":3.0},{"damage":4.0,"enemies":"3 Sentries","floor":14.0,"turns":7.0},{"damage":51.0,"enemies":"Hexaghost","floor":16.0,"turns":16.0},{"damage":0.0,"enemies":"Spheric Guardian","floor":18.0,"turns":4.0},{"damage":0.0,"enemies":"Chosen","floor":20.0,"turns":4.0},{"damage":1.0,"enemies":"Centurion and Healer","floor":21.0,"turns":6.0},{"damage":0.0,"enemies":"Chosen and Byrds","floor":22.0,"turns":3.0},{"damage":0,"enemies":"Book of Stabbing","floor":27,"turns":5},{"damage":0,"enemies":"Cultist and Chosen","floor":28,"turns":6},{"damage":8,"enemies":"Slavers","floor":30,"turns":5},{"damage":3,"enemies":"Centurion and Healer","floor":31,"turns":6},{"damage":30,"enemies":"Champ","floor":33,"turns":15},{"damage":8,"enemies":"3 Shapes","floor":35,"turns":5},{"damage":0,"enemies":"Orb Walker","floor":37,"turns":2},{"damage":3,"enemies":"3 Darklings","floor":39,"turns":7},{"damage":9,"enemies":"Giant Head","floor":40,"turns":8},{"damage":25,"enemies":"Reptomancer","floor":41,"turns":7},{"damage":0,"enemies":"Giant Head","floor":44,"turns":6},{"damage":9,"enemies":"Nemesis","floor":46,"turns":7},{"damage":7,"enemies":"Giant Head","floor":47,"turns":4},{"damage":0,"enemies":"Transient","floor":48,"turns":5},{"damage":20,"enemies":"Donu and Deca","floor":50,"turns":7}],"seed_played":"4105956713828948262","potions_obtained":[{"floor":3.0,"key":"Poison Potion"},{"floor":6.0,"key":"DistilledChaos"},{"floor":10.0,"key":"Energy Potion"},{"floor":12.0,"key":"ColorlessPotion"},{"floor":13.0,"key":"Ancient Potion"},{"floor":18.0,"key":"Energy Potion"},{"floor":28,"key":"ColorlessPotion"},{"floor":30,"key":"SkillPotion"},{"floor":31,"key":"Ancient Potion"},{"floor":35,"key":"Block Potion"},{"floor":39,"key":"LiquidBronze"},{"floor":44,"key":"Weak Potion"},{"floor":46,"key":"BlessingOfTheForge"},{"floor":48,"key":"FearPotion"}],"is_trial":false,"path_per_floor":["M","?","M","$","M","E","M","M","T","M","R","M","M","E","R","B",null,"M","$","M","M","M","R","?","?","T","E","M","?","E","M","R","B",null,"M","?","M","$","M","E","E","R","T","E","R","E","E","M","R","B",null],"character_chosen":"THE_SILENT","items_purchased":["Ninja Scroll","Blade Dance","Pen Nib","Kunai","Calculated Gamble"],"campfire_rested":4,"item_purchase_floors":[4,4,19,38,38],"current_hp_per_floor":[62,62,62,62,62,52,48,48,48,48,60,60,60,56,68,17,57,57,57,57,56,56,70,77,77,77,77,77,77,83,80,91,61,84,76,76,76,76,73,64,39,81,81,81,91,82,75,75,91,71],"gold":279,"neow_bonus":"TWO_FIFTY_GOLD","is_daily":false,"chose_seed":false,"campfire_upgraded":2,"win_rate":0.0,"timestamp":1612727977,"path_taken":["M","?","M","$","M","E","M","?","T","M","R","?","M","E","R","BOSS","M","$","M","M","M","R","?","?","T","E","?","?","E","M","R","BOSS","M","?","M","$","M","E","E","R","T","E","R","E","E","M","R","BOSS"],"items_purchased_type":["Relic","Card","Relic","Relic","Card"],"build_version":"2020-12-22","purchased_purges":2,"victory":true,"max_hp_per_floor":[70,70,70,70,70,70,70,70,70,70,70,70,70,70,70,70,70,70,70,70,70,70,70,77,77,77,77,77,77,91,91,91,91,91,91,91,91,91,91,91,91,91,91,91,91,91,91,91,91,91],"relic_stats":{"counters":[30,168],"Eternal Feather":90,"Pen Nib":[45],"Lizard Tail":0,"Gambling Chip":[118],"Pantograph":0,"Bronze Scales":[60],"Black Star":5,"Art of War":[0],"Kunai":[65],"obtain_stats":[{"Ice Cream":46,"Lantern":43,"The Specimen":27,"Eternal Feather":9,"Mango":30,"Pen Nib":19,"White Beast Statue":41,"Akabeko":44,"Lizard Tail":47,"Ninja Scroll":4,"Gambling Chip":14,"Strawberry":24,"Pantograph":40,"Bronze Scales":44,"Fusion Hammer":17,"WingedGreaves":40,"Black Star":34,"Bag of Marbles":46,"Art of War":47,"Kunai":38,"Unceasing Top":6,"InkBottle":41,"Ring of the Snake":0},{"Ice Cream":27,"Lantern":25,"The Specimen":16,"Eternal Feather":6,"Mango":18,"Pen Nib":12,"White Beast Statue":25,"Akabeko":26,"Lizard Tail":28,"Ninja Scroll":2,"Gambling Chip":10,"Strawberry":15,"Pantograph":24,"Bronze Scales":26,"Fusion Hammer":11,"WingedGreaves":24,"Black Star":20,"Bag of Marbles":27,"Art of War":28,"Kunai":22,"Unceasing Top":4,"InkBottle":25,"Ring of the Snake":0},{"Ice Cream":152,"Lantern":139,"The Specimen":78,"Eternal Feather":21,"Mango":89,"Pen Nib":60,"White Beast Statue":139,"Akabeko":145,"Lizard Tail":156,"Ninja Scroll":8,"Gambling Chip":40,"Strawberry":73,"Pantograph":132,"Bronze Scales":145,"Fusion Hammer":56,"WingedGreaves":132,"Black Star":110,"Bag of Marbles":152,"Art of War":156,"Kunai":117,"Unceasing Top":14,"InkBottle":139,"Ring of the Snake":0}],"Unceasing Top":[9],"InkBottle":[27],"Ring of the Snake":[60]},"card_choices":[{"not_picked":["Dodge and Roll","Sucker Punch"],"picked":"Quick Slash","floor":1.0},{"not_picked":["Sucker Punch","Masterful Stab"],"picked":"Poisoned Stab","floor":3.0},{"not_picked":["Well Laid Plans","Dagger Spray"],"picked":"Footwork","floor":5.0},{"not_picked":["Outmaneuver","Dodge and Roll"],"picked":"Backflip","floor":6.0},{"not_picked":["Distraction","Cloak And Dagger","Quick Slash"],"picked":"SKIP","floor":7.0},{"not_picked":["Endless Agony","Flying Knee"],"picked":"PiercingWail","floor":8.0},{"not_picked":["Cloak And Dagger","Expertise"],"picked":"Dodge and Roll","floor":10.0},{"not_picked":["Grand Finale","Deadly Poison"],"picked":"Blade Dance","floor":12.0},{"not_picked":["Bane","Setup"],"picked":"Escape Plan","floor":13.0},{"not_picked":["Deadly Poison","Sucker Punch"],"picked":"Deflect","floor":14.0},{"not_picked":["Wraith Form v2","Storm of Steel"],"picked":"After Image","floor":16.0},{"not_picked":["Underhanded Strike","Slice+1","Cloak And Dagger"],"picked":"SKIP","floor":18.0},{"not_picked":["Footwork","Cloak And Dagger"],"picked":"Accuracy","floor":20.0},{"not_picked":["Quick Slash","PiercingWail"],"picked":"Blade Dance","floor":21.0},{"not_picked":["Poisoned Stab","Outmaneuver+1","Cloak And Dagger"],"picked":"SKIP","floor":22.0},{"not_picked":["Expertise","Bane"],"picked":"Well Laid Plans","floor":27},{"not_picked":["Acrobatics","Masterful Stab+1"],"picked":"Noxious Fumes","floor":28},{"not_picked":["Bouncing Flask","A Thousand Cuts"],"picked":"Accuracy","floor":30},{"not_picked":["Quick Slash","Bane","Flying Knee"],"picked":"SKIP","floor":31},{"not_picked":["Heel Hook+1","Bouncing Flask","Prepared"],"picked":"SKIP","floor":35},{"not_picked":["The Bomb","Enlightenment"],"picked":"Secret Technique","floor":36},{"not_picked":["Cloak And Dagger","Deflect+1","Eviscerate"],"picked":"SKIP","floor":37},{"not_picked":["Flying Knee+1","Dodge and Roll","Setup"],"picked":"SKIP","floor":39},{"not_picked":["Deadly Poison+1","Riddle With Holes+1","Dash"],"picked":"SKIP","floor":40},{"not_picked":["Accuracy","Deadly Poison"],"picked":"Infinite Blades+1","floor":41},{"not_picked":["Skewer+1","Dagger Throw"],"picked":"Burst","floor":44},{"not_picked":["Backflip+1","Footwork+1"],"picked":"Blade Dance+1","floor":46},{"not_picked":["Dodge and Roll","Poisoned Stab+1","Sucker Punch"],"picked":"SKIP","floor":47},{"not_picked":["Noxious Fumes","Bane+1"],"picked":"Calculated Gamble+1","floor":48}],"player_experience":1302340,"relics_obtained":[{"floor":6.0,"key":"Unceasing Top"},{"floor":9.0,"key":"Eternal Feather"},{"floor":14.0,"key":"Gambling Chip"},{"floor":27,"key":"The Specimen"},{"floor":30,"key":"Mango"},{"floor":40,"key":"Pantograph"},{"floor":40,"key":"WingedGreaves"},{"floor":41,"key":"White Beast Statue"},{"floor":41,"key":"InkBottle"},{"floor":43,"key":"Lantern"},{"floor":44,"key":"Bronze Scales"},{"floor":44,"key":"Akabeko"},{"floor":46,"key":"Bag of Marbles"},{"floor":46,"key":"Ice Cream"},{"floor":47,"key":"Art of War"},{"floor":47,"key":"Lizard Tail"}],"event_choices":[{"damage_healed":0.0,"max_hp_gain":0.0,"max_hp_loss":0.0,"gold_gain":0.0,"event_name":"Accursed Blacksmith","player_choice":"Forge","floor":2.0,"gold_loss":0.0,"damage_taken":0.0,"cards_upgraded":["Quick Slash"]},{"damage_healed":0.0,"max_hp_gain":0.0,"max_hp_loss":0.0,"gold_gain":0.0,"event_name":"The Mausoleum","player_choice":"Opened","floor":24.0,"gold_loss":0.0,"damage_taken":0.0,"relics_obtained":["Strawberry"]},{"cards_removed":["Strike_G"],"damage_healed":0.0,"max_hp_gain":0.0,"max_hp_loss":0.0,"gold_gain":0.0,"event_name":"Bonfire Elementals","player_choice":"Offered Basic","floor":25.0,"gold_loss":0.0,"damage_taken":0.0},{"cards_removed":["Strike_G"],"damage_healed":0,"gold_gain":0,"player_choice":"Gave Gold","damage_taken":0,"max_hp_gain":0,"max_hp_loss":0,"event_name":"Beggar","floor":29,"gold_loss":75},{"damage_healed":0,"gold_gain":0,"player_choice":"Memory 1","damage_taken":0,"max_hp_gain":0,"max_hp_loss":0,"event_name":"SensoryStone","floor":36,"gold_loss":0}],"is_beta":false,"boss_relics":[{"not_picked":["Busted Crown","SlaversCollar"],"picked":"Fusion Hammer"},{"not_picked":["Runic Dome","Philosopher\u0027s Stone"],"picked":"Black Star"}],"items_purged_floors":[4,19],"is_endless":false,"potions_floor_spawned":[3,6,10,12,13,18,28,30,31,35,39,44,46,47,48],"ascension_level":10}}