{"host":"am0cr9xwekqmrere","time":1612727010,"event":{"mods":["AchievementEnabler","Act Like it!","BaseMod","Better Altar","Better Match","Better Note","Better Sensory Stone","Better Skull","Better Third Choice","BetterRewards","Conspire","Downfall","Hubris","Infinite Spire","Minty Spire (QoL Compilation)","Rare Cards Sparkle","Spicy Shops","StSLib","Unceasing Turn Reminder"],"gold_per_floor":[99,113,113,113,113,113,113,128,144,163,2,14,41,41,58,163,163,63,80,80,90,90,90,90],"floor_reached":22,"language":"ENG","playtime":849,"items_purged":[],"score":186,"play_id":"fcde04b5-b073-41f3-a953-745d6de8c9d5","local_time":"20210207134330","is_ascension_mode":false,"campfire_choices":[{"data":"bronze:Replicate","floor":1.0,"key":"SMITH"},{"data":"bronze:Goto","floor":6.0,"key":"SMITH"},{"data":"Mind Blast","floor":18,"key":"SMITH"}],"circlet_count":0,"master_deck":["bronze:Strike+1","bronze:Strike+1","bronze:Strike+1","bronze:Strike","bronze:Defend","bronze:Defend","bronze:Defend","bronze:Defend","bronze:Replicate+1","bronze:Goto+1","bronze:Overheat","downfall:Malfunctioning","bronze:Deprecate","bronze:Invalidate","bronze:ForLoop","bronze:Repulsor","bronze:AlphaBuild","bronze:WildBeam","bronze:CutThrough","Mind Blast+1","bronze:NullPointer","bronze:Format","bronze:Philosophize+1","bronze:DarkDash+1","bronze:FineTuning"],"relics":["bronze:BronzeCore","hubris:CrystalStatue","hubris:SphereOfDissonance","SacredBark","downfall:HeartBlessingGreen"],"acts_visited":["Exordium","TheCity"],"potions_floor_usage":[16],"damage_taken":[{"damage":5.0,"enemies":"Small Slimes","floor":2.0,"turns":3.0},{"damage":2.0,"enemies":"conspire:RoseBush","floor":8.0,"turns":3.0},{"damage":0.0,"enemies":"2 Louse","floor":9.0,"turns":2.0},{"damage":1.0,"enemies":"Exordium Thugs","floor":10.0,"turns":2.0},{"damage":0.0,"enemies":"downfall:FleeingMerchant","floor":11.0,"turns":4.0},{"damage":3.0,"enemies":"2 Fungi Beasts","floor":12.0,"turns":4.0},{"damage":28.0,"enemies":"Lagavulin","floor":13.0,"turns":6.0},{"damage":1.0,"enemies":"Exordium Wildlife","floor":15.0,"turns":2.0},{"damage":25,"enemies":"SI_SHIV_ARCHETYPE","floor":16,"turns":7},{"damage":0,"enemies":"conspire:FuzzyDice","floor":19,"turns":6},{"damage":0,"enemies":"Chosen","floor":20,"turns":1},{"damage":32,"enemies":"Centurion and Healer","floor":21,"turns":7},{"damage":48,"enemies":"Chosen and Byrds","floor":22,"turns":4}],"seed_played":"1808406091225009825","potions_obtained":[{"floor":2.0,"key":"EssenceOfSteel"},{"floor":8.0,"key":"Explosive Potion"},{"floor":15.0,"key":"bronze:CleanCodePotion"},{"floor":16,"key":"Dexterity Potion"},{"floor":21,"key":"bronze:BuildAFunctionPotion"}],"is_trial":false,"path_per_floor":["R","M","?","?","?","R","T","M","M","M","$","M","E","?","M","B",null,"R","M","M","M","M"],"character_chosen":"THE_AUTOMATON","items_purchased":["bronze:AlphaBuild"],"campfire_rested":0,"item_purchase_floors":[11],"current_hp_per_floor":[70,65,80,80,80,80,80,78,78,77,77,74,46,46,45,20,80,80,80,80,48,0,0,0],"gold":90,"neow_bonus":"ONE_RANDOM_RARE_CARD","is_daily":false,"chose_seed":false,"campfire_upgraded":3,"win_rate":0.0,"timestamp":1612727010,"path_taken":["R","M","?","?","?","R","T","M","M","M","$","M","E","?","M","BOSS","R","M","M","M","M"],"items_purchased_type":["Card"],"build_version":"2020-12-22","purchased_purges":0,"victory":false,"max_hp_per_floor":[70,70,80,80,80,80,80,80,80,80,80,80,80,80,80,80,80,80,80,80,80,80,80,80],"card_choices":[{"not_picked":["bronze:Deprecate","bronze:WhirlingStrike"],"picked":"bronze:Overheat","floor":2.0},{"not_picked":["bronze:DigitalCarnage","bronze:BitShift"],"picked":"bronze:Deprecate","floor":8.0},{"not_picked":["bronze:BitShift","bronze:Overheat"],"picked":"bronze:Invalidate","floor":9.0},{"not_picked":["bronze:Assembly","bronze:Overload"],"picked":"bronze:ForLoop","floor":10.0},{"not_picked":["bronze:DelayedSlice","bronze:Constructor"],"picked":"bronze:Repulsor","floor":11.0},{"not_picked":["bronze:DigitalCarnage","bronze:Safeguard"],"picked":"bronze:WildBeam","floor":12.0},{"not_picked":["bronze:Overheat","bronze:Terminator"],"picked":"bronze:CutThrough","floor":13.0},{"not_picked":["Trip","Blind"],"picked":"Mind Blast","floor":14.0},{"not_picked":["bronze:BugBarrage","bronze:Overheat"],"picked":"bronze:NullPointer","floor":15.0},{"not_picked":["bronze:ThunderWave","bronze:RecursiveStrike"],"picked":"bronze:Format","floor":16},{"not_picked":["bronze:Branch","bronze:WildBeam"],"picked":"bronze:Philosophize+1","floor":19},{"not_picked":["bronze:ForceShield+1","bronze:WhirlingStrike+1"],"picked":"bronze:DarkDash+1","floor":20},{"not_picked":["bronze:Deprecate+1","bronze:NullPointer"],"picked":"bronze:FineTuning","floor":21}],"player_experience":2739155,"relics_obtained":[{"floor":7.0,"key":"hubris:CrystalStatue"},{"floor":13.0,"key":"hubris:SphereOfDissonance"}],"event_choices":[{"damage_healed":0.0,"max_hp_gain":0.0,"max_hp_loss":0.0,"gold_gain":1.0,"event_name":"betterStone:BetterStone","player_choice":"1","floor":14.0,"gold_loss":0.0,"damage_taken":0.0}],"is_beta":false,"boss_relics":[{"not_picked":["conspire:RoyalGoblet","Sozu"],"picked":"SacredBark"}],"items_purged_floors":[],"is_endless":false,"potions_floor_spawned":[2,8,15,16,21],"killed_by":"Chosen and Byrds","ascension_level":0}}