{"host":"7wi4qgm5yw4j7oz0","time":1612700331,"event":{"mods":["AchievementEnabler","BaseMod","Block Reminder","Colored Map","Colored Powertips","Highlight Path","Minty Spire (QoL Compilation)","Permanent Neow","Quick Restart","Random Character Button","Rare Cards Sparkle","StSLib","everything is the same but u backflip on backflip"],"gold_per_floor":[115,134,146,146,166,166,196,196,196,208,240,260,260,277,277,277,277],"floor_reached":16,"language":"KOR","playtime":707,"items_purged":[],"score":148,"play_id":"210b6db8-50ff-4d0d-9186-95010e80de81","local_time":"20210207211851","is_ascension_mode":true,"campfire_choices":[{"data":"Flex","floor":6,"key":"SMITH"},{"data":"Pommel Strike","floor":8,"key":"SMITH"},{"floor":13,"key":"REST"},{"data":"Body Slam","floor":15,"key":"SMITH"}],"circlet_count":0,"master_deck":["Strike_R","Strike_R","Strike_R","Strike_R","Strike_R","Defend_R","Defend_R","Defend_R","Defend_R","Bash+1","Cleave","Uppercut","Flex+1","Pommel Strike+1","Headbutt","Heavy Blade","Heavy Blade","Body Slam+1"],"relics":["Burning Blood","Bird Faced Urn","Self Forming Clay","Mummified Hand"],"acts_visited":["Exordium"],"potions_floor_usage":[11,11,14,16],"damage_taken":[{"damage":2,"enemies":"2 Louse","floor":1,"turns":3},{"damage":1,"enemies":"Cultist","floor":2,"turns":3},{"damage":7,"enemies":"Jaw Worm","floor":3,"turns":3},{"damage":7,"enemies":"Gremlin Gang","floor":5,"turns":3},{"damage":30,"enemies":"Gremlin Nob","floor":7,"turns":4},{"damage":9,"enemies":"Blue Slaver","floor":10,"turns":3},{"damage":35,"enemies":"3 Sentries","floor":11,"turns":6},{"damage":0,"enemies":"3 Louse","floor":12,"turns":2},{"damage":21,"enemies":"Exordium Thugs","floor":14,"turns":6},{"damage":38,"enemies":"Slime Boss","floor":16,"turns":6}],"seed_played":"9059177883693136448","potions_obtained":[{"floor":1,"key":"SteroidPotion"},{"floor":5,"key":"Weak Potion"},{"floor":7,"key":"Ancient Potion"},{"floor":11,"key":"GamblersBrew"}],"is_trial":false,"path_per_floor":["M","M","M","?","M","R","E","R","T","M","E","M","R","M","R","B"],"character_chosen":"IRONCLAD","items_purchased":[],"campfire_rested":1,"item_purchase_floors":[],"current_hp_per_floor":[76,80,79,79,78,78,54,54,54,51,22,28,52,37,37,0,0],"gold":277,"neow_bonus":"UPGRADE_CARD","is_daily":false,"chose_seed":false,"campfire_upgraded":3,"win_rate":0.0,"timestamp":1612700331,"path_taken":["M","M","M","?","M","R","E","R","T","M","E","M","R","M","R","BOSS"],"items_purchased_type":[],"build_version":"2020-12-22","purchased_purges":0,"victory":false,"max_hp_per_floor":[80,80,80,80,80,80,80,80,80,80,80,80,80,80,80,80,80],"card_choices":[{"not_picked":["Metallicize","Dark Embrace"],"picked":"Cleave","floor":1},{"not_picked":["Thunderclap","Flex"],"picked":"Uppercut","floor":2},{"not_picked":["Pommel Strike","Clash"],"picked":"Flex","floor":3},{"not_picked":["Havoc","Intimidate","Second Wind"],"picked":"SKIP","floor":5},{"not_picked":["Havoc","Intimidate","Second Wind"],"picked":"SKIP","floor":5},{"not_picked":["Thunderclap","Perfected Strike"],"picked":"Pommel Strike","floor":7},{"not_picked":["Combust","Evolve"],"picked":"Headbutt","floor":10},{"not_picked":["Blood for Blood","Warcry"],"picked":"Heavy Blade","floor":11},{"not_picked":["Wild Strike","Exhume"],"picked":"Heavy Blade","floor":12},{"not_picked":["Flex","Headbutt"],"picked":"Body Slam","floor":14}],"player_experience":251065,"relics_obtained":[{"floor":7,"key":"Bird Faced Urn"},{"floor":9,"key":"Self Forming Clay"},{"floor":11,"key":"Mummified Hand"}],"event_choices":[{"damage_healed":0,"gold_gain":0,"player_choice":"Bought 0 Potions","damage_taken":0,"max_hp_gain":0,"max_hp_loss":0,"event_name":"The Woman in Blue","floor":4,"gold_loss":0}],"is_beta":false,"boss_relics":[],"items_purged_floors":[],"is_endless":false,"potions_floor_spawned":[1,5,7,11],"killed_by":"Slime Boss","ascension_level":6}}