{"host":"ihfq3u2xhoe3wi9r","time":1612701397,"event":{"mods":["BaseMod","BetterRewards","Colored Powertips","Hubris","Minty Spire (QoL Compilation)","StSLib","The Animator"],"gold_per_floor":[124,135,135,135,135,169,169,199,275,275,21,44,84,100,100,230,230,244,260,175,175,200,204,204],"floor_reached":23,"language":"ENG","playtime":2095,"items_purged":[],"score":281,"play_id":"a03972c9-19b4-414e-99fb-04dfd164b71a","local_time":"20210207073637","is_ascension_mode":true,"campfire_choices":[{"floor":7,"key":"REST"},{"data":"animator:Arpeggio","floor":10,"key":"SMITH"},{"floor":15,"key":"REST"}],"circlet_count":0,"master_deck":["animator:Strike_GATE","animator:Defend_GATE","animator:Strike","animator:Strike","animator:Strike","animator:Defend","animator:Defend+1","animator:Defend+1","animator:TukaLunaMarceau","animator:Kuribayashi","animator:YaoHaDucy","animator:LeleiLaLalena","animator:Arpeggio+1","animator:Envy","animator:WinryRockbell","animator:Tatsumaki","animator:ItamiYouji","animator:Pride+1","animator:GuildGirl"],"relics":["animator:VividPicture","animator:TheMissingPiece","Golden Idol","Potion Belt","animator:OldCoffin","Paper Crane","hubris:TenFootPole","Strawberry","CultistMask"],"acts_visited":["Exordium","TheCity"],"potions_floor_usage":[6,6,13,16,23],"damage_taken":[{"damage":7,"enemies":"2 Louse","floor":1,"turns":2},{"damage":10,"enemies":"Small Slimes","floor":2,"turns":4},{"damage":30,"enemies":"Gremlin Nob","floor":6,"turns":4},{"damage":0,"enemies":"Jaw Worm","floor":8,"turns":5},{"damage":0,"enemies":"Exordium Wildlife","floor":12,"turns":5},{"damage":9,"enemies":"3 Sentries","floor":13,"turns":10},{"damage":1,"enemies":"Exordium Thugs","floor":14,"turns":6},{"damage":25,"enemies":"The Guardian","floor":16,"turns":9},{"damage":9,"enemies":"Shell Parasite","floor":18,"turns":6},{"damage":0,"enemies":"Spheric Guardian","floor":19,"turns":3},{"damage":23,"enemies":"Snake Plant","floor":22,"turns":6},{"damage":35,"enemies":"animator:HornedBat","floor":23,"turns":7}],"seed_played":"443070140798000085","potions_obtained":[{"floor":1,"key":"Regen Potion"},{"floor":2,"key":"SteroidPotion"},{"floor":6,"key":"Dexterity Potion"},{"floor":13,"key":"ColorlessPotion"},{"floor":16,"key":"SpeedPotion"},{"floor":22,"key":"Block Potion"}],"is_trial":false,"path_per_floor":["M","M","?","?","?","E","R","M","T","R","$","M","E","M","R","B",null,"M","M","?","?","M","E"],"character_chosen":"THE_ANIMATOR","items_purchased":["Paper Crane"],"campfire_rested":2,"item_purchase_floors":[11],"current_hp_per_floor":[52,42,42,30,50,33,51,51,51,51,51,51,42,41,59,35,56,47,47,54,54,31,0,0],"gold":204,"neow_bonus":"","is_daily":false,"chose_seed":false,"campfire_upgraded":1,"win_rate":0.0,"timestamp":1612701397,"path_taken":["M","M","?","?","?","E","R","M","T","R","?","?","E","M","R","BOSS","M","M","?","?","?","E"],"items_purchased_type":["Relic"],"build_version":"2020-12-22","purchased_purges":0,"victory":false,"max_hp_per_floor":[66,66,61,61,61,62,62,62,62,62,62,62,62,62,62,63,63,63,63,70,70,70,70,70],"card_choices":[{"not_picked":["animator:Chris","animator:CowGirl"],"picked":"animator:YaoHaDucy","floor":1},{"not_picked":["animator:Rider","animator:Lancer","animator:Genos"],"picked":"SKIP","floor":2},{"not_picked":["animator:Sonic","animator:SakuraMatou"],"picked":"animator:LeleiLaLalena","floor":6},{"not_picked":["animator:TukaLunaMarceau","animator:LeleiLaLalena"],"picked":"animator:Arpeggio","floor":8},{"not_picked":["animator:Spearman","animator:ElricEdward"],"picked":"animator:Envy","floor":12},{"not_picked":["animator:Kazuma","animator:Bozes"],"picked":"animator:WinryRockbell","floor":13},{"not_picked":["animator:Gluttony","animator:Bozes"],"picked":"animator:Tatsumaki","floor":14},{"not_picked":["animator:Boros","animator:Greed"],"picked":"animator:ItamiYouji","floor":16},{"not_picked":["animator:TukaLunaMarceau","animator:Witch"],"picked":"animator:Pride+1","floor":19},{"not_picked":["animator:Kuribayashi","animator:Chris"],"picked":"animator:GuildGirl","floor":22}],"player_experience":840852,"relics_obtained":[{"floor":6,"key":"Potion Belt"},{"floor":9,"key":"animator:OldCoffin"},{"floor":13,"key":"hubris:TenFootPole"}],"event_choices":[{"damage_healed":0,"gold_gain":0,"player_choice":"Lose Max HP","damage_taken":0,"relics_obtained":["Golden Idol"],"max_hp_gain":0,"max_hp_loss":5,"event_name":"Golden Idol","floor":3,"gold_loss":0},{"damage_healed":0,"gold_gain":0,"player_choice":"Entered Light","damage_taken":12,"max_hp_gain":0,"max_hp_loss":0,"event_name":"Shining Light","floor":4,"gold_loss":0,"cards_upgraded":["animator:Defend","animator:Defend"]},{"damage_healed":20,"gold_gain":0,"player_choice":"Banana","damage_taken":0,"max_hp_gain":0,"max_hp_loss":0,"event_name":"Big Fish","floor":5,"gold_loss":0},{"damage_healed":0,"gold_gain":0,"player_choice":"Obtained Relic","damage_taken":0,"relics_obtained":["Strawberry"],"max_hp_gain":0,"max_hp_loss":0,"event_name":"Addict","floor":20,"gold_loss":85},{"damage_healed":0,"gold_gain":0,"player_choice":"Trade","damage_taken":0,"relics_obtained":["CultistMask"],"max_hp_gain":0,"max_hp_loss":0,"event_name":"FaceTrader","floor":21,"gold_loss":0}],"is_beta":false,"boss_relics":[{"not_picked":["Mark of Pain","Philosopher\u0027s Stone"],"picked":"animator:VividPicture"}],"items_purged_floors":[],"is_endless":false,"potions_floor_spawned":[1,2,6,13,16,22],"killed_by":"animator:HornedBat","ascension_level":8}}