{"host":"oigynbtg272c19pw","time":1612700775,"event":{"mods":["BaseMod","Colored Map","Minty Spire (QoL Compilation)","Relic Stats","Slay the Relics Exporter","StSLib"],"gold_per_floor":[119,133,133,150,163,163,180,180,180],"floor_reached":8,"playtime":323,"items_purged":[],"score":100,"play_id":"7074d905-b55d-46f7-9f80-e17346b80944","local_time":"20210207132615","is_ascension_mode":true,"campfire_choices":[{"floor":6,"key":"REST"}],"circlet_count":0,"master_deck":["AscendersBane","Strike_P","Strike_P","Strike_P","Strike_P","Defend_P","Defend_P","Defend_P","Defend_P","Eruption+1","Vigilance","Swivel","FearNoEvil+1","CarveReality","WindmillStrike","ReachHeaven","DevaForm"],"relics":["PureWater"],"acts_visited":["Exordium"],"potions_floor_usage":[5],"damage_taken":[{"damage":0.0,"enemies":"2 Louse","floor":1.0,"turns":5.0},{"damage":0.0,"enemies":"Jaw Worm","floor":2.0,"turns":3.0},{"damage":6.0,"enemies":"Small Slimes","floor":4.0,"turns":2.0},{"damage":12,"enemies":"Exordium Thugs","floor":5,"turns":6},{"damage":18,"enemies":"3 Louse","floor":7,"turns":4},{"damage":0,"enemies":"3 Sentries","floor":8,"turns":1}],"seed_played":"-8863987969711473479","potions_obtained":[{"floor":4.0,"key":"BlessingOfTheForge"},{"floor":7,"key":"Strength Potion"}],"is_trial":false,"path_per_floor":["M","M","?","M","M","R","M","E"],"character_chosen":"WATCHER","items_purchased":[],"campfire_rested":1,"item_purchase_floors":[],"current_hp_per_floor":[61,61,41,35,23,43,25,25,25],"gold":180,"neow_bonus":"THREE_CARDS","is_daily":false,"chose_seed":false,"campfire_upgraded":0,"win_rate":0.0,"timestamp":1612700775,"path_taken":["M","M","?","M","M","R","M","E"],"items_purchased_type":[],"build_version":"2020-12-13","purchased_purges":0,"victory":false,"max_hp_per_floor":[68,68,68,68,68,68,68,68,68],"relic_stats":{"counters":[6,21],"obtain_stats":[{"PureWater":0},{"PureWater":0},{"PureWater":0}]},"card_choices":[{"not_picked":["Evaluate","JustLucky"],"picked":"Swivel","floor":0.0},{"not_picked":["Consecrate","Conclude"],"picked":"FearNoEvil","floor":1.0},{"not_picked":["CrushJoints","ForeignInfluence"],"picked":"CarveReality","floor":2.0},{"not_picked":["WindmillStrike","PathToVictory","JustLucky"],"picked":"SKIP","floor":4.0},{"not_picked":["PathToVictory","JustLucky"],"picked":"WindmillStrike","floor":4.0},{"not_picked":["JustLucky","ThirdEye"],"picked":"ReachHeaven","floor":5},{"not_picked":["SashWhip","EmptyBody"],"picked":"DevaForm","floor":7}],"player_experience":1558256,"relics_obtained":[],"event_choices":[{"damage_healed":0.0,"max_hp_gain":0.0,"max_hp_loss":0.0,"gold_gain":0.0,"event_name":"Shining Light","player_choice":"Entered Light","floor":3.0,"gold_loss":0.0,"damage_taken":20.0,"cards_upgraded":["Eruption","FearNoEvil"]}],"is_beta":false,"boss_relics":[],"items_purged_floors":[],"is_endless":false,"potions_floor_spawned":[4,7],"killed_by":"3 Sentries","ascension_level":20}}