{"host":"92wx9z21c4p52du4","time":1612660313,"event":{"mods":["Arknights","BaseMod","Infinite Spire","Lobotomy","Minty Spire (QoL Compilation)","Reliquary","Robot Space Explorer","StSLib","The Blue Laboratory","The Disciple","The Jungle","The Runesmith","TheSurvivalist"],"gold_per_floor":[111,121,139,214,214,214,214],"floor_reached":6,"language":"ENG","playtime":336,"items_purged":[],"score":36,"play_id":"603cb5ed-38ae-4223-a77d-43f0903fd115","local_time":"20210206191153","is_ascension_mode":false,"campfire_choices":[],"circlet_count":0,"master_deck":["Strike_Br","Strike_Br+1","Strike_Br","Strike_Br","Defend_Br+1","Defend_Br","Defend_Br","Defend_Br","SecondHand","PatternShift","Woodsman","CrunchTime","FairyFestival","ResonantCall","OSAHOGD","DaylightSavings"],"relics":["Chronometer","CogitoBucket"],"acts_visited":["Exordium"],"potions_floor_usage":[],"damage_taken":[{"damage":3,"enemies":"Cultist","floor":1,"turns":5},{"damage":10,"enemies":"Jaw Worm","floor":2,"turns":6},{"damage":0,"enemies":"2 Louse","floor":3,"turns":4},{"damage":55,"enemies":"Gremlin Nob","floor":6,"turns":4}],"seed_played":"1837417218312422028","potions_obtained":[{"floor":2,"key":"blueLaboratory:AbyssPotion"},{"floor":3,"key":"blueLaboratory:BottleOfRum"}],"is_trial":false,"path_per_floor":["M","M","M","?","?","E"],"character_chosen":"CHRONO_CLASS","items_purchased":[],"campfire_rested":0,"item_purchase_floors":[],"current_hp_per_floor":[62,58,65,54,41,0,0],"gold":214,"neow_bonus":"","is_daily":false,"chose_seed":false,"campfire_upgraded":0,"win_rate":0.0,"timestamp":1612660313,"path_taken":["M","M","M","?","?","E"],"items_purchased_type":[],"build_version":"2020-12-22","purchased_purges":0,"victory":false,"max_hp_per_floor":[65,65,65,65,65,65,65],"card_choices":[{"not_picked":["UniverseFragment","WallGazer"],"picked":"Woodsman","floor":1},{"not_picked":["BiteCommand","Stagnate"],"picked":"CrunchTime","floor":1},{"not_picked":["OldLady","QueenOfHatred"],"picked":"FairyFestival","floor":2},{"not_picked":["Parity","Engulf"],"picked":"ResonantCall","floor":2},{"not_picked":["Funeral","CherryBlossoms"],"picked":"OSAHOGD","floor":3},{"not_picked":["WindUp","FormalWear"],"picked":"DaylightSavings","floor":3}],"player_experience":193728,"relics_obtained":[],"event_choices":[{"damage_healed":0,"gold_gain":75,"player_choice":"Gather Gold","damage_taken":11,"max_hp_gain":0,"max_hp_loss":0,"event_name":"World of Goop","floor":4,"gold_loss":0},{"damage_healed":0,"gold_gain":0,"player_choice":"Entered Light","damage_taken":13,"max_hp_gain":0,"max_hp_loss":0,"event_name":"Shining Light","floor":5,"gold_loss":0,"cards_upgraded":["Defend_Br","Strike_Br"]}],"is_beta":false,"boss_relics":[],"items_purged_floors":[],"is_endless":false,"potions_floor_spawned":[2,3],"killed_by":"Gremlin Nob","ascension_level":0}}