{"host":"7gewg82ormp6yt4e","time":1612695059,"event":{"mods":["BaseMod","Block Reminder","Colored Map","DeckTracker","Highlight Path","Minty Spire (QoL Compilation)","Relic Stats","StSLib","ojb\u0027s Info Mod"],"gold_per_floor":[169,54,68,87,67,102,102,430,430,456,466,477,477,492,492,570,570,590,590,590,608,608,608,625,625,625,625,625],"floor_reached":27,"language":"JPN","playtime":1667,"items_purged":["Strike_P"],"score":466,"play_id":"c736cbda-4897-4c52-87e2-30561a355287","local_time":"20210207195059","is_ascension_mode":true,"campfire_choices":[{"data":"BowlingBash","floor":7,"key":"SMITH"},{"floor":13,"key":"REST"},{"floor":15,"key":"REST"},{"floor":23,"key":"REST"},{"floor":25,"key":"REST"}],"circlet_count":0,"master_deck":["AscendersBane","Strike_P+1","Strike_P+1","Strike_P+1","Defend_P+1","Defend_P+1","Defend_P+1","Defend_P+1","Eruption","Vigilance","Wallop","EmptyFist","SandsOfTime+1","BowlingBash+1","Wireheading","ThirdEye","WheelKick+1","Crescendo","SashWhip+1","Adaptation","DevaForm","Meditate+1","MentalFortress","FlurryOfBlows+1"],"relics":["Tiny House","Boot","Old Coin","Question Card","Molten Egg 2","Runic Pyramid","Enchiridion","Anchor"],"acts_visited":["Exordium","TheCity"],"potions_floor_usage":[6,10,16,18,27],"damage_taken":[{"damage":3,"enemies":"Jaw Worm","floor":1,"turns":4},{"damage":0,"enemies":"Cultist","floor":3,"turns":2},{"damage":3,"enemies":"2 Louse","floor":4,"turns":3},{"damage":2,"enemies":"Lagavulin","floor":6,"turns":5},{"damage":8,"enemies":"3 Sentries","floor":8,"turns":6},{"damage":13,"enemies":"Lagavulin","floor":10,"turns":6},{"damage":0,"enemies":"Looter","floor":11,"turns":3},{"damage":33,"enemies":"Gremlin Gang","floor":12,"turns":4},{"damage":3,"enemies":"3 Louse","floor":14,"turns":3},{"damage":24,"enemies":"Hexaghost","floor":16,"turns":8},{"damage":12,"enemies":"2 Thieves","floor":18,"turns":3},{"damage":26,"enemies":"3 Byrds","floor":21,"turns":6},{"damage":1,"enemies":"Snecko","floor":24,"turns":3},{"damage":49,"enemies":"3 Cultists","floor":27,"turns":5}],"seed_played":"5870225905546046901","potions_obtained":[{"floor":0,"key":"Ancient Potion"},{"floor":1,"key":"Block Potion"},{"floor":5,"key":"FearPotion"},{"floor":8,"key":"Ancient Potion"},{"floor":10,"key":"Strength Potion"},{"floor":14,"key":"LiquidMemories"},{"floor":16,"key":"Dexterity Potion"}],"is_trial":false,"path_per_floor":["M","$","M","M","?","E","R","E","T","E","M","M","R","M","R","B",null,"M","?","?","M","?","R","M","R","T","M"],"character_chosen":"WATCHER","items_purchased":["SandsOfTime"],"campfire_rested":4,"item_purchase_floors":[2],"current_hp_per_floor":[63,63,63,60,60,58,58,50,50,37,37,4,25,22,43,19,60,48,27,27,1,1,22,21,42,42,0,0],"gold":625,"neow_bonus":"BOSS_RELIC","is_daily":false,"chose_seed":false,"campfire_upgraded":1,"win_rate":0.0,"timestamp":1612695059,"path_taken":["M","$","M","M","?","E","R","E","T","E","M","?","R","M","R","BOSS","M","?","?","?","?","R","M","R","T","M"],"items_purchased_type":["Card"],"build_version":"2020-12-22","purchased_purges":1,"victory":false,"max_hp_per_floor":[73,73,73,73,73,73,73,73,73,73,73,73,73,73,73,73,73,73,73,73,73,73,73,73,73,73,73,73],"relic_stats":{"counters":[14,61],"Boot":[1],"Question Card":8,"obtain_stats":[{"Anchor":26,"Tiny House":0,"Enchiridion":19,"Molten Egg 2":10,"PureWater":0,"Boot":6,"Question Card":9,"Old Coin":8,"Runic Pyramid":17},{"Anchor":13,"Tiny House":0,"Enchiridion":11,"Molten Egg 2":6,"PureWater":0,"Boot":4,"Question Card":5,"Old Coin":5,"Runic Pyramid":10},{"Anchor":56,"Tiny House":0,"Enchiridion":47,"Molten Egg 2":26,"PureWater":0,"Boot":14,"Question Card":20,"Old Coin":20,"Runic Pyramid":44}]},"card_choices":[{"not_picked":["Weave","ThirdEye"],"picked":"Wallop","floor":0},{"not_picked":["Meditate","Consecrate"],"picked":"EmptyFist","floor":1},{"not_picked":["FollowUp","Vengeance"],"picked":"BowlingBash","floor":3},{"not_picked":["SashWhip","Prostrate"],"picked":"Wireheading","floor":4},{"not_picked":["SignatureMove","Halt","Evaluate"],"picked":"SKIP","floor":6},{"not_picked":["EmptyFist","Prostrate"],"picked":"ThirdEye","floor":8},{"not_picked":["WreathOfFlame","Brilliance+1","Study"],"picked":"WheelKick+1","floor":10},{"not_picked":["PathToVictory","Prostrate","Evaluate"],"picked":"Crescendo","floor":11},{"not_picked":["PathToVictory","EmptyFist+1","FollowUp+1"],"picked":"SashWhip+1","floor":12},{"not_picked":["ClearTheMind","WheelKick+1","Crescendo"],"picked":"Adaptation","floor":14},{"not_picked":["MasterReality","DeusExMachina","Alpha"],"picked":"DevaForm","floor":16},{"not_picked":["Prostrate","CarveReality+1","JustLucky+1"],"picked":"Meditate+1","floor":18},{"not_picked":["EmptyBody","JustLucky+1","Weave+1"],"picked":"MentalFortress","floor":21},{"not_picked":["CutThroughFate+1","ThirdEye","Halt"],"picked":"FlurryOfBlows+1","floor":24}],"player_experience":2802161,"relics_obtained":[{"floor":6,"key":"Boot"},{"floor":8,"key":"Old Coin"},{"floor":9,"key":"Question Card"},{"floor":10,"key":"Molten Egg 2"},{"floor":19,"key":"Enchiridion"},{"floor":26,"key":"Anchor"}],"event_choices":[{"damage_healed":0,"gold_gain":0,"player_choice":"Bought 1 Potion","damage_taken":0,"max_hp_gain":0,"max_hp_loss":0,"event_name":"The Woman in Blue","floor":5,"gold_loss":0},{"damage_healed":0,"gold_gain":0,"player_choice":"Obtained Book","damage_taken":21,"max_hp_gain":0,"max_hp_loss":0,"event_name":"Cursed Tome","floor":19,"gold_loss":0},{"damage_healed":0,"gold_gain":0,"player_choice":"Upgraded","damage_taken":0,"max_hp_gain":0,"max_hp_loss":0,"event_name":"Upgrade Shrine","floor":20,"gold_loss":0,"cards_upgraded":["SandsOfTime"]},{"damage_healed":0,"gold_gain":0,"player_choice":"Simplicity","damage_taken":0,"max_hp_gain":0,"max_hp_loss":0,"event_name":"Back to Basics","floor":22,"gold_loss":0,"cards_upgraded":["Strike_P","Strike_P","Defend_P","Defend_P","Defend_P","Defend_P"]}],"is_beta":false,"boss_relics":[{"not_picked":["SlaversCollar","Astrolabe"],"picked":"Runic Pyramid"}],"items_purged_floors":[2],"is_endless":false,"potions_floor_spawned":[1,8,10,14,16],"killed_by":"3 Cultists","ascension_level":20}}