{"host":"2p3jwbtacxwf1d73","time":1612725650,"event":{"mods":["BaseMod","Colored Powertips","Hermit","Hubris","Minty Spire (QoL Compilation)","Potionbrewer","Quick Restart","Reliquary","Small Relic Pack","StSLib","The Cursed","The Death Knight","The Gatherer","The Hierophant","The Necromancer","The Servant 0.9.4"],"gold_per_floor":[109,109,123,123,134,169,169,196,196,213,224,256,270,281,281,386,386,405,420,90,90,15,45,59,72,72,72,90,100,100,115,115,217,217,229,108,108,123,0,28,38,370,370,381,381,392,392,407,407,407],"floor_reached":51,"language":"ENG","playtime":4114,"items_purged":["Defend_W"],"score":730,"play_id":"4159f078-0c66-4a7a-adbc-a7b70c7e1f3d","local_time":"20210207132050","daily_mods":["Heirloom"],"is_ascension_mode":false,"campfire_choices":[{"data":"Summon_Undead_Army","floor":7,"key":"SMITH"},{"floor":15,"key":"REST"},{"data":"Summon_Death_Knight","floor":32,"key":"SMITH"},{"floor":47,"key":"REST"},{"floor":49,"key":"REST"}],"circlet_count":0,"master_deck":["Strike_W","Strike_W","Defend_W","Defend_W","Defend_W","Negative_Energy_Arrows","Bone_Wall","Summon_Undead_Army+1","Finger_Of_Death","Death_March_Dance","Negative_Energy_Shield","potionbrewer:ChoosePotion","Uncharnel","potionbrewer:EmptyBottle","Summon_Death_Knight+1","potionbrewer:Contingency","Bone_Prison","Stop_Heart+1","Summon_Lich+1","Summon_Undead_Army","Summon_Lich","Summon_Undead"],"relics":["Vampire_Amulet","potionbrewer:DrinkingBird","hubris:DisguiseKit","hubris:Spice","hubris:SphereOfDissonance","potionbrewer:RamsHorn","Velvet Choker","hubris:MysteriousPyramids","hubris:Towel","Bird Faced Urn","hubris:CuriousFeather","SacredBark","relicPack:OneForAll","Red Mask","Potion Belt","Old Coin","CaptainsWheel"],"acts_visited":["Exordium","TheCity","TheBeyond"],"potions_floor_usage":[5,6,6,8,8,12,23,24,25,28,33,33,33,38,40,40,41,42,42,42,48,50,50,50,50,50,50],"damage_taken":[{"damage":0,"enemies":"Small Slimes","floor":1,"turns":5},{"damage":3,"enemies":"Jaw Worm","floor":3,"turns":4},{"damage":0,"enemies":"Cultist","floor":5,"turns":4},{"damage":3,"enemies":"Lagavulin","floor":6,"turns":6},{"damage":22,"enemies":"3 Sentries","floor":8,"turns":6},{"damage":2,"enemies":"Looter","floor":10,"turns":2},{"damage":0,"enemies":"Blue Slaver","floor":11,"turns":3},{"damage":12,"enemies":"Gremlin Nob","floor":12,"turns":3},{"damage":0,"enemies":"Large Slime","floor":13,"turns":3},{"damage":8,"enemies":"Exordium Wildlife","floor":14,"turns":2},{"damage":5,"enemies":"The Guardian","floor":16,"turns":7},{"damage":0,"enemies":"Shell Parasite","floor":18,"turns":4},{"damage":0,"enemies":"3 Byrds","floor":19,"turns":4},{"damage":4,"enemies":"Book of Stabbing","floor":23,"turns":6},{"damage":24,"enemies":"Snake Plant","floor":24,"turns":4},{"damage":5,"enemies":"3 Cultists","floor":25,"turns":6},{"damage":16,"enemies":"Centurion and Healer","floor":28,"turns":5},{"damage":0,"enemies":"Snake Plant","floor":29,"turns":3},{"damage":0,"enemies":"Snecko","floor":31,"turns":4},{"damage":1,"enemies":"Automaton","floor":33,"turns":7},{"damage":8,"enemies":"3 Shapes","floor":35,"turns":3},{"damage":25,"enemies":"3 Darklings","floor":38,"turns":3},{"damage":36,"enemies":"Reptomancer","floor":40,"turns":6},{"damage":2,"enemies":"4 Shapes","floor":41,"turns":6},{"damage":52,"enemies":"Nemesis","floor":42,"turns":6},{"damage":1,"enemies":"Transient","floor":44,"turns":5},{"damage":13,"enemies":"Spire Growth","floor":46,"turns":4},{"damage":7,"enemies":"Writhing Mass","floor":48,"turns":5},{"damage":107,"enemies":"hubris:GrandSnecko","floor":50,"turns":10}],"seed_played":"5544306021744513192","potions_obtained":[{"floor":1,"key":"potionbrewer:HastePotion"},{"floor":5,"key":"SkillPotion"},{"floor":13,"key":"potionbrewer:CleansingPotion"},{"floor":14,"key":"potionbrewer:QuicksilverPotion"},{"floor":18,"key":"Block Potion"},{"floor":25,"key":"SkillPotion"},{"floor":41,"key":"potionbrewer:QuicksilverPotion"},{"floor":42,"key":"SteroidPotion"},{"floor":46,"key":"potionbrewer:ToxicPotion"},{"floor":48,"key":"potionbrewer:InfectionPotion"}],"is_trial":true,"path_per_floor":["M","?","M","?","M","E","R","E","T","M","M","E","M","M","R","B",null,"M","M","$","?","?","E","M","M","T","?","M","M","$","M","R","B",null,"M","$","?","M","?","E","M","E","T","M","?","M","R","M","R","B",null],"character_chosen":"NECROMANCER","items_purchased":["hubris:MysteriousPyramids","Summon_Undead_Army","AttackPotion"],"campfire_rested":3,"item_purchase_floors":[20,36,36],"current_hp_per_floor":[75,68,67,67,69,68,68,60,60,60,62,52,54,50,74,71,83,83,83,83,83,83,81,63,68,68,68,60,66,66,74,74,83,83,83,83,83,64,64,49,63,19,19,30,30,25,49,55,79,12],"gold":407,"neow_bonus":"","is_daily":false,"chose_seed":false,"campfire_upgraded":2,"win_rate":0.0,"timestamp":1612725650,"path_taken":["M","?","M","?","M","E","R","E","T","?","M","E","M","?","R","BOSS","M","M","$","?","?","E","M","M","T","?","?","M","?","M","R","BOSS","M","$","?","M","?","E","M","E","T","M","?","M","R","M","R","BOSS"],"items_purchased_type":["Relic","Card","Potion"],"build_version":"2020-12-22","purchased_purges":1,"victory":true,"max_hp_per_floor":[75,75,75,75,75,75,75,83,83,83,83,83,83,83,83,83,83,83,83,83,83,83,83,83,83,83,83,83,83,83,83,83,83,83,83,83,83,83,83,83,83,83,83,83,83,83,83,83,83,83],"card_choices":[{"not_picked":["Negative_Energy_Sphere","Negative_Energy_Mist"],"picked":"Summon_Undead_Army","floor":1},{"not_picked":["Thousand_Bone_Knives","Bone_Armor"],"picked":"Finger_Of_Death","floor":3},{"not_picked":["Negative_Energy_Javelin","Blood_Curse","Toxic_Smoke_Screen"],"picked":"SKIP","floor":5},{"not_picked":["Consume_Illness","Chill_Blood"],"picked":"Death_March_Dance","floor":6},{"not_picked":["Necromantic_Selection","Negative_Energy_Burst","potionbrewer:ChokingPowder"],"picked":"Negative_Energy_Shield","floor":8},{"not_picked":["Slay_Living","Negative_Energy_Mist","Scare"],"picked":"potionbrewer:BottomlessFlask","floor":10},{"not_picked":["Blood_Whip","Grasp_Heart","potionbrewer:Toxicity"],"picked":"Uncharnel","floor":11},{"not_picked":["Bone_Armor","Consume_Illness","Bones_to_Steel"],"picked":"potionbrewer:EmptyBottle","floor":12},{"not_picked":["Bone_Spikes","Bones_to_Steel","Consume_Illness","potionbrewer:Brandish"],"picked":"SKIP","floor":13},{"not_picked":["Negative_Energy_Mist","Whirlwind_of_Bones","Flesh_Made_Foul","potionbrewer:BalancedFormula"],"picked":"SKIP","floor":14},{"not_picked":["Requiem","Cloudkill","potionbrewer:ResearchResults"],"picked":"Summon_Death_Knight","floor":16},{"not_picked":["Negative_Energy_Sphere","Bone_Bullets","Pandemic","potionbrewer:QuickStep"],"picked":"SKIP","floor":18},{"not_picked":["Blood_Is_Power","Blood_Whip","Strike_from_Beyond","potionbrewer:DigDeep"],"picked":"SKIP","floor":19},{"not_picked":["Deaths_Shadow+1","Bone_Bullets","Death_Coil"],"picked":"potionbrewer:Contingency","floor":23},{"not_picked":["Necromantic_Selection","Death_March_Dance","potionbrewer:Contingency"],"picked":"Bone_Prison","floor":24},{"not_picked":["Shackles_Of_Pain","Deaths_Shadow","potionbrewer:TimeBomb"],"picked":"Stop_Heart+1","floor":25},{"not_picked":["Summon_Undead_Army+1","Thousand_Bone_Knives+1","potionbrewer:ChemicalRage"],"picked":"Summon_Lich+1","floor":28},{"not_picked":["Chill_Blood","Scare","Corrupt","potionbrewer:Smack"],"picked":"SKIP","floor":29},{"not_picked":["Chill_Blood","Shackles_Of_Pain+1","Death_March_Dance+1","potionbrewer:OneTwoPunch"],"picked":"SKIP","floor":31},{"not_picked":["Death_Coil+1","Shackles_Of_Pain+1","Deaths_Shadow","potionbrewer:PrivateReserves"],"picked":"SKIP","floor":35},{"not_picked":["Blood_for_Blood","Blood_Curse","Bone_Shift","potionbrewer:FlashPowder"],"picked":"SKIP","floor":38},{"not_picked":["Blood_Is_Power+1","Consume_Illness+1","Bone_Armor","potionbrewer:Contingency"],"picked":"SKIP","floor":40},{"not_picked":["Blood_Curse+1","Death_March_Dance","potionbrewer:Smack"],"picked":"Summon_Lich","floor":41},{"not_picked":["Spectral_Walk+1","Toxic_Smoke_Screen+1","Bone_Armory","potionbrewer:Transmute"],"picked":"SKIP","floor":42},{"not_picked":["Negative_Energy_Mist+1","Blood_Whip+1","potionbrewer:Toxicity"],"picked":"Summon_Undead","floor":44},{"not_picked":["Life_Tap+1","Vampiric_Strike+1","Bone_Armor","potionbrewer:FuelCell"],"picked":"SKIP","floor":46},{"not_picked":["Violent_Necrosis","Blood_Curse+1","Deaths_Shadow","potionbrewer:BlindingSpray"],"picked":"SKIP","floor":48}],"player_experience":463392,"relics_obtained":[{"floor":6,"key":"hubris:DisguiseKit"},{"floor":8,"key":"hubris:Spice"},{"floor":9,"key":"hubris:SphereOfDissonance"},{"floor":12,"key":"potionbrewer:RamsHorn"},{"floor":23,"key":"Bird Faced Urn"},{"floor":26,"key":"hubris:CuriousFeather"},{"floor":40,"key":"Potion Belt"},{"floor":42,"key":"Old Coin"},{"floor":43,"key":"CaptainsWheel"}],"event_choices":[{"cards_removed":["Strike_W"],"damage_healed":0,"gold_gain":0,"player_choice":"Card Removal","damage_taken":7,"max_hp_gain":0,"max_hp_loss":0,"event_name":"Golden Wing","floor":2,"gold_loss":0},{"cards_removed":["Strike_W"],"damage_healed":0,"gold_gain":0,"player_choice":"Gave Gold","damage_taken":0,"max_hp_gain":0,"max_hp_loss":0,"event_name":"Beggar","floor":22,"gold_loss":75},{"damage_healed":0,"gold_gain":0,"player_choice":"Paid","damage_taken":0,"relics_obtained":["Red Mask"],"max_hp_gain":0,"max_hp_loss":0,"event_name":"Tomb of Lord Red Mask","floor":39,"gold_loss":123},{"damage_healed":0,"gold_gain":0,"player_choice":"Ignored","damage_taken":0,"max_hp_gain":0,"max_hp_loss":0,"event_name":"SecretPortal","floor":45,"gold_loss":0}],"is_beta":false,"boss_relics":[{"not_picked":["Ectoplasm","potionbrewer:BhaskarasWheel"],"picked":"Velvet Choker"},{"not_picked":["hubris:BlackHole","Coffee Dripper"],"picked":"SacredBark"}],"items_purged_floors":[20],"is_endless":false,"potions_floor_spawned":[1,5,13,14,18,25,28,29,41,42,46,48],"ascension_level":0}}