{"host":"d52brwsy6af8zvaq","time":1612673368,"event":{"mods":["AchievementEnabler","BaseMod","Bestiary","Highlight Path","Minty Spire (QoL Compilation)","Quick Restart","Relic Stats","ojb\u0027s Better Paths Mod"],"gold_per_floor":[119,137,149,104,104,132,132,132,132],"floor_reached":8,"language":"ENG","playtime":288,"items_purged":[],"score":112,"play_id":"dfb2ad81-9e27-451c-ad41-6ba4ce53eb36","local_time":"20210206214928","is_ascension_mode":true,"campfire_choices":[{"floor":7,"key":"REST"}],"circlet_count":0,"master_deck":["AscendersBane","Strike_B","Strike_B","Strike_B+1","Strike_B+1","Defend_B","Defend_B","Defend_B","Defend_B","Zap","Dualcast","Lockon","Glacier","Genetic Algorithm","Darkness"],"relics":["Cracked Core","Whetstone"],"acts_visited":["Exordium"],"potions_floor_usage":[],"damage_taken":[{"damage":9.0,"enemies":"2 Louse","floor":1.0,"turns":3.0},{"damage":12.0,"enemies":"Jaw Worm","floor":2.0,"turns":3.0},{"damage":1.0,"enemies":"Small Slimes","floor":3.0,"turns":3.0},{"damage":47.0,"enemies":"3 Sentries","floor":6.0,"turns":15.0},{"damage":26,"enemies":"Lagavulin","floor":8,"turns":5}],"seed_played":"-6088518208766335","potions_obtained":[{"floor":1.0,"key":"LiquidBronze"},{"floor":2.0,"key":"SkillPotion"}],"is_trial":false,"path_per_floor":["M","M","M","?","?","E","R","E"],"character_chosen":"DEFECT","items_purchased":[],"campfire_rested":1,"item_purchase_floors":[],"current_hp_per_floor":[62,50,49,49,49,2,25,0,0],"gold":132,"neow_bonus":"TEN_PERCENT_HP_BONUS","is_daily":false,"chose_seed":false,"campfire_upgraded":0,"win_rate":0.0,"timestamp":1612673368,"path_taken":["M","M","M","?","?","E","R","E"],"items_purchased_type":[],"build_version":"2020-12-22","purchased_purges":0,"victory":false,"max_hp_per_floor":[78,78,78,78,78,78,78,78,78],"relic_stats":{"counters":[5,29],"Whetstone":["Strike_B","Strike_B"],"obtain_stats":[{"Whetstone":6,"Cracked Core":0},{"Whetstone":4,"Cracked Core":0},{"Whetstone":24,"Cracked Core":0}]},"card_choices":[{"not_picked":["White Noise","Reprogram"],"picked":"Lockon","floor":1.0},{"not_picked":["Steam Power","Hologram"],"picked":"Glacier","floor":2.0},{"not_picked":["Melter","Scrape"],"picked":"Genetic Algorithm","floor":3.0},{"not_picked":["Tempest","Gash"],"picked":"Darkness","floor":6.0}],"player_experience":2178295,"relics_obtained":[{"floor":6.0,"key":"Whetstone"}],"event_choices":[{"damage_healed":0.0,"max_hp_gain":0.0,"max_hp_loss":0.0,"gold_gain":0.0,"event_name":"World of Goop","player_choice":"Left Gold","floor":4.0,"gold_loss":45.0,"damage_taken":0.0},{"damage_healed":0.0,"max_hp_gain":0.0,"max_hp_loss":0.0,"gold_gain":0.0,"event_name":"Liars Game","player_choice":"Ignored","floor":5.0,"gold_loss":0.0,"damage_taken":0.0}],"is_beta":false,"boss_relics":[],"items_purged_floors":[],"is_endless":false,"potions_floor_spawned":[1,2,3],"killed_by":"Lagavulin","ascension_level":20}}