{"host":"mqhvlr3kpxebko0t","time":1612682861,"event":{"mods":["AchievementEnabler","BaseMod","Colored Map","Colored Powertips","KOR Keyword Fix","Keyboard Shortcuts","Minty Spire (QoL Compilation)","StSLib","SuperFastMode"],"gold_per_floor":[109,109,109,125,136,61,61,80,80,80,94,111,132,32,32,32,32],"floor_reached":16,"language":"KOR","playtime":130,"items_purged":["Strike_R","Strike_R"],"score":188,"play_id":"b8f49eba-3b07-44c6-b857-ba8c3058a704","local_time":"20210207162741","is_ascension_mode":true,"campfire_choices":[{"data":"Whirlwind","floor":7,"key":"SMITH"},{"data":"Pommel Strike","floor":10,"key":"SMITH"},{"data":"Pommel Strike","floor":15,"key":"SMITH"}],"circlet_count":0,"master_deck":["AscendersBane","Strike_R","Strike_R","Strike_R+1","Defend_R","Defend_R","Defend_R","Defend_R+1","Bash","Second Wind","Pommel Strike+1","Whirlwind+1","Shrug It Off","Pommel Strike+1"],"relics":["Burning Blood","NeowsBlessing","Blue Candle","CeramicFish"],"acts_visited":["Exordium"],"potions_floor_usage":[],"damage_taken":[{"damage":0,"enemies":"Jaw Worm","floor":1,"turns":1},{"damage":0,"enemies":"Small Slimes","floor":4,"turns":1},{"damage":0,"enemies":"2 Louse","floor":5,"turns":1},{"damage":16,"enemies":"Blue Slaver","floor":8,"turns":3},{"damage":17,"enemies":"3 Louse","floor":11,"turns":3},{"damage":8,"enemies":"Lots of Slimes","floor":12,"turns":2},{"damage":4,"enemies":"Looter","floor":13,"turns":3},{"damage":41,"enemies":"The Guardian","floor":16,"turns":4}],"seed_played":"-3245982334420832646","potions_obtained":[{"floor":4,"key":"Swift Potion"},{"floor":5,"key":"Dexterity Potion"},{"floor":13,"key":"FairyPotion"}],"is_trial":false,"path_per_floor":["M","?","?","M","M","$","R","M","T","R","M","M","M","$","R","B"],"character_chosen":"IRONCLAD","items_purchased":[],"campfire_rested":0,"item_purchase_floors":[],"current_hp_per_floor":[74,69,46,52,58,58,58,48,48,48,37,35,37,37,37,18,18],"gold":32,"neow_bonus":"THREE_ENEMY_KILL","is_daily":false,"chose_seed":false,"campfire_upgraded":3,"win_rate":0.0,"timestamp":1612682861,"path_taken":["M","?","?","?","M","$","R","M","T","R","M","M","M","$","R","BOSS"],"items_purchased_type":[],"build_version":"2020-12-22","purchased_purges":2,"victory":false,"max_hp_per_floor":[75,75,75,75,75,75,75,75,75,75,75,75,75,75,75,75,75],"card_choices":[{"not_picked":["Flex","Evolve"],"picked":"Second Wind","floor":1},{"not_picked":["Iron Wave","Headbutt"],"picked":"Pommel Strike","floor":4},{"not_picked":["Flex","Reckless Charge"],"picked":"Whirlwind","floor":5},{"not_picked":["Dual Wield","Sword Boomerang"],"picked":"Shrug It Off","floor":8},{"not_picked":["Heavy Blade","Armaments","Searing Blow"],"picked":"SKIP","floor":11},{"not_picked":["Cleave","Sword Boomerang","Brutality"],"picked":"SKIP","floor":12},{"not_picked":["Anger","Wild Strike"],"picked":"Pommel Strike","floor":13}],"player_experience":691061,"relics_obtained":[{"floor":9,"key":"CeramicFish"}],"event_choices":[{"damage_healed":0,"gold_gain":0,"player_choice":"Success","damage_taken":5,"relics_obtained":["Blue Candle"],"max_hp_gain":0,"max_hp_loss":0,"event_name":"Scrap Ooze","floor":2,"gold_loss":0},{"damage_healed":0,"gold_gain":0,"player_choice":"Entered Light","damage_taken":23,"max_hp_gain":0,"max_hp_loss":0,"event_name":"Shining Light","floor":3,"gold_loss":0,"cards_upgraded":["Defend_R","Strike_R"]}],"is_beta":false,"boss_relics":[],"items_purged_floors":[6,14],"is_endless":false,"potions_floor_spawned":[4,5,8,13],"killed_by":"The Guardian","ascension_level":20}}