{"host":"y9jgkjnf95sujozk","time":1612695482,"event":{"mods":["2.2 Compatiblity","AchievementEnabler","Act Like it!","BaseMod","BetterRewards","Block Reminder","Colored Map","Colored Powertips","Friendly Minions","Gensokyo","GifTheSpireLib","Hallownest","Hermit","Highlight Path","HololiveMod","Hubris","Infinite Spire","Jorbs\u0027s Wanderer Trilogy","Koishi","Marisa（霧雨　魔理沙）","Minty Spire (QoL Compilation)","Quick Restart","Random Character Button","Rare Cards Sparkle","Reimu（博??梦）","Remilia（蕾米莉?）","Replay The Spire","Shop Mod","StSLib","SuperFastMode","The Bug Knight","The Cursed","The Disciple","The Hierophant","The Jungle","The Runesmith","The Senshi","The Servant 0.9.4"],"gold_per_floor":[109,109,123,134,19,29,29,29,29,29,29,59,59,59,59,59,59],"floor_reached":16,"language":"ENG","playtime":394,"items_purged":[],"score":172,"play_id":"dc568134-47cf-4045-8011-68847755187b","local_time":"20210207115802","is_ascension_mode":true,"campfire_choices":[{"floor":8,"key":"REST"},{"data":"Venomology","floor":10,"key":"SMITH"},{"floor":15,"key":"REST"}],"circlet_count":0,"master_deck":["Strike_G","Strike_G","Strike_G","Strike_G","Defend_G","Defend_G","Defend_G","Defend_G","Defend_G","Survivor","Neutralize","Hidden Blade","Caltrops","Cloak And Dagger","Blade Dance","Dramatic Entrance","Venomology+1","Accuracy"],"relics":["Ring of the Snake","Ginger","Replay:Bottled Flurry","Blood Vial","Runesmith:AutoHammer","Gensokyo:Mercy"],"acts_visited":["Exordium"],"potions_floor_usage":[7,12,12,16],"damage_taken":[{"damage":3,"enemies":"Gensokyo:Gryphon","floor":1,"turns":7},{"damage":2,"enemies":"Gensokyo:Python","floor":3,"turns":6},{"damage":7,"enemies":"Gensokyo:3_Fairies","floor":4,"turns":5},{"damage":1,"enemies":"Gensokyo:Python_and_Kodama","floor":6,"turns":4},{"damage":0,"enemies":"Gensokyo:Cirno","floor":7,"turns":1},{"damage":18,"enemies":"Gensokyo:Aya","floor":12,"turns":5},{"damage":90,"enemies":"Gensokyo:Kokoro","floor":16,"turns":14}],"seed_played":"-8617469499254456581","potions_obtained":[{"floor":4,"key":"SmokeBomb"},{"floor":6,"key":"SteroidPotion"}],"is_trial":false,"path_per_floor":["M","?","M","M","$","M","E","R","T","R","T","E","?","$","R","B"],"character_chosen":"THE_SILENT","items_purchased":["Hidden Blade","Blade Dance","Dramatic Entrance"],"campfire_rested":2,"item_purchase_floors":[0,5,5],"current_hp_per_floor":[67,67,65,58,58,57,57,70,70,70,70,52,52,52,70,0,0],"gold":59,"neow_bonus":"","is_daily":false,"chose_seed":false,"campfire_upgraded":1,"win_rate":0.0,"timestamp":1612695482,"path_taken":["M","?","?","M","$","M","E","R","T","R","?","E","?","?","R","BOSS"],"items_purchased_type":["Card","Card","Card"],"build_version":"2020-12-22","purchased_purges":0,"victory":false,"max_hp_per_floor":[70,70,70,70,70,70,70,70,70,70,70,70,70,70,70,70,70],"card_choices":[{"not_picked":["Reflex","Noxious Fumes"],"picked":"Caltrops","floor":1},{"not_picked":["Dodge and Roll","Riddle With Holes"],"picked":"Cloak And Dagger","floor":3},{"not_picked":["Finisher","Backstab"],"picked":"Bane","floor":4},{"not_picked":["Quick Slash","Flying Knee"],"picked":"Venomology","floor":6},{"not_picked":["Flying Knee","Dodge and Roll"],"picked":"Accuracy","floor":12}],"player_experience":129581,"relics_obtained":[{"floor":9,"key":"Replay:Bottled Flurry"},{"floor":11,"key":"Blood Vial"},{"floor":12,"key":"Runesmith:AutoHammer"}],"event_choices":[],"is_beta":false,"boss_relics":[],"items_purged_floors":[],"is_endless":false,"potions_floor_spawned":[4,6,7],"killed_by":"Gensokyo:Kokoro","ascension_level":2}}