{"host":"88gqw5ki7llrf2bp","time":1612665157,"event":{"mods":["BaseMod","Downfall","Duelist Mod","Friendly Minions","Hubris","Jorbs\u0027s Wanderer Trilogy","Minty Spire (QoL Compilation)","Quick Restart","Railgun Mod","Rare Cards Sparkle","StSLib","The Animator","The Construct","The Cursed","The Gatherer","slay the spire mod where everything is the same but ironclad has a cowboy hat"],"gold_per_floor":[99,164,164,264,264,364,364,364,364,391,15,28,28,40,58,155,155,155,173,185,201,201,220,220,242,242,242,242,242,262,280,301,405,405,405,422,422,422,219,351,351,351,9,9,22,22,267,279,298,298],"floor_reached":51,"language":"ENG","playtime":3763,"items_purged":["downfall:Malfunctioning","hexamod:Strike"],"score":845,"play_id":"91ef03d6-426c-41c6-bf3c-e03c930f8246","local_time":"20210206203237","is_ascension_mode":false,"campfire_choices":[{"data":"hexamod:Sear","floor":1.0,"key":"SMITH"},{"data":"hexamod:TurnItUp","floor":9.0,"key":"SMITH"},{"data":"hexamod:VolcanoVisage","floor":13.0,"key":"SMITH"},{"data":"hexamod:Incineration","floor":18.0,"key":"SMITH"},{"data":"hexamod:FastForward","floor":28.0,"key":"SMITH"},{"floor":35,"key":"RECALL"},{"data":"hexamod:ForkedFlame","floor":44,"key":"SMITH"}],"circlet_count":0,"master_deck":["hexamod:Strike+1","hexamod:Strike+1","hexamod:Strike","hexamod:Defend+1","hexamod:Defend+1","hexamod:Defend+1","hexamod:Defend+1","hexamod:Sear+1","hexamod:HeatMetal+1","hexamod:TurnItUp+1","hexamod:HeatMetal","hexamod:DynamicBlow","hexamod:Incineration+1","hexamod:VolcanoVisage+1","hexamod:InspiringFlames","hexamod:GhostShield","hexamod:FastForward+1","hexamod:NightmareStrike+1","hexamod:SpectersWail","hexamod:GhostShield+1","hexamod:RetreatToShadows","hexamod:SkipABeat","hubris:DuctTapeCard","hexamod:EtherealExpedition","hexamod:ForkedFlame+1","hexamod:RadiantFlame+1","hexamod:GhostflameBarrier+1","hexamod:HeatShield","downfall:Haunted","expansioncontent:Chronoboost","expansioncontent:QuickStudy","hexamod:ThermalTransfer+1","hexamod:Firestarter+1","hexamod:NightmareGuise","hexamod:NightmareGuise+1"],"relics":["hexamod:SpiritBrand","downfall:HeartsMalice","Lantern","Sundial","hubris:BottledRain","hubris:DuctTape","Cursed Key","hubris:BottledHeart","hexamod:TheBrokenSeal","hexamod:IceCube","hubris:Icosahedron","Lee\u0027s Waffle","Bottled Flame","Happy Flower"],"acts_visited":["Exordium","TheCity","TheBeyond"],"potions_floor_usage":[32,33,33,40,50,50,50],"damage_taken":[{"damage":0.0,"enemies":"3 Sentries","floor":2.0,"turns":1.0},{"damage":0.0,"enemies":"2 Louse","floor":3.0,"turns":1.0},{"damage":0.0,"enemies":"Small Slimes","floor":5.0,"turns":1.0},{"damage":13.0,"enemies":"Lagavulin","floor":10.0,"turns":6.0},{"damage":0.0,"enemies":"downfall:FleeingMerchant","floor":11.0,"turns":4.0},{"damage":0.0,"enemies":"Cultist","floor":12.0,"turns":3.0},{"damage":11.0,"enemies":"Exordium Wildlife","floor":14.0,"turns":3.0},{"damage":5.0,"enemies":"Large Slime","floor":15.0,"turns":6.0},{"damage":20.0,"enemies":"WA_ARCHETYPE_RETAIN","floor":16.0,"turns":6.0},{"damage":17.0,"enemies":"Spheric Guardian","floor":19.0,"turns":5.0},{"damage":10.0,"enemies":"Shell Parasite","floor":20.0,"turns":5.0},{"damage":7.0,"enemies":"Cultist and Chosen","floor":21.0,"turns":6.0},{"damage":0.0,"enemies":"Sentry and Sphere","floor":23.0,"turns":3.0},{"damage":0.0,"enemies":"Centurion and Healer","floor":25.0,"turns":5.0},{"damage":0.0,"enemies":"Book of Stabbing","floor":27.0,"turns":5.0},{"damage":0.0,"enemies":"Shelled Parasite and Fungi","floor":30.0,"turns":6.0},{"damage":0.0,"enemies":"Snecko","floor":31.0,"turns":6.0},{"damage":0,"enemies":"Centurion and Healer","floor":32,"turns":7},{"damage":0,"enemies":"SI_MIRROR_ARCHETYPE","floor":33,"turns":9},{"damage":0,"enemies":"3 Darklings","floor":36,"turns":4},{"damage":0,"enemies":"downfall:FleeingMerchant","floor":39,"turns":4},{"damage":0,"enemies":"Giant Head","floor":40,"turns":8},{"damage":0,"enemies":"downfall:FleeingMerchant","floor":43,"turns":4},{"damage":0,"enemies":"3 Shapes","floor":45,"turns":4},{"damage":0,"enemies":"downfall:FleeingMerchant","floor":47,"turns":1},{"damage":0,"enemies":"Jaw Worm Horde","floor":48,"turns":5},{"damage":0,"enemies":"Sphere and 2 Shapes","floor":49,"turns":3},{"damage":0,"enemies":"IC_BLOCK_ARCHETYPE","floor":50,"turns":10}],"seed_played":"-1921566990409173597","potions_obtained":[{"floor":12.0,"key":"PowerPotion"},{"floor":14.0,"key":"FearPotion"},{"floor":15.0,"key":"SpeedPotion"},{"floor":16.0,"key":"DuplicationPotion"},{"floor":20.0,"key":"Explosive Potion"},{"floor":23.0,"key":"SmokeBomb"},{"floor":30.0,"key":"PowerPotion"},{"floor":31.0,"key":"Swift Potion"},{"floor":31.0,"key":"AttackPotion"},{"floor":32,"key":"Weak Potion"},{"floor":32,"key":"BlessingOfTheForge"},{"floor":33,"key":"CultistPotion"},{"floor":36,"key":"Weak Potion"},{"floor":45,"key":"Ancient Potion"},{"floor":48,"key":"Weak Potion"}],"is_trial":false,"path_per_floor":["R","?","M","?","M","?","T","?","R","E","$","M","R","M","M","B",null,"R","M","M","M","?","M","T","M","?","E","R","?","M","M","M","B",null,"R","M","?","?","$","E","T","?","$","R","M","?","$","M","M","B",null],"character_chosen":"THE_SPIRIT","items_purchased":["hubris:DuctTape","hexamod:Incineration","hexamod:HeatShield","Lee\u0027s Waffle","expansioncontent:QuickStudy","Happy Flower"],"campfire_rested":0,"item_purchase_floors":[11,11,39,39,43,43],"current_hp_per_floor":[70,70,70,70,70,70,70,70,70,57,57,57,57,46,41,21,70,70,53,43,36,1,1,1,1,1,1,1,1,1,1,1,1,1,1,1,1,1,1,1,1,1,1,1,1,1,1,1,1,1],"gold":298,"neow_bonus":"THREE_ENEMY_KILL","is_daily":false,"chose_seed":false,"campfire_upgraded":6,"win_rate":0.0,"timestamp":1612665157,"path_taken":["R","?","M","?","?","?","T","?","R","E","$","M","R","M","M","BOSS","R","M","M","M","?","M","T","M","?","E","R","?","M","M","M","BOSS","R","M","?","?","$","E","T","?","$","R","?","?","$","M","M","BOSS"],"items_purchased_type":["Relic","Card","Card","Relic","Card","Relic"],"build_version":"2020-12-22","purchased_purges":2,"victory":true,"max_hp_per_floor":[70,70,70,70,70,70,70,70,70,70,70,70,70,70,70,70,70,70,70,70,70,1,1,1,1,1,1,1,1,1,1,1,1,1,1,1,1,1,1,1,1,1,1,1,1,1,1,1,1,1],"card_choices":[{"not_picked":["hexamod:GhostLash","hexamod:SpectersWail"],"picked":"hexamod:HeatMetal","floor":2.0},{"not_picked":["hexamod:PhantomFireball","hexamod:BacktrackSmack"],"picked":"hexamod:StepThrough","floor":3.0},{"not_picked":["hexamod:RetreatToShadows","hexamod:PhantomFireball"],"picked":"hexamod:TurnItUp","floor":5.0},{"not_picked":["hexamod:HeatShield","hexamod:InspiringFlames"],"picked":"hexamod:HeatMetal","floor":10.0},{"not_picked":["hexamod:Hexaguard","hexamod:GhostShield"],"picked":"hexamod:DynamicBlow","floor":11.0},{"not_picked":["hexamod:CatchUp","hexamod:BurningTouch"],"picked":"hexamod:VolcanoVisage","floor":12.0},{"not_picked":["hexamod:NightmareGuise","hexamod:SpectersWail"],"picked":"hexamod:InspiringFlames","floor":14.0},{"not_picked":["hexamod:NightmareGuise","hexamod:GhostLash"],"picked":"hexamod:GhostShield","floor":15.0},{"not_picked":["hexamod:TimeWarp","hexamod:SearingWound"],"picked":"hexamod:FifthSeal","floor":16.0},{"not_picked":["hexamod:ThirdSeal","hexamod:FirstSeal"],"picked":"hexamod:SixthSeal","floor":19.0},{"not_picked":["hexamod:Hexaguard","hexamod:NightmareGuise","hexamod:BurningTouch"],"picked":"SKIP","floor":19.0},{"not_picked":["hexamod:SecondSeal","hexamod:FirstSeal"],"picked":"hexamod:ThirdSeal","floor":20.0},{"not_picked":["hexamod:SpectralAdrenaline","hexamod:Hexaguard"],"picked":"hexamod:FastForward","floor":20.0},{"not_picked":["hexamod:AdvancingGuard","hexamod:SpectersWail"],"picked":"hexamod:NightmareStrike+1","floor":21.0},{"not_picked":["hexamod:SixthSeal","hexamod:ThirdSeal"],"picked":"hexamod:SecondSeal","floor":21.0},{"not_picked":["hexamod:SearingWound","hexamod:GhostLash"],"picked":"hexamod:SpectersWail","floor":23.0},{"not_picked":["hexamod:FastForward","hexamod:HeatMetal","hexamod:NightmareStrike"],"picked":"SKIP","floor":23.0},{"not_picked":["hexamod:SixthSeal","hexamod:ThirdSeal"],"picked":"hexamod:FourthSeal","floor":25.0},{"not_picked":["hexamod:FastForward","hexamod:RecurringNightmare"],"picked":"hexamod:GhostShield+1","floor":25.0},{"not_picked":["hexamod:InspiringFlames","hexamod:ThirdSeal"],"picked":"hexamod:RetreatToShadows","floor":30.0},{"not_picked":["hexamod:BacktrackSmack+1","hexamod:BurningTouch"],"picked":"hexamod:FirstSeal","floor":30.0},{"not_picked":["hexamod:EmpoweredFlame","hexamod:SwordOfDarkness"],"picked":"hexamod:SkipABeat","floor":31.0},{"not_picked":["hexamod:NecessarySacrifice","hexamod:SpectralAdrenaline"],"picked":"hexamod:EtherealExpedition","floor":32},{"not_picked":["hexamod:VolcanoVisage","hexamod:WildfireWeapon"],"picked":"hexamod:ForkedFlame","floor":33},{"not_picked":["hexamod:InspiringFlames+1","hexamod:SpectersWail+1"],"picked":"hexamod:RadiantFlame+1","floor":36},{"not_picked":["hexamod:Firestarter+1","hexamod:GhostShield"],"picked":"hexamod:GhostflameBarrier+1","floor":39},{"not_picked":["hexamod:Hexaguard","hexamod:GhostOfSpirePast+1","hexamod:SecondSeal"],"picked":"SKIP","floor":40},{"not_picked":["hexamod:Hexaguard","hexamod:GhostOfSpirePast+1","hexamod:SecondSeal"],"picked":"SKIP","floor":40},{"not_picked":["expansioncontent:LastStand","expansioncontent:HyperBeam"],"picked":"expansioncontent:Chronoboost","floor":42},{"not_picked":["hexamod:Haunt+1","hexamod:HeatMetal","hexamod:GhostShield"],"picked":"SKIP","floor":43},{"not_picked":["hexamod:GhostOfSpirePresent","hexamod:SwordOfDarkness"],"picked":"hexamod:ThermalTransfer+1","floor":45},{"not_picked":["hexamod:FourthSeal","hexamod:InspiringFlames+1"],"picked":"hexamod:Firestarter+1","floor":47},{"not_picked":["hexamod:NightmareGuise","hexamod:CatchUp+1","hexamod:PhantomFireball+1"],"picked":"SKIP","floor":48},{"not_picked":["hexamod:CatchUp+1","hexamod:PhantomFireball+1"],"picked":"hexamod:NightmareGuise","floor":48},{"not_picked":["hexamod:ThermalTransfer+1","hexamod:GhostLash"],"picked":"hexamod:NightmareGuise+1","floor":49}],"player_experience":1860635,"relics_obtained":[{"floor":2.0,"key":"Lantern"},{"floor":7.0,"key":"Sundial"},{"floor":10.0,"key":"hubris:BottledRain"},{"floor":40,"key":"Bottled Flame"}],"event_choices":[],"is_beta":false,"boss_relics":[{"not_picked":["hubris:BlackHole","hubris:GrandSneckoEye"],"picked":"Cursed Key"},{"not_picked":["Busted Crown","hubris:VirtuousBlindfold"],"picked":"hexamod:IceCube"}],"items_purged_floors":[11,47],"is_endless":false,"potions_floor_spawned":[12,14,15,16,20,23,30,31,32,33,36,45,48,49],"ascension_level":0}}