{"host":"nskcj6qu6rcsb0l3","time":1612668352,"event":{"mods":["BaseMod","Better Match","Better Note","Minty Spire (QoL Compilation)","StSLib"],"gold_per_floor":[413,34,34,48,123,152,166,15,15,15,27,46,46,72,72,169,169,184,184,154,174,194,194,81,92,92,92,111,111,123,138,138,243,243,255,255,255],"floor_reached":36,"language":"ENG","playtime":1178,"items_purged":[],"score":366,"play_id":"775ff1c7-cf69-4343-b571-d494ae815a29","local_time":"20210207042552","is_ascension_mode":false,"campfire_choices":[{"floor":10.0,"key":"REST"},{"data":"Panache","floor":15.0,"key":"SMITH"},{"floor":23,"key":"REST"},{"data":"Accuracy","floor":27,"key":"SMITH"},{"floor":32,"key":"REST"}],"circlet_count":0,"master_deck":["Strike_G","Strike_G","Strike_G","Strike_G","Strike_G","Defend_G","Defend_G","Defend_G","Defend_G","Defend_G","Survivor","Neutralize","Backstab","Infinite Blades","Panache+1","Footwork","After Image+1","Footwork","Accuracy","Accuracy+1","Blade Dance","Corpse Explosion","Footwork","Backflip+1","Envenom"],"relics":["Ring of the Snake","Old Coin","MealTicket","Regal Pillow","Oddly Smooth Stone","The Courier","Odd Mushroom","Runic Pyramid","Matryoshka","WristBlade"],"acts_visited":["Exordium","TheCity","TheBeyond"],"potions_floor_usage":[28,33],"damage_taken":[{"damage":0.0,"enemies":"2 Louse","floor":1.0,"turns":4.0},{"damage":2.0,"enemies":"Jaw Worm","floor":4.0,"turns":3.0},{"damage":10.0,"enemies":"Gremlin Nob","floor":6.0,"turns":4.0},{"damage":0.0,"enemies":"Cultist","floor":7.0,"turns":3.0},{"damage":0.0,"enemies":"Large Slime","floor":11.0,"turns":6.0},{"damage":3.0,"enemies":"Exordium Wildlife","floor":12.0,"turns":7.0},{"damage":6.0,"enemies":"The Mushroom Lair","floor":14.0,"turns":5.0},{"damage":36.0,"enemies":"The Guardian","floor":16.0,"turns":16.0},{"damage":5.0,"enemies":"Chosen","floor":18.0,"turns":6.0},{"damage":20.0,"enemies":"2 Thieves","floor":21.0,"turns":4.0},{"damage":21,"enemies":"Snecko","floor":22,"turns":10},{"damage":18,"enemies":"Sentry and Sphere","floor":25,"turns":10},{"damage":23,"enemies":"3 Cultists","floor":28,"turns":7},{"damage":0,"enemies":"Snecko","floor":30,"turns":7},{"damage":22,"enemies":"Shelled Parasite and Fungi","floor":31,"turns":5},{"damage":28,"enemies":"Automaton","floor":33,"turns":11},{"damage":40,"enemies":"3 Shapes","floor":35,"turns":6},{"damage":0,"enemies":"Orb Walker","floor":36,"turns":1}],"seed_played":"7370613844339203044","potions_obtained":[{"floor":1.0,"key":"EssenceOfSteel"},{"floor":12.0,"key":"Weak Potion"},{"floor":14.0,"key":"EntropicBrew"},{"floor":16.0,"key":"Poison Potion"},{"floor":22,"key":"FearPotion"},{"floor":30,"key":"Dexterity Potion"},{"floor":35,"key":"Block Potion"}],"is_trial":false,"path_per_floor":["M","$","?","M","?","E","M","$","T","R","M","M","$","?","R","B",null,"M","?","$","M","M","R","$","M","T","R","M","?","M","M","R","B",null,"M","M"],"character_chosen":"THE_SILENT","items_purchased":["Infinite Blades","MealTicket","Panache","Oddly Smooth Stone","Footwork","Accuracy","Accuracy"],"campfire_rested":3,"item_purchase_floors":[2,2,2,8,20,24,24],"current_hp_per_floor":[70,70,63,61,50,40,40,55,55,70,70,67,70,64,64,28,70,65,65,70,50,29,65,70,52,52,52,29,29,29,7,43,15,70,30,30,30],"gold":255,"neow_bonus":"ONE_RARE_RELIC","is_daily":false,"chose_seed":false,"campfire_upgraded":2,"win_rate":0.0,"timestamp":1612668352,"path_taken":["M","$","?","M","?","E","M","?","T","R","M","?","$","?","R","BOSS","M","?","$","M","M","R","$","M","T","R","M","?","M","M","R","BOSS","M","M"],"items_purchased_type":["Card","Relic","Card","Relic","Card","Card","Card"],"build_version":"2020-12-22","purchased_purges":0,"victory":false,"max_hp_per_floor":[70,70,70,70,70,70,70,70,70,70,70,70,70,70,70,70,70,70,70,70,70,70,70,70,70,70,70,70,70,70,70,70,70,70,70,70,70],"card_choices":[{"not_picked":["Deflect","Prepared"],"picked":"Backstab","floor":1.0},{"not_picked":["Cloak And Dagger","Riddle With Holes"],"picked":"Footwork","floor":4.0},{"not_picked":["Prepared","Riddle With Holes","Bane"],"picked":"SKIP","floor":6.0},{"not_picked":["Tactician","Calculated Gamble","Choke"],"picked":"SKIP","floor":7.0},{"not_picked":["Underhanded Strike","Concentrate","Acrobatics"],"picked":"SKIP","floor":11.0},{"not_picked":["Poisoned Stab","Prepared","Sucker Punch"],"picked":"SKIP","floor":12.0},{"not_picked":["Tools of the Trade","Wraith Form v2"],"picked":"After Image","floor":16.0},{"not_picked":["Quick Slash","Poisoned Stab","Underhanded Strike"],"picked":"SKIP","floor":18.0},{"not_picked":["Terror","Expertise","Flying Knee"],"picked":"SKIP","floor":21.0},{"not_picked":["Deadly Poison","Acrobatics","Dagger Spray+1"],"picked":"SKIP","floor":22},{"not_picked":["Setup+1","Deadly Poison"],"picked":"Blade Dance","floor":25},{"not_picked":["Grand Finale","Calculated Gamble+1","Quick Slash"],"picked":"SKIP","floor":28},{"not_picked":["Bane+1","Terror"],"picked":"Footwork","floor":30},{"not_picked":["Masterful Stab","PiercingWail"],"picked":"Backflip+1","floor":31},{"not_picked":["Grand Finale","Die Die Die"],"picked":"Envenom","floor":33},{"not_picked":["Deadly Poison","Finisher","Dagger Throw"],"picked":"SKIP","floor":35}],"player_experience":998373,"relics_obtained":[{"floor":6.0,"key":"Regal Pillow"},{"floor":9.0,"key":"The Courier"},{"floor":14.0,"key":"Odd Mushroom"},{"floor":26,"key":"Matryoshka"}],"event_choices":[{"cards_removed":["Writhe"],"damage_healed":0.0,"max_hp_gain":0.0,"max_hp_loss":0.0,"gold_gain":0.0,"event_name":"Golden Wing","player_choice":"Card Removal","floor":3.0,"gold_loss":0.0,"damage_taken":7.0},{"damage_healed":0.0,"max_hp_gain":0.0,"max_hp_loss":0.0,"gold_gain":75.0,"event_name":"World of Goop","player_choice":"Gather Gold","floor":5.0,"gold_loss":0.0,"damage_taken":11.0},{"damage_healed":0.0,"max_hp_gain":0.0,"max_hp_loss":0.0,"gold_gain":0.0,"event_name":"Mushrooms","player_choice":"Fought Mushrooms","floor":14.0,"gold_loss":0.0,"damage_taken":0.0},{"damage_healed":0.0,"max_hp_gain":0.0,"max_hp_loss":0.0,"gold_gain":0.0,"event_name":"Accursed Blacksmith","player_choice":"Forge","floor":19.0,"gold_loss":0.0,"damage_taken":0.0,"cards_upgraded":["After Image"]},{"cards_removed":["Footwork"],"damage_healed":0,"gold_gain":0,"player_choice":"Take \u0026 Give","damage_taken":0,"max_hp_gain":0,"max_hp_loss":0,"event_name":"betterNote:BetterNote","floor":29,"gold_loss":0,"cards_obtained":["Corpse Explosion"]}],"is_beta":false,"boss_relics":[{"not_picked":["Runic Dome","Velvet Choker"],"picked":"Runic Pyramid"},{"not_picked":["HoveringKite","Sozu"],"picked":"WristBlade"}],"items_purged_floors":[],"is_endless":false,"potions_floor_spawned":[1,12,14,16,22,30,35],"killed_by":"Orb Walker","ascension_level":0}}