{"host":"px2oznrenyeljk7o","time":1612696202,"event":{"mods":["100% Spire Juice","2.2 Compatiblity","A Penny For Your Troubles","AchievementEnabler","Act Like it!","Arknights","Aspiration","Astrologer","BaseMod","Better Altar","Better Match","Better Note","Better Sensory Stone","Better Skull","Better Third Choice","BetterRewards","Bossed Relics","ChefMod","Colored Map","Conspire","Curses Come First","Elementarium","Energized Spire","Evolution","Fireblade Mod","Fox Events","Gensokyo","GifTheSpireLib","GungeonMod","Hallownest","Hermit","KinomotoSakuraMod(????)","Koishi","LagranYue(???·?)","Lobotomy","LobotomyExtend","Luminous","Marisa????????","Menagerie","Minty Spire (QoL Compilation)","Nova Terra(??·??)","Poor People Problems","Potionbrewer","Random Character Button","Rare Cards Sparkle","Reimu??????","Reliquary","Replay The Spire","Robot Space Explorer","Shade Mod","Small Relic Pack","Somnambulant","Spicy Shops","StSLib","Stuff the Spire","The Administrix","The Alterego","The Animator","The Blackbeard","The Blue Laboratory","The Bug Knight","The Clintock","The Construct","The Cursed","The Death Knight","The Disciple","The Florist","The Gatherer","The Hayseed","The Hierophant","The Jungle","The Marked","The Mystic","The Runesmith","The Servant 0.9.4","The Trickster","TheFirefly","TheSurvivalist","TheWitcher","WarShipGirlsR/????R mod","Wide Potions","Yakumo Yukari mod","Yuri Mod","everything is the same but u backflip on backflip","slay the spire mod where everything is the same but ironclad has a cowboy hat","??????REMEMod"],"gold_per_floor":[115,147,147,21,36,62,62,5,82,116,116,176,176,194,194,295,372,360,8,25,25,38,38,38,63,219,231,249,249,264,49,49,144,221,237,237,249,269,280,280,280,280,357,357,357],"floor_reached":44,"language":"ENG","playtime":6768,"items_purged":[],"score":604,"play_id":"eaaef98d-4637-489b-81bb-1308d554d477","local_time":"20210207121002","is_ascension_mode":false,"campfire_choices":[{"floor":7.0,"key":"REST"},{"floor":15.0,"key":"REST"},{"data":"TheCursedMod:FleshFromBone","floor":24.0,"key":"SMITH"},{"floor":29,"key":"REST"},{"floor":41,"key":"REST"}],"circlet_count":0,"master_deck":["TheCursedMod:Strike_TheCursed","TheCursedMod:Strike_TheCursed","TheCursedMod:Strike_TheCursed","TheCursedMod:Strike_TheCursed","TheCursedMod:Defend_TheCursed","TheCursedMod:Defend_TheCursed","TheCursedMod:Defend_TheCursed","TheCursedMod:Defend_TheCursed","TheCursedMod:CursedWand+1","TheCursedMod:CleanUpWorkshop","TheCursedMod:Dregs","SnafuTest:MelitelesCare","TheCursedMod:CircleOfFlame","TheCursedMod:Stigma","TheCursedMod:Obscuration","TheCursedMod:WearCloak","TheCursedMod:VoidForm","TheCursedMod:SpitefulPlan","TheCursedMod:SpitefulPlan","TheCursedMod:CursedMace","TheCursedMod:CursedBlade","Parasite","TheCursedMod:FleshFromBone+1","TheCursedMod:CircleOfAbyss","TheCursedMod:Stigma+1","TheCursedMod:LuckyCharm","TheCursedMod:SurpriseAttack","TheCursedMod:HellsGateOpen","TheCursedMod:SpreadPlague","SnafuTest:CurseSurrender","TheCursedMod:ReleasedKnowledge","TheCursedMod:CursedAmulet+1","TheCursedMod:SpitefulPray","TheCursedMod:TroublousMinions","Normality","TheCursedMod:SoulCrush","Delirium","TheCursedMod:StunningStrike","TheCursedMod:SoulReap","TheCursedMod:Evocation","TheCursedMod:BlessingInDisguise","TheCursedMod:AbyssShockwave+1","Regret","Doubt"],"relics":["TheCursedMod:BlackMagic101","EVO:Axolotl","REME_ComplimentaryCards","LagranYue:RandomDrawCardRelic","LetterFromLob","foxEvents:LuckyCharm","WingedGreaves","Eternal Feather","reliquary:SilkGlove","reliquary:FerryPass","energizedSpire:CursedPentagram","reliquary:TridentHead","MealTicket","DemoMod:PinkGuonStone","Art of War","TheCursedMod:BloodyHarpoon","StuffTheSpire:RunicHypercube"],"acts_visited":["Exordium","TheCity","TheBeyond"],"potions_floor_usage":[28,30,35,39],"damage_taken":[{"damage":0.0,"enemies":"Small Slimes","floor":1.0,"turns":5.0},{"damage":27.0,"enemies":"Colosseum Slavers","floor":2.0,"turns":4.0},{"damage":2.0,"enemies":"Jaw Worm","floor":5.0,"turns":4.0},{"damage":1.0,"enemies":"3 Sentries","floor":6.0,"turns":4.0},{"damage":22.0,"enemies":"Lagavulin","floor":10.0,"turns":7.0},{"damage":42.0,"enemies":"Lagavulin Event","floor":12.0,"turns":7.0},{"damage":0.0,"enemies":"2 Louse","floor":14.0,"turns":3.0},{"damage":19.0,"enemies":"Hexaghost","floor":16.0,"turns":15.0},{"damage":21.0,"enemies":"2 Thieves","floor":18.0,"turns":4.0},{"damage":6.0,"enemies":"Shell Parasite","floor":20.0,"turns":5.0},{"damage":19.0,"enemies":"3 Cultists","floor":22.0,"turns":5.0},{"damage":7.0,"enemies":"conspire:Head Lice","floor":25.0,"turns":7.0},{"damage":9.0,"enemies":"Centurion and Healer","floor":27.0,"turns":11.0},{"damage":44,"enemies":"REME_1_Revenger","floor":28,"turns":6},{"damage":22,"enemies":"Chosen and Byrds","floor":30,"turns":5},{"damage":35,"enemies":"Champ","floor":33,"turns":12},{"damage":3,"enemies":"3 Shapes","floor":35,"turns":2},{"damage":3,"enemies":"Orb Walker","floor":37,"turns":5},{"damage":3,"enemies":"4 Shapes","floor":38,"turns":3},{"damage":80,"enemies":"Jaw Worm Horde","floor":39,"turns":7},{"damage":107,"enemies":"Reptomancer","floor":44,"turns":8}],"seed_played":"6495452305318948458","potions_obtained":[{"floor":2.0,"key":"Explosive Potion"},{"floor":5.0,"key":"potionbrewer:ToxicPotion"},{"floor":12.0,"key":"potionbrewer:ToxicPotion"},{"floor":27,"key":"DemoMod:LeadSkinPotion"},{"floor":28,"key":"blueLaboratory:BottleOfVodka"},{"floor":33,"key":"Explosive Potion"},{"floor":38,"key":"potionbrewer:ToxicPotion"}],"is_trial":false,"path_per_floor":["M","?","?","$","M","E","R","$","T","E","M","?","?","M","R","B",null,"M","$","M","?","M","R","R","E","T","M","E","R","M","$","R","B",null,"M","?","M","M","M","R","R","?","T","E"],"character_chosen":"THE_CURSED","items_purchased":["TheCursedMod:Stigma","TheCursedMod:Obscuration","TheCursedMod:SpitefulPlan","TheCursedMod:LuckyCharm","reliquary:TridentHead","TheCursedMod:TroublousMinions","TheCursedMod:BloodyHarpoon","TheCursedMod:SoulCrush"],"campfire_rested":4,"item_purchase_floors":[4,4,8,19,19,31,31,31],"current_hp_per_floor":[75,48,48,48,46,45,67,67,67,49,49,11,29,29,63,44,75,61,61,55,63,44,59,74,67,74,75,31,73,51,66,82,56,82,79,79,79,81,6,30,78,82,82,0,0],"gold":357,"neow_bonus":"UPGRADE_CARD","is_daily":false,"chose_seed":false,"campfire_upgraded":1,"win_rate":0.0,"timestamp":1612696202,"path_taken":["M","?","?","$","M","E","R","?","T","E","?","?","?","M","R","BOSS","M","$","M","?","M","R","R","E","T","M","E","R","M","$","R","BOSS","M","?","M","M","M","R","R","?","T","E"],"items_purchased_type":["Card","Card","Card","Card","Relic","Card","Relic","Card"],"build_version":"2020-12-22","purchased_purges":0,"victory":false,"max_hp_per_floor":[75,75,75,75,75,75,75,75,75,75,75,75,75,75,75,75,75,75,75,75,75,75,75,75,75,82,82,82,82,82,82,82,82,82,82,82,82,82,82,82,82,82,82,82,82],"card_choices":[{"not_picked":["TheCursedMod:HellsGateOpen","TheCursedMod:BlessingInDisguise"],"picked":"TheCursedMod:CircleOfFlame","floor":1.0},{"not_picked":["TheCursedMod:SaltUponWound","TheCursedMod:BloodBarrier"],"picked":"TheCursedMod:WearCloak","floor":5.0},{"not_picked":["TheCursedMod:SmokeScreen","TheCursedMod:CursedMace"],"picked":"TheCursedMod:VoidForm","floor":6.0},{"not_picked":["TheCursedMod:SurpriseAttack","TheCursedMod:CursedAmulet"],"picked":"TheCursedMod:CursedMace","floor":10.0},{"not_picked":["TheCursedMod:CircleOfFlame","TheCursedMod:VitalStrike"],"picked":"TheCursedMod:CursedBlade","floor":12.0},{"not_picked":["TheCursedMod:HellsGateOpen","TheCursedMod:BloodBarrier"],"picked":"TheCursedMod:FleshFromBone","floor":14.0},{"not_picked":["TheCursedMod:ManaCirculation","TheCursedMod:CollectTribute"],"picked":"TheCursedMod:CircleOfAbyss","floor":16.0},{"not_picked":["TheCursedMod:SmokeScreen","TheCursedMod:CursedAmulet"],"picked":"TheCursedMod:Stigma+1","floor":18.0},{"not_picked":["TheCursedMod:Obscuration","TheCursedMod:WearCloak"],"picked":"TheCursedMod:SurpriseAttack","floor":20.0},{"not_picked":["TheCursedMod:CursedMace","TheCursedMod:SpitefulPlan"],"picked":"TheCursedMod:HellsGateOpen","floor":22.0},{"not_picked":["TheCursedMod:DoubleShield+1","TheCursedMod:SurpriseAttack+1"],"picked":"TheCursedMod:SpreadPlague","floor":25.0},{"not_picked":["TheCursedMod:SurpriseAttack+1","TheCursedMod:CursedAmulet"],"picked":"TheCursedMod:ReleasedKnowledge","floor":27},{"not_picked":["TheCursedMod:SpreadPlague","TheCursedMod:CursedMace+1"],"picked":"TheCursedMod:CursedAmulet+1","floor":28},{"not_picked":["TheCursedMod:CursedShiv","TheCursedMod:Stretching"],"picked":"TheCursedMod:SpitefulPray","floor":30},{"not_picked":["TheCursedMod:VoidForm","TheCursedMod:ShockAndAwe"],"picked":"TheCursedMod:StunningStrike","floor":33},{"not_picked":["TheCursedMod:RavingStaff","TheCursedMod:HellsGateOpen+1"],"picked":"TheCursedMod:SoulReap","floor":35},{"not_picked":["TheCursedMod:Stigma+1","TheCursedMod:CursedShiv"],"picked":"TheCursedMod:Evocation","floor":37},{"not_picked":["TheCursedMod:CircleOfAmplification","TheCursedMod:BloodBarrier+1"],"picked":"TheCursedMod:BlessingInDisguise","floor":38},{"not_picked":["TheCursedMod:LuckyCharm+1","TheCursedMod:CircleOfFlame+1"],"picked":"TheCursedMod:AbyssShockwave+1","floor":39}],"player_experience":601653,"relics_obtained":[{"floor":1.0,"key":"LetterFromLob"},{"floor":2.0,"key":"foxEvents:LuckyCharm"},{"floor":6.0,"key":"WingedGreaves"},{"floor":9.0,"key":"Eternal Feather"},{"floor":10.0,"key":"reliquary:SilkGlove"},{"floor":12.0,"key":"reliquary:FerryPass"},{"floor":25.0,"key":"MealTicket"},{"floor":26.0,"key":"DemoMod:PinkGuonStone"},{"floor":28,"key":"Art of War"}],"event_choices":[{"damage_healed":0.0,"max_hp_gain":0.0,"max_hp_loss":0.0,"gold_gain":0.0,"event_name":"Golden Wing","player_choice":"Ignored","floor":3.0,"gold_loss":0.0,"damage_taken":0.0},{"damage_healed":0.0,"max_hp_gain":0.0,"max_hp_loss":0.0,"gold_gain":0.0,"event_name":"Dead Adventurer","player_choice":"Searched \u00272\u0027 times","floor":12.0,"gold_loss":0.0,"damage_taken":0.0},{"damage_healed":18.0,"max_hp_gain":0.0,"max_hp_loss":0.0,"gold_gain":0.0,"event_name":"Mushrooms","player_choice":"Healed and dodged fight","floor":13.0,"gold_loss":0.0,"damage_taken":0.0,"cards_obtained":["Parasite"]},{"damage_healed":4,"gold_gain":0,"player_choice":"Heal","damage_taken":0,"max_hp_gain":0,"max_hp_loss":0,"event_name":"MindBloom","floor":42,"gold_loss":0,"cards_obtained":["Doubt"]}],"is_beta":false,"boss_relics":[{"not_picked":["Ectoplasm","LagranYue:ContractPerformanceRelic"],"picked":"energizedSpire:CursedPentagram"},{"not_picked":["aspiration:SilentSkillbook","Replay:Bronze Core"],"picked":"StuffTheSpire:RunicHypercube"}],"items_purged_floors":[],"is_endless":false,"potions_floor_spawned":[2,5,12,27,28,30,33,38],"killed_by":"Reptomancer","ascension_level":0}}