{"host":"gaqyve1328ta0etl","time":1612726807,"event":{"mods":["BaseMod","Colored Map","Colored Powertips","Duelist Mod","Googly Eyes","Hero for Fun","Minty Spire (QoL Compilation)","Shop Mod","StSLib","SuperFastMode","The Hierophant","The Runesmith"],"gold_per_floor":[117,136,136,61,74,74,108,120,132,161,148,160,229,260,272,358,370,395,425,437,437],"floor_reached":20,"language":"ENG","playtime":460,"items_purged":["Strike_G"],"score":296,"play_id":"57920961-5b4c-4636-b27e-0a33e001762f","local_time":"20210207114007","is_ascension_mode":true,"campfire_choices":[{"floor":6,"key":"REST"},{"floor":8,"key":"REST"},{"floor":12,"key":"REST"},{"floor":15,"key":"REST"}],"circlet_count":0,"master_deck":["AscendersBane","Strike_G","Strike_G","Strike_G","Strike_G","Defend_G","Defend_G","Defend_G","Defend_G","Defend_G","Survivor","Neutralize","Poisoned Stab","Sucker Punch","After Image","Die Die Die","Poisoned Stab","Crippling Poison","Backflip","Doppelganger","Backflip"],"relics":["Ring of the Snake","NeowsBlessing","Gremlin Horn","MawBank","Letter Opener","Ancient Tea Set","SlaversCollar"],"acts_visited":["Exordium","TheCity"],"potions_floor_usage":[7,7,14,20],"damage_taken":[{"damage":0,"enemies":"2 Louse","floor":1,"turns":1},{"damage":0,"enemies":"Small Slimes","floor":2,"turns":1},{"damage":0,"enemies":"Jaw Worm","floor":5,"turns":1},{"damage":31,"enemies":"Gremlin Nob","floor":7,"turns":6},{"damage":1,"enemies":"Blue Slaver","floor":10,"turns":4},{"damage":25,"enemies":"Gremlin Nob","floor":13,"turns":4},{"damage":4,"enemies":"Exordium Wildlife","floor":14,"turns":3},{"damage":11,"enemies":"Hexaghost","floor":16,"turns":11},{"damage":34,"enemies":"Spheric Guardian","floor":18,"turns":9},{"damage":24,"enemies":"3 Byrds","floor":19,"turns":6},{"damage":2,"enemies":"Snecko","floor":20,"turns":2}],"seed_played":"4493085934424635403","potions_obtained":[{"floor":2,"key":"LiquidMemories"},{"floor":5,"key":"Swift Potion"},{"floor":10,"key":"SpeedPotion"},{"floor":16,"key":"Strength Potion"},{"floor":18,"key":"SteroidPotion"}],"is_trial":false,"path_per_floor":["M","M","?","$","M","R","E","R","T","M","?","R","?","M","R","B",null,"M","M","M"],"character_chosen":"THE_SILENT","items_purchased":[],"campfire_rested":4,"item_purchase_floors":[],"current_hp_per_floor":[59,59,34,34,34,53,22,41,41,40,40,59,34,30,49,38,59,25,1,0,0],"gold":437,"neow_bonus":"THREE_ENEMY_KILL","is_daily":false,"chose_seed":false,"campfire_upgraded":0,"win_rate":0.0,"timestamp":1612726807,"path_taken":["M","M","?","$","M","R","E","R","T","M","?","R","?","M","R","BOSS","M","M","M"],"items_purchased_type":[],"build_version":"2020-12-22","purchased_purges":1,"victory":false,"max_hp_per_floor":[66,66,66,66,66,66,66,66,66,66,66,66,66,66,66,66,66,66,66,66,66],"card_choices":[{"not_picked":["Acrobatics","Deadly Poison"],"picked":"Poisoned Stab","floor":1},{"not_picked":["Endless Agony","Blade Dance"],"picked":"Sucker Punch","floor":2},{"not_picked":["Bouncing Flask","Acrobatics"],"picked":"After Image","floor":5},{"not_picked":["Flying Knee","Prepared"],"picked":"Die Die Die","floor":7},{"not_picked":["Dodge and Roll","Sucker Punch"],"picked":"Poisoned Stab","floor":10},{"not_picked":["Deflect","Eviscerate"],"picked":"Crippling Poison","floor":13},{"not_picked":["Slice","Riddle With Holes"],"picked":"Backflip","floor":14},{"not_picked":["Storm of Steel","Malaise"],"picked":"Doppelganger","floor":16},{"not_picked":["Predator","Masterful Stab","Accuracy"],"picked":"SKIP","floor":18},{"not_picked":["Dagger Spray+1","Endless Agony+1"],"picked":"Backflip","floor":19}],"player_experience":2104415,"relics_obtained":[{"floor":7,"key":"MawBank"},{"floor":9,"key":"Letter Opener"},{"floor":13,"key":"Ancient Tea Set"}],"event_choices":[{"damage_healed":0,"gold_gain":0,"player_choice":"Success","damage_taken":25,"relics_obtained":["Gremlin Horn"],"max_hp_gain":0,"max_hp_loss":0,"event_name":"Scrap Ooze","floor":3,"gold_loss":0},{"damage_healed":0,"gold_gain":0,"player_choice":"Left Gold","damage_taken":0,"max_hp_gain":0,"max_hp_loss":0,"event_name":"World of Goop","floor":11,"gold_loss":25},{"damage_healed":0,"gold_gain":30,"player_choice":"Searched \u00272\u0027 times","damage_taken":0,"max_hp_gain":0,"max_hp_loss":0,"event_name":"Dead Adventurer","floor":13,"gold_loss":0}],"is_beta":false,"boss_relics":[{"not_picked":["Coffee Dripper","Ectoplasm"],"picked":"SlaversCollar"}],"items_purged_floors":[4],"is_endless":false,"potions_floor_spawned":[2,5,10,16,18,19],"killed_by":"Snecko","ascension_level":14}}