{"host":"ul3z8ex5o8l5j7mh","time":1612701520,"event":{"mods":["AchievementEnabler","BaseMod","Colored Map","Colored Powertips","DeckTracker","Minty Spire (QoL Compilation)","SuperFastMode"],"gold_per_floor":[116,134,146,146,156,181,181,198,270,304,315,350,350,425,425,529,529,544,544,561,571,571,600,600,19,19,38,38,0,30,46,46,141,141,159,159,10,22,39,39,39,73,122,29,49,66,76,76,76],"floor_reached":48,"language":"ENG","playtime":2820,"items_purged":["Defend_R","Strike_R"],"score":678,"play_id":"e323d4b4-7435-41a3-8f64-da12ec7039ab","local_time":"20210207133840","is_ascension_mode":true,"campfire_choices":[{"floor":7.0,"key":"RECALL"},{"data":"Infernal Blade","floor":15.0,"key":"SMITH"},{"floor":24.0,"key":"REST"},{"floor":32.0,"key":"REST"},{"floor":40.0,"key":"REST"}],"circlet_count":0,"master_deck":["Strike_R+1","Bash","Second Wind","Clash","Flex","Heavy Blade","Armaments","Rupture","Feed","Infernal Blade+1","Clothesline+1","Barricade","Heavy Blade+1","Heavy Blade+1","Feed+1","Armaments","Immolate","Demon Form","Flame Barrier","Dual Wield+1","Corruption","Apotheosis","Dark Shackles","Havoc","Havoc","Twin Strike+1","Berserk","Metallicize+1","Clash+1","Heavy Blade+1","Bandage Up","Infernal Blade+1","Seeing Red"],"relics":["Burning Blood","Gremlin Horn","Self Forming Clay","Charon\u0027s Ashes","Bag of Marbles","Astrolabe","Ancient Tea Set","Molten Egg 2","Membership Card","Bottled Flame","Boot","Dream Catcher","Strawberry","Busted Crown","Strange Spoon","Nunchaku","Blue Candle","Omamori","Whetstone"],"acts_visited":["Exordium","TheCity","TheBeyond"],"potions_floor_usage":[48],"damage_taken":[{"damage":12.0,"enemies":"Jaw Worm","floor":1.0,"turns":3.0},{"damage":0.0,"enemies":"Small Slimes","floor":2.0,"turns":3.0},{"damage":9.0,"enemies":"2 Louse","floor":3.0,"turns":3.0},{"damage":6.0,"enemies":"Lots of Slimes","floor":5.0,"turns":3.0},{"damage":10.0,"enemies":"Gremlin Nob","floor":6.0,"turns":3.0},{"damage":0.0,"enemies":"Large Slime","floor":8.0,"turns":4.0},{"damage":43.0,"enemies":"Lagavulin","floor":10.0,"turns":6.0},{"damage":1.0,"enemies":"2 Fungi Beasts","floor":11.0,"turns":2.0},{"damage":17.0,"enemies":"3 Sentries","floor":12.0,"turns":6.0},{"damage":80.0,"enemies":"Slime Boss","floor":16.0,"turns":13.0},{"damage":7.0,"enemies":"Shell Parasite","floor":18.0,"turns":2.0},{"damage":8.0,"enemies":"3 Byrds","floor":20.0,"turns":4.0},{"damage":30.0,"enemies":"Centurion and Healer","floor":21.0,"turns":5.0},{"damage":57.0,"enemies":"Slavers","floor":23.0,"turns":6.0},{"damage":3.0,"enemies":"Cultist and Chosen","floor":27.0,"turns":3.0},{"damage":18.0,"enemies":"Book of Stabbing","floor":30.0,"turns":4.0},{"damage":0.0,"enemies":"3 Cultists","floor":31.0,"turns":2.0},{"damage":91.0,"enemies":"Automaton","floor":33.0,"turns":7.0},{"damage":13.0,"enemies":"3 Darklings","floor":35.0,"turns":3.0},{"damage":24.0,"enemies":"Orb Walker","floor":38.0,"turns":3.0},{"damage":55.0,"enemies":"Transient","floor":39.0,"turns":5.0},{"damage":29.0,"enemies":"Reptomancer","floor":42.0,"turns":4.0},{"damage":48.0,"enemies":"Maw","floor":45.0,"turns":6.0},{"damage":2.0,"enemies":"3 Darklings","floor":46.0,"turns":2.0},{"damage":40,"enemies":"Writhing Mass","floor":47,"turns":7},{"damage":71,"enemies":"Transient","floor":48,"turns":5}],"seed_played":"-7173177259171451075","potions_obtained":[{"floor":1.0,"key":"EntropicBrew"},{"floor":2.0,"key":"LiquidMemories"},{"floor":3.0,"key":"DuplicationPotion"},{"floor":6.0,"key":"Fire Potion"},{"floor":10.0,"key":"BloodPotion"},{"floor":18.0,"key":"FearPotion"},{"floor":21.0,"key":"AttackPotion"},{"floor":33.0,"key":"HeartOfIron"},{"floor":38.0,"key":"DuplicationPotion"},{"floor":39.0,"key":"DistilledChaos"},{"floor":47,"key":"BloodPotion"}],"is_trial":false,"path_per_floor":["M","M","M","?","M","E","R","M","T","E","M","E","T","?","R","B",null,"M","?","M","M","?","E","R","$","T","M","$","?","E","M","R","B",null,"M","?","$","M","M","R","?","E","T","$","M","M","M","M"],"character_chosen":"IRONCLAD","items_purchased":["Membership Card","Bottled Flame","Boot","Apotheosis","Dark Shackles","LiquidMemories","SteroidPotion","Strange Spoon","Nunchaku","Bandage Up"],"campfire_rested":3,"item_purchase_floors":[25,25,25,25,25,25,25,37,37,44],"current_hp_per_floor":[74,80,77,82,82,78,78,84,84,47,55,64,64,53,53,8,91,90,90,96,79,79,31,63,63,63,73,73,73,68,77,114,29,126,119,119,119,101,52,88,88,65,65,65,29,41,11,0,0],"gold":76,"neow_bonus":"TRANSFORM_CARD","is_daily":false,"chose_seed":false,"campfire_upgraded":1,"win_rate":0.0,"timestamp":1612701520,"path_taken":["M","M","M","?","M","E","R","M","T","E","M","E","?","?","R","BOSS","M","?","M","M","?","E","R","$","T","?","$","?","E","M","R","BOSS","M","?","$","M","M","R","?","E","T","$","?","M","M","M"],"items_purchased_type":["Relic","Relic","Relic","Card","Card","Potion","Potion","Relic","Relic","Card"],"build_version":"2020-12-22","purchased_purges":2,"victory":false,"max_hp_per_floor":[80,80,80,85,85,85,85,85,85,85,88,91,91,91,91,91,91,91,91,99,106,106,109,109,109,109,116,116,116,123,126,126,126,126,126,120,120,120,120,120,120,120,120,120,120,124,124,124,124],"card_choices":[{"not_picked":["Power Through","Fire Breathing","Wild Strike"],"picked":"SKIP","floor":1.0},{"not_picked":["Shrug It Off","Heavy Blade"],"picked":"Clash","floor":2.0},{"not_picked":["Reckless Charge","Thunderclap"],"picked":"Flex","floor":3.0},{"not_picked":["Feel No Pain","Wild Strike"],"picked":"Heavy Blade","floor":5.0},{"not_picked":["Twin Strike","Anger"],"picked":"Armaments","floor":6.0},{"not_picked":["Metallicize","Clothesline"],"picked":"Rupture","floor":8.0},{"not_picked":["Havoc","Headbutt"],"picked":"Feed","floor":10.0},{"not_picked":["Heavy Blade","Twin Strike"],"picked":"Infernal Blade","floor":11.0},{"not_picked":["Iron Wave","Headbutt"],"picked":"Clothesline","floor":12.0},{"not_picked":["Double Tap","Impervious"],"picked":"Barricade","floor":16.0},{"not_picked":["Twin Strike","Searing Blow"],"picked":"Armaments","floor":18.0},{"not_picked":["Pummel","Cleave+1"],"picked":"Flame Barrier","floor":20.0},{"not_picked":["Headbutt","Rupture"],"picked":"Dual Wield+1","floor":21.0},{"not_picked":["Thunderclap+1","Dual Wield+1"],"picked":"Corruption","floor":23.0},{"not_picked":["Disarm+1","Pommel Strike+1"],"picked":"Havoc","floor":27.0},{"not_picked":["Corruption","Body Slam+1"],"picked":"Havoc","floor":30.0},{"not_picked":["Fire Breathing+1","Cleave+1"],"picked":"Twin Strike+1","floor":31.0},{"not_picked":["Juggernaut","Corruption"],"picked":"Berserk","floor":33.0},{"not_picked":[],"picked":"Metallicize+1","floor":35.0},{"not_picked":["Cleave+1"],"picked":"SKIP","floor":38.0},{"not_picked":[],"picked":"Clash+1","floor":39.0},{"not_picked":[],"picked":"Heavy Blade+1","floor":42.0},{"not_picked":[],"picked":"Infernal Blade+1","floor":45.0},{"not_picked":[],"picked":"Seeing Red","floor":46.0},{"not_picked":["Anger+1"],"picked":"SKIP","floor":47}],"player_experience":322403,"relics_obtained":[{"floor":6.0,"key":"Gremlin Horn"},{"floor":9.0,"key":"Self Forming Clay"},{"floor":10.0,"key":"Charon\u0027s Ashes"},{"floor":12.0,"key":"Bag of Marbles"},{"floor":23.0,"key":"Molten Egg 2"},{"floor":26.0,"key":"Dream Catcher"},{"floor":30.0,"key":"Strawberry"},{"floor":41.0,"key":"Blue Candle"},{"floor":42.0,"key":"Omamori"},{"floor":43.0,"key":"Whetstone"}],"event_choices":[{"damage_healed":0.0,"max_hp_gain":5.0,"max_hp_loss":0.0,"gold_gain":0.0,"event_name":"Big Fish","player_choice":"Donut","floor":4.0,"gold_loss":0.0,"damage_taken":0.0},{"damage_healed":0.0,"max_hp_gain":0.0,"max_hp_loss":0.0,"gold_gain":75.0,"event_name":"World of Goop","player_choice":"Gather Gold","floor":14.0,"gold_loss":0.0,"damage_taken":11.0},{"damage_healed":0.0,"max_hp_gain":0.0,"max_hp_loss":0.0,"gold_gain":0.0,"cards_transformed":["Strike_R","Defend_R"],"event_name":"Drug Dealer","player_choice":"Became Test Subject","floor":19.0,"gold_loss":0.0,"damage_taken":0.0,"cards_obtained":["Immolate","Demon Form"]},{"damage_healed":0.0,"max_hp_gain":0.0,"max_hp_loss":0.0,"gold_gain":0.0,"event_name":"WeMeetAgain","player_choice":"Gave Potion","floor":22.0,"gold_loss":0.0,"damage_taken":0.0,"relics_obtained":["Ancient Tea Set"]},{"damage_healed":0.0,"max_hp_gain":0.0,"max_hp_loss":0.0,"gold_gain":0.0,"event_name":"Masked Bandits","player_choice":"Paid Fearfully","floor":29.0,"gold_loss":38.0,"damage_taken":0.0},{"damage_healed":0.0,"max_hp_gain":0.0,"max_hp_loss":6.0,"gold_gain":0.0,"event_name":"Winding Halls","player_choice":"Max HP","floor":36.0,"gold_loss":0.0,"damage_taken":0.0},{"damage_healed":0.0,"max_hp_gain":0.0,"max_hp_loss":0.0,"gold_gain":0.0,"event_name":"Wheel of Change","player_choice":"Relic","floor":41.0,"gold_loss":0.0,"damage_taken":0.0}],"is_beta":false,"boss_relics":[{"not_picked":["Sozu","Empty Cage"],"picked":"Astrolabe"},{"not_picked":["Fusion Hammer","Cursed Key"],"picked":"Busted Crown"}],"items_purged_floors":[25,44],"is_endless":false,"potions_floor_spawned":[1,2,3,6,10,18,21,33,38,39,47],"killed_by":"Transient","ascension_level":3}}