{"host":"rng0zyo66qdcpyr0","time":1612672883,"event":{"mods":["ATMod(∞¢Ë™Mod)","Arknights","Ascension Reborn","BaseMod","Better Vampires","Colored Powertips","Downfall","Lobotomy","LobotomyExtend","Luminous","Marisa£®ÏF”Í°°ƒß¿Ì…≥£©","Minty Spire (QoL Compilation)","Reimu£®≤©¿ˆ¡È√Œ£©","Relic Filter Mod","Remilia£®¿Ÿ√◊¿Ú—«£©","RumiaBox-¬∂√◊Ê´µƒ…Ò√ÿ∫–◊”","StSLib","TestMod","Waifu the Spire","WarShipGirlsR/’ΩΩ¢…Ÿ≈ÆR mod","Yakumo Yukari mod","Youmu£®ªÍ∆«—˝√Œ£©","[GremlinLeader]The Maniac","noobMod","°æπ¶ƒ‹Mod°øªÏ„Á÷Æª∑–ﬁ∏¥≤π∂°","°æ“≈ŒÔø®≈∆°øREMEMod"],"gold_per_floor":[112,124,124,143,162,162,162,195,195,256,276,276,298,323,323,451,451,482,521,545,563,584,633,151,195,195,269,348,419,419,463,463,613,613,709,709,255,312,433,497,497,561,637,734,860,960,1015,1199,1199,1239,1239,1239,1239,835,921,998],"floor_reached":57,"language":"ZHS","playtime":3445,"items_purged":["Dazed"],"score":1713,"play_id":"bdd78ceb-442b-4028-92ed-5acbd3f0c5e2","local_time":"20210207124123","is_ascension_mode":false,"campfire_choices":[{"floor":7,"key":"RECALL"},{"data":"Luminous:Dark_Pressure_Void","floor":15,"key":"SMITH"},{"data":"Luminous:Equalize_Luminous","floor":32,"key":"SMITH"},{"data":"Luminous:Erosion_Luminous","floor":41,"key":"SMITH"},{"data":"Luminous:Abyss_Heart_Luminous","floor":49,"key":"SMITH"},{"data":"Luminous:Lunar_Tide_Luminous","floor":53,"key":"SMITH"}],"circlet_count":0,"master_deck":["Luminous:Light_Flash_Shower+1","Luminous:Light_Flash_Shower+1","Luminous:Light_Flash_Shower+1","Luminous:Dark_Abyssal_Drop+1","Luminous:Dark_Abyssal_Drop+1","Luminous:Dark_Abyssal_Drop+1","Luminous:Defend_Luminous+1","Luminous:Defend_Luminous+1","Luminous:Defend_Luminous+1","Luminous:Defend_Luminous+1","Luminous:Switch_Luminous+1","Secret Weapon+1","AT_FamilyPortrait+1","Luminous:Darks_Surge_Luminous+1","Luminous:Accumulation_Luminous+1","Luminous:Light_Ray_of_Redemption+1","Luminous:Magic_Accelerate_Luminous+1","Luminous:Light_Glare+1","Luminous:Sympathy_Luminous+1","Luminous:Ethereal_Form_Luminous+1","Luminous:Dark_Pressure_Void+1","Luminous:Armageddon_Luminous+1","Luminous:Tune_Luminous+1","Luminous:Dark_Pressure_Void+1","Luminous:Mana_Well_Luminous+1","Luminous:Abyss_Heart_Luminous+1","Luminous:Balance_Aether_Conduit+1","Luminous:Dark_Dim_Erosion+1","Luminous:Dusk_Guard_Luminous","Luminous:Equalize_Luminous+1","Luminous:Light_Disperse+1","Luminous:Lunar_Tide_Luminous+1","Luminous:Phantom_Treasure_Luminous+1","Luminous:Erosion_Luminous+1","Luminous:Shadow_Shell_Luminous+1","Luminous:Light_Wash_Luminous+1","Luminous:Concentrate_Luminous+1","Luminous:Concentrate_Luminous","Luminous:Photic_Meditation_Luminous+1","Luminous:Balance_Baptism","Luminous:Accumulation_Luminous+1","Luminous:Magic_Boost_Luminous+1","Luminous:Light_Disperse+1"],"relics":["Luminous:MirrorRelic","REME_ComplimentaryCards","testmod-TestBox","AT_ATBox","ice","testmod-TimeTraveler","LetterFromLob","GodSword5","REME_ArchaeologicalTools","testmod-DeterminationOfClimber","HonorFeather","Moonlight_r","AT_Manta","AT_MibuBalloonWealth","Sundial","AT_GuinsooRageblade","Runic Dome","PreservedInsect","AT_BellDemon","TheAbacus","Oddly Smooth Stone","testmod-Hope","AT_ForceNature","AT_EbonyIvory","Darkstone Periapt","AT_BellowingDragoncrestRing","Whetstone","AT_PhaseBoots","Bottled Tornado","GodSword7","CatCart","Mercury Hourglass","MagicDraw4","Chemical X","AT_SunfireAegis","Letter Opener"],"acts_visited":["Exordium","TheCity","TheBeyond","TheEnding"],"potions_floor_usage":[10,16,21,21,21,27],"damage_taken":[{"damage":0,"enemies":"Small Slimes","floor":1,"turns":2},{"damage":0,"enemies":"Cultist","floor":2,"turns":3},{"damage":3,"enemies":"Jaw Worm","floor":4,"turns":2},{"damage":0,"enemies":"Large Slime","floor":5,"turns":3},{"damage":10,"enemies":"3 Sentries","floor":8,"turns":5},{"damage":0,"enemies":"3 Louse","floor":10,"turns":3},{"damage":0,"enemies":"Looter","floor":11,"turns":3},{"damage":0,"enemies":"2 Fungi Beasts","floor":13,"turns":2},{"damage":0,"enemies":"Blue Slaver","floor":14,"turns":4},{"damage":18,"enemies":"The Guardian","floor":16,"turns":8},{"damage":0,"enemies":"Spheric Guardian","floor":18,"turns":3},{"damage":0,"enemies":"Shell Parasite","floor":19,"turns":2},{"damage":0,"enemies":"3 Cultists","floor":20,"turns":3},{"damage":55,"enemies":"3 Cultists","floor":21,"turns":3},{"damage":0,"enemies":"Snecko","floor":22,"turns":3},{"damage":0,"enemies":"Book of Stabbing","floor":23,"turns":3},{"damage":0,"enemies":"Snake Plant","floor":25,"turns":2},{"damage":0,"enemies":"Sentry and Sphere","floor":27,"turns":1},{"damage":0,"enemies":"REME_1_Revenger","floor":28,"turns":1},{"damage":0,"enemies":"Chosen and Byrds","floor":29,"turns":2},{"damage":0,"enemies":"Snake Plant","floor":31,"turns":2},{"damage":0,"enemies":"Automaton","floor":33,"turns":2},{"damage":0,"enemies":"3 Shapes","floor":35,"turns":2},{"damage":0,"enemies":"Orb Walker","floor":38,"turns":1},{"damage":3,"enemies":"4 Shapes","floor":39,"turns":1},{"damage":0,"enemies":"Giant Head","floor":40,"turns":2},{"damage":0,"enemies":"Transient","floor":42,"turns":3},{"damage":15,"enemies":"Jaw Worm Horde","floor":44,"turns":2},{"damage":0,"enemies":"4 Shapes","floor":45,"turns":1},{"damage":0,"enemies":"Sphere and 2 Shapes","floor":46,"turns":1},{"damage":0,"enemies":"Spire Growth","floor":47,"turns":2},{"damage":0,"enemies":"Orin","floor":48,"turns":4},{"damage":0,"enemies":"Time Eater","floor":50,"turns":3},{"damage":0,"enemies":"Shield and Spear","floor":55,"turns":1},{"damage":0,"enemies":"The Heart","floor":56,"turns":3}],"seed_played":"2046807398131954448","potions_obtained":[{"floor":2,"key":"Swift Potion"},{"floor":10,"key":"AttackPotion"},{"floor":11,"key":"Strength Potion"},{"floor":13,"key":"Fire Potion"},{"floor":18,"key":"Fire Potion"},{"floor":22,"key":"Ancient Potion"},{"floor":27,"key":"testmod-SpacePotion"},{"floor":28,"key":"GamblersBrew"},{"floor":29,"key":"SpeedPotion"},{"floor":31,"key":"PanachePotion"}],"is_trial":false,"path_per_floor":["M","M","?","M","M","?","R","E","T","M","M","M","M","M","R","B",null,"M","M","M","?","M","E","$","M","T","M","E","M","?","M","R","B",null,"M","?","$","M","M","E","R","M","T","M","M","M","M","?","R","B",null,null,"R","$","E","B",null],"character_chosen":"LuminousClass","items_purchased":["AT_MibuBalloonWealth","Sundial","PreservedInsect","AT_BellDemon","TheAbacus","MagicDraw4","Chemical X"],"campfire_rested":0,"item_purchase_floors":[24,24,37,37,37,54,54],"current_hp_per_floor":[82,82,82,79,79,79,79,72,72,75,75,80,82,82,82,70,82,82,82,82,82,82,87,87,87,87,87,87,89,89,89,89,89,89,89,89,89,89,90,91,91,92,92,77,90,93,93,95,95,99,99,99,99,99,99,120],"gold":998,"neow_bonus":"TEN_PERCENT_HP_BONUS","is_daily":false,"chose_seed":false,"campfire_upgraded":5,"win_rate":0.0,"timestamp":1612672883,"path_taken":["M","M","?","?","M","?","R","E","T","M","M","M","?","M","R","BOSS","M","?","M","?","M","E","$","M","T","M","E","?","?","M","R","BOSS","M","?","$","M","M","E","R","M","T","M","M","M","M","?","R","BOSS","R","$","E","BOSS"],"items_purchased_type":["Relic","Relic","Relic","Relic","Relic","Relic","Relic"],"build_version":"2020-12-22","purchased_purges":1,"victory":true,"max_hp_per_floor":[82,82,82,82,82,82,82,82,82,82,82,82,82,82,82,82,82,82,82,82,82,82,87,87,87,87,87,87,89,89,89,89,89,89,89,89,89,89,90,91,91,92,92,93,93,93,93,95,95,99,99,99,99,99,99,135],"card_choices":[{"not_picked":["Luminous:Phantom_Treasure_Luminous","Luminous:Light_Sylvan_Lance"],"picked":"Luminous:Darks_Surge_Luminous","floor":1},{"not_picked":["Luminous:Light_Sylvan_Lance","Luminous:Light_Disperse"],"picked":"Luminous:Light_Gather","floor":2},{"not_picked":["Luminous:Balance_Death_Scythe","Luminous:Light_Spectral_Light"],"picked":"Luminous:Light_Sylvan_Lance","floor":4},{"not_picked":["Luminous:Dark_Pressure_Void","Luminous:Light_Sylvan_Lance"],"picked":"Luminous:Light_Ray_of_Redemption","floor":5},{"not_picked":["Luminous:Lights_Protection_Luminous","Luminous:Light_Sylvan_Lance"],"picked":"Luminous:Magic_Accelerate_Luminous","floor":8},{"not_picked":["Luminous:Magic_Boost_Luminous","Luminous:Light_Sylvan_Lance"],"picked":"Luminous:Light_Glare","floor":10},{"not_picked":["Luminous:Blinding_Pillar_Luminous","Luminous:Dusk_Guard_Luminous"],"picked":"Luminous:Sympathy_Luminous","floor":11},{"not_picked":["Luminous:Dark_Raid","Luminous:Light_Glare"],"picked":"Luminous:Ethereal_Form_Luminous","floor":13},{"not_picked":["Luminous:Light_Sylvan_Lance","Luminous:Light_Glare"],"picked":"Luminous:Dark_Pressure_Void","floor":14},{"not_picked":["Luminous:Mirror_Force_Luminous","Luminous:Arcane_Rage_Luminous"],"picked":"Luminous:Armageddon_Luminous","floor":16},{"not_picked":["Luminous:Light_Spectral_Light+1","Luminous:Magic_Guard_Luminous+1"],"picked":"Luminous:Tune_Luminous+1","floor":18},{"not_picked":["Luminous:Light_Wash_Luminous","Luminous:Flash_Blink_Luminous"],"picked":"Luminous:Dark_Pressure_Void+1","floor":19},{"not_picked":["Luminous:Light_Gather+1","Luminous:Blinding_Pillar_Luminous"],"picked":"Luminous:Mana_Well_Luminous+1","floor":20},{"not_picked":["Luminous:Lights_Protection_Luminous","Luminous:Darks_Surge_Luminous"],"picked":"Luminous:Abyss_Heart_Luminous","floor":22},{"not_picked":["Luminous:Abyss_Heart_Luminous","Luminous:Date_of_Light_Luminous"],"picked":"Luminous:Balance_Aether_Conduit","floor":23},{"not_picked":["Luminous:Light_Glare+1","Luminous:Light_Sylvan_Lance"],"picked":"Luminous:Dark_Dim_Erosion+1","floor":25},{"not_picked":["Luminous:Mana_Overload_Luminous+1","Luminous:Concentrate_Luminous+1"],"picked":"Luminous:Dusk_Guard_Luminous","floor":27},{"not_picked":["Luminous:Dark_Pressure_Void","Luminous:Blinding_Pillar_Luminous"],"picked":"Luminous:Equalize_Luminous","floor":28},{"not_picked":["Luminous:Concentrate_Luminous","Luminous:Lights_Protection_Luminous"],"picked":"Luminous:Light_Disperse","floor":29},{"not_picked":["Luminous:Accumulation_Luminous+1","Luminous:Dark_Dim_Erosion+1"],"picked":"Luminous:Phantom_Treasure_Luminous+1","floor":31},{"not_picked":["Luminous:Balance_Baptism","Luminous:Arcane_Rage_Luminous"],"picked":"Luminous:Erosion_Luminous","floor":33},{"not_picked":["Luminous:Blinding_Pillar_Luminous","Luminous:Dark_Raid"],"picked":"Luminous:Shadow_Shell_Luminous+1","floor":35},{"not_picked":["Luminous:Dark_Pressure_Void+1","Luminous:Blinding_Pillar_Luminous+1"],"picked":"Luminous:Light_Wash_Luminous+1","floor":38},{"not_picked":["Luminous:Dark_Raid+1","Luminous:Dark_Moonlight_Spear","Luminous:Light_Glare"],"picked":"SKIP","floor":39},{"not_picked":["Luminous:Arcane_Rage_Luminous","Luminous:Dark_Morning_Star"],"picked":"Luminous:Concentrate_Luminous+1","floor":40},{"not_picked":["Luminous:Light_Disperse","Luminous:Dark_Raid+1"],"picked":"Luminous:Concentrate_Luminous","floor":42},{"not_picked":["Luminous:Light_Sylvan_Lance+1","Luminous:Dark_Extract+1"],"picked":"Luminous:Photic_Meditation_Luminous+1","floor":44},{"not_picked":["Luminous:Darks_Surge_Luminous","Luminous:Concentrate_Luminous"],"picked":"Luminous:Balance_Baptism","floor":45},{"not_picked":["Luminous:Light_Sylvan_Lance+1","Luminous:Light_Glare+1"],"picked":"Luminous:Accumulation_Luminous+1","floor":46},{"not_picked":["Luminous:Light_Gather+1","Luminous:Dark_Apocalypse"],"picked":"Luminous:Magic_Boost_Luminous+1","floor":47},{"not_picked":["Luminous:Dark_Moonlight_Spear","Luminous:Dark_Pressure_Void"],"picked":"Luminous:Light_Disperse+1","floor":55}],"player_experience":138643,"relics_obtained":[{"floor":1,"key":"LetterFromLob"},{"floor":8,"key":"GodSword5"},{"floor":9,"key":"REME_ArchaeologicalTools"},{"floor":23,"key":"AT_Manta"},{"floor":28,"key":"AT_GuinsooRageblade"},{"floor":38,"key":"Oddly Smooth Stone"},{"floor":39,"key":"testmod-Hope"},{"floor":40,"key":"AT_ForceNature"},{"floor":40,"key":"AT_EbonyIvory"},{"floor":42,"key":"Darkstone Periapt"},{"floor":43,"key":"AT_BellowingDragoncrestRing"},{"floor":44,"key":"Whetstone"},{"floor":45,"key":"AT_SpeedBoots"},{"floor":46,"key":"Bottled Tornado"},{"floor":47,"key":"GodSword7"},{"floor":48,"key":"CatCart"},{"floor":48,"key":"Mercury Hourglass"},{"floor":55,"key":"AT_SunfireAegis"},{"floor":55,"key":"Letter Opener"}],"event_choices":[{"damage_healed":0,"gold_gain":0,"cards_transformed":["Luminous:Light_Gather"],"player_choice":"Transformed","damage_taken":0,"max_hp_gain":0,"max_hp_loss":0,"event_name":"Transmorgrifier","floor":3,"gold_loss":0,"cards_obtained":["Luminous:Accumulation_Luminous"]},{"damage_healed":0,"gold_gain":0,"player_choice":"Grow","damage_taken":0,"max_hp_gain":0,"max_hp_loss":0,"event_name":"Living Wall","floor":6,"gold_loss":0,"cards_upgraded":["AT_FamilyPortrait"]},{"damage_healed":0,"gold_gain":0,"player_choice":"Read","damage_taken":0,"max_hp_gain":0,"max_hp_loss":0,"event_name":"The Library","floor":30,"gold_loss":0,"cards_obtained":["Luminous:Lunar_Tide_Luminous"]},{"damage_healed":0,"gold_gain":0,"player_choice":"Ignored","damage_taken":0,"max_hp_gain":0,"max_hp_loss":0,"event_name":"Tomb of Lord Red Mask","floor":36,"gold_loss":0},{"damage_healed":0,"gold_gain":0,"player_choice":"Fight","damage_taken":0,"max_hp_gain":0,"max_hp_loss":0,"event_name":"OrinTheCat","floor":48,"gold_loss":0}],"is_beta":false,"boss_relics":[{"not_picked":["testmod-GoldenSoul","testmod-Temperance"],"picked":"testmod-DeterminationOfClimber"},{"not_picked":["testmod-IncinerationGenerator","Black Star"],"picked":"Runic Dome"}],"items_purged_floors":[24],"is_endless":false,"potions_floor_spawned":[2,10,11,13,18,22,27,28,29,31,33,35,39,44,46],"ascension_level":0}}