{"host":"mydft8i2zzydgggw","time":1612665546,"event":{"mods":["AchievementEnabler","BaseMod","BetterRewards","Colored Map","Colored Powertips","DeckTracker","Keyboard Shortcuts","Minty Spire (QoL Compilation)","Rare Cards Sparkle","StSLib","SuperFastMode","everything is the same but u backflip on backflip"],"gold_per_floor":[109,109,59,10,10,43,43,75,127,150,169,194,221,233,233,346,346,346,346],"floor_reached":18,"language":"KOR","playtime":341,"items_purged":[],"score":241,"play_id":"0be9cff0-2a15-4f0d-b61c-802166bf80cc","local_time":"20210207113906","is_ascension_mode":true,"campfire_choices":[{"floor":7,"key":"REST"},{"data":"Flame Barrier","floor":15,"key":"SMITH"}],"circlet_count":0,"master_deck":["Strike_R","Strike_R","Strike_R","Defend_R","Defend_R","Defend_R","Bash","Armaments","Flame Barrier+1","Headbutt","Feel No Pain","Body Slam","Blood for Blood","Immolate"],"relics":["Burning Blood","Red Skull","Omamori","CeramicFish","Philosopher\u0027s Stone"],"acts_visited":["Exordium","TheCity"],"potions_floor_usage":[16,16],"damage_taken":[{"damage":14,"enemies":"Jaw Worm","floor":1,"turns":5},{"damage":44,"enemies":"Gremlin Nob","floor":6,"turns":5},{"damage":37,"enemies":"Lagavulin","floor":8,"turns":9},{"damage":1,"enemies":"Cultist","floor":10,"turns":3},{"damage":0,"enemies":"2 Louse","floor":11,"turns":3},{"damage":0,"enemies":"2 Fungi Beasts","floor":12,"turns":3},{"damage":2,"enemies":"Blue Slaver","floor":13,"turns":4},{"damage":1,"enemies":"3 Louse","floor":14,"turns":5},{"damage":21,"enemies":"The Guardian","floor":16,"turns":12},{"damage":2,"enemies":"3 Byrds","floor":18,"turns":2}],"seed_played":"8881185341689117366","potions_obtained":[{"floor":1,"key":"Dexterity Potion"},{"floor":6,"key":"Swift Potion"},{"floor":10,"key":"Energy Potion"},{"floor":12,"key":"Ancient Potion"}],"is_trial":false,"path_per_floor":["M","?","?","$","?","E","R","E","T","M","M","M","M","M","R","B",null,"M"],"character_chosen":"IRONCLAD","items_purchased":["Armaments"],"campfire_rested":1,"item_purchase_floors":[4],"current_hp_per_floor":[64,64,64,64,57,19,43,12,12,17,23,29,33,38,38,23,66,64,64],"gold":346,"neow_bonus":"REMOVE_CARD","is_daily":false,"chose_seed":false,"campfire_upgraded":1,"win_rate":0.0,"timestamp":1612665546,"path_taken":["M","?","?","$","?","E","R","E","T","M","?","M","?","M","R","BOSS","M"],"items_purchased_type":["Card"],"build_version":"2020-12-22","purchased_purges":0,"victory":false,"max_hp_per_floor":[80,80,80,80,80,80,80,80,80,80,80,80,80,80,80,80,80,80,80],"card_choices":[{"not_picked":["Heavy Blade","Thunderclap","Fire Breathing"],"picked":"SKIP","floor":1},{"not_picked":["Hemokinesis","Rupture"],"picked":"Flame Barrier","floor":6},{"not_picked":["Fire Breathing","Seeing Red"],"picked":"Headbutt","floor":8},{"not_picked":["Disarm","Clothesline"],"picked":"Feel No Pain","floor":10},{"not_picked":["Clothesline","Rage","Sword Boomerang"],"picked":"SKIP","floor":11},{"not_picked":["Cleave","Dual Wield"],"picked":"Body Slam","floor":12},{"not_picked":["Berserk","Sword Boomerang"],"picked":"Blood for Blood","floor":13},{"not_picked":["Cleave","Ghostly Armor","Perfected Strike"],"picked":"SKIP","floor":14},{"not_picked":["Juggernaut","Brutality"],"picked":"Immolate","floor":16}],"player_experience":239421,"relics_obtained":[{"floor":6,"key":"Red Skull"},{"floor":8,"key":"Omamori"},{"floor":9,"key":"CeramicFish"}],"event_choices":[{"damage_healed":0,"gold_gain":0,"player_choice":"Ignored","damage_taken":0,"max_hp_gain":0,"max_hp_loss":0,"event_name":"Shining Light","floor":2,"gold_loss":0},{"cards_removed":["Strike_R"],"damage_healed":0,"gold_gain":0,"player_choice":"Card Removal","damage_taken":0,"max_hp_gain":0,"max_hp_loss":0,"event_name":"The Cleric","floor":3,"gold_loss":50},{"cards_removed":["Defend_R"],"damage_healed":0,"gold_gain":0,"player_choice":"Card Removal","damage_taken":7,"max_hp_gain":0,"max_hp_loss":0,"event_name":"Golden Wing","floor":5,"gold_loss":0}],"is_beta":false,"boss_relics":[{"not_picked":["Calling Bell","Fusion Hammer"],"picked":"Philosopher\u0027s Stone"}],"items_purged_floors":[],"is_endless":false,"potions_floor_spawned":[1,6,10,12],"killed_by":"3 Byrds","ascension_level":8}}