{"host":"8is2j71l4wmybkoi","time":1612710922,"event":{"mods":["AchievementEnabler","BaseMod","Colored Map","Minty Spire (QoL Compilation)","Rare Cards Sparkle","StSLib","SuperFastMode"],"gold_per_floor":[113,113,126,126,146,146,146,178,201,3,20,39,39,72,72,149,149,161,181,69,100,100,133,161,191,272,284,296,339,365,377,389,475,487,509,532,544,568,361,395,179,179,251,277,48,323,341,358,358,358,358,358,28,59,59],"floor_reached":56,"language":"KOR","playtime":2548,"items_purged":["Strike_G","Strike_G","Defend_G","Strike_G+1","Regret"],"score":1981,"play_id":"4d9debdd-408b-4052-b018-214d90da8118","local_time":"20210208001522","is_ascension_mode":true,"campfire_choices":[{"data":"Cloak And Dagger","floor":6.0,"key":"SMITH"},{"data":"Noxious Fumes","floor":15.0,"key":"SMITH"},{"floor":28.0,"key":"RECALL"},{"floor":32.0,"key":"REST"},{"floor":42.0,"key":"REST"},{"floor":49.0,"key":"REST"},{"floor":52.0,"key":"REST"}],"circlet_count":0,"master_deck":["AscendersBane","Strike_G+1","Defend_G","Defend_G","Survivor","Neutralize","Footwork","Cloak And Dagger+1","Footwork","Dagger Throw","Deadly Poison","Caltrops","Backstab","Noxious Fumes+1","Blade Dance","Corpse Explosion","Endless Agony","Backflip","Accuracy","Blade Dance","Acrobatics","Backflip","PiercingWail+1","Infinite Blades","Wraith Form v2","Blur","Malaise","Calculated Gamble+1","Blade Dance+1","Bouncing Flask+1","Accuracy","Blur+1","Dodge and Roll","Expertise+1","Backflip","Bullet Time"],"relics":["Ring of the Snake","NeowsBlessing","Akabeko","Strawberry","Membership Card","Bird Faced Urn","Kunai","Fusion Hammer","Red Mask","MawBank","Paper Crane","Whetstone","Tough Bandages","HoveringKite","Pantograph","Blue Candle","Torii","Anchor","Bag of Preparation","ClockworkSouvenir","TwistedFunnel","Bronze Scales","Calipers"],"acts_visited":["Exordium","TheCity","TheBeyond","TheEnding"],"potions_floor_usage":[55],"damage_taken":[{"damage":0.0,"enemies":"2 Louse","floor":1.0,"turns":1.0},{"damage":0.0,"enemies":"Jaw Worm","floor":3.0,"turns":1.0},{"damage":0.0,"enemies":"Small Slimes","floor":5.0,"turns":1.0},{"damage":11.0,"enemies":"3 Sentries","floor":8.0,"turns":12.0},{"damage":0.0,"enemies":"2 Fungi Beasts","floor":11.0,"turns":4.0},{"damage":2.0,"enemies":"Blue Slaver","floor":12.0,"turns":4.0},{"damage":7.0,"enemies":"Lagavulin","floor":14.0,"turns":8.0},{"damage":11.0,"enemies":"Hexaghost","floor":16.0,"turns":9.0},{"damage":16.0,"enemies":"Shell Parasite","floor":18.0,"turns":6.0},{"damage":0.0,"enemies":"Spheric Guardian","floor":19.0,"turns":4.0},{"damage":0.0,"enemies":"Masked Bandits","floor":21.0,"turns":1.0},{"damage":0.0,"enemies":"Snecko","floor":22.0,"turns":2.0},{"damage":14.0,"enemies":"Slavers","floor":23.0,"turns":4.0},{"damage":15.0,"enemies":"Shelled Parasite and Fungi","floor":24.0,"turns":4.0},{"damage":10.0,"enemies":"3 Cultists","floor":25.0,"turns":3.0},{"damage":23.0,"enemies":"Gremlin Leader","floor":29.0,"turns":8.0},{"damage":10.0,"enemies":"Snecko","floor":30.0,"turns":5.0},{"damage":32.0,"enemies":"Automaton","floor":33.0,"turns":10.0},{"damage":0.0,"enemies":"3 Shapes","floor":35.0,"turns":5.0},{"damage":15.0,"enemies":"Orb Walker","floor":36.0,"turns":4.0},{"damage":8.0,"enemies":"Writhing Mass","floor":38.0,"turns":8.0},{"damage":12.0,"enemies":"Giant Head","floor":40.0,"turns":8.0},{"damage":19.0,"enemies":"Reptomancer","floor":44.0,"turns":7.0},{"damage":12.0,"enemies":"Jaw Worm Horde","floor":47.0,"turns":3.0},{"damage":1.0,"enemies":"3 Darklings","floor":48.0,"turns":3.0},{"damage":68.0,"enemies":"Time Eater","floor":50.0,"turns":16.0},{"damage":27.0,"enemies":"Shield and Spear","floor":54.0,"turns":5.0},{"damage":64,"enemies":"The Heart","floor":55,"turns":9}],"seed_played":"1317472620171511314","potions_obtained":[{"floor":1.0,"key":"ColorlessPotion"},{"floor":3.0,"key":"GhostInAJar"},{"floor":11.0,"key":"SmokeBomb"},{"floor":23.0,"key":"Block Potion"},{"floor":24.0,"key":"SmokeBomb"},{"floor":29.0,"key":"Energy Potion"},{"floor":30.0,"key":"SpeedPotion"},{"floor":36.0,"key":"AttackPotion"},{"floor":40.0,"key":"Dexterity Potion"}],"is_trial":false,"path_per_floor":["M","?","M","?","M","R","?","E","T","$","M","M","?","E","R","B",null,"M","M","$","?","M","E","M","M","T","?","R","E","M","T","R","B",null,"M","M","?","M","$","E","$","R","T","E","$","?","M","M","R","B",null,"R","$","E","B",null],"character_chosen":"THE_SILENT","items_purchased":["Membership Card","Deadly Poison","Caltrops","Accuracy","Blade Dance","Acrobatics","Pantograph","Accuracy","Torii","Bag of Preparation","ClockworkSouvenir","TwistedFunnel","Bronze Scales","Backflip","Bullet Time"],"campfire_rested":4,"item_purchase_floors":[10,10,10,20,20,20,39,39,41,45,45,53,53,53,53],"current_hp_per_floor":[59,64,64,64,64,64,57,46,53,53,53,51,25,26,26,23,64,56,64,64,64,70,66,59,57,57,57,57,46,48,48,71,51,71,78,64,64,68,68,70,70,78,78,61,61,61,57,66,78,22,64,78,78,57,20],"gold":59,"neow_bonus":"THREE_ENEMY_KILL","is_daily":false,"chose_seed":false,"campfire_upgraded":2,"win_rate":0.0,"timestamp":1612710922,"path_taken":["M","?","M","?","M","R","?","E","T","$","M","M","?","E","R","BOSS","M","M","$","?","M","E","M","M","T","?","R","E","?","?","R","BOSS","M","M","?","M","?","E","$","R","T","E","$","?","M","?","R","BOSS","R","$","E","BOSS"],"items_purchased_type":["Relic","Card","Card","Card","Card","Card","Relic","Card","Relic","Relic","Relic","Relic","Relic","Card","Card"],"build_version":"2020-12-22","purchased_purges":5,"victory":true,"max_hp_per_floor":[66,71,71,71,71,71,71,71,78,78,78,78,78,78,78,78,78,78,78,78,78,78,78,78,78,78,78,78,78,78,78,78,78,78,78,78,78,78,78,78,78,78,78,78,78,78,78,78,78,78,78,78,78,78,78],"card_choices":[{"not_picked":["Finisher","Setup"],"picked":"Footwork","floor":1.0},{"not_picked":["Catalyst","Quick Slash"],"picked":"Cloak And Dagger","floor":3.0},{"not_picked":["Slice","Outmaneuver"],"picked":"Dagger Throw","floor":5.0},{"not_picked":["Sucker Punch","Bane","Footwork"],"picked":"SKIP","floor":8.0},{"not_picked":["Prepared","Acrobatics"],"picked":"Backstab","floor":11.0},{"not_picked":["Tools of the Trade","Cloak And Dagger"],"picked":"Noxious Fumes","floor":12.0},{"not_picked":["Dash","Underhanded Strike"],"picked":"Blade Dance","floor":14.0},{"not_picked":["Adrenaline","Doppelganger"],"picked":"Corpse Explosion","floor":16.0},{"not_picked":["Noxious Fumes","Dagger Throw"],"picked":"Endless Agony","floor":18.0},{"not_picked":["Flechettes","Cloak And Dagger"],"picked":"Backflip","floor":19.0},{"not_picked":["Choke","Riddle With Holes"],"picked":"Backflip","floor":21.0},{"not_picked":["All Out Attack","Dash"],"picked":"PiercingWail+1","floor":23.0},{"not_picked":["Prepared","Poisoned Stab"],"picked":"Infinite Blades","floor":24.0},{"not_picked":["PiercingWail","Acrobatics"],"picked":"Wraith Form v2","floor":25.0},{"not_picked":["Expertise+1","Dagger Spray","Backstab"],"picked":"SKIP","floor":29.0},{"not_picked":["Prepared","Dagger Throw+1"],"picked":"Blur","floor":30.0},{"not_picked":["Doppelganger","Bullet Time"],"picked":"Malaise","floor":33.0},{"not_picked":["Underhanded Strike+1","Crippling Poison"],"picked":"Calculated Gamble","floor":35.0},{"not_picked":["Slice","Terror"],"picked":"Blade Dance+1","floor":36.0},{"not_picked":["Flying Knee","Cloak And Dagger"],"picked":"Bouncing Flask+1","floor":38.0},{"not_picked":["Footwork","Night Terror"],"picked":"Blur+1","floor":40.0},{"not_picked":["Prepared","Bane+1"],"picked":"Dodge and Roll","floor":44.0},{"not_picked":["Underhanded Strike+1","Caltrops","Quick Slash+1"],"picked":"SKIP","floor":47.0},{"not_picked":["Dagger Throw","Accuracy"],"picked":"Expertise+1","floor":48.0},{"not_picked":["Predator+1","Doppelganger","Bane"],"picked":"SKIP","floor":54.0}],"player_experience":1043177,"relics_obtained":[{"floor":8.0,"key":"Akabeko"},{"floor":9.0,"key":"Strawberry"},{"floor":14.0,"key":"Kunai"},{"floor":21.0,"key":"Red Mask"},{"floor":23.0,"key":"MawBank"},{"floor":26.0,"key":"Paper Crane"},{"floor":29.0,"key":"Whetstone"},{"floor":31.0,"key":"Tough Bandages"},{"floor":40.0,"key":"Blue Candle"},{"floor":44.0,"key":"Anchor"},{"floor":54.0,"key":"Calipers"}],"event_choices":[{"damage_healed":0.0,"max_hp_gain":5.0,"max_hp_loss":0.0,"gold_gain":0.0,"event_name":"Big Fish","player_choice":"Donut","floor":2.0,"gold_loss":0.0,"damage_taken":0.0},{"damage_healed":0.0,"max_hp_gain":0.0,"max_hp_loss":0.0,"gold_gain":0.0,"cards_transformed":["Defend_G"],"event_name":"Living Wall","player_choice":"Change","floor":4.0,"gold_loss":0.0,"damage_taken":0.0,"cards_obtained":["Footwork"]},{"cards_removed":["Strike_G"],"damage_healed":0.0,"max_hp_gain":0.0,"max_hp_loss":0.0,"gold_gain":0.0,"event_name":"Golden Wing","player_choice":"Card Removal","floor":7.0,"gold_loss":0.0,"damage_taken":7.0},{"damage_healed":0.0,"max_hp_gain":0.0,"max_hp_loss":0.0,"gold_gain":0.0,"event_name":"Scrap Ooze","player_choice":"Success","floor":13.0,"gold_loss":0.0,"damage_taken":26.0,"relics_obtained":["Bird Faced Urn"]},{"damage_healed":0.0,"max_hp_gain":0.0,"max_hp_loss":0.0,"gold_gain":0.0,"event_name":"Masked Bandits","player_choice":"Fought Bandits","floor":21.0,"gold_loss":0.0,"damage_taken":0.0},{"cards_removed":["Defend_G"],"damage_healed":0.0,"max_hp_gain":0.0,"max_hp_loss":0.0,"gold_gain":0.0,"event_name":"Purifier","player_choice":"Purged","floor":27.0,"gold_loss":0.0,"damage_taken":0.0},{"damage_healed":0.0,"max_hp_gain":0.0,"max_hp_loss":0.0,"gold_gain":0.0,"event_name":"Accursed Blacksmith","player_choice":"Forge","floor":37.0,"gold_loss":0.0,"damage_taken":0.0,"cards_upgraded":["Calculated Gamble"]},{"damage_healed":0.0,"max_hp_gain":0.0,"max_hp_loss":0.0,"gold_gain":275.0,"event_name":"Golden Shrine","player_choice":"Desecrate","floor":46.0,"gold_loss":0.0,"damage_taken":0.0,"cards_obtained":["Regret"]}],"is_beta":false,"boss_relics":[{"not_picked":["Velvet Choker","Runic Pyramid"],"picked":"Fusion Hammer"},{"not_picked":["Empty Cage","Runic Dome"],"picked":"HoveringKite"}],"items_purged_floors":[20,39,41,45,53],"is_endless":false,"potions_floor_spawned":[1,3,11,14,22,23,24,29,30,36,40],"ascension_level":15}}