{"host":"7qoz5gmva6til3yp","time":1612694325,"event":{"mods":["2.2 Compatiblity","Astrologer","BaseMod","Marisa£¨Ùöéë¡¡Øª×âÞÞ£©","Minty Spire (QoL Compilation)","StSLib","SuperFastMode"],"gold_per_floor":[110,73,93,104,115,115,65,95,122,138,149,149,166,177,177,282,282,295,160,172,271,271,271,299,299,299,299,312,322,322,340,340,438,438,448,21,21,21,41,74,74,99,125,174,187,187,187,203,203,203],"floor_reached":51,"language":"KOR","playtime":3087,"items_purged":["Strike_MRS"],"score":829,"play_id":"7ce7263a-545d-4ebd-b986-9d47781897d4","local_time":"20210207193845","is_ascension_mode":false,"campfire_choices":[{"data":"MasterSpark","floor":6,"key":"SMITH"},{"floor":12,"key":"REST"},{"data":"WitchLeyline","floor":15,"key":"SMITH"},{"data":"BinaryStars","floor":23,"key":"SMITH"},{"floor":25,"key":"REST"},{"data":"DoubleSpark","floor":27,"key":"SMITH"},{"floor":30,"key":"REST"},{"data":"1","floor":32,"key":"LIFT"},{"data":"Singularity","floor":41,"key":"SMITH"},{"floor":46,"key":"REST"},{"floor":49,"key":"REST"}],"circlet_count":0,"master_deck":["Strike_MRS","Strike_MRS","Defend_MRS","Defend_MRS","MasterSpark+1","UpSweep","DarkMatter","ShootTheMoon","EnergyFlow","GrandCross","AsteroidBelt","Acceleration","GalacticHalo","ShootingEcho","WitchLeyline+1","BinaryStars+1","SuperPerseids","DoubleSpark+1","MagicAbsorber+1","SporeBomb","SprinkleStarSeal","MilkyWay+1","Singularity+1","Master of Strategy","ChargingUp+1","LuminesStrike+1","BlazeAway+1"],"relics":["MiniHakkero","Smiling Mask","Oddly Smooth Stone","Sozu","Centennial Puzzle","Girya","ExperimentalFamiliar","Lantern","ClockworkSouvenir","Thread and Needle","Boot","Ancient Tea Set","CatCart"],"acts_visited":["Exordium","TheCity","TheBeyond"],"potions_floor_usage":[13,16,45,50],"damage_taken":[{"damage":6,"enemies":"Jaw Worm","floor":1,"turns":3},{"damage":5,"enemies":"Small Slimes","floor":3,"turns":4},{"damage":7,"enemies":"2 Louse","floor":4,"turns":2},{"damage":8,"enemies":"Lots of Slimes","floor":5,"turns":6},{"damage":18,"enemies":"3 Sentries","floor":8,"turns":6},{"damage":6,"enemies":"Blue Slaver","floor":10,"turns":2},{"damage":18,"enemies":"2 Fungi Beasts","floor":11,"turns":3},{"damage":5,"enemies":"Lots of Slimes","floor":13,"turns":5},{"damage":10,"enemies":"Looter","floor":14,"turns":3},{"damage":6,"enemies":"Hexaghost","floor":16,"turns":9},{"damage":15,"enemies":"2 Thieves","floor":18,"turns":4},{"damage":0,"enemies":"3 Byrds","floor":20,"turns":3},{"damage":32,"enemies":"Slavers","floor":24,"turns":6},{"damage":2,"enemies":"Snecko","floor":28,"turns":5},{"damage":21,"enemies":"Snake Plant","floor":29,"turns":3},{"damage":0,"enemies":"Centurion and Healer","floor":31,"turns":4},{"damage":41,"enemies":"Champ","floor":33,"turns":9},{"damage":27,"enemies":"3 Darklings","floor":35,"turns":5},{"damage":5,"enemies":"3 Shapes","floor":39,"turns":4},{"damage":7,"enemies":"Giant Head","floor":40,"turns":3},{"damage":8,"enemies":"Reptomancer","floor":42,"turns":3},{"damage":49,"enemies":"Orin","floor":44,"turns":6},{"damage":17,"enemies":"3 Darklings","floor":45,"turns":3},{"damage":14,"enemies":"Spire Growth","floor":48,"turns":3},{"damage":123,"enemies":"Awakened One","floor":50,"turns":14}],"seed_played":"-8021970442193905913","potions_obtained":[{"floor":4,"key":"DuplicationPotion"},{"floor":10,"key":"Fire Potion"},{"floor":13,"key":"ColorlessPotion"},{"floor":14,"key":"Strength Potion"}],"is_trial":false,"path_per_floor":["M","$","M","M","M","R","?","E","T","M","M","R","M","M","R","B",null,"M","$","M","?","?","R","E","R","T","R","M","M","R","M","R","B",null,"M","$","?","?","M","E","R","E","T","?","M","R","?","M","R","B",null],"character_chosen":"MARISA","items_purchased":["EnergyFlow","SuperPerseids","DoubleSpark","GravityBeat","Lantern","ClockworkSouvenir","Singularity"],"campfire_rested":5,"item_purchase_floors":[2,19,19,36,36,36,36],"current_hp_per_floor":[69,69,64,57,49,49,49,31,31,25,7,29,24,14,14,8,75,60,60,60,60,60,60,28,50,50,50,48,27,49,49,49,8,75,48,48,38,85,80,73,73,65,65,16,4,29,29,15,40,31],"gold":203,"neow_bonus":"TRANSFORM_CARD","is_daily":false,"chose_seed":false,"campfire_upgraded":5,"win_rate":0.0,"timestamp":1612694325,"path_taken":["M","$","M","M","M","R","?","E","T","M","M","R","M","M","R","BOSS","M","$","M","?","?","R","E","R","T","R","M","M","R","?","R","BOSS","M","$","?","?","?","E","R","E","T","?","M","R","?","M","R","BOSS"],"items_purchased_type":["Card","Card","Card","Card","Relic","Relic","Card"],"build_version":"2020-12-22","purchased_purges":1,"victory":true,"max_hp_per_floor":[75,75,75,75,75,75,75,75,75,75,75,75,75,75,75,75,75,75,75,75,75,75,75,75,75,75,75,75,75,75,75,75,75,75,75,75,75,85,85,85,85,85,85,85,85,85,85,85,85,85],"card_choices":[{"not_picked":["NonDirectionalLaser","GravityBeat"],"picked":"ShootTheMoon","floor":1},{"not_picked":["WitchLeyline","AlicesGift"],"picked":"GrandCross","floor":3},{"not_picked":["GrandCross","MeteoricShower"],"picked":"AsteroidBelt","floor":4},{"not_picked":["MachineGunSpark","StarBarrage"],"picked":"Acceleration","floor":5},{"not_picked":["ShootTheMoon","UnstableBomb","DC"],"picked":"SKIP","floor":8},{"not_picked":["Acceleration","StarlightTyphoon"],"picked":"GalacticHalo","floor":10},{"not_picked":["OpenUniverse","Acceleration","IllusionStar"],"picked":"SKIP","floor":11},{"not_picked":["UnstableBomb","DC"],"picked":"ShootingEcho","floor":13},{"not_picked":["AsteroidBelt","SuperNova"],"picked":"WitchLeyline","floor":14},{"not_picked":["StarDustReverie","BigCrunch"],"picked":"BinaryStars","floor":16},{"not_picked":["MagicChant","OneTimeOff","DC"],"picked":"SKIP","floor":18},{"not_picked":["GravityBeat","GrandCross"],"picked":"MagicAbsorber+1","floor":20},{"not_picked":["BinaryStars","OneTimeOff"],"picked":"SporeBomb","floor":24},{"not_picked":["OpenUniverse","NonDirectionalLaser","GrandCross"],"picked":"SKIP","floor":28},{"not_picked":["6A","WitchOfGreed","PowerUp+1"],"picked":"SKIP","floor":29},{"not_picked":["Acceleration","ShootTheMoon"],"picked":"SprinkleStarSeal","floor":31},{"not_picked":["JA","AbsoluteMagnitude"],"picked":"FinalSpark","floor":33},{"not_picked":["ChargeUpSpray","DC"],"picked":"MilkyWay+1","floor":35},{"not_picked":["Impatience","Blind"],"picked":"Master of Strategy","floor":37},{"not_picked":["Singularity","EventHorizon"],"picked":"ChargingUp+1","floor":39},{"not_picked":["MachineGunSpark","DoubleSpark"],"picked":"LuminesStrike+1","floor":40},{"not_picked":["OortCloud+1","ShootTheMoon+1"],"picked":"BlazeAway+1","floor":42},{"not_picked":["PowerUp","EventHorizon","GalacticHalo"],"picked":"SKIP","floor":45},{"not_picked":["NonDirectionalLaser","MysteriousBeam","SprinkleStarSeal+1"],"picked":"SKIP","floor":48}],"player_experience":490698,"relics_obtained":[{"floor":8,"key":"Smiling Mask"},{"floor":9,"key":"Oddly Smooth Stone"},{"floor":24,"key":"Centennial Puzzle"},{"floor":26,"key":"Girya"},{"floor":40,"key":"Thread and Needle"},{"floor":42,"key":"Boot"},{"floor":43,"key":"Ancient Tea Set"},{"floor":44,"key":"CatCart"}],"event_choices":[{"cards_removed":["Defend_MRS"],"damage_healed":0,"gold_gain":0,"player_choice":"Card Removal","damage_taken":0,"max_hp_gain":0,"max_hp_loss":0,"event_name":"The Cleric","floor":7,"gold_loss":50},{"damage_healed":0,"gold_gain":99,"player_choice":"Stole From Cult","damage_taken":0,"max_hp_gain":0,"max_hp_loss":0,"event_name":"Nest","floor":21,"gold_loss":0},{"cards_removed":["Defend_MRS"],"damage_healed":0,"gold_gain":0,"player_choice":"Purged","damage_taken":0,"max_hp_gain":0,"max_hp_loss":0,"event_name":"Purifier","floor":22,"gold_loss":0},{"damage_healed":0,"gold_gain":0,"player_choice":"Memory 3","damage_taken":10,"max_hp_gain":0,"max_hp_loss":0,"event_name":"SensoryStone","floor":37,"gold_loss":0},{"cards_removed":["FinalSpark"],"damage_healed":37,"gold_gain":0,"player_choice":"Offered Rare","damage_taken":0,"max_hp_gain":10,"max_hp_loss":0,"event_name":"Bonfire Elementals","floor":38,"gold_loss":0},{"damage_healed":0,"gold_gain":0,"player_choice":"Fight","damage_taken":0,"max_hp_gain":0,"max_hp_loss":0,"event_name":"OrinTheCat","floor":44,"gold_loss":0},{"cards_removed":["GravityBeat"],"damage_healed":0,"gold_gain":0,"player_choice":"Removed Attack","damage_taken":0,"max_hp_gain":0,"max_hp_loss":0,"event_name":"Falling","floor":47,"gold_loss":0}],"is_beta":false,"boss_relics":[{"not_picked":["Busted Crown","Coffee Dripper"],"picked":"Sozu"},{"not_picked":["Runic Dome","Cursed Key"],"picked":"ExperimentalFamiliar"}],"items_purged_floors":[19],"is_endless":false,"potions_floor_spawned":[4,10,13,14,28,31,33,39,45,48],"ascension_level":0}}