{"host":"g2dipcf2fg7v2dle","time":1612672108,"event":{"mods":["AchievementEnabler","Aspiration","BaseMod","Bestiary","Better Third Choice","BetterRewards","Challenge The Spire","Colored Map","Colored Powertips","Conspire","Curses Come First","DeckTracker","GifTheSpireLib","Googly Eyes","Halation","Hubris","Infinite Spire","Minty Spire (QoL Compilation)","Relic Sorter","Relic Stats","Replay The Spire","Spicy Shops","Spire Arcade","StSLib","Stuff the Spire","SuperFastMode","The Jungle","The Servant 0.9.4","Trackpad","Waifu the Spire","[IsaacMod]????"],"gold_per_floor":[114,114,46,46,62,82,109,109,133,133,146,174,174,190,190,293,343,353,364,364,364,364,364,397,397,397,414,414,329,359,376,376,471,471,484,497,497,497,497],"floor_reached":38,"language":"ENG","playtime":2056,"items_purged":[],"score":472,"play_id":"94c43a20-0de4-47ab-83da-1aad6cb8ee9f","local_time":"20210206232828","is_ascension_mode":false,"campfire_choices":[{"data":"SilverBlades","floor":10,"key":"SMITH"},{"data":"MoonPhase","floor":13,"key":"SMITH"},{"floor":15,"key":"REST"},{"data":"Sunlight","floor":23,"key":"SMITH"},{"data":"Shuttle","floor":25,"key":"SMITH"},{"floor":28,"key":"RECALL"},{"floor":32,"key":"REST"}],"circlet_count":0,"master_deck":["Strike_S","Strike_S","Strike_S","Strike_S","Defend_S","Defend_S","Defend_S","Defend_S","KidneyShot","Exchange","Ricochet+1","SilverBlades+1","BottledTime","RealityMarble","Unruled","MoonPhase+1","SurpressingFire+1","Sunlight+1","Revamp+1","StarChef+1","SurpressingFire","Shuttle+1","Defy","BestPractice+1","FanOfKnives","FlawlessForm","LightFlow","Revamp","Moonlight+1","Delirium"],"relics":["Uniform","HushsDoor","aspiration:Nostalgia","infinitespire:DarkRift","MoneyPower","halation:EternalFortune","Mummified Hand","StuffTheSpire:ForceGauntlet","StuffTheSpire:Experiment12","Replay:Bottled Eggs","Tiny House","halation:PinkSoulGem","ReplayFunnel","aspiration:ChemicalBlood","Blue Doll","ChewingGum","Ring of Misfortune","Ring of Chaos"],"acts_visited":["Exordium","TheCity","TheBeyond"],"potions_floor_usage":[2,7,14,18,19,24,31,33,33,33,38,38],"damage_taken":[{"damage":0,"enemies":"Small Slimes","floor":1,"turns":5},{"damage":8,"enemies":"Jaw Worm","floor":5,"turns":5},{"damage":4,"enemies":"Cultist","floor":6,"turns":3},{"damage":19,"enemies":"Replay:BlueRogue","floor":7,"turns":7},{"damage":0,"enemies":"Looter","floor":11,"turns":3},{"damage":0,"enemies":"Lagavulin","floor":12,"turns":5},{"damage":8,"enemies":"Lots of Slimes","floor":14,"turns":2},{"damage":10,"enemies":"Slime Boss","floor":16,"turns":7},{"damage":0,"enemies":"Spheric Guardian","floor":18,"turns":3},{"damage":2,"enemies":"Shell Parasite","floor":19,"turns":3},{"damage":32,"enemies":"Slavers","floor":24,"turns":3},{"damage":8,"enemies":"Centurion and Healer","floor":27,"turns":4},{"damage":15,"enemies":"Gremlin Leader","floor":30,"turns":5},{"damage":20,"enemies":"Snake Plant","floor":31,"turns":5},{"damage":29,"enemies":"Automaton","floor":33,"turns":9},{"damage":0,"enemies":"Orb Walker","floor":35,"turns":3},{"damage":0,"enemies":"3 Darklings","floor":36,"turns":3},{"damage":84,"enemies":"4 Shapes","floor":38,"turns":3}],"seed_played":"-8093843915770690977","potions_obtained":[{"floor":1,"key":"Fruit Juice"},{"floor":5,"key":"Energy Potion"},{"floor":12,"key":"Swift Potion"},{"floor":16,"key":"SpeedPotion"},{"floor":17,"key":"EssenceOfSteel"},{"floor":18,"key":"AttackPotion"},{"floor":19,"key":"Doom Potion"},{"floor":31,"key":"infinitespire:BlackPotion"},{"floor":36,"key":"AttackPotion"}],"is_trial":false,"path_per_floor":["M","?","$","?","M","M","E","?","T","R","M","E","R","M","R","B",null,"M","M","?","?","?","R","E","R","T","M","R","?","E","M","R","B",null,"M","M","?","M"],"character_chosen":"THE_SERVANT","items_purchased":["SilverBlades","LightFlow"],"campfire_rested":2,"item_purchase_floors":[3,34],"current_hp_per_floor":[65,73,73,73,65,61,45,45,45,45,48,48,48,40,63,63,84,84,85,85,85,85,85,53,53,53,45,45,45,30,10,36,17,84,84,84,84,0,0],"gold":497,"neow_bonus":"NOSTALGIA","is_daily":false,"chose_seed":false,"campfire_upgraded":4,"win_rate":0.0,"timestamp":1612672108,"path_taken":["M","?","$","?","M","M","E","?","T","R","?","E","R","M","R","BOSS","M","M","?","?","?","R","E","R","T","M","R","?","E","M","R","BOSS","M","M","?","M"],"items_purchased_type":["Card","Card"],"build_version":"2020-12-22","purchased_purges":0,"victory":false,"max_hp_per_floor":[65,73,73,73,73,73,76,76,76,76,79,79,79,79,79,79,84,84,87,87,87,87,87,87,87,87,87,87,87,87,87,87,87,84,84,84,84,84,84],"relic_stats":{"counters":[18,78],"Mummified Hand":[77],"obtain_stats":[{"KeepersGift":0,"ReplayFunnel":24,"Tiny House":17,"aspiration:Nostalgia":0,"StuffTheSpire:ForceGauntlet":8,"Blue Doll":30,"Ring of Chaos":37,"Uniform":0,"MoneyPower":0,"StuffTheSpire:Experiment12":9,"infinitespire:DarkRift":0,"Mummified Hand":7,"Ring of Misfortune":37,"halation:EternalFortune":2,"ChewingGum":34,"Replay:Bottled Eggs":12,"HushsDoor":0,"halation:PinkSoulGem":20,"aspiration:ChemicalBlood":29},{"KeepersGift":0,"ReplayFunnel":11,"Tiny House":8,"aspiration:Nostalgia":0,"StuffTheSpire:ForceGauntlet":4,"Blue Doll":13,"Ring of Chaos":17,"Uniform":0,"MoneyPower":0,"StuffTheSpire:Experiment12":4,"infinitespire:DarkRift":0,"Mummified Hand":4,"Ring of Misfortune":17,"halation:EternalFortune":1,"ChewingGum":15,"Replay:Bottled Eggs":6,"HushsDoor":0,"halation:PinkSoulGem":10,"aspiration:ChemicalBlood":12},{"KeepersGift":0,"ReplayFunnel":46,"Tiny House":37,"aspiration:Nostalgia":0,"StuffTheSpire:ForceGauntlet":20,"Blue Doll":55,"Ring of Chaos":75,"Uniform":0,"MoneyPower":0,"StuffTheSpire:Experiment12":20,"infinitespire:DarkRift":0,"Mummified Hand":20,"Ring of Misfortune":75,"halation:EternalFortune":5,"ChewingGum":69,"Replay:Bottled Eggs":28,"HushsDoor":0,"halation:PinkSoulGem":43,"aspiration:ChemicalBlood":50}]},"card_choices":[{"not_picked":[],"picked":"ChaosCard","floor":0},{"not_picked":["Bomb","Hightail"],"picked":"Ricochet","floor":1},{"not_picked":["Contraction","Read"],"picked":"BottledTime","floor":5},{"not_picked":["BottledTime","ShatteredReality"],"picked":"RealityMarble","floor":6},{"not_picked":["FastForward","Advance"],"picked":"Unruled","floor":7},{"not_picked":["Hightail","Barrier"],"picked":"MoonPhase","floor":11},{"not_picked":["FastForward","Unruled","ReturningBlade"],"picked":"SKIP","floor":12},{"not_picked":["Alleviate","Spin"],"picked":"SurpressingFire","floor":14},{"not_picked":["Solidify","Initiator"],"picked":"Sunlight","floor":16},{"not_picked":["Moonlight","TimeWarp"],"picked":"Revamp","floor":17},{"not_picked":["DoubleEdge","ReturningBlade"],"picked":"StarChef+1","floor":18},{"not_picked":["DualDimension","Barrier"],"picked":"SurpressingFire","floor":19},{"not_picked":["Rearm+1","WasteNot"],"picked":"Shuttle","floor":24},{"not_picked":["Desolation","Sunlight"],"picked":"Defy","floor":27},{"not_picked":["SurpressingFire","FastForward"],"picked":"BestPractice+1","floor":30},{"not_picked":["ShatteredReality","Spin"],"picked":"FanOfKnives","floor":31},{"not_picked":["PendulumOfEternity","Solidify"],"picked":"FlawlessForm","floor":33},{"not_picked":["FanOfKnives","TimeWarp"],"picked":"Revamp","floor":35},{"not_picked":["Alleviate","Revamp+1"],"picked":"Moonlight+1","floor":36}],"player_experience":189408,"relics_obtained":[{"floor":7,"key":"halation:EternalFortune"},{"floor":7,"key":"Mummified Hand"},{"floor":8,"key":"StuffTheSpire:ForceGauntlet"},{"floor":9,"key":"StuffTheSpire:Experiment12"},{"floor":11,"key":"halation:EternalFortune"},{"floor":12,"key":"Replay:Bottled Eggs"},{"floor":19,"key":"halation:EternalFortune"},{"floor":24,"key":"ReplayFunnel"},{"floor":30,"key":"Blue Doll"},{"floor":37,"key":"Ring of Misfortune"},{"floor":37,"key":"Ring of Chaos"}],"event_choices":[{"damage_healed":0,"gold_gain":0,"player_choice":"Relic","damage_taken":0,"max_hp_gain":0,"max_hp_loss":0,"event_name":"Wheel of Change","floor":8,"gold_loss":0},{"damage_healed":0,"gold_gain":0,"player_choice":"Obtained Relic","damage_taken":0,"relics_obtained":["aspiration:ChemicalBlood"],"max_hp_gain":0,"max_hp_loss":0,"event_name":"Addict","floor":29,"gold_loss":85}],"is_beta":false,"boss_relics":[{"not_picked":["halation:PlatinumPhoenix","hubris:ScarierMask"],"picked":"Tiny House"},{"not_picked":[]},{"not_picked":["ChampionBelt","Pandora\u0027s Box"],"picked":"ChewingGum"},{"not_picked":[]}],"items_purged_floors":[],"is_endless":false,"potions_floor_spawned":[1,5,12,16,18,19,31,36],"killed_by":"4 Shapes","ascension_level":0}}