{"host":"e2ju6k0wppswbhbd","time":1612733690,"event":{"mods":["BaseMod","Minty Spire (QoL Compilation)","Rare Cards Sparkle","StSLib"],"gold_per_floor":[113,131,206,217,230,240,266,266,291,180,213,213,225,241,241,346,396,407,419,419,430,450,479,479,24,92,105,105,105,115,144,144,249,249,261,113,113,123,123,123,139,164,217,197,208,208,208,233,233,233,233],"floor_reached":50,"language":"FRA","playtime":7954,"items_purged":["Defend_P"],"score":629,"play_id":"c3f4f4a0-ac72-4595-87fa-47affe84790f","local_time":"20210207223450","is_ascension_mode":false,"campfire_choices":[{"floor":8.0,"key":"RECALL"},{"data":"Prostrate","floor":12.0,"key":"SMITH"},{"data":"Vigilance","floor":15.0,"key":"SMITH"},{"data":"Eruption","floor":24,"key":"SMITH"},{"data":"Protect","floor":28,"key":"SMITH"},{"floor":32,"key":"REST"},{"data":"WindmillStrike","floor":40,"key":"SMITH"},{"floor":46,"key":"REST"},{"floor":49,"key":"REST"}],"circlet_count":0,"master_deck":["Defend_P","Defend_P","Defend_P","Eruption+1","Vigilance+1","EmptyBody","Prostrate+1","FollowUp","Collect","Protect+1","DeceiveReality","Conclude","Establishment","SignatureMove","Perseverance","LikeWater","Bite","Bite","Bite","Bite","Bite","FearNoEvil","Wireheading","Impatience","Study+1","Halt","DevaForm","WindmillStrike+1","Bandage Up","JustLucky+1","Madness+1","Madness+1","Evaluate","Clumsy","Parasite","Alpha","Pray+1","Crescendo"],"relics":["PureWater","Happy Flower","Lantern","PreservedInsect","Bag of Marbles","Tiny House","StoneCalendar","Mango","HornCleat","MutagenicStrength","Juzu Bracelet","Cursed Key","Regal Pillow","TungstenRod","War Paint","Dream Catcher"],"acts_visited":["Exordium","TheCity","TheBeyond"],"potions_floor_usage":[33,38,41,45,48,48,50],"damage_taken":[{"damage":0.0,"enemies":"Small Slimes","floor":1.0,"turns":3.0},{"damage":1.0,"enemies":"Jaw Worm","floor":2.0,"turns":4.0},{"damage":2.0,"enemies":"Cultist","floor":4.0,"turns":3.0},{"damage":2.0,"enemies":"Blue Slaver","floor":5.0,"turns":5.0},{"damage":4.0,"enemies":"Exordium Thugs","floor":6.0,"turns":8.0},{"damage":0.0,"enemies":"3 Sentries","floor":7.0,"turns":9.0},{"damage":12.0,"enemies":"Lagavulin","floor":11.0,"turns":7.0},{"damage":0.0,"enemies":"3 Louse","floor":13.0,"turns":4.0},{"damage":0.0,"enemies":"Large Slime","floor":14.0,"turns":5.0},{"damage":25.0,"enemies":"Hexaghost","floor":16.0,"turns":14.0},{"damage":0.0,"enemies":"2 Thieves","floor":18.0,"turns":4.0},{"damage":1.0,"enemies":"3 Byrds","floor":19.0,"turns":7.0},{"damage":25.0,"enemies":"Sentry and Sphere","floor":21.0,"turns":13.0},{"damage":0,"enemies":"Cultist and Chosen","floor":22,"turns":6},{"damage":39,"enemies":"Slavers","floor":23,"turns":7},{"damage":0,"enemies":"Snecko","floor":27,"turns":3},{"damage":5,"enemies":"Centurion and Healer","floor":30,"turns":8},{"damage":33,"enemies":"Gremlin Leader","floor":31,"turns":8},{"damage":2,"enemies":"Automaton","floor":33,"turns":11},{"damage":0,"enemies":"3 Shapes","floor":35,"turns":2},{"damage":1,"enemies":"Orb Walker","floor":38,"turns":4},{"damage":14,"enemies":"Maw","floor":41,"turns":9},{"damage":50,"enemies":"Reptomancer","floor":42,"turns":8},{"damage":31,"enemies":"Writhing Mass","floor":45,"turns":8},{"damage":40,"enemies":"Giant Head","floor":48,"turns":8},{"damage":102,"enemies":"Time Eater","floor":50,"turns":8}],"seed_played":"-5769506317647827955","potions_obtained":[{"floor":2.0,"key":"EssenceOfSteel"},{"floor":4.0,"key":"Strength Potion"},{"floor":6.0,"key":"EssenceOfSteel"},{"floor":14.0,"key":"LiquidMemories"},{"floor":17.0,"key":"Fire Potion"},{"floor":18.0,"key":"FearPotion"},{"floor":21.0,"key":"FairyPotion"},{"floor":27,"key":"GamblersBrew"},{"floor":30,"key":"Ancient Potion"},{"floor":33,"key":"AttackPotion"},{"floor":35,"key":"LiquidMemories"},{"floor":41,"key":"EntropicBrew"},{"floor":44,"key":"GamblersBrew"}],"is_trial":false,"path_per_floor":["M","M","?","M","M","M","E","R","T","?","E","R","M","M","R","B",null,"M","M","?","M","M","E","R","$","T","M","R","?","M","E","R","B",null,"M","$","?","M","?","R","M","E","T","?","M","R","?","E","R","B"],"character_chosen":"WATCHER","items_purchased":["Mango","Impatience","Regal Pillow"],"campfire_rested":3,"item_purchase_floors":[25,25,36],"current_hp_per_floor":[72,71,60,58,56,52,52,52,52,52,40,40,40,40,40,15,77,77,76,53,46,53,26,26,40,40,48,48,48,57,36,56,67,67,67,67,67,67,59,59,61,28,28,28,17,52,52,30,65,0,0],"gold":233,"neow_bonus":"RANDOM_COMMON_RELIC","is_daily":false,"chose_seed":false,"campfire_upgraded":5,"win_rate":0.0,"timestamp":1612733690,"path_taken":["M","M","?","M","M","M","E","R","T","?","E","R","M","?","R","BOSS","M","M","?","M","M","E","R","?","T","M","R","?","M","E","R","BOSS","M","$","?","M","?","R","M","E","T","?","M","R","?","E","R","BOSS"],"items_purchased_type":["Relic","Card","Relic"],"build_version":"2020-12-22","purchased_purges":1,"victory":false,"max_hp_per_floor":[72,72,72,72,72,72,72,72,72,72,72,72,72,72,72,72,77,77,77,53,53,53,53,53,67,67,67,67,67,67,67,67,67,67,67,67,67,67,67,67,67,67,67,67,67,67,67,67,67,67,67],"card_choices":[{"not_picked":["CutThroughFate","Evaluate"],"picked":"EmptyBody","floor":1.0},{"not_picked":["CutThroughFate","ReachHeaven"],"picked":"Prostrate","floor":2.0},{"not_picked":["EmptyBody","SashWhip"],"picked":"FollowUp","floor":4.0},{"not_picked":["CrushJoints","EmptyBody"],"picked":"Collect","floor":5.0},{"not_picked":["ConjureBlade","CutThroughFate"],"picked":"Protect","floor":6.0},{"not_picked":["WreathOfFlame","Nirvana","Protect"],"picked":"SKIP","floor":7.0},{"not_picked":["Consecrate","Evaluate"],"picked":"DeceiveReality","floor":11.0},{"not_picked":["FlyingSleeves","Vengeance"],"picked":"CutThroughFate","floor":13.0},{"not_picked":["Adaptation","WheelKick"],"picked":"Conclude","floor":14.0},{"not_picked":["Blasphemy","Judgement"],"picked":"Establishment","floor":16.0},{"not_picked":["BowlingBash","Nirvana"],"picked":"SignatureMove","floor":17.0},{"not_picked":["EmptyBody","Sanctity"],"picked":"Perseverance","floor":18.0},{"not_picked":["Prostrate","ThirdEye"],"picked":"LikeWater","floor":19.0},{"not_picked":["EmptyBody","Protect","Tantrum"],"picked":"SKIP","floor":21.0},{"not_picked":["BowlingBash","Consecrate"],"picked":"FearNoEvil","floor":22},{"not_picked":["WheelKick","CarveReality"],"picked":"Wireheading","floor":23},{"not_picked":["CarveReality","FlurryOfBlows"],"picked":"Study+1","floor":27},{"not_picked":["FlurryOfBlows","PathToVictory","Judgement"],"picked":"SKIP","floor":30},{"not_picked":["CutThroughFate","PathToVictory"],"picked":"Halt","floor":31},{"not_picked":["Establishment","Scrawl"],"picked":"DevaForm","floor":33},{"not_picked":["Protect","Halt"],"picked":"WindmillStrike","floor":35},{"not_picked":["Finesse","Violence"],"picked":"Bandage Up","floor":37},{"not_picked":["FearNoEvil+1","BowlingBash+1"],"picked":"JustLucky+1","floor":38},{"not_picked":["JustLucky","FlyingSleeves+1"],"picked":"Evaluate","floor":41},{"not_picked":["Study+1","Evaluate","Wireheading"],"picked":"SKIP","floor":42},{"not_picked":["Indignation","CrushJoints"],"picked":"Alpha","floor":45},{"not_picked":["DeceiveReality","EmptyFist+1"],"picked":"Pray+1","floor":48},{"not_picked":["Wireheading+1","Halt+1"],"picked":"Crescendo","floor":49}],"player_experience":2800043,"relics_obtained":[{"floor":7.0,"key":"Lantern"},{"floor":11.0,"key":"Bag of Marbles"},{"floor":23,"key":"StoneCalendar"},{"floor":26,"key":"HornCleat"},{"floor":31,"key":"Juzu Bracelet"},{"floor":42,"key":"TungstenRod"},{"floor":43,"key":"War Paint"},{"floor":48,"key":"Dream Catcher"}],"event_choices":[{"damage_healed":0.0,"max_hp_gain":0.0,"max_hp_loss":0.0,"gold_gain":75.0,"event_name":"World of Goop","player_choice":"Gather Gold","floor":3.0,"gold_loss":0.0,"damage_taken":11.0},{"damage_healed":0.0,"max_hp_gain":0.0,"max_hp_loss":0.0,"gold_gain":0.0,"event_name":"WeMeetAgain","player_choice":"Paid Gold","floor":10.0,"gold_loss":111.0,"damage_taken":0.0,"relics_obtained":["PreservedInsect"]},{"damage_healed":0.0,"max_hp_gain":0.0,"max_hp_loss":24.0,"gold_gain":0.0,"event_name":"Vampires","player_choice":"Became a vampire","floor":20.0,"gold_loss":0.0,"damage_taken":0.0,"cards_obtained":["Bite","Bite","Bite","Bite","Bite"]},{"damage_healed":0,"gold_gain":0,"player_choice":"Inject Mutagens","damage_taken":0,"relics_obtained":["MutagenicStrength"],"max_hp_gain":0,"max_hp_loss":0,"event_name":"Drug Dealer","floor":29,"gold_loss":0},{"damage_healed":0,"gold_gain":0,"player_choice":"Memory 1","damage_taken":0,"max_hp_gain":0,"max_hp_loss":0,"event_name":"SensoryStone","floor":37,"gold_loss":0},{"damage_healed":0,"gold_gain":0,"player_choice":"Embrace Madness","damage_taken":8,"max_hp_gain":0,"max_hp_loss":0,"event_name":"Winding Halls","floor":39,"gold_loss":0,"cards_obtained":["Madness","Madness"]},{"damage_healed":0,"gold_gain":0,"player_choice":"Bought 1 Potion","damage_taken":0,"max_hp_gain":0,"max_hp_loss":0,"event_name":"The Woman in Blue","floor":44,"gold_loss":0},{"cards_removed":["CutThroughFate"],"damage_healed":0,"gold_gain":0,"player_choice":"Removed Attack","damage_taken":0,"max_hp_gain":0,"max_hp_loss":0,"event_name":"Falling","floor":47,"gold_loss":0}],"is_beta":false,"boss_relics":[{"not_picked":["Coffee Dripper","SacredBark"],"picked":"Tiny House"},{"not_picked":["Philosopher\u0027s Stone","Runic Pyramid"],"picked":"Cursed Key"}],"items_purged_floors":[25],"is_endless":false,"potions_floor_spawned":[2,4,6,14,18,21,27,30,33,35,41],"killed_by":"Time Eater","ascension_level":0}}