{"host":"aaqofma31c3gm2hj","time":1612693311,"event":{"mods":["BaseMod","GungeonMod","Minty Spire (QoL Compilation)","Replay The Spire","Spicy Shops","StSLib"],"gold_per_floor":[114,169,94,94,104,104,136,136,136,136,151,167,167,194,194,212,212,212,285,285,305,305],"floor_reached":21,"language":"ZHS","playtime":530,"items_purged":["Strike_B"],"score":474,"play_id":"4ff3f2f0-cf4d-4b46-a90a-4cdb58103b73","local_time":"20210207182151","is_ascension_mode":true,"campfire_choices":[{"data":"Coolheaded","floor":6.0,"key":"SMITH"},{"floor":8.0,"key":"RECALL"},{"data":"Recycle","floor":17.0,"key":"SMITH"},{"data":"Strike_B","floor":18,"key":"PURGE"}],"circlet_count":0,"master_deck":["AscendersBane","Strike_B","Strike_B","Defend_B","Defend_B","Defend_B","Zap+1","Dualcast","Coolheaded+1","Cold Snap","Glacier","Capacitor","Machine Learning","Streamline+1","Chaos","Seek","Force Field","Recycle+1","Electrodynamics"],"relics":["Cracked Core","NeowsBlessing","War Paint","Tiny Chest","Lizard Tail","DemoMod:MeltedRock","Ginger","Coffee Dripper","DemoMod:GlassGuonStoneRelic"],"acts_visited":["Exordium","TheCity"],"potions_floor_usage":[],"damage_taken":[{"damage":0.0,"enemies":"Small Slimes","floor":1.0,"turns":1.0},{"damage":0.0,"enemies":"Jaw Worm","floor":5.0,"turns":1.0},{"damage":0.0,"enemies":"Lagavulin","floor":7.0,"turns":1.0},{"damage":0.0,"enemies":"2 Louse","floor":11.0,"turns":3.0},{"damage":0.0,"enemies":"Gremlin Gang","floor":12.0,"turns":5.0},{"damage":0.0,"enemies":"3 Sentries","floor":14.0,"turns":9.0},{"damage":0.0,"enemies":"Looter","floor":16.0,"turns":4.0},{"damage":26,"enemies":"Slime Boss","floor":19,"turns":11},{"damage":18,"enemies":"3 Byrds","floor":21,"turns":3}],"seed_played":"-9027123232800584428","potions_obtained":[{"floor":2.0,"key":"Doom Potion"},{"floor":2.0,"key":"Milkshake"},{"floor":4.0,"key":"EntropicBrew"},{"floor":4.0,"key":"FearPotion"},{"floor":16.0,"key":"Ancient Potion"}],"is_trial":false,"path_per_floor":["M","?","$","?","M","R","E","R","T","T","M","M","?","E","?","M","R","R","B",null,"M"],"character_chosen":"DEFECT","items_purchased":[],"campfire_rested":0,"item_purchase_floors":[],"current_hp_per_floor":[64,41,41,41,41,41,41,41,41,41,41,41,41,41,41,41,41,41,15,57,39,39],"gold":305,"neow_bonus":"THREE_ENEMY_KILL","is_daily":false,"chose_seed":false,"campfire_upgraded":2,"win_rate":0.0,"timestamp":1612693311,"path_taken":["M","?","$","?","M","R","E","R","T","T","M","?","?","E","?","M","R","R","BOSS","M"],"items_purchased_type":[],"build_version":"2020-12-22","purchased_purges":1,"victory":false,"max_hp_per_floor":[71,71,71,71,71,71,71,71,71,71,71,71,71,71,71,71,71,71,71,71,71,71],"card_choices":[{"not_picked":["Loop","Go for the Eyes"],"picked":"Coolheaded","floor":1.0},{"not_picked":["Beam Cell","Barrage"],"picked":"Cold Snap","floor":2.0},{"not_picked":["Skim","Rebound"],"picked":"Glacier","floor":5.0},{"not_picked":["Barrage","BasicCrystalCard","Genetic Algorithm"],"picked":"SKIP","floor":7.0},{"not_picked":["Gash","Beam Cell"],"picked":"Capacitor","floor":11.0},{"not_picked":["Consume","Coolheaded"],"picked":"Machine Learning","floor":12.0},{"not_picked":["Sweeping Beam","BootSequence"],"picked":"Chaos","floor":14.0},{"not_picked":["ReplaySort","Compile Driver"],"picked":"Recycle","floor":16.0},{"not_picked":["Buffer","Creative AI"],"picked":"Electrodynamics","floor":19}],"player_experience":655575,"relics_obtained":[{"floor":2.0,"key":"War Paint"},{"floor":7.0,"key":"Tiny Chest"},{"floor":9.0,"key":"Lizard Tail"},{"floor":10.0,"key":"DemoMod:MeltedRock"},{"floor":14.0,"key":"Ginger"}],"event_choices":[{"damage_healed":0.0,"max_hp_gain":0.0,"max_hp_loss":0.0,"gold_gain":0.0,"event_name":"Lab","player_choice":"Got Potions","floor":4.0,"gold_loss":0.0,"damage_taken":0.0},{"damage_healed":0.0,"max_hp_gain":0.0,"max_hp_loss":0.0,"gold_gain":0.0,"event_name":"Match and Keep!","player_choice":"2 cards matched","floor":15.0,"gold_loss":0.0,"damage_taken":0.0,"cards_obtained":["Seek","Force Field"]}],"is_beta":false,"boss_relics":[{"not_picked":["Honey Jar","Cursed Key"],"picked":"Coffee Dripper"}],"items_purged_floors":[3],"is_endless":false,"potions_floor_spawned":[7,11,16,19],"killed_by":"3 Byrds","ascension_level":20}}