{"host":"ydg0vn0pu4pubmdt","time":1612658330,"event":{"mods":["AchievementEnabler","BaseMod","Colored Map","Gold Saver","Minty Spire (QoL Compilation)","Quick Restart","SuperFastMode"],"gold_per_floor":[114,134,154,188,199,231,231,250,250,260,260,278,278,278],"floor_reached":13,"language":"KOR","playtime":272,"items_purged":[],"score":182,"play_id":"5e3a621f-101b-4bf5-be76-abe3549f7612","local_time":"20210207093850","is_ascension_mode":true,"campfire_choices":[{"data":"Eruption","floor":7.0,"key":"SMITH"}],"circlet_count":0,"master_deck":["AscendersBane","Strike_P","Strike_P","Strike_P","Strike_P","Defend_P","Defend_P","Defend_P","Defend_P","Eruption+1","Vigilance","Dramatic Entrance","FollowUp","EmptyFist+1","InnerPeace","Wallop+1"],"relics":["PureWater","Anchor","CeramicFish"],"acts_visited":["Exordium"],"potions_floor_usage":[13],"damage_taken":[{"damage":1.0,"enemies":"Small Slimes","floor":1.0,"turns":3.0},{"damage":0.0,"enemies":"Cultist","floor":2.0,"turns":2.0},{"damage":7.0,"enemies":"Jaw Worm","floor":3.0,"turns":3.0},{"damage":0.0,"enemies":"Looter","floor":4.0,"turns":1.0},{"damage":4.0,"enemies":"Large Slime","floor":5.0,"turns":5.0},{"damage":2.0,"enemies":"3 Sentries","floor":6.0,"turns":4.0},{"damage":12.0,"enemies":"Exordium Thugs","floor":8.0,"turns":4.0},{"damage":0.0,"enemies":"2 Fungi Beasts","floor":10.0,"turns":1.0},{"damage":0.0,"enemies":"Gremlin Gang","floor":12.0,"turns":1.0},{"damage":16,"enemies":"Gremlin Nob","floor":13,"turns":3}],"seed_played":"-405779083697163870","potions_obtained":[{"floor":1.0,"key":"ColorlessPotion"},{"floor":4.0,"key":"Dexterity Potion"},{"floor":5.0,"key":"DuplicationPotion"},{"floor":6.0,"key":"Energy Potion"},{"floor":10.0,"key":"Explosive Potion"}],"is_trial":false,"path_per_floor":["M","M","M","M","M","E","R","M","T","M","?","M","E"],"character_chosen":"WATCHER","items_purchased":[],"campfire_rested":0,"item_purchase_floors":[],"current_hp_per_floor":[60,60,53,53,49,47,47,35,35,35,15,15,0,0],"gold":278,"neow_bonus":"RANDOM_COLORLESS","is_daily":false,"chose_seed":false,"campfire_upgraded":1,"win_rate":0.0,"timestamp":1612658330,"path_taken":["M","M","M","M","M","E","R","M","T","M","?","M","E"],"items_purchased_type":[],"build_version":"2020-12-22","purchased_purges":0,"victory":false,"max_hp_per_floor":[68,68,68,68,68,68,68,68,68,68,68,68,68,68],"card_choices":[{"not_picked":["Trip","Swift Strike"],"picked":"Dramatic Entrance","floor":0.0},{"not_picked":["JustLucky","Swivel"],"picked":"FollowUp","floor":1.0},{"not_picked":["CarveReality","ReachHeaven"],"picked":"EmptyFist","floor":2.0},{"not_picked":["SashWhip","ThirdEye"],"picked":"InnerPeace","floor":3.0},{"not_picked":["Consecrate","Study"],"picked":"Wallop","floor":4.0},{"not_picked":["FlyingSleeves","Vengeance","FollowUp"],"picked":"SKIP","floor":5.0},{"not_picked":["Consecrate","FlyingSleeves","SandsOfTime"],"picked":"SKIP","floor":6.0},{"not_picked":["Crescendo","Halt","Prostrate"],"picked":"SKIP","floor":8.0},{"not_picked":["CarveReality","Prostrate","Halt"],"picked":"SKIP","floor":10.0},{"not_picked":["ForeignInfluence","Swivel","Collect"],"picked":"SKIP","floor":12.0}],"player_experience":651662,"relics_obtained":[{"floor":6.0,"key":"Anchor"},{"floor":9.0,"key":"CeramicFish"}],"event_choices":[{"damage_healed":0.0,"max_hp_gain":0.0,"max_hp_loss":0.0,"gold_gain":0.0,"event_name":"Shining Light","player_choice":"Entered Light","floor":11.0,"gold_loss":0.0,"damage_taken":20.0,"cards_upgraded":["Wallop","EmptyFist"]}],"is_beta":false,"boss_relics":[],"items_purged_floors":[],"is_endless":false,"potions_floor_spawned":[1,4,5,6,10],"killed_by":"Gremlin Nob","ascension_level":20}}