{"host":"9jkzatiwan7o33sr","time":1612665189,"event":{"mods":["AchievementEnabler","Act Like it!","Aspiration","BaseMod","Colored Map","Colored Powertips","Conspire","Downfall","GifTheSpireLib","Hallownest","Hermit","Hubris","Infinite Spire","Jorbs\u0027s Wanderer Trilogy","Mad Scientist","Mimic Mod","Minty Spire (QoL Compilation)","Permanent Neow","Shade Mod","StSLib","Stuff the Spire","Td1madao Mod","The Bladedancer","The Bug Knight","The Cursed","The Forsaken","The Hierophant","The Jungle","The Mystic","The Necromancer","The Poker Player","The Servant 0.9.4","The Witch","[IsaacMod]????"],"gold_per_floor":[114,124,137,0,14,41,41,41,83,83,105,133,152,175,175,279,279,303,303,218,247,202,202,228,247,300,343,343,365,409,409,409,520,520,540,540,540,540],"floor_reached":37,"language":"ENG","playtime":2183,"items_purged":[],"score":475,"play_id":"66d58b2e-fc36-40bd-8c5a-43d97e6b0c5a","local_time":"20210207033309","is_ascension_mode":true,"campfire_choices":[{"floor":8,"key":"REST"},{"data":"PathToVictory","floor":10,"key":"SMITH"},{"floor":15,"key":"REST"},{"floor":23,"key":"REST"},{"floor":32,"key":"REST"}],"circlet_count":0,"master_deck":["Strike_P+1","Strike_P","Strike_P","Strike_P+1","Defend_P","Defend_P","Defend_P","Defend_P+1","Eruption","Vigilance","Conclude","CutThroughFate","Halt","LessonLearned+1","PathToVictory","Ragnarok","PathToVictory+1","Worship","Prostrate","TalkToTheHand","WaveOfTheHand+1","Devotion+1","EmptyFist","EmptyBody+1","JustLucky","Prostrate","InnerPeace","LikeWater","Study+1","EmptyMind+1","Establishment","PathToVictory"],"relics":["PureWater","HushsDoor","BelialBook","StuffTheSpire:GrapeVine","TheBean","CeramicFish","Runic Pyramid","infinitespire:Lucky Rock","Damaru","StuffTheSpire:ForceGauntlet","PreservedInsect","Vajra","aspiration:ServantSkillbook","StuffTheSpire:Barrel"],"acts_visited":["Exordium","TheCity","TheBeyond"],"potions_floor_usage":[6,18],"damage_taken":[{"damage":10,"enemies":"Cultist","floor":1,"turns":6},{"damage":0,"enemies":"conspire:RoseBush","floor":2,"turns":4},{"damage":6,"enemies":"Small Slimes","floor":3,"turns":4},{"damage":0,"enemies":"2 Fungi Beasts","floor":5,"turns":2},{"damage":20,"enemies":"Gremlin Nob","floor":6,"turns":4},{"damage":0,"enemies":"3 Louse","floor":9,"turns":8},{"damage":0,"enemies":"3 Louse","floor":11,"turns":3},{"damage":8,"enemies":"Blue Slaver","floor":12,"turns":3},{"damage":8,"enemies":"Looter","floor":13,"turns":2},{"damage":2,"enemies":"2 Fungi Beasts","floor":14,"turns":2},{"damage":32,"enemies":"Hexaghost","floor":16,"turns":7},{"damage":23,"enemies":"Shell Parasite","floor":18,"turns":5},{"damage":19,"enemies":"Spheric Guardian","floor":21,"turns":5},{"damage":5,"enemies":"Snecko","floor":24,"turns":4},{"damage":23,"enemies":"3 Cultists","floor":25,"turns":5},{"damage":7,"enemies":"Nightmare","floor":27,"turns":5},{"damage":4,"enemies":"conspire:HollyBat","floor":29,"turns":8},{"damage":4,"enemies":"conspire:SneckoGhost","floor":30,"turns":5},{"damage":9,"enemies":"conspire:MysteriousRune","floor":33,"turns":6},{"damage":12,"enemies":"Orb Walker","floor":35,"turns":3},{"damage":19,"enemies":"3 Darklings","floor":37,"turns":3}],"seed_played":"6193505011284854332","potions_obtained":[{"floor":1,"key":"PowerPotion"},{"floor":3,"key":"Ancient Potion"},{"floor":11,"key":"Strength Potion"},{"floor":13,"key":"BlessingOfTheForge"},{"floor":16,"key":"Swift Potion"},{"floor":18,"key":"Strength Potion"},{"floor":21,"key":"BottledMiracle"}],"is_trial":false,"path_per_floor":["M","M","M","$","M","E","$","R","MIM","R","M","M","M","M","R","B",null,"M","?","?","M","$","R","M","M","T","NM","?","M","E","T","R","B",null,"M","AVR","M"],"character_chosen":"WATCHER","items_purchased":["LessonLearned","JustLucky"],"campfire_rested":4,"item_purchase_floors":[4,22],"current_hp_per_floor":[62,62,56,56,56,36,36,57,57,57,57,49,41,39,60,28,72,49,49,49,30,30,51,46,23,23,16,16,12,8,8,29,20,72,60,60,41,41],"gold":540,"neow_bonus":"RANDOM_COMMON_RELIC","is_daily":false,"chose_seed":false,"campfire_upgraded":1,"win_rate":0.0,"timestamp":1612665189,"path_taken":["M","M","M","$","M","E","?","R","MIM","R","M","M","M","M","R","BOSS","M","?","?","M","$","R","M","M","T","NM","?","M","E","?","R","BOSS","M","AVR","M"],"items_purchased_type":["Card","Card"],"build_version":"2020-12-22","purchased_purges":0,"victory":false,"max_hp_per_floor":[72,72,72,72,72,72,72,72,72,72,72,72,72,72,72,72,72,72,72,72,72,72,72,72,72,72,72,72,72,72,72,72,72,72,72,72,72,72],"card_choices":[{"not_picked":["Indignation","ForeignInfluence"],"picked":"Conclude","floor":1},{"not_picked":["Halt","Meditate"],"picked":"CutThroughFate","floor":2},{"not_picked":["Sanctity","Vengeance"],"picked":"Halt","floor":3},{"not_picked":["FollowUp","WreathOfFlame"],"picked":"PathToVictory","floor":5},{"not_picked":["SashWhip","WindmillStrike"],"picked":"Ragnarok","floor":6},{"not_picked":["Worship","CrushJoints"],"picked":"PathToVictory","floor":9},{"not_picked":["ClearTheMind","ThirdEye"],"picked":"Worship","floor":11},{"not_picked":["WheelKick","FlurryOfBlows"],"picked":"Prostrate","floor":12},{"not_picked":["Consecrate","Prostrate"],"picked":"TalkToTheHand","floor":13},{"not_picked":["Protect","FearNoEvil"],"picked":"WaveOfTheHand","floor":14},{"not_picked":["Wish","ConjureBlade"],"picked":"Devotion","floor":16},{"not_picked":["Tantrum","FollowUp"],"picked":"EmptyFist","floor":18},{"not_picked":["Protect","JustLucky"],"picked":"EmptyBody+1","floor":21},{"not_picked":["SandsOfTime","Halt"],"picked":"Prostrate","floor":24},{"not_picked":["BowlingBash","DeusExMachina"],"picked":"InnerPeace","floor":25},{"not_picked":["Halt+1","Weave"],"picked":"LikeWater","floor":27},{"not_picked":["BowlingBash","Worship"],"picked":"Study+1","floor":29},{"not_picked":["WaveOfTheHand","BattleHymn"],"picked":"EmptyMind+1","floor":30},{"not_picked":["MasterReality","ConjureBlade"],"picked":"Establishment","floor":33},{"not_picked":["SashWhip+1","GearUp","Consecrate"],"picked":"PathToVictory","floor":35}],"player_experience":634196,"relics_obtained":[{"floor":6,"key":"TheBean"},{"floor":9,"key":"CeramicFish"},{"floor":26,"key":"Damaru"},{"floor":27,"key":"StuffTheSpire:ForceGauntlet"},{"floor":30,"key":"PreservedInsect"},{"floor":31,"key":"Vajra"}],"event_choices":[{"damage_healed":0,"gold_gain":0,"player_choice":"Obtained Relic","damage_taken":0,"relics_obtained":["infinitespire:Lucky Rock"],"max_hp_gain":0,"max_hp_loss":0,"event_name":"Addict","floor":20,"gold_loss":85}],"is_beta":false,"boss_relics":[{"not_picked":["Coffee Dripper","Fusion Hammer"],"picked":"Runic Pyramid"},{"not_picked":[]},{"not_picked":["hubris:ScarierMask","SacredBark"],"picked":"aspiration:ServantSkillbook"},{"not_picked":[]}],"items_purged_floors":[],"is_endless":true,"potions_floor_spawned":[1,3,11,13,16,18,21,24],"killed_by":"3 Darklings","ascension_level":3}}