{"host":"vgmhxp0kxvybuvcq","time":1612672364,"event":{"mods":["BaseMod","Minty Spire (QoL Compilation)","Replay The Spire","StSLib"],"gold_per_floor":[362,374,72,172,183,183,211,14,14,14,33,33,44,54,54,158,158,169,109,109,109,127,127,160,35,35,47,79,79,110,120,120,120,120],"floor_reached":33,"language":"ENG","playtime":1555,"items_purged":["Parasite","Strike_R","Defend_R"],"score":361,"play_id":"5f6a879d-a178-451e-95e0-8699ffe4914f","local_time":"20210206203244","is_ascension_mode":true,"campfire_choices":[{"data":"Iron Wave","floor":6,"key":"SMITH"},{"data":"Replay:Undeath\u0027s Touch","floor":10,"key":"SMITH"},{"data":"Inflame","floor":12,"key":"SMITH"},{"data":"Abandon","floor":15,"key":"SMITH"},{"data":"Replay:Undeath\u0027s Touch","floor":23,"key":"SMITH"},{"floor":29,"key":"REST"},{"floor":32,"key":"REST"}],"circlet_count":0,"master_deck":["Defend_R","Defend_R","Defend_R","Bash","Sword Boomerang","ReplayTheSpireMod:Strike From Hell","Inflame+1","Iron Wave+1","Replay:Undeath\u0027s Touch+1","Good Instincts","Shrug It Off","Disarm","Abandon+1","Hemogenesis","Replay:Undeath\u0027s Touch+1","Bite","Bite","Bite","Bite","Bite","ReplayTheSpireMod:Strike From Hell+1","Pot Of Greed","Pot Of Greed","Warcry","Sentinel","Pot Of Greed","Pummel","Replay:Many Hands","Body Slam+1"],"relics":["Burning Blood","Vajra","Du-Vu Doll","Unceasing Top","ReplayTheSpireMod:DimensionalGlitch","Sundial","Grinning Jar","TungstenRod","Replay:Bottled Snecko","Meat on the Bone"],"acts_visited":["Exordium","TheCity"],"potions_floor_usage":[11,16,30,30,30,30,30,31],"damage_taken":[{"damage":2,"enemies":"2 Louse","floor":1,"turns":3},{"damage":6,"enemies":"Cultist","floor":2,"turns":4},{"damage":12,"enemies":"Jaw Worm","floor":5,"turns":3},{"damage":12,"enemies":"Lagavulin","floor":7,"turns":7},{"damage":0,"enemies":"Large Slime","floor":11,"turns":4},{"damage":7,"enemies":"Blue Slaver","floor":13,"turns":2},{"damage":17,"enemies":"Lots of Slimes","floor":14,"turns":4},{"damage":31,"enemies":"The Guardian","floor":16,"turns":12},{"damage":1,"enemies":"Spheric Guardian","floor":18,"turns":3},{"damage":3,"enemies":"3 Byrds","floor":22,"turns":5},{"damage":4,"enemies":"Gremlin Leader","floor":24,"turns":7},{"damage":18,"enemies":"Snake Plant","floor":27,"turns":4},{"damage":36,"enemies":"Book of Stabbing","floor":28,"turns":5},{"damage":21,"enemies":"Slavers","floor":30,"turns":4},{"damage":21,"enemies":"Centurion and Healer","floor":31,"turns":4},{"damage":59,"enemies":"Collector","floor":33,"turns":7}],"seed_played":"4868559258013407667","potions_obtained":[{"floor":1,"key":"Fire Potion"},{"floor":5,"key":"Fire Potion"},{"floor":11,"key":"EntropicBrew"},{"floor":14,"key":"Ancient Potion"},{"floor":18,"key":"BloodPotion"},{"floor":27,"key":"Explosive Potion"},{"floor":28,"key":"Explosive Potion"}],"is_trial":false,"path_per_floor":["M","M","$","?","M","R","E","$","T","R","M","R","M","M","R","B",null,"M","?","?","T","M","R","E","$","T","M","E","R","E","M","R","B"],"character_chosen":"IRONCLAD","items_purchased":["Vajra","Inflame","Good Instincts"],"campfire_rested":2,"item_purchase_floors":[3,3,8],"current_hp_per_floor":[80,80,77,77,71,71,65,65,65,65,71,71,70,59,59,34,77,77,77,53,53,53,53,53,53,53,42,15,30,24,19,34,0,0],"gold":120,"neow_bonus":"TWO_FIFTY_GOLD","is_daily":false,"chose_seed":false,"campfire_upgraded":5,"win_rate":0.0,"timestamp":1612672364,"path_taken":["M","M","$","?","M","R","E","$","T","R","M","R","?","M","R","BOSS","M","?","?","?","M","R","E","$","T","?","E","R","E","M","R","BOSS"],"items_purchased_type":["Relic","Card","Card"],"build_version":"2020-12-22","purchased_purges":3,"victory":false,"max_hp_per_floor":[80,80,77,77,77,77,77,77,77,77,77,77,77,77,77,77,77,77,77,53,53,53,53,53,53,53,53,53,53,53,53,53,53,53],"card_choices":[{"not_picked":["Reckless Charge","Pommel Strike"],"picked":"Sword Boomerang","floor":1},{"not_picked":["Rage","Flex"],"picked":"ReplayTheSpireMod:Strike From Hell","floor":2},{"not_picked":["Anger","Carnage"],"picked":"Iron Wave","floor":5},{"not_picked":["Brutality","Second Wind"],"picked":"Replay:Undeath\u0027s Touch","floor":7},{"not_picked":["Run Through","Ghostly Armor"],"picked":"Shrug It Off","floor":11},{"not_picked":["Life Link","Armaments"],"picked":"Disarm","floor":13},{"not_picked":["Pommel Strike","Life Link"],"picked":"Abandon","floor":14},{"not_picked":["Bludgeon","Demonic Infusion"],"picked":"Hemogenesis","floor":16},{"not_picked":["Run Through","Wild Strike"],"picked":"Replay:Undeath\u0027s Touch","floor":18},{"not_picked":["Second Wind","Seeing Red"],"picked":"ReplayTheSpireMod:Strike From Hell+1","floor":22},{"not_picked":["Combust","Double Tap"],"picked":"Warcry","floor":24},{"not_picked":["Havoc","Twin Strike"],"picked":"Sentinel","floor":27},{"not_picked":["Replay:Undeath\u0027s Touch","Run Through"],"picked":"Pummel","floor":28},{"not_picked":["Rampage","Warcry"],"picked":"Replay:Many Hands","floor":30},{"not_picked":["Warcry","Perfected Strike"],"picked":"Body Slam+1","floor":31}],"player_experience":308703,"relics_obtained":[{"floor":7,"key":"Du-Vu Doll"},{"floor":9,"key":"Unceasing Top"},{"floor":21,"key":"Sundial"},{"floor":24,"key":"Grinning Jar"},{"floor":26,"key":"TungstenRod"},{"floor":28,"key":"Replay:Bottled Snecko"},{"floor":30,"key":"Meat on the Bone"}],"event_choices":[{"damage_healed":0,"gold_gain":100,"player_choice":"Pray","damage_taken":0,"max_hp_gain":0,"max_hp_loss":0,"event_name":"Golden Shrine","floor":4,"gold_loss":0},{"damage_healed":0,"gold_gain":0,"player_choice":"Became a vampire","damage_taken":0,"max_hp_gain":0,"max_hp_loss":24,"event_name":"Vampires","floor":20,"gold_loss":0,"cards_obtained":["Bite","Bite","Bite","Bite","Bite"]}],"is_beta":false,"boss_relics":[{"not_picked":["Ectoplasm","Runic Cube"],"picked":"ReplayTheSpireMod:DimensionalGlitch"}],"items_purged_floors":[3,8,25],"is_endless":false,"potions_floor_spawned":[1,5,11,14,18,27,28],"killed_by":"Collector","ascension_level":2}}