{"host":"w7tt687j332gugiq","time":1612694397,"event":{"mods":["BaseMod","Minty Spire (QoL Compilation)","StSLib"],"gold_per_floor":[115,40,40,140,156,185,185,211,211,224,224,235,267,281,281,379,379,393,0,13,28,59,59,74,74,74,108,108,108,123,141,141,246,246,260,310,310,325,29,54,83,83,106,141,181,181,225,117,117,117,117,117,37,78,78],"floor_reached":56,"language":"ZHS","playtime":2605,"items_purged":["Flechettes","Neutralize"],"score":1933,"play_id":"7883abf7-8bc9-481e-bc52-2fdd26e38cd8","local_time":"20210207183957","is_ascension_mode":true,"campfire_choices":[{"data":"Crippling Poison","floor":7.0,"key":"SMITH"},{"floor":11.0,"key":"REST"},{"data":"A Thousand Cuts","floor":15.0,"key":"SMITH"},{"data":"Adrenaline","floor":23.0,"key":"SMITH"},{"data":"Adrenaline","floor":25.0,"key":"SMITH"},{"data":"Tactician","floor":28.0,"key":"SMITH"},{"data":"Outmaneuver","floor":32.0,"key":"SMITH"},{"data":"Grand Finale","floor":42.0,"key":"SMITH"},{"floor":49.0,"key":"RECALL"},{"data":"Calculated Gamble","floor":52.0,"key":"SMITH"}],"circlet_count":0,"master_deck":["Survivor","Corpse Explosion","Grand Finale+1","Slice","Quick Slash","Crippling Poison+1","Escape Plan+1","Leg Sweep+1","Calculated Gamble+1","Tactician+1","Blur","PiercingWail","A Thousand Cuts+1","Adrenaline+1","Prepared","Adrenaline+1","Deflect","Acrobatics+1","Footwork+1","Dodge and Roll","Outmaneuver+1","Backflip","Night Terror","Deflect+1","Dodge and Roll","Prepared","Backflip","Dodge and Roll+1","Footwork+1","Cloak And Dagger+1","Acrobatics+1","Caltrops+1","Finesse","Tactician+1"],"relics":["Pandora\u0027s Box","Pantograph","Incense Burner","Ice Cream","Runic Pyramid","Frozen Egg 2","Red Mask","Blood Vial","Nunchaku","Black Star","Turnip","WingedGreaves","Tingsha","Toy Ornithopter","Oddly Smooth Stone","Question Card","Bag of Marbles","Anchor","CeramicFish","The Courier","Lantern","Vajra","Pen Nib","Ornamental Fan","Ninja Scroll"],"acts_visited":["Exordium","TheCity","TheBeyond","TheEnding"],"potions_floor_usage":[55],"damage_taken":[{"damage":4.0,"enemies":"Jaw Worm","floor":1.0,"turns":2.0},{"damage":0.0,"enemies":"Small Slimes","floor":5.0,"turns":3.0},{"damage":3.0,"enemies":"Lagavulin","floor":6.0,"turns":5.0},{"damage":14.0,"enemies":"3 Sentries","floor":8.0,"turns":3.0},{"damage":0.0,"enemies":"Cultist","floor":10.0,"turns":3.0},{"damage":0.0,"enemies":"3 Louse","floor":12.0,"turns":2.0},{"damage":4.0,"enemies":"Gremlin Nob","floor":13.0,"turns":4.0},{"damage":0.0,"enemies":"Large Slime","floor":14.0,"turns":4.0},{"damage":20.0,"enemies":"The Guardian","floor":16.0,"turns":9.0},{"damage":0.0,"enemies":"Shell Parasite","floor":18.0,"turns":4.0},{"damage":10.0,"enemies":"Spheric Guardian","floor":20.0,"turns":4.0},{"damage":6.0,"enemies":"Shelled Parasite and Fungi","floor":21.0,"turns":5.0},{"damage":2.0,"enemies":"Masked Bandits","floor":22.0,"turns":2.0},{"damage":3.0,"enemies":"Sentry and Sphere","floor":24.0,"turns":3.0},{"damage":0.0,"enemies":"Gremlin Leader","floor":27.0,"turns":5.0},{"damage":14.0,"enemies":"Snake Plant","floor":30.0,"turns":3.0},{"damage":0.0,"enemies":"Centurion and Healer","floor":31.0,"turns":3.0},{"damage":13.0,"enemies":"Collector","floor":33.0,"turns":7.0},{"damage":0.0,"enemies":"3 Shapes","floor":35.0,"turns":3.0},{"damage":0.0,"enemies":"Mind Bloom Boss Battle","floor":36.0,"turns":4.0},{"damage":0.0,"enemies":"3 Darklings","floor":38.0,"turns":3.0},{"damage":29.0,"enemies":"Giant Head","floor":40.0,"turns":9.0},{"damage":0.0,"enemies":"Reptomancer","floor":41.0,"turns":3.0},{"damage":0.0,"enemies":"Nemesis","floor":44.0,"turns":5.0},{"damage":4.0,"enemies":"Reptomancer","floor":45.0,"turns":7.0},{"damage":11.0,"enemies":"Nemesis","floor":47.0,"turns":5.0},{"damage":6.0,"enemies":"Awakened One","floor":50.0,"turns":13.0},{"damage":7.0,"enemies":"Shield and Spear","floor":54.0,"turns":5.0},{"damage":3,"enemies":"The Heart","floor":55,"turns":10}],"seed_played":"-3035314446544488037","potions_obtained":[{"floor":6.0,"key":"SneckoOil"},{"floor":8.0,"key":"AttackPotion"},{"floor":14.0,"key":"Fire Potion"},{"floor":16.0,"key":"SpeedPotion"},{"floor":18.0,"key":"CunningPotion"},{"floor":20.0,"key":"Regen Potion"},{"floor":21.0,"key":"Fruit Juice"},{"floor":24.0,"key":"Block Potion"},{"floor":31.0,"key":"Block Potion"},{"floor":35.0,"key":"Block Potion"},{"floor":38.0,"key":"FairyPotion"}],"is_trial":false,"path_per_floor":["M","$","?","?","M","E","R","E","T","M","R","M","E","M","R","B",null,"M","$","M","M","?","R","M","R","T","E","R","?","M","M","R","B",null,"M","?","?","M","$","E","E","R","T","E","E","?","E","$","R","B",null,"R","$","E","B",null],"character_chosen":"THE_SILENT","items_purchased":["Adrenaline","Frozen Egg 2","WingedGreaves","Caltrops+1","Finesse"],"campfire_rested":1,"item_purchase_floors":[19,19,39,48,48],"current_hp_per_floor":[59,59,45,45,45,42,42,28,28,28,49,49,45,45,45,50,65,65,65,55,69,67,67,64,64,64,66,66,71,59,61,61,62,72,74,75,75,75,75,46,48,48,48,50,48,48,39,39,39,65,73,73,73,68,72],"gold":78,"neow_bonus":"BOSS_RELIC","is_daily":false,"chose_seed":false,"campfire_upgraded":8,"win_rate":0.0,"timestamp":1612694397,"path_taken":["M","$","?","?","M","E","R","E","T","M","R","?","E","M","R","BOSS","M","$","M","M","?","R","M","R","T","E","R","?","M","M","R","BOSS","M","?","?","?","?","E","E","R","T","E","E","?","E","$","R","BOSS","R","$","E","BOSS"],"items_purchased_type":["Card","Relic","Relic","Card","Card"],"build_version":"2020-12-22","purchased_purges":2,"victory":true,"max_hp_per_floor":[70,70,70,70,70,70,70,70,70,70,70,70,70,70,70,70,70,70,70,70,75,75,75,75,75,75,75,75,75,75,75,75,75,75,75,75,75,75,75,75,75,75,75,75,75,75,75,75,75,75,75,75,75,75,75],"card_choices":[{"not_picked":["Acrobatics","Caltrops"],"picked":"Leg Sweep","floor":1.0},{"not_picked":["Dagger Throw","All Out Attack"],"picked":"Calculated Gamble","floor":5.0},{"not_picked":["Blur","Slice"],"picked":"Tactician","floor":6.0},{"not_picked":["Deflect","Slice","Cloak And Dagger"],"picked":"SKIP","floor":8.0},{"not_picked":["Outmaneuver","Deadly Poison"],"picked":"Blur","floor":10.0},{"not_picked":["PiercingWail","Poisoned Stab","Outmaneuver"],"picked":"SKIP","floor":12.0},{"not_picked":["Poisoned Stab","Outmaneuver"],"picked":"PiercingWail","floor":12.0},{"not_picked":["Masterful Stab","Predator"],"picked":"A Thousand Cuts","floor":13.0},{"not_picked":["PiercingWail","Dash","Dodge and Roll"],"picked":"SKIP","floor":14.0},{"not_picked":["A Thousand Cuts","Burst"],"picked":"Adrenaline","floor":16.0},{"not_picked":["Bane","Finisher"],"picked":"Prepared","floor":18.0},{"not_picked":["Caltrops+1","Blur+1"],"picked":"Deflect","floor":20.0},{"not_picked":["Leg Sweep","Backstab","PiercingWail"],"picked":"SKIP","floor":21.0},{"not_picked":["All Out Attack","Leg Sweep+1"],"picked":"Acrobatics+1","floor":22.0},{"not_picked":["Crippling Poison","Bouncing Flask+1"],"picked":"Footwork+1","floor":24.0},{"not_picked":["Dodge and Roll","Expertise","Noxious Fumes+1"],"picked":"SKIP","floor":27.0},{"not_picked":["Expertise","Noxious Fumes+1"],"picked":"Dodge and Roll","floor":27.0},{"not_picked":["Dodge and Roll","Noxious Fumes+1"],"picked":"Outmaneuver","floor":30.0},{"not_picked":["Choke","Bane"],"picked":"Backflip","floor":31.0},{"not_picked":["Die Die Die","Glass Knife"],"picked":"Night Terror","floor":33.0},{"not_picked":["Flechettes","Endless Agony+1"],"picked":"Deflect+1","floor":35.0},{"not_picked":["Dagger Spray","Terror"],"picked":"Dodge and Roll","floor":36.0},{"not_picked":["Riddle With Holes","PiercingWail"],"picked":"Prepared","floor":38.0},{"not_picked":["Heel Hook","Skewer"],"picked":"Backflip","floor":40.0},{"not_picked":["Bane","Endless Agony+1"],"picked":"Dodge and Roll+1","floor":41.0},{"not_picked":["Bane","Predator+1","Dash+1"],"picked":"Footwork+1","floor":44.0},{"not_picked":["Terror+1","Blade Dance+1","Backstab+1"],"picked":"Cloak And Dagger+1","floor":45.0},{"not_picked":["Caltrops+1","Deflect+1","Malaise"],"picked":"Acrobatics+1","floor":47.0},{"not_picked":["Concentrate","Cloak And Dagger+1","Bane"],"picked":"Tactician+1","floor":54.0}],"player_experience":157025,"relics_obtained":[{"floor":6.0,"key":"Pantograph"},{"floor":8.0,"key":"Incense Burner"},{"floor":13.0,"key":"Ice Cream"},{"floor":22.0,"key":"Red Mask"},{"floor":26.0,"key":"Blood Vial"},{"floor":27.0,"key":"Nunchaku"},{"floor":36.0,"key":"Turnip"},{"floor":40.0,"key":"Tingsha"},{"floor":40.0,"key":"Toy Ornithopter"},{"floor":41.0,"key":"Oddly Smooth Stone"},{"floor":41.0,"key":"Question Card"},{"floor":43.0,"key":"Bag of Marbles"},{"floor":44.0,"key":"Anchor"},{"floor":44.0,"key":"CeramicFish"},{"floor":45.0,"key":"The Courier"},{"floor":45.0,"key":"Lantern"},{"floor":47.0,"key":"Vajra"},{"floor":47.0,"key":"Pen Nib"},{"floor":54.0,"key":"Ornamental Fan"},{"floor":54.0,"key":"Ninja Scroll"}],"event_choices":[{"damage_healed":0.0,"max_hp_gain":0.0,"max_hp_loss":0.0,"gold_gain":0.0,"event_name":"Shining Light","player_choice":"Entered Light","floor":3.0,"gold_loss":0.0,"damage_taken":14.0,"cards_upgraded":["Leg Sweep","Escape Plan"]},{"damage_healed":0.0,"max_hp_gain":0.0,"max_hp_loss":0.0,"gold_gain":100.0,"event_name":"Golden Shrine","player_choice":"Pray","floor":4.0,"gold_loss":0.0,"damage_taken":0.0},{"damage_healed":0.0,"max_hp_gain":0.0,"max_hp_loss":0.0,"gold_gain":0.0,"event_name":"Masked Bandits","player_choice":"Fought Bandits","floor":22.0,"gold_loss":0.0,"damage_taken":0.0},{"cards_removed":["Sucker Punch"],"damage_healed":5.0,"max_hp_gain":0.0,"max_hp_loss":0.0,"gold_gain":0.0,"event_name":"Bonfire Elementals","player_choice":"Offered Common","floor":29.0,"gold_loss":0.0,"damage_taken":0.0},{"cards_removed":["Sucker Punch"],"damage_healed":5.0,"max_hp_gain":0.0,"max_hp_loss":0.0,"gold_gain":0.0,"event_name":"Bonfire Elementals","player_choice":"Offered Special","floor":29.0,"gold_loss":0.0,"damage_taken":0.0},{"damage_healed":0.0,"max_hp_gain":0.0,"max_hp_loss":0.0,"gold_gain":0.0,"event_name":"MindBloom","player_choice":"Fight","floor":36.0,"gold_loss":0.0,"damage_taken":0.0},{"cards_removed":["Bane"],"damage_healed":0.0,"max_hp_gain":0.0,"max_hp_loss":0.0,"gold_gain":0.0,"event_name":"Purifier","player_choice":"Purged","floor":37.0,"gold_loss":0.0,"damage_taken":0.0},{"cards_removed":["Blade Dance"],"damage_healed":0.0,"max_hp_gain":0.0,"max_hp_loss":0.0,"gold_gain":0.0,"event_name":"Falling","player_choice":"Removed Skill","floor":46.0,"gold_loss":0.0,"damage_taken":0.0}],"is_beta":false,"boss_relics":[{"not_picked":["Ectoplasm","WristBlade"],"picked":"Runic Pyramid"},{"not_picked":["Astrolabe","Sozu"],"picked":"Black Star"}],"items_purged_floors":[2,53],"is_endless":false,"potions_floor_spawned":[6,8,14,16,18,20,21,24,31,35,36,38,45],"ascension_level":8}}