{"host":"c97twqu0op5dg8i4","time":1612661807,"event":{"mods":["AchievementEnabler","BaseMod","Colored Map","Minty Spire (QoL Compilation)","Permanent Neow"],"gold_per_floor":[116,128,228,247,118,118,144,144,144,171,171,71,90,90,90,194,194,207,82,92,92,92],"floor_reached":21,"language":"ENG","playtime":763,"items_purged":["Strike_R","Strike_R","Strike_R"],"score":281,"play_id":"6bdfa8eb-f998-4937-ab7d-b9e327f8bb50","local_time":"20210206203647","is_ascension_mode":true,"campfire_choices":[{"data":"Armaments","floor":6.0,"key":"SMITH"},{"data":"True Grit","floor":8.0,"key":"SMITH"},{"floor":15.0,"key":"REST"}],"circlet_count":0,"master_deck":["AscendersBane","Strike_R","Defend_R","Defend_R","Defend_R","Defend_R","Bash","Wild Strike","Armaments+1","Carnage","Power Through","True Grit+1","Evolve","Fire Breathing","Barricade","CurseOfTheBell","Metallicize"],"relics":["Burning Blood","Molten Egg 2","Sundial","Kunai","Calling Bell","Centennial Puzzle","Matryoshka","Peace Pipe"],"acts_visited":["Exordium","TheCity"],"potions_floor_usage":[],"damage_taken":[{"damage":0.0,"enemies":"Cultist","floor":1.0,"turns":2.0},{"damage":0.0,"enemies":"Jaw Worm","floor":2.0,"turns":3.0},{"damage":0.0,"enemies":"Small Slimes","floor":4.0,"turns":3.0},{"damage":29.0,"enemies":"Gremlin Nob","floor":7.0,"turns":5.0},{"damage":64.0,"enemies":"Lagavulin","floor":10.0,"turns":9.0},{"damage":1.0,"enemies":"2 Fungi Beasts","floor":13.0,"turns":4.0},{"damage":23.0,"enemies":"The Guardian","floor":16.0,"turns":13.0},{"damage":29.0,"enemies":"Spheric Guardian","floor":18.0,"turns":6.0},{"damage":21.0,"enemies":"Shell Parasite","floor":20.0,"turns":11.0},{"damage":0,"enemies":"Snake Plant","floor":21,"turns":1}],"seed_played":"-2546472681019326555","potions_obtained":[{"floor":1.0,"key":"SkillPotion"},{"floor":2.0,"key":"BloodPotion"},{"floor":7.0,"key":"Explosive Potion"},{"floor":18.0,"key":"Explosive Potion"}],"is_trial":false,"path_per_floor":["M","M","?","M","$","R","E","R","T","E","?","$","M","?","R","B",null,"M","$","M","M"],"character_chosen":"IRONCLAD","items_purchased":["True Grit"],"campfire_rested":1,"item_purchase_floors":[5],"current_hp_per_floor":[78,80,80,80,80,80,57,57,57,15,15,15,20,20,44,27,67,44,44,29,29,29],"gold":92,"neow_bonus":"THREE_CARDS","is_daily":false,"chose_seed":false,"campfire_upgraded":2,"win_rate":0.0,"timestamp":1612661807,"path_taken":["M","?","?","?","$","R","E","R","T","E","?","$","M","?","R","BOSS","M","$","M","M"],"items_purchased_type":["Card"],"build_version":"2020-12-22","purchased_purges":3,"victory":false,"max_hp_per_floor":[80,80,80,80,80,80,80,80,80,80,80,80,80,80,80,80,80,80,80,80,80,80],"card_choices":[{"not_picked":["Seeing Red","Flex"],"picked":"Wild Strike","floor":0.0},{"not_picked":["Cleave","Sword Boomerang"],"picked":"Armaments","floor":1.0},{"not_picked":["Sentinel","Twin Strike"],"picked":"Carnage","floor":2.0},{"not_picked":["Pummel","Feel No Pain"],"picked":"Power Through","floor":4.0},{"not_picked":["Spot Weakness","Warcry"],"picked":"Evolve","floor":7.0},{"not_picked":["Blood for Blood+1","Rage"],"picked":"Fire Breathing","floor":10.0},{"not_picked":["Dropkick+1","Rupture","Twin Strike+1"],"picked":"SKIP","floor":13.0},{"not_picked":["Immolate+1","Feed+1"],"picked":"Barricade","floor":16.0},{"not_picked":["Thunderclap+1","True Grit+1"],"picked":"Metallicize","floor":18.0},{"not_picked":["Offering","Infernal Blade+1","Carnage+1"],"picked":"SKIP","floor":20.0}],"player_experience":344583,"relics_obtained":[{"floor":7.0,"key":"Molten Egg 2"},{"floor":9.0,"key":"Sundial"},{"floor":10.0,"key":"Kunai"},{"floor":17.0,"key":"Centennial Puzzle"},{"floor":17.0,"key":"Matryoshka"},{"floor":17.0,"key":"Peace Pipe"}],"event_choices":[{"damage_healed":0.0,"max_hp_gain":0.0,"max_hp_loss":0.0,"gold_gain":100.0,"event_name":"Golden Shrine","player_choice":"Pray","floor":3.0,"gold_loss":0.0,"damage_taken":0.0},{"damage_healed":0.0,"max_hp_gain":0.0,"max_hp_loss":0.0,"gold_gain":0.0,"event_name":"Dead Adventurer","player_choice":"Searched \u00270\u0027 times","floor":11.0,"gold_loss":0.0,"damage_taken":0.0},{"cards_removed":["Strike_R"],"damage_healed":0.0,"max_hp_gain":0.0,"max_hp_loss":0.0,"gold_gain":0.0,"event_name":"Purifier","player_choice":"Purged","floor":14.0,"gold_loss":0.0,"damage_taken":0.0}],"is_beta":false,"boss_relics":[{"not_picked":["Philosopher\u0027s Stone","SacredBark"],"picked":"Calling Bell"}],"items_purged_floors":[5,12,19],"is_endless":false,"potions_floor_spawned":[1,2,7,18],"killed_by":"Snake Plant","ascension_level":10}}