{"host":"gttgmv2wah99hzdm","time":1612723889,"event":{"mods":["AchievementEnabler","BaseMod","Bestiary","Block Reminder","Minty Spire (QoL Compilation)","Relic Stats","Weighted Paths","ojb\u0027s Info Mod"],"gold_per_floor":[117,117,117,128,148,148,174,174,197,232,232,232,65,83,83,156,156,171,186,20,20,20,20,54,54,77,77,91,16,36,64,64,141,141,158,170,182,202,202,237,254,279,279,296,296,296],"floor_reached":45,"language":"ENG","playtime":2892,"items_purged":["Strike_R"],"score":1121,"play_id":"ec0671fc-904f-4f14-b611-fb3432b33037","local_time":"20210207125129","is_ascension_mode":true,"campfire_choices":[{"data":"Bash","floor":6.0,"key":"SMITH"},{"data":"Blood for Blood","floor":8.0,"key":"SMITH"},{"data":"Uppercut","floor":12.0,"key":"SMITH"},{"data":"Feel No Pain","floor":15.0,"key":"SMITH"},{"data":"Bludgeon","floor":23.0,"key":"SMITH"},{"data":"Shrug It Off","floor":25.0,"key":"SMITH"},{"data":"Defend_R","floor":27.0,"key":"SMITH"},{"data":"Pummel","floor":32.0,"key":"SMITH"}],"circlet_count":0,"master_deck":["AscendersBane","Strike_R","Strike_R","Strike_R","Defend_R+1","Defend_R","Defend_R","Defend_R","Bash+1","Inflame+1","Feel No Pain+1","Thunderclap","Blood for Blood+1","Uppercut+1","Pummel+1","Bludgeon+1","Shrug It Off+1","Immolate","Limit Break","Apotheosis"],"relics":["Velvet Choker","NlothsMask","Omamori","FossilizedHelix","Pantograph","Bag of Preparation","Snecko Eye","Oddly Smooth Stone","Boot","Singing Bowl","Bronze Scales","Lantern","SlaversCollar","Regal Pillow","Potion Belt"],"acts_visited":["Exordium","TheCity","TheBeyond"],"potions_floor_usage":[42,45],"damage_taken":[{"damage":10.0,"enemies":"Small Slimes","floor":1.0,"turns":4.0},{"damage":0.0,"enemies":"Cultist","floor":4.0,"turns":3.0},{"damage":2.0,"enemies":"Jaw Worm","floor":5.0,"turns":3.0},{"damage":20.0,"enemies":"Lagavulin","floor":7.0,"turns":5.0},{"damage":7.0,"enemies":"3 Sentries","floor":10.0,"turns":6.0},{"damage":3.0,"enemies":"Large Slime","floor":14.0,"turns":4.0},{"damage":18.0,"enemies":"The Guardian","floor":16.0,"turns":11.0},{"damage":0.0,"enemies":"3 Byrds","floor":18.0,"turns":3.0},{"damage":0.0,"enemies":"Spheric Guardian","floor":19.0,"turns":1.0},{"damage":12.0,"enemies":"Book of Stabbing","floor":24.0,"turns":4.0},{"damage":0.0,"enemies":"3 Cultists","floor":28.0,"turns":3.0},{"damage":0.0,"enemies":"Chosen and Byrds","floor":30.0,"turns":2.0},{"damage":6.0,"enemies":"Gremlin Leader","floor":31.0,"turns":3.0},{"damage":68.0,"enemies":"Automaton","floor":33.0,"turns":8.0},{"damage":0.0,"enemies":"Orb Walker","floor":35.0,"turns":1.0},{"damage":0.0,"enemies":"3 Darklings","floor":36.0,"turns":3.0},{"damage":0.0,"enemies":"Maw","floor":37.0,"turns":6.0},{"damage":32.0,"enemies":"Writhing Mass","floor":38.0,"turns":4.0},{"damage":18,"enemies":"Reptomancer","floor":40,"turns":5},{"damage":9,"enemies":"4 Shapes","floor":41,"turns":11},{"damage":24,"enemies":"Giant Head","floor":42,"turns":6},{"damage":4,"enemies":"Transient","floor":44,"turns":6},{"damage":21,"enemies":"Spire Growth","floor":45,"turns":3}],"seed_played":"6845377530931033906","potions_obtained":[{"floor":4.0,"key":"ColorlessPotion"},{"floor":5.0,"key":"EntropicBrew"},{"floor":14.0,"key":"EssenceOfSteel"},{"floor":19.0,"key":"BloodPotion"},{"floor":31.0,"key":"AttackPotion"},{"floor":33.0,"key":"DuplicationPotion"},{"floor":35.0,"key":"BloodPotion"},{"floor":44,"key":"AttackPotion"}],"is_trial":false,"path_per_floor":["M","?","?","M","M","R","E","R","T","E","T","R","$","M","R","B",null,"M","M","$","?","?","R","E","R","T","R","M","$","M","E","R","B",null,"M","M","M","M","?","E","M","E","T","M","M"],"character_chosen":"IRONCLAD","items_purchased":["Bag of Preparation","Oddly Smooth Stone"],"campfire_rested":0,"item_purchase_floors":[13,20],"current_hp_per_floor":[58,58,58,58,56,56,36,36,36,29,29,29,29,26,26,33,65,65,65,65,65,65,65,55,55,55,55,57,57,59,55,55,28,69,71,73,73,43,37,21,14,11,11,9,0,0],"gold":296,"neow_bonus":"BOSS_RELIC","is_daily":false,"chose_seed":false,"campfire_upgraded":8,"win_rate":0.0,"timestamp":1612723889,"path_taken":["M","?","?","M","?","R","E","R","T","E","?","R","$","M","R","BOSS","M","M","$","?","?","R","E","R","T","R","?","?","M","E","R","BOSS","M","M","M","M","?","E","M","E","T","M","M"],"items_purchased_type":["Relic","Relic"],"build_version":"2020-12-22","purchased_purges":1,"victory":false,"max_hp_per_floor":[75,75,75,75,75,75,75,75,75,75,75,75,75,75,75,75,75,75,75,75,75,75,75,77,77,77,77,79,79,81,83,83,83,83,85,87,87,89,93,95,97,99,99,101,101,101],"relic_stats":{"Regal Pillow":0,"Singing Bowl":26,"counters":[23,105],"Pantograph":50,"Bronze Scales":[135],"Snecko Eye":[112,123,132,141],"Bag of Preparation":[36],"Boot":[27],"obtain_stats":[{"Potion Belt":42,"Lantern":31,"Regal Pillow":40,"Singing Bowl":24,"Velvet Choker":0,"Oddly Smooth Stone":20,"Omamori":7,"Bag of Preparation":13,"Boot":21,"Burning Blood":0,"SlaversCollar":34,"Pantograph":11,"Bronze Scales":26,"Snecko Eye":17,"FossilizedHelix":10,"NlothsMask":3},{"Potion Belt":21,"Lantern":13,"Regal Pillow":19,"Singing Bowl":10,"Velvet Choker":0,"Oddly Smooth Stone":9,"Omamori":4,"Bag of Preparation":5,"Boot":9,"Burning Blood":0,"SlaversCollar":14,"Pantograph":5,"Bronze Scales":10,"Snecko Eye":7,"FossilizedHelix":5,"NlothsMask":1},{"Potion Belt":96,"Lantern":52,"Regal Pillow":79,"Singing Bowl":44,"Velvet Choker":0,"Oddly Smooth Stone":40,"Omamori":15,"Bag of Preparation":21,"Boot":40,"Burning Blood":0,"SlaversCollar":60,"Pantograph":21,"Bronze Scales":44,"Snecko Eye":36,"FossilizedHelix":21,"NlothsMask":4}]},"card_choices":[{"not_picked":["Perfected Strike","Fire Breathing"],"picked":"Inflame","floor":1.0},{"not_picked":["Flex","Pummel"],"picked":"Feel No Pain","floor":4.0},{"not_picked":["Infernal Blade","Flame Barrier"],"picked":"Thunderclap","floor":5.0},{"not_picked":["Clash","Infernal Blade"],"picked":"Blood for Blood","floor":7.0},{"not_picked":["Juggernaut","Sword Boomerang"],"picked":"Uppercut","floor":10.0},{"not_picked":["Cleave","Shrug It Off"],"picked":"Pummel","floor":14.0},{"not_picked":["Exhume","Brutality"],"picked":"Bludgeon","floor":16.0},{"not_picked":["Warcry","Dropkick+1","Dark Embrace"],"picked":"SKIP","floor":18.0},{"not_picked":["Sever Soul","Bloodletting"],"picked":"Shrug It Off","floor":19.0},{"not_picked":["Ghostly Armor","Havoc","Heavy Blade"],"picked":"Singing Bowl","floor":24.0},{"not_picked":["Second Wind","Havoc","Disarm"],"picked":"Singing Bowl","floor":28.0},{"not_picked":["Second Wind","Heavy Blade","Body Slam"],"picked":"Singing Bowl","floor":30.0},{"not_picked":["Havoc","Rampage","Corruption"],"picked":"Singing Bowl","floor":31.0},{"not_picked":["Bludgeon","Berserk"],"picked":"Immolate","floor":33.0},{"not_picked":["Cleave","Shrug It Off","Thunderclap"],"picked":"Singing Bowl","floor":35.0},{"not_picked":["Body Slam","Power Through","Clothesline"],"picked":"Singing Bowl","floor":36.0},{"not_picked":["Thunderclap+1","Body Slam"],"picked":"Limit Break","floor":37.0},{"not_picked":["Anger+1","Pummel","Clothesline+1"],"picked":"Singing Bowl","floor":38.0},{"not_picked":["Enlightenment","Impatience","Trip"],"picked":"Singing Bowl","floor":39},{"not_picked":["PanicButton","Deep Breath"],"picked":"Apotheosis","floor":39},{"not_picked":["Bandage Up","Forethought","Impatience"],"picked":"Singing Bowl","floor":39},{"not_picked":["Shrug It Off+1","Anger","Heavy Blade"],"picked":"Singing Bowl","floor":40},{"not_picked":["Havoc","Heavy Blade","Bloodletting"],"picked":"Singing Bowl","floor":41},{"not_picked":["Searing Blow","Clash","Perfected Strike+1"],"picked":"Singing Bowl","floor":42},{"not_picked":["Searing Blow","Heavy Blade","Anger"],"picked":"Singing Bowl","floor":44}],"player_experience":1105302,"relics_obtained":[{"floor":7.0,"key":"Omamori"},{"floor":10.0,"key":"FossilizedHelix"},{"floor":11.0,"key":"Pantograph"},{"floor":24.0,"key":"Singing Bowl"},{"floor":26.0,"key":"Bronze Scales"},{"floor":31.0,"key":"Lantern"},{"floor":40,"key":"Regal Pillow"},{"floor":42,"key":"Potion Belt"}],"event_choices":[{"damage_healed":0.0,"max_hp_gain":0.0,"max_hp_loss":0.0,"gold_gain":0.0,"event_name":"Living Wall","player_choice":"Grow","floor":2.0,"gold_loss":0.0,"damage_taken":0.0,"cards_upgraded":["Inflame"]},{"damage_healed":0.0,"max_hp_gain":0.0,"max_hp_loss":0.0,"gold_gain":0.0,"event_name":"FaceTrader","player_choice":"Trade","floor":3.0,"gold_loss":0.0,"damage_taken":0.0,"relics_obtained":["NlothsMask"]},{"damage_healed":0.0,"max_hp_gain":0.0,"max_hp_loss":0.0,"gold_gain":0.0,"event_name":"Addict","player_choice":"Stole Relic","floor":21.0,"gold_loss":0.0,"damage_taken":0.0,"relics_obtained":["Boot"],"cards_obtained":["Shame"]},{"cards_removed":["Strike_R"],"damage_healed":0.0,"max_hp_gain":0.0,"max_hp_loss":0.0,"gold_gain":0.0,"event_name":"Bonfire Elementals","player_choice":"Offered Basic","floor":22.0,"gold_loss":0.0,"damage_taken":0.0},{"damage_healed":0,"gold_gain":0,"player_choice":"Memory 3","damage_taken":10,"max_hp_gain":0,"max_hp_loss":0,"event_name":"SensoryStone","floor":39,"gold_loss":0}],"is_beta":false,"boss_relics":[{"not_picked":["Empty Cage","Calling Bell"],"picked":"Snecko Eye"},{"not_picked":["Mark of Pain","Sozu"],"picked":"SlaversCollar"}],"items_purged_floors":[29],"is_endless":false,"potions_floor_spawned":[4,5,7,14,19,31,33,35,44],"killed_by":"Spire Growth","ascension_level":20}}