{"host":"i0m6ffz3lpe3z1ky","time":1612657185,"event":{"mods":["Aspiration","BaseMod","Bestiary","BetterRewards","Colored Map","Conspire","Energized Spire","Highlight Path","Hubris","Ironclad Rager","Minty Spire (QoL Compilation)","Quick Restart","Reliquary","Shop Mod","Spicy Shops","StSLib","Thieving Mod"],"gold_per_floor":[118,118,132,151,161,191,191,225,298,308,57,83,95,95,95,168,168,184,146,159,177,193,226,226,226,226,255,572,591,591,603,603,677,677,692,692,692,710,710,735,753,769,820,840,869,869,869,318,318,318,318],"floor_reached":50,"language":"KOR","playtime":2057,"items_purged":["Strike_G","hubris:Envy"],"score":1707,"play_id":"cda0adc2-c7c2-4256-aec6-eb65e9fbe272","local_time":"20210207091945","is_ascension_mode":true,"campfire_choices":[{"floor":7.0,"key":"RECALL"},{"data":"Blade Dance","floor":15.0,"key":"SMITH"},{"data":"Terror","floor":24.0,"key":"SMITH"},{"data":"Accuracy","floor":30.0,"key":"SMITH"},{"data":"Die Die Die","floor":32.0,"key":"SMITH"},{"floor":49.0,"key":"REST"}],"circlet_count":0,"master_deck":["AscendersBane","Strike_G","Defend_G","Defend_G","Defend_G","Defend_G","Defend_G","Survivor","Neutralize+1","Backstab+1","Terror+1","Blade Dance+1","Die Die Die+1","Accuracy+1","ICR:HungryGhost","DeusExMachina","PathToVictory+1","Doppelganger","DeusExMachina","Devotion","Neutralize","Cloak And Dagger+1","hubris:Sniper+1","conspire:DoublingDagger","hubris:Counter+1"],"relics":["Ring of the Snake","PreservedInsect","reliquary:SharkskinSheath","Art of War","Membership Card","Gremlin Horn","Oddly Smooth Stone","Boot","reliquary:RadioactivePellet","reliquary:Pushpin","Lee\u0027s Waffle","ClockworkSouvenir","Strawberry","The Specimen","reliquary:Buckler","Sling","Juzu Bracelet","Medical Kit","reliquary:WeakTea","aspiration:SeaSaltIceCream","Gremlin Horn","reliquary:PorcupineQuills","aspiration:FrozenJewel","OrangePellets","hubris:TenFootPole","reliquary:BrokenClock","Eternal Feather","hubris:Towel","aspiration:WatcherSkillbook","hubris:Potato","reliquary:JackalopeAntler","Old Coin","Cursed Key","hubris:Icosahedron","reliquary:FerryPass","Toy Ornithopter","MealTicket","Molten Egg 2","conspire:GlowingRock","Lantern","Orrery"],"acts_visited":["Exordium","TheCity","TheBeyond"],"potions_floor_usage":[50],"damage_taken":[{"damage":0.0,"enemies":"2 Louse","floor":1.0,"turns":2.0},{"damage":0.0,"enemies":"Cultist","floor":3.0,"turns":3.0},{"damage":5.0,"enemies":"Jaw Worm","floor":4.0,"turns":3.0},{"damage":2.0,"enemies":"Exordium Wildlife","floor":5.0,"turns":5.0},{"damage":3.0,"enemies":"Lagavulin","floor":6.0,"turns":3.0},{"damage":2.0,"enemies":"3 Sentries","floor":8.0,"turns":4.0},{"damage":0.0,"enemies":"Gremlin Gang","floor":10.0,"turns":3.0},{"damage":0.0,"enemies":"Lagavulin","floor":12.0,"turns":5.0},{"damage":0.0,"enemies":"3 Louse","floor":13.0,"turns":3.0},{"damage":25.0,"enemies":"Slime Boss","floor":16.0,"turns":13.0},{"damage":14.0,"enemies":"Shell Parasite","floor":18.0,"turns":3.0},{"damage":0.0,"enemies":"3 Byrds","floor":20.0,"turns":4.0},{"damage":20.0,"enemies":"Snake Plant","floor":21.0,"turns":5.0},{"damage":0.0,"enemies":"Shelled Parasite and Fungi","floor":22.0,"turns":2.0},{"damage":0.0,"enemies":"Book of Stabbing","floor":23.0,"turns":2.0},{"damage":0.0,"enemies":"Slavers","floor":27.0,"turns":4.0},{"damage":0.0,"enemies":"Chosen and Byrds","floor":28.0,"turns":4.0},{"damage":7.0,"enemies":"Centurion and Healer","floor":29.0,"turns":4.0},{"damage":4.0,"enemies":"Snecko","floor":31.0,"turns":4.0},{"damage":62.0,"enemies":"Champ","floor":33.0,"turns":9.0},{"damage":42.0,"enemies":"3 Darklings","floor":35.0,"turns":3.0},{"damage":0.0,"enemies":"Orb Walker","floor":38.0,"turns":2.0},{"damage":0.0,"enemies":"Nemesis","floor":40.0,"turns":2.0},{"damage":39.0,"enemies":"4 Shapes","floor":41.0,"turns":4.0},{"damage":0.0,"enemies":"3 Darklings","floor":42.0,"turns":4.0},{"damage":4.0,"enemies":"Maw","floor":44.0,"turns":5.0},{"damage":42.0,"enemies":"Reptomancer","floor":45.0,"turns":5.0},{"damage":70,"enemies":"conspire:OrnateMirror","floor":50,"turns":2}],"seed_played":"-5314178761473269","potions_obtained":[{"floor":4.0,"key":"FearPotion"},{"floor":6.0,"key":"Dexterity Potion"},{"floor":16.0,"key":"Weak Potion"},{"floor":23.0,"key":"SmokeBomb"},{"floor":27.0,"key":"CunningPotion"},{"floor":40.0,"key":"ColorlessPotion"},{"floor":45.0,"key":"PowerPotion"}],"is_trial":false,"path_per_floor":["M","?","M","M","M","E","R","E","T","M","$","E","M","?","R","B",null,"M","$","M","M","M","E","R","?","T","E","M","M","R","M","R","B",null,"M","?","?","M","?","E","M","M","T","M","E","?","?","$","R","B"],"character_chosen":"THE_SILENT","items_purchased":["PreservedInsect","reliquary:SharkskinSheath","Art of War","Membership Card","Gremlin Horn","Oddly Smooth Stone","Boot","reliquary:RadioactivePellet","reliquary:Pushpin","Lee\u0027s Waffle","ClockworkSouvenir","Strawberry","The Specimen","reliquary:Buckler","Sling","Juzu Bracelet","Medical Kit","Backstab","SkillPotion","OrangePellets","hubris:TenFootPole","reliquary:BrokenClock","Molten Egg 2","conspire:GlowingRock","Lantern","Orrery","hubris:Counter+1"],"campfire_rested":1,"item_purchase_floors":[0,0,0,0,0,0,0,0,0,0,0,0,0,0,0,0,0,0,0,11,11,11,48,48,48,48,48],"current_hp_per_floor":[80,80,80,75,73,70,70,68,68,68,68,68,68,68,77,52,73,59,59,59,39,39,54,63,63,63,72,80,73,80,76,80,18,65,31,31,31,43,41,41,10,22,22,30,3,3,3,18,55,0,0],"gold":318,"neow_bonus":"","is_daily":false,"chose_seed":false,"campfire_upgraded":4,"win_rate":0.0,"timestamp":1612657185,"path_taken":["M","?","M","M","M","E","R","E","T","M","$","E","M","?","R","BOSS","M","$","M","M","M","E","R","?","T","E","M","M","R","M","R","BOSS","M","?","?","M","?","E","M","M","T","M","E","?","?","$","R","BOSS"],"items_purchased_type":["Relic","Relic","Relic","Relic","Relic","Relic","Relic","Relic","Relic","Relic","Relic","Relic","Relic","Relic","Relic","Relic","Relic","Card","Potion","Relic","Relic","Relic","Relic","Relic","Relic","Relic","Card"],"build_version":"2020-12-22","purchased_purges":2,"victory":false,"max_hp_per_floor":[80,80,80,80,80,80,80,80,80,80,80,80,80,80,80,80,80,80,80,80,80,80,80,80,80,80,80,80,80,80,80,80,80,80,80,80,80,80,80,80,80,80,80,80,80,80,76,76,76,76,76],"card_choices":[{"not_picked":["Caltrops","Acrobatics","hubris:TrickCloak"],"picked":"SKIP","floor":1.0},{"not_picked":["Deadly Poison","Prepared","Quick Slash"],"picked":"SKIP","floor":3.0},{"not_picked":["Masterful Stab","Blade Dance","Dagger Throw"],"picked":"SKIP","floor":4.0},{"not_picked":["Choke","Deadly Poison","hubris:SlightOfHand"],"picked":"SKIP","floor":5.0},{"not_picked":["hubris:SlightOfHand","Acrobatics","Riddle With Holes"],"picked":"SKIP","floor":6.0},{"not_picked":["Bullet Time","hubris:Sniper","Sucker Punch"],"picked":"SKIP","floor":8.0},{"not_picked":["Bullet Time","hubris:Sniper","Sucker Punch"],"picked":"SKIP","floor":8.0},{"not_picked":["Caltrops","Dagger Spray","Backflip"],"picked":"SKIP","floor":10.0},{"not_picked":["Quick Slash","Terror","Accuracy"],"picked":"SKIP","floor":12.0},{"not_picked":["Quick Slash","Accuracy"],"picked":"Terror","floor":12.0},{"not_picked":["Footwork","Quick Slash"],"picked":"Blade Dance","floor":13.0},{"not_picked":["Bullet Time","Unload"],"picked":"Die Die Die","floor":16.0},{"not_picked":["Distraction","Consecrate","After Image","Heel Hook"],"picked":"SKIP","floor":18.0},{"not_picked":["MentalFortress","All Out Attack+1","SashWhip"],"picked":"Accuracy","floor":20.0},{"not_picked":["Deflect+1","Dagger Throw","BowlingBash","Meditate+1"],"picked":"SKIP","floor":21.0},{"not_picked":["Poisoned Stab","FollowUp","Crescendo"],"picked":"ICR:HungryGhost","floor":22.0},{"not_picked":["Protect","FlyingSleeves","Prostrate+1","JustLucky+1"],"picked":"SKIP","floor":23.0},{"not_picked":["Skewer","Protect","SashWhip","Conclude"],"picked":"SKIP","floor":27.0},{"not_picked":["Acrobatics","Night Terror","Flying Knee","Prostrate"],"picked":"SKIP","floor":28.0},{"not_picked":["Unload","Deflect+1","Infinite Blades","Caltrops"],"picked":"SKIP","floor":29.0},{"not_picked":["hubris:TrickCloak","Wallop+1","PiercingWail","Sanctity+1"],"picked":"SKIP","floor":31.0},{"not_picked":["aspiration:Lunge","Night Terror","Establishment"],"picked":"DeusExMachina","floor":33.0},{"not_picked":["Slice","ReachHeaven","Outmaneuver","Flying Knee"],"picked":"SKIP","floor":35.0},{"not_picked":["EmptyFist+1","Conclude","hubris:SlightOfHand"],"picked":"PathToVictory+1","floor":38.0},{"not_picked":["Catalyst+1","Conclude+1","Wraith Form v2"],"picked":"Doppelganger","floor":40.0},{"not_picked":["Bane","Protect","JustLucky","CutThroughFate"],"picked":"SKIP","floor":41.0},{"not_picked":["Evaluate","Blur","Outmaneuver"],"picked":"DeusExMachina","floor":42.0},{"not_picked":["Flying Knee+1","CrushJoints","FollowUp","Prostrate"],"picked":"SKIP","floor":44.0},{"not_picked":["Outmaneuver","Cloak And Dagger","Caltrops","Noxious Fumes"],"picked":"SKIP","floor":45.0},{"not_picked":["Unload+1","PathToVictory","Deadly Poison"],"picked":"Cloak And Dagger+1","floor":48.0},{"not_picked":["Consecrate+1","Slice+1","Cloak And Dagger"],"picked":"hubris:Sniper+1","floor":48.0},{"not_picked":["CutThroughFate+1","FlurryOfBlows+1","WheelKick+1"],"picked":"conspire:DoublingDagger","floor":48.0}],"player_experience":526063,"relics_obtained":[{"floor":6.0,"key":"aspiration:SeaSaltIceCream"},{"floor":8.0,"key":"reliquary:PorcupineQuills"},{"floor":9.0,"key":"aspiration:FrozenJewel"},{"floor":12.0,"key":"Eternal Feather"},{"floor":23.0,"key":"hubris:Potato"},{"floor":26.0,"key":"reliquary:JackalopeAntler"},{"floor":27.0,"key":"reliquary:FerryPass"},{"floor":28.0,"key":"Old Coin"},{"floor":40.0,"key":"reliquary:FerryPass"},{"floor":43.0,"key":"Toy Ornithopter"},{"floor":45.0,"key":"MealTicket"}],"event_choices":[{"cards_removed":["Strike_G"],"damage_healed":0.0,"max_hp_gain":0.0,"max_hp_loss":0.0,"gold_gain":0.0,"event_name":"Purifier","player_choice":"Purged","floor":2.0,"gold_loss":0.0,"damage_taken":0.0},{"cards_removed":["Strike_G"],"damage_healed":0.0,"max_hp_gain":0.0,"max_hp_loss":0.0,"gold_gain":0.0,"event_name":"Back to Basics","player_choice":"Elegance","floor":25.0,"gold_loss":0.0,"damage_taken":0.0},{"cards_removed":["Strike_G"],"damage_healed":0.0,"max_hp_gain":0.0,"max_hp_loss":0.0,"gold_gain":0.0,"event_name":"Purifier","player_choice":"Purged","floor":36.0,"gold_loss":0.0,"damage_taken":0.0},{"damage_healed":0.0,"max_hp_gain":0.0,"max_hp_loss":0.0,"gold_gain":0.0,"event_name":"conspire:Investor","player_choice":"Leave","floor":39.0,"gold_loss":0.0,"damage_taken":0.0},{"damage_healed":0.0,"max_hp_gain":0.0,"max_hp_loss":0.0,"gold_gain":0.0,"event_name":"Match and Keep!","player_choice":"2 cards matched","floor":46.0,"gold_loss":0.0,"damage_taken":0.0,"cards_obtained":["Devotion","Neutralize"]},{"damage_healed":0.0,"max_hp_gain":0.0,"max_hp_loss":4.0,"gold_gain":0.0,"event_name":"Winding Halls","player_choice":"Max HP","floor":47.0,"gold_loss":0.0,"damage_taken":0.0}],"is_beta":false,"boss_relics":[{"not_picked":["hubris:GrandSneckoEye","energizedSpire:HugeHouse"],"picked":"aspiration:WatcherSkillbook"},{"not_picked":["SacredBark","energizedSpire:EnergizedDie"],"picked":"Cursed Key"}],"items_purged_floors":[19,48],"is_endless":false,"potions_floor_spawned":[4,5,6,16,23,27,29,31,35,38,40,45],"killed_by":"conspire:OrnateMirror","ascension_level":20}}