{"host":"ao4lxi9bhtts409i","time":1612712558,"event":{"mods":["AchievementEnabler","BaseMod","Colored Map","Colored Powertips","Minty Spire (QoL Compilation)","SuperFastMode"],"gold_per_floor":[110,110,130,84,84,115,135,166,235,235,245,13,45,59,59,157,207,225,240,253,253,253],"floor_reached":21,"language":"ENG","playtime":1053,"items_purged":["Strike_R"],"score":271,"play_id":"754a06cd-9e2a-477f-834f-8f113cec59a8","local_time":"20210207164238","is_ascension_mode":true,"campfire_choices":[{"data":"Wild Strike","floor":10,"key":"SMITH"},{"data":"Limit Break","floor":15,"key":"SMITH"}],"circlet_count":0,"master_deck":["Strike_R","Strike_R+1","Strike_R","Defend_R","Defend_R","Defend_R","Defend_R","Bash","Iron Wave","Pommel Strike","Shrug It Off","Headbutt","Wild Strike+1","Corruption","Spot Weakness","Limit Break+1","Feel No Pain","Reaper","True Grit","Armaments"],"relics":["Burning Blood","NeowsBlessing","FossilizedHelix","Anchor","Ornamental Fan","Orichalcum","Oddly Smooth Stone","Tiny House"],"acts_visited":["Exordium","TheCity"],"potions_floor_usage":[13,18,18,20,21],"damage_taken":[{"damage":0,"enemies":"Jaw Worm","floor":1,"turns":1},{"damage":0,"enemies":"Small Slimes","floor":3,"turns":1},{"damage":0,"enemies":"Gremlin Nob","floor":6,"turns":1},{"damage":0,"enemies":"Cultist","floor":7,"turns":3},{"damage":30,"enemies":"Lagavulin","floor":8,"turns":8},{"damage":0,"enemies":"Red Slaver","floor":11,"turns":3},{"damage":9,"enemies":"3 Sentries","floor":13,"turns":7},{"damage":6,"enemies":"3 Louse","floor":14,"turns":3},{"damage":31,"enemies":"Hexaghost","floor":16,"turns":10},{"damage":20,"enemies":"2 Thieves","floor":18,"turns":5},{"damage":19,"enemies":"Shell Parasite","floor":19,"turns":6},{"damage":49,"enemies":"Chosen and Byrds","floor":20,"turns":11},{"damage":47,"enemies":"3 Cultists","floor":21,"turns":5}],"seed_played":"7237163535631895336","potions_obtained":[{"floor":8,"key":"SteroidPotion"},{"floor":11,"key":"DistilledChaos"},{"floor":14,"key":"SteroidPotion"},{"floor":16,"key":"DistilledChaos"},{"floor":17,"key":"EssenceOfSteel"},{"floor":20,"key":"Block Potion"}],"is_trial":false,"path_per_floor":["M","?","M","$","?","E","M","E","T","R","M","$","E","M","R","B",null,"M","M","M","M"],"character_chosen":"IRONCLAD","items_purchased":["Shrug It Off","Orichalcum"],"campfire_rested":0,"item_purchase_floors":[4,12],"current_hp_per_floor":[80,85,85,85,85,85,85,61,61,61,67,67,64,64,64,39,90,87,74,38,0,0],"gold":253,"neow_bonus":"THREE_ENEMY_KILL","is_daily":false,"chose_seed":false,"campfire_upgraded":2,"win_rate":0.0,"timestamp":1612712558,"path_taken":["M","?","M","$","?","E","M","E","T","R","?","$","E","M","R","BOSS","M","M","M","M"],"items_purchased_type":["Card","Relic"],"build_version":"2020-12-22","purchased_purges":1,"victory":false,"max_hp_per_floor":[80,85,85,85,85,85,85,85,85,85,85,85,85,85,85,85,90,90,90,90,90,90],"card_choices":[{"not_picked":["Heavy Blade","Twin Strike"],"picked":"Iron Wave","floor":1},{"not_picked":["Wild Strike","Body Slam"],"picked":"Pommel Strike","floor":3},{"not_picked":["Bloodletting","Juggernaut"],"picked":"Headbutt","floor":6},{"not_picked":["Feel No Pain","Sentinel"],"picked":"Wild Strike","floor":7},{"not_picked":["Twin Strike","Dropkick"],"picked":"Corruption","floor":8},{"not_picked":["Rupture","Pommel Strike"],"picked":"Spot Weakness","floor":11},{"not_picked":["Perfected Strike","Wild Strike"],"picked":"Limit Break","floor":13},{"not_picked":["Sentinel","Ghostly Armor"],"picked":"Feel No Pain","floor":14},{"not_picked":["Juggernaut","Limit Break"],"picked":"Reaper","floor":16},{"not_picked":["Warcry","Pommel Strike"],"picked":"True Grit","floor":17},{"not_picked":["Havoc","Sever Soul","Iron Wave"],"picked":"SKIP","floor":18},{"not_picked":["Heavy Blade","Havoc+1","Warcry"],"picked":"SKIP","floor":19},{"not_picked":["Headbutt","Intimidate"],"picked":"Armaments","floor":20}],"player_experience":275367,"relics_obtained":[{"floor":6,"key":"FossilizedHelix"},{"floor":8,"key":"Anchor"},{"floor":9,"key":"Ornamental Fan"},{"floor":13,"key":"Oddly Smooth Stone"}],"event_choices":[{"damage_healed":0,"gold_gain":0,"player_choice":"Donut","damage_taken":0,"max_hp_gain":5,"max_hp_loss":0,"event_name":"Big Fish","floor":2,"gold_loss":0},{"cards_removed":["Strike_R"],"damage_healed":0,"gold_gain":0,"player_choice":"Offered Basic","damage_taken":0,"max_hp_gain":0,"max_hp_loss":0,"event_name":"Bonfire Elementals","floor":5,"gold_loss":0}],"is_beta":false,"boss_relics":[{"not_picked":["Runic Dome","Ectoplasm"],"picked":"Tiny House"}],"items_purged_floors":[12],"is_endless":false,"potions_floor_spawned":[8,11,14,16,20],"killed_by":"3 Cultists","ascension_level":4}}