{"host":"aapp7ew3jk5k1bvd","time":1612697217,"event":{"mods":["AchievementEnabler","BaseMod","Colored Map","Minty Spire (QoL Compilation)","Permanent Neow","StSLib","SuperFastMode"],"gold_per_floor":[112,74,74,89,105,105,30,62,62,82,101,101,51,64,64,160,160,175,175,175,187,205,205,235,160,160,177,177,177,276,293,293,393,393,411,411,311,324,339,339,339],"floor_reached":40,"language":"KOR","playtime":872,"items_purged":["Defend_R","Disarm+1"],"score":413,"play_id":"8d44aae7-fba2-42f6-b30d-6e7ecf48435d","local_time":"20210207202657","is_ascension_mode":false,"campfire_choices":[{"data":"Bash","floor":6.0,"key":"SMITH"},{"data":"Dropkick","floor":15.0,"key":"SMITH"},{"data":"Battle Trance","floor":23,"key":"SMITH"},{"floor":28,"key":"REST"},{"floor":32,"key":"REST"}],"circlet_count":0,"master_deck":["Strike_R","Bash+1","Dropkick+1","Reckless Charge","Heavy Blade+1","Headbutt+1","Battle Trance+1"],"relics":["Burning Blood","Pear","Self Forming Clay","Astrolabe","Red Mask","Singing Bowl","InkBottle","SacredBark"],"acts_visited":["Exordium","TheCity","TheBeyond"],"potions_floor_usage":[16,33],"damage_taken":[{"damage":3.0,"enemies":"2 Louse","floor":1.0,"turns":3.0},{"damage":6.0,"enemies":"Cultist","floor":4.0,"turns":3.0},{"damage":6.0,"enemies":"Small Slimes","floor":5.0,"turns":3.0},{"damage":14.0,"enemies":"Gremlin Nob","floor":8.0,"turns":3.0},{"damage":11.0,"enemies":"Blue Slaver","floor":10.0,"turns":3.0},{"damage":14.0,"enemies":"3 Louse","floor":11.0,"turns":3.0},{"damage":24.0,"enemies":"Exordium Thugs","floor":14.0,"turns":3.0},{"damage":42,"enemies":"Hexaghost","floor":16,"turns":6},{"damage":7,"enemies":"Shell Parasite","floor":18,"turns":3},{"damage":4,"enemies":"Chosen","floor":21,"turns":3},{"damage":30,"enemies":"3 Cultists","floor":22,"turns":6},{"damage":25,"enemies":"Masked Bandits","floor":24,"turns":4},{"damage":7,"enemies":"Centurion and Healer","floor":27,"turns":4},{"damage":21,"enemies":"Snecko","floor":31,"turns":4},{"damage":63,"enemies":"Champ","floor":33,"turns":7},{"damage":20,"enemies":"3 Darklings","floor":35,"turns":4},{"damage":24,"enemies":"3 Shapes","floor":38,"turns":4},{"damage":56,"enemies":"Maw","floor":39,"turns":7},{"damage":0,"enemies":"4 Shapes","floor":40,"turns":1}],"seed_played":"-8102844775725933828","potions_obtained":[{"floor":4.0,"key":"Strength Potion"},{"floor":5.0,"key":"SneckoOil"},{"floor":14.0,"key":"ElixirPotion"},{"floor":16,"key":"SpeedPotion"},{"floor":18,"key":"PowerPotion"},{"floor":22,"key":"Strength Potion"},{"floor":35,"key":"Weak Potion"}],"is_trial":false,"path_per_floor":["M","$","?","M","M","R","$","E","T","M","M","?","?","M","R","B",null,"M","?","?","M","M","R","?","?","T","M","R","T","?","M","R","B",null,"M","?","$","M","M","M"],"character_chosen":"IRONCLAD","items_purchased":["Dropkick"],"campfire_rested":2,"item_purchase_floors":[2],"current_hp_per_floor":[80,80,80,80,80,80,80,82,82,77,69,69,69,51,51,15,90,89,89,89,90,66,66,47,47,47,48,75,75,75,62,90,35,96,84,84,84,68,20,20,20],"gold":339,"neow_bonus":"REMOVE_CARD","is_daily":false,"chose_seed":false,"campfire_upgraded":3,"win_rate":0.0,"timestamp":1612697217,"path_taken":["M","$","?","M","M","R","$","E","T","?","M","?","?","M","R","BOSS","M","?","?","M","?","R","?","?","T","M","R","?","?","M","R","BOSS","M","?","$","M","M","M"],"items_purchased_type":["Card"],"build_version":"2020-12-22","purchased_purges":2,"victory":false,"max_hp_per_floor":[80,80,80,80,80,80,80,90,90,90,90,90,90,90,90,90,90,90,90,90,90,90,90,90,90,90,92,92,92,92,94,94,96,96,98,93,93,95,97,97,97],"card_choices":[{"not_picked":["Cleave","Whirlwind","Twin Strike"],"picked":"SKIP","floor":1.0},{"not_picked":["Sword Boomerang","Warcry","Thunderclap"],"picked":"SKIP","floor":4.0},{"not_picked":["Twin Strike","Pommel Strike","Iron Wave"],"picked":"SKIP","floor":5.0},{"not_picked":["Evolve","Bloodletting","Rampage"],"picked":"SKIP","floor":8.0},{"not_picked":["Rage","Sword Boomerang","Shockwave"],"picked":"SKIP","floor":10.0},{"not_picked":["Iron Wave","Cleave","Armaments"],"picked":"SKIP","floor":11.0},{"not_picked":["Cleave","Metallicize","Iron Wave"],"picked":"SKIP","floor":14.0},{"not_picked":["Pommel Strike","Armaments","Cleave"],"picked":"SKIP","floor":18},{"not_picked":["Second Wind","Flame Barrier","Blood for Blood"],"picked":"SKIP","floor":21},{"not_picked":["Iron Wave","Armaments","Power Through+1"],"picked":"SKIP","floor":22},{"not_picked":["Flex","Thunderclap","Twin Strike"],"picked":"Singing Bowl","floor":27},{"not_picked":["Dual Wield","Armaments","Burning Pact"],"picked":"Singing Bowl","floor":31},{"not_picked":["Fiend Fire","Brutality","Demon Form"],"picked":"Singing Bowl","floor":33},{"not_picked":["True Grit+1","Clash+1","Wild Strike+1"],"picked":"Singing Bowl","floor":35},{"not_picked":["True Grit","Shrug It Off+1","Burning Pact"],"picked":"Singing Bowl","floor":38},{"not_picked":["Havoc+1","Rage+1","Inflame"],"picked":"Singing Bowl","floor":39}],"player_experience":1334833,"relics_obtained":[{"floor":8.0,"key":"Pear"},{"floor":9.0,"key":"Self Forming Clay"},{"floor":24,"key":"Red Mask"},{"floor":26,"key":"Singing Bowl"},{"floor":29,"key":"InkBottle"}],"event_choices":[{"damage_healed":0.0,"max_hp_gain":0.0,"max_hp_loss":0.0,"gold_gain":0.0,"cards_transformed":["Defend_R"],"event_name":"Transmorgrifier","player_choice":"Transformed","floor":3.0,"gold_loss":0.0,"damage_taken":0.0,"cards_obtained":["Reckless Charge"]},{"damage_healed":0.0,"max_hp_gain":0.0,"max_hp_loss":0.0,"gold_gain":0.0,"event_name":"Golden Idol","player_choice":"Ignored","floor":12.0,"gold_loss":0.0,"damage_taken":0.0},{"cards_removed":["Defend_R"],"damage_healed":0.0,"max_hp_gain":0.0,"max_hp_loss":0.0,"gold_gain":0.0,"event_name":"The Cleric","player_choice":"Card Removal","floor":13.0,"gold_loss":50.0,"damage_taken":0.0},{"damage_healed":0,"gold_gain":0,"player_choice":"Ignored","damage_taken":0,"max_hp_gain":0,"max_hp_loss":0,"event_name":"Vampires","floor":19,"gold_loss":0},{"damage_healed":0,"gold_gain":0,"player_choice":"Read","damage_taken":0,"max_hp_gain":0,"max_hp_loss":0,"event_name":"The Library","floor":20,"gold_loss":0,"cards_obtained":["Battle Trance"]},{"damage_healed":0,"gold_gain":0,"player_choice":"Fought Bandits","damage_taken":0,"max_hp_gain":0,"max_hp_loss":0,"event_name":"Masked Bandits","floor":24,"gold_loss":0},{"cards_removed":["Strike_R"],"damage_healed":0,"gold_gain":0,"player_choice":"Gave Gold","damage_taken":0,"max_hp_gain":0,"max_hp_loss":0,"event_name":"Beggar","floor":25,"gold_loss":75},{"damage_healed":0,"gold_gain":99,"player_choice":"Stole From Cult","damage_taken":0,"max_hp_gain":0,"max_hp_loss":0,"event_name":"Nest","floor":30,"gold_loss":0},{"damage_healed":0,"gold_gain":0,"player_choice":"Max HP","damage_taken":0,"max_hp_gain":0,"max_hp_loss":5,"event_name":"Winding Halls","floor":36,"gold_loss":0}],"is_beta":false,"boss_relics":[{"not_picked":["Tiny House","Pandora\u0027s Box"],"picked":"Astrolabe"},{"not_picked":["Cursed Key","Runic Cube"],"picked":"SacredBark"}],"items_purged_floors":[7,37],"is_endless":false,"potions_floor_spawned":[4,5,14,16,18,22,31,35],"killed_by":"4 Shapes","ascension_level":0}}