{"host":"xltl1aroowo69o4n","time":1612740033,"event":{"mods":["BaseMod","Colored Map","Colored Powertips","Downfall","Marisa????????","Minty Spire (QoL Compilation)","Replay The Spire","StSLib","The Cursed","The Hierophant","The Mystic","The Necromancer","The Servant 0.9.4"],"gold_per_floor":[14,289,305,321,341,341,376,376,376,376,451,462,473,491,491,491,491],"floor_reached":16,"language":"ENG","playtime":951,"items_purged":[],"score":129,"play_id":"dca214be-ca71-4195-a840-2781bbe0dab1","local_time":"20210207182033","is_ascension_mode":false,"campfire_choices":[{"floor":6,"key":"RECALL"},{"floor":8,"key":"REST"},{"floor":15,"key":"REST"}],"circlet_count":0,"master_deck":["Strike_S","Strike_S","Strike_S","Strike_S","Defend_S","Defend_S","Defend_S","Defend_S","KidneyShot","Exchange","DoubleEdge","Regret","Reset","Replace","Luminosity","FastForward","Delirium","SpecialFormula","BestPractice","Alleviate"],"relics":["Uniform","Pear","Ring of Hypnosis"],"acts_visited":["Exordium"],"potions_floor_usage":[16,16],"damage_taken":[{"damage":6,"enemies":"2 Louse","floor":1,"turns":3},{"damage":3,"enemies":"Cultist","floor":3,"turns":3},{"damage":3,"enemies":"Small Slimes","floor":4,"turns":4},{"damage":10,"enemies":"Looter","floor":5,"turns":3},{"damage":16,"enemies":"Gremlin Nob","floor":7,"turns":4},{"damage":28,"enemies":"Exordium Thugs","floor":12,"turns":9},{"damage":5,"enemies":"Exordium Wildlife","floor":13,"turns":5},{"damage":10,"enemies":"2 Fungi Beasts","floor":14,"turns":6},{"damage":71,"enemies":"Hexaghost","floor":16,"turns":14}],"seed_played":"8686843312618720816","potions_obtained":[{"floor":5,"key":"Milkshake"},{"floor":12,"key":"Weak Potion"},{"floor":13,"key":"sneckomod:MuddlingPotion"}],"is_trial":false,"path_per_floor":["M","?","M","M","M","R","E","R","T","?","?","M","M","M","R","B"],"character_chosen":"THE_SERVANT","items_purchased":[],"campfire_rested":2,"item_purchase_floors":[],"current_hp_per_floor":[71,71,68,65,55,55,49,75,75,75,67,39,39,37,63,0,0],"gold":491,"neow_bonus":"TWENTY_PERCENT_HP_BONUS","is_daily":false,"chose_seed":false,"campfire_upgraded":0,"win_rate":0.0,"timestamp":1612740033,"path_taken":["M","?","?","M","M","R","E","R","T","?","?","M","M","M","R","BOSS"],"items_purchased_type":[],"build_version":"2020-12-13","purchased_purges":0,"victory":false,"max_hp_per_floor":[77,77,77,77,77,77,87,87,87,87,87,87,87,87,87,87,87],"card_choices":[{"not_picked":["Ricochet","Rearm"],"picked":"DoubleEdge","floor":1},{"not_picked":["DoubleEdge","Rearm"],"picked":"Reset","floor":3},{"not_picked":["Ricochet","BottledTime"],"picked":"Replace","floor":4},{"not_picked":["FastForward","Rearm"],"picked":"Luminosity","floor":5},{"not_picked":["Replace","Unruled"],"picked":"FastForward","floor":7},{"not_picked":["Ricochet","ShatteredReality"],"picked":"SpecialFormula","floor":12},{"not_picked":["WasteNot","Rearm"],"picked":"BestPractice","floor":13},{"not_picked":["ShatteredReality","Rearm"],"picked":"Alleviate","floor":14}],"player_experience":144510,"relics_obtained":[{"floor":7,"key":"Pear"},{"floor":10,"key":"Ring of Hypnosis"}],"event_choices":[{"damage_healed":0,"gold_gain":275,"player_choice":"Desecrate","damage_taken":0,"max_hp_gain":0,"max_hp_loss":0,"event_name":"Golden Shrine","floor":2,"gold_loss":0,"cards_obtained":["Regret"]},{"damage_healed":0,"gold_gain":75,"player_choice":"Touch","damage_taken":8,"max_hp_gain":0,"max_hp_loss":0,"event_name":"FaceTrader","floor":11,"gold_loss":0}],"is_beta":false,"boss_relics":[],"items_purged_floors":[],"is_endless":false,"potions_floor_spawned":[5,12,13],"killed_by":"Hexaghost","ascension_level":0}}