{"host":"cy97m5h8ak821dja","time":1612719633,"event":{"mods":["Bard","BaseMod","Better Note","Better Third Choice","Curses Come First","Hermit","Hubris","Jorbs\u0027s Wanderer Trilogy","Minty Spire (QoL Compilation)","Quick Restart","Rare Cards Sparkle","Reliquary","Replay The Spire","Robot Space Explorer","Shade Mod","StSLib","The Construct","The Cursed","The Disciple","The Hierophant","The Marked","The Necromancer","The Runesmith","TheFirefly"],"gold_per_floor":[112,208,221,221,233,233,267,154,154,154,168,8,8,8,8,112,112,260,14,27,27,127,127,36,36,59,59,79,39,58,58,58,58,58],"floor_reached":33,"language":"ENG","playtime":1950,"items_purged":[],"score":316,"play_id":"4b8ccc84-e52f-4dc6-b7b0-43ec91f4a9f8","local_time":"20210207184033","daily_mods":["Allstar","Heirloom","Time Dilation","Flight"],"is_ascension_mode":false,"campfire_choices":[{"floor":6,"key":"REST"},{"floor":10,"key":"REST"},{"data":"Shade:AuraOfUnlife","floor":13,"key":"SMITH"},{"floor":15,"key":"REST"},{"floor":23,"key":"REST"},{"data":"bard:GreaterMagicWeapon","floor":25,"key":"SMITH"},{"data":"Trip","floor":27,"key":"SMITH"},{"floor":32,"key":"REST"}],"circlet_count":0,"master_deck":["Shade:Strike_Shade","Shade:Strike_Shade","Shade:Strike_Shade","Shade:Strike_Shade","Shade:Defend_Shade","Shade:Defend_Shade","Shade:Defend_Shade","Shade:Defend_Shade","Shade:AnimateDead+1","Shade:CarefulCut","Chrysalis","Metamorphosis","ReplayTheSpireMod:Necrogeddon","Panache","Jack Of All Trades","Shade:Brains","Shade:FreshBones","Shade:GraveStillness","Shade:FleshToFlesh","Shade:UnbarTheGrave","Shade:FreshBones","Shade:LyeBath","Shade:FleshToFlesh","Shade:CallOfTheGrave","Shade:Excise","Shade:AuraOfUnlife+1","Enlightenment","Shade:Tombstone","Shade:CommandSoldier","Trip+1","Shade:RitualOffering","Shade:DangerousRitual","Shade:Bite_Shade+1","bard:GreaterMagicWeapon+1","Specialist+1","Shade:GraveStillness","Shade:Doomsay"],"relics":["Shade:YorickSkull","hubris:FunFungus","Replay:Accelerometer","Shuriken","Smiling Mask"],"acts_visited":["Exordium","TheCity"],"potions_floor_usage":[7,30,30],"damage_taken":[{"damage":0,"enemies":"Small Slimes","floor":1,"turns":3},{"damage":0,"enemies":"Jaw Worm","floor":3,"turns":3},{"damage":0,"enemies":"Cultist","floor":5,"turns":4},{"damage":37,"enemies":"Gremlin Nob","floor":7,"turns":6},{"damage":0,"enemies":"Blue Slaver","floor":11,"turns":2},{"damage":0,"enemies":"The Guardian","floor":16,"turns":7},{"damage":12,"enemies":"2 Thieves","floor":18,"turns":4},{"damage":14,"enemies":"Shell Parasite","floor":20,"turns":4},{"damage":20,"enemies":"Centurion and Healer","floor":28,"turns":7},{"damage":30,"enemies":"Shelled Parasite and Fungi","floor":30,"turns":6},{"damage":73,"enemies":"Automaton","floor":33,"turns":6}],"seed_played":"-3965357899703221604","potions_obtained":[{"floor":5,"key":"GamblersBrew"},{"floor":28,"key":"construct:ShiftPotion"},{"floor":29,"key":"Toxic Potion"},{"floor":29,"key":"EssenceOfSteel"},{"floor":29,"key":"FairyPotion"}],"is_trial":true,"path_per_floor":["M","?","M","?","M","R","E","$","T","R","M","$","R","$","R","B",null,"M","$","M","?","?","R","$","R","T","R","M","?","M","?","R","B"],"character_chosen":"SHADE","items_purchased":["Shade:FleshToFlesh","Shade:CallOfTheGrave","Shade:AuraOfUnlife","Enlightenment","Trip","Shade:RitualOffering","Shade:DangerousRitual","Specialist"],"campfire_rested":5,"item_purchase_floors":[8,8,12,12,19,19,19,24],"current_hp_per_floor":[65,49,49,49,49,65,31,31,31,50,50,50,50,50,65,65,65,53,53,39,39,39,58,58,58,58,58,45,45,19,19,38,0,0],"gold":58,"neow_bonus":"","is_daily":false,"chose_seed":false,"campfire_upgraded":3,"win_rate":0.0,"timestamp":1612719633,"path_taken":["M","?","?","?","?","R","E","$","T","R","?","?","R","$","R","BOSS","M","$","M","?","?","R","$","R","T","R","?","?","?","?","R","BOSS"],"items_purchased_type":["Card","Card","Card","Card","Card","Card","Card","Card"],"build_version":"2020-12-22","purchased_purges":0,"victory":false,"max_hp_per_floor":[65,65,65,65,65,65,65,65,65,65,65,65,65,65,65,65,65,65,65,65,65,65,65,65,65,65,65,65,65,65,65,65,65,65],"card_choices":[{"not_picked":["Shade:BoneShards","Shade:GreyBargain"],"picked":"Shade:Brains","floor":1},{"not_picked":["Shade:StitchTogether","Shade:Bite_Shade"],"picked":"Shade:FreshBones","floor":2},{"not_picked":["Shade:Trample","Shade:BoneShards"],"picked":"Shade:GraveStillness","floor":2},{"not_picked":["Shade:Frenzy","Shade:AblativeArmor"],"picked":"Shade:FleshToFlesh","floor":2},{"not_picked":["Shade:FleshLikeOak","Shade:FreshBones"],"picked":"Shade:UnbarTheGrave","floor":3},{"not_picked":["Shade:SkeletonHug","Shade:Awaken"],"picked":"Shade:FreshBones","floor":5},{"not_picked":["Shade:FreshBones","Shade:GraveStillness"],"picked":"Shade:LyeBath","floor":7},{"not_picked":["Shade:SanguineRitual","Shade:Trample"],"picked":"Shade:Excise","floor":11},{"not_picked":["Shade:MadHubris","Shade:SelfBurial"],"picked":"Shade:Tombstone","floor":16},{"not_picked":["Shade:Trample","Shade:GraveStillness"],"picked":"Shade:CommandSoldier","floor":18},{"not_picked":["Shade:SpectralStrikes","Shade:CommandSoldier+1"],"picked":"Shade:Bite_Shade+1","floor":20},{"not_picked":["Shade:Awaken","Shade:Haruspicy"],"picked":"Shade:GraveStillness","floor":28},{"not_picked":["Shade:FingerOfDeath+1","Shade:FuneraryArmor+1"],"picked":"Shade:Doomsay","floor":30}],"player_experience":629117,"relics_obtained":[{"floor":7,"key":"Replay:Accelerometer"},{"floor":9,"key":"Shuriken"},{"floor":26,"key":"Smiling Mask"}],"event_choices":[{"damage_healed":0,"gold_gain":0,"player_choice":"Upgraded","damage_taken":0,"max_hp_gain":0,"max_hp_loss":0,"event_name":"Upgrade Shrine","floor":4,"gold_loss":0,"cards_upgraded":["Shade:AnimateDead"]},{"cards_removed":["Panache"],"damage_healed":0,"gold_gain":0,"player_choice":"Take \u0026 Give","damage_taken":0,"max_hp_gain":0,"max_hp_loss":0,"event_name":"betterNote:BetterNote","floor":21,"gold_loss":0,"cards_obtained":["bard:GreaterMagicWeapon"]},{"damage_healed":0,"gold_gain":100,"player_choice":"Pray","damage_taken":0,"max_hp_gain":0,"max_hp_loss":0,"event_name":"Golden Shrine","floor":22,"gold_loss":0},{"damage_healed":0,"gold_gain":0,"player_choice":"Bought 3 Potions","damage_taken":0,"max_hp_gain":0,"max_hp_loss":0,"event_name":"The Woman in Blue","floor":29,"gold_loss":0},{"damage_healed":0,"gold_gain":0,"player_choice":"Upgraded","damage_taken":0,"max_hp_gain":0,"max_hp_loss":0,"event_name":"Upgrade Shrine","floor":31,"gold_loss":0,"cards_upgraded":["Specialist"]}],"is_beta":false,"boss_relics":[{"not_picked":["Replay:Drink Me","Astrolabe","Cursed Key"]}],"items_purged_floors":[],"is_endless":false,"potions_floor_spawned":[5,28],"killed_by":"Automaton","ascension_level":0}}