{"host":"640uue19m79c7wbt","time":1612732187,"event":{"mods":["BaseMod","Colored Map","Googly Eyes","Highlight Path","Minty Spire (QoL Compilation)","Quick Restart","StSLib"],"gold_per_floor":[113,113,123,123,7,35,52,52,52,79,79,94,156,156,156],"floor_reached":14,"language":"ENG","playtime":592,"items_purged":["Regret"],"score":240,"play_id":"5f8a37a8-6ab0-4234-814e-a824298a83e8","local_time":"20210207160947","is_ascension_mode":true,"campfire_choices":[{"data":"After Image","floor":8.0,"key":"SMITH"},{"floor":11.0,"key":"REST"}],"circlet_count":0,"master_deck":["AscendersBane","Strike_G","Strike_G","Strike_G","Strike_G","Defend_G","Defend_G","Defend_G","Defend_G","Defend_G","Survivor","Neutralize","Prepared","Bouncing Flask","Well Laid Plans","After Image+1","Cloak And Dagger","Eviscerate","Dagger Spray"],"relics":["Ring of the Snake","NeowsBlessing","Gremlin Horn","Mummified Hand","Bottled Tornado","Pen Nib","Paper Crane"],"acts_visited":["Exordium"],"potions_floor_usage":[13],"damage_taken":[{"damage":0.0,"enemies":"2 Louse","floor":1.0,"turns":1.0},{"damage":0.0,"enemies":"Cultist","floor":3.0,"turns":1.0},{"damage":0.0,"enemies":"Lagavulin","floor":6.0,"turns":1.0},{"damage":1.0,"enemies":"Small Slimes","floor":7.0,"turns":4.0},{"damage":35.0,"enemies":"3 Sentries","floor":10.0,"turns":12.0},{"damage":16,"enemies":"Blue Slaver","floor":12,"turns":3},{"damage":14,"enemies":"3 Sentries","floor":13,"turns":8},{"damage":34,"enemies":"Gremlin Nob","floor":14,"turns":3}],"seed_played":"-8036148060362678581","potions_obtained":[{"floor":3.0,"key":"LiquidBronze"},{"floor":12,"key":"SneckoOil"}],"is_trial":false,"path_per_floor":["M","?","M","?","$","E","M","R","T","E","R","M","?","E"],"character_chosen":"THE_SILENT","items_purchased":["Well Laid Plans"],"campfire_rested":1,"item_purchase_floors":[5],"current_hp_per_floor":[59,59,59,59,59,59,58,58,58,23,42,26,12,0,0],"gold":156,"neow_bonus":"THREE_ENEMY_KILL","is_daily":false,"chose_seed":false,"campfire_upgraded":1,"win_rate":0.0,"timestamp":1612732187,"path_taken":["M","?","?","?","$","E","M","R","T","E","R","M","?","E"],"items_purchased_type":["Card"],"build_version":"2020-12-22","purchased_purges":1,"victory":false,"max_hp_per_floor":[66,66,66,66,66,66,66,66,66,66,66,66,66,66,66],"card_choices":[{"not_picked":["Bane","Quick Slash"],"picked":"Prepared","floor":1.0},{"not_picked":["Deadly Poison","Backflip"],"picked":"Bouncing Flask","floor":3.0},{"not_picked":["Quick Slash","PiercingWail"],"picked":"After Image","floor":6.0},{"not_picked":["Dagger Throw","Flying Knee"],"picked":"Cloak And Dagger","floor":7.0},{"not_picked":["Dagger Spray","Escape Plan"],"picked":"Eviscerate","floor":10.0},{"not_picked":["Outmaneuver","Endless Agony"],"picked":"Dagger Spray","floor":12}],"player_experience":669002,"relics_obtained":[{"floor":6.0,"key":"Mummified Hand"},{"floor":9.0,"key":"Bottled Tornado"},{"floor":10.0,"key":"Pen Nib"},{"floor":13,"key":"Paper Crane"}],"event_choices":[{"cards_removed":["Strike_G"],"damage_healed":0.0,"max_hp_gain":0.0,"max_hp_loss":0.0,"gold_gain":0.0,"event_name":"Wheel of Change","player_choice":"Card Removal","floor":2.0,"gold_loss":0.0,"damage_taken":0.0},{"damage_healed":0.0,"max_hp_gain":0.0,"max_hp_loss":0.0,"gold_gain":0.0,"event_name":"Big Fish","player_choice":"Box","floor":4.0,"gold_loss":0.0,"damage_taken":0.0,"relics_obtained":["Gremlin Horn"],"cards_obtained":["Regret"]},{"damage_healed":0,"gold_gain":0,"player_choice":"Searched \u00271\u0027 times","damage_taken":0,"max_hp_gain":0,"max_hp_loss":0,"event_name":"Dead Adventurer","floor":13,"gold_loss":0}],"is_beta":false,"boss_relics":[],"items_purged_floors":[5],"is_endless":false,"potions_floor_spawned":[3,12],"killed_by":"Gremlin Nob","ascension_level":19}}