{"host":"fmtvje4mks8zli8e","time":1612725431,"event":{"mods":["AchievementEnabler","AlwaysNeverKeys","BaseMod","BetterRewards","Challenge The Spire","Minty Spire (QoL Compilation)","READ ME - Guardian Mod","Remove Card Discount Mod","StSLib","The Cursed","The Druid","The Servant 0.9.4","The Wild Card"],"gold_per_floor":[111,124,124,142,155,155,186,209,234,268,281,281,281],"floor_reached":12,"language":"ENG","playtime":780,"items_purged":[],"score":161,"play_id":"8a9f11f1-2e01-4c77-9ae7-a94de2d8e18d","local_time":"20210207131711","is_ascension_mode":true,"campfire_choices":[{"data":"Neutralize","floor":6.0,"key":"SMITH"}],"circlet_count":0,"master_deck":["AscendersBane","Strike_G","Strike_G","Strike_G","Strike_G","Strike_G","Defend_G","Defend_G","Defend_G","Defend_G","Defend_G","Survivor","Neutralize+1","Blade Dance","Well Laid Plans","Injury","Slice","Poisoned Stab","Slice"],"relics":["Ring of the Snake","Golden Idol","Question Card","Orichalcum","Oddly Smooth Stone"],"acts_visited":["Exordium"],"potions_floor_usage":[10,12,12,12],"damage_taken":[{"damage":0.0,"enemies":"Cultist","floor":1.0,"turns":5.0},{"damage":2.0,"enemies":"Jaw Worm","floor":2.0,"turns":5.0},{"damage":0.0,"enemies":"2 Louse","floor":4.0,"turns":4.0},{"damage":6.0,"enemies":"Exordium Wildlife","floor":5.0,"turns":7.0},{"damage":25.0,"enemies":"3 Sentries","floor":7.0,"turns":12.0},{"damage":2.0,"enemies":"Looter","floor":8.0,"turns":3.0},{"damage":24,"enemies":"Lagavulin","floor":10,"turns":8},{"damage":4,"enemies":"3 Louse","floor":11,"turns":5},{"damage":5,"enemies":"3 Sentries","floor":12,"turns":3}],"seed_played":"4533647809823948557","potions_obtained":[{"floor":2.0,"key":"EntropicBrew"},{"floor":5.0,"key":"SkillPotion"},{"floor":7.0,"key":"EntropicBrew"},{"floor":8.0,"key":"SteroidPotion"},{"floor":11,"key":"AttackPotion"}],"is_trial":false,"path_per_floor":["M","M","?","M","M","R","E","M","T","E","M","E"],"character_chosen":"THE_SILENT","items_purchased":[],"campfire_rested":0,"item_purchase_floors":[],"current_hp_per_floor":[65,63,63,63,57,57,32,30,30,6,2,0,0],"gold":281,"neow_bonus":"TEN_PERCENT_HP_BONUS","is_daily":false,"chose_seed":false,"campfire_upgraded":1,"win_rate":0.0,"timestamp":1612725431,"path_taken":["M","?","?","M","M","R","E","M","T","E","M","E"],"items_purchased_type":[],"build_version":"2020-12-22","purchased_purges":0,"victory":false,"max_hp_per_floor":[72,72,72,72,72,72,72,72,72,72,72,72,72],"card_choices":[{"not_picked":["Prepared","Eviscerate"],"picked":"Blade Dance","floor":1.0},{"not_picked":["Catalyst","Prepared"],"picked":"Well Laid Plans","floor":2.0},{"not_picked":["Leg Sweep","Underhanded Strike"],"picked":"Slice","floor":4.0},{"not_picked":["Dodge and Roll","Distraction"],"picked":"Poisoned Stab","floor":5.0},{"not_picked":["Calculated Gamble","Dodge and Roll","All Out Attack"],"picked":"SKIP","floor":7.0},{"not_picked":["Quick Slash","PiercingWail","Leg Sweep","Outmaneuver"],"picked":"SKIP","floor":8.0},{"not_picked":["Leg Sweep","Backstab","Dagger Throw","Catalyst"],"picked":"SKIP","floor":10},{"not_picked":["Storm of Steel","Riddle With Holes","Acrobatics"],"picked":"Slice","floor":11}],"player_experience":3063334,"relics_obtained":[{"floor":7.0,"key":"Question Card"},{"floor":9.0,"key":"Orichalcum"},{"floor":10,"key":"Oddly Smooth Stone"}],"event_choices":[{"damage_healed":0.0,"max_hp_gain":0.0,"max_hp_loss":0.0,"gold_gain":0.0,"event_name":"Golden Idol","player_choice":"Take Wound","floor":3.0,"gold_loss":0.0,"damage_taken":0.0,"relics_obtained":["Golden Idol"],"cards_obtained":["Injury"]}],"is_beta":false,"boss_relics":[],"items_purged_floors":[],"is_endless":false,"potions_floor_spawned":[2,5,7,8,11],"killed_by":"3 Sentries","ascension_level":15}}