{"host":"o9lehcdjc4u6j9un","time":1612722404,"event":{"mods":["BaseMod","Colored Map","Downfall","Duelist Mod","Gremlin Mod","Hermit","Marisa£®ÏF”Í°°ƒß¿Ì…≥£©","Minty Spire (QoL Compilation)","Reimu£®≤©¿ˆ¡È√Œ£©","Remilia£®¿Ÿ√◊¿Ú—«£©","StSLib","The Alterego","The Runesmith","The Senshi","Youmu£®ªÍ∆«—˝√Œ£©"],"gold_per_floor":[120,220,239,252,267,301,301,311,362,362,362],"floor_reached":10,"language":"ZHS","playtime":910,"items_purged":[],"score":95,"play_id":"6014358c-397c-4690-938c-4444ee973567","local_time":"20210208022644","is_ascension_mode":false,"campfire_choices":[{"floor":7,"key":"REST"}],"circlet_count":0,"master_deck":["alterego_mod:Strike","alterego_mod:Strike","alterego_mod:Strike","alterego_mod:Strike","alterego_mod:Defend","alterego_mod:Defend","alterego_mod:Defend","alterego_mod:Defend","alterego_mod:Impale","alterego_mod:BigMeatyClaws","alterego_mod:BrynhildrsRune","alterego_mod:Pet","alterego_mod:Mirror","alterego_mod:Swimsuit","alterego_mod:SakuraLabyrinth","alterego_mod:Support","alterego_mod:Cooking"],"relics":["alterego_mod:MasochisticConstitution","Strawberry","Anchor"],"acts_visited":["Exordium"],"potions_floor_usage":[6,10],"damage_taken":[{"damage":3,"enemies":"Small Slimes","floor":1,"turns":5},{"damage":10,"enemies":"Cultist","floor":3,"turns":6},{"damage":6,"enemies":"2 Louse","floor":4,"turns":3},{"damage":11,"enemies":"Large Slime","floor":5,"turns":6},{"damage":36,"enemies":"3 Sentries","floor":6,"turns":11},{"damage":7,"enemies":"Looter","floor":8,"turns":5},{"damage":56,"enemies":"Lagavulin","floor":10,"turns":7}],"seed_played":"-1391840000482885057","potions_obtained":[{"floor":1,"key":"SpeedPotion"},{"floor":5,"key":"Block Potion"},{"floor":6,"key":"DuplicationPotion"}],"is_trial":false,"path_per_floor":["M","?","M","M","M","E","R","M","T","E"],"character_chosen":"The_Alterego","items_purchased":[],"campfire_rested":1,"item_purchase_floors":[],"current_hp_per_floor":[78,78,69,64,54,33,59,53,53,0,0],"gold":362,"neow_bonus":"TEN_PERCENT_HP_BONUS","is_daily":false,"chose_seed":false,"campfire_upgraded":0,"win_rate":0.0,"timestamp":1612722404,"path_taken":["M","?","M","M","M","E","R","M","T","E"],"items_purchased_type":[],"build_version":"2020-12-22","purchased_purges":0,"victory":false,"max_hp_per_floor":[78,78,79,80,81,89,89,90,90,90,90],"card_choices":[{"not_picked":["alterego_mod:MaintainEyeContact","alterego_mod:PerceptionDisorder"],"picked":"alterego_mod:Pet","floor":1},{"not_picked":["alterego_mod:Rip","alterego_mod:BiFurious"],"picked":"alterego_mod:Mirror","floor":3},{"not_picked":["alterego_mod:TrashNCrash","alterego_mod:PresenceConcealment"],"picked":"alterego_mod:Swimsuit","floor":4},{"not_picked":["alterego_mod:BiFurious","alterego_mod:Rip"],"picked":"alterego_mod:SakuraLabyrinth","floor":5},{"not_picked":["alterego_mod:BreastValley","alterego_mod:MagicResistance"],"picked":"alterego_mod:Support","floor":6},{"not_picked":["alterego_mod:Cycle","alterego_mod:BiFurious"],"picked":"alterego_mod:Cooking","floor":8}],"player_experience":133306,"relics_obtained":[{"floor":6,"key":"Strawberry"},{"floor":9,"key":"Anchor"}],"event_choices":[{"damage_healed":0,"gold_gain":100,"player_choice":"Pray","damage_taken":0,"max_hp_gain":0,"max_hp_loss":0,"event_name":"Golden Shrine","floor":2,"gold_loss":0}],"is_beta":false,"boss_relics":[],"items_purged_floors":[],"is_endless":false,"potions_floor_spawned":[1,5,6],"killed_by":"Lagavulin","ascension_level":0}}