{"host":"vr9me2kif8p2xyyc","time":1612678438,"event":{"mods":["2.2 Compatiblity","A Magickal Journey","AchievementEnabler","Act Like it!","Arknights","Aspiration","Astrologer","Bard","Bartender","BaseMod","Beaked The Cultist","Better Match","Better Note","Better Skull","Better Third Choice","BetterRewards","Block Reminder","Booster Modes","CapriCore","Challenge The Spire","ChefMod","Clawfect","Colored Map","Colored Powertips","Conjunction","Conspire","Downfall","Elementarium","Energized Spire","Friendly Minions","GifTheSpireLib","Glutton Mod","Halation","Hallownest","Hermit","Hubris","Jorbs\u0027s Wanderer Trilogy","Kratos Character Expansion","Mad Scientist","Marisa????????","Minty Spire (QoL Compilation)","Pale of the Ancients","Permanent Neow","Potionbrewer","QueenMod","Quick Restart","Random Character Button","Rare Cards Sparkle","Relic Stats","Reliquary","Remilia??????","Replay The Spire","Reworked Bosses","Robot Space Explorer","SCP261 Mod","SIMod","Shade Mod","Shop Mod","Slumbering Mod","Spicy Shops","Spikes Relics","Spire Arcade","StSLib","Stuff the Spire","SuperFastMode","Td1madao Mod","The Alterego","The Animator","The Blackbeard","The Bladedancer","The Blue Laboratory","The Bug Knight","The Caster","The Clintock","The Construct","The Cursed","The Death Knight","The Disciple","The Dragon Tamer","The Druid","The Elementalist","The Exalted","The Extravagant","The Fake Hero","The Florist","The Forsaken","The Gatherer","The Hayseed","The Hierophant","The Immortal","The Judge","The Jungle","The Kombatant","The Marked","The Mystic","The Necromancer","The Poker Player","The Problem Sleuth","The Runesmith","The Sage","The Servant 0.9.4","The Spell Scribe","The Valiant","TheBandit","TheFirefly","TheVacant","TheWitcher","Treasure Hunter","Wandering Minibosses","Yohane!","thorton"],"gold_per_floor":[364,344,354,374,374,374,385,405,431,431,446,446,446],"floor_reached":12,"language":"ENG","playtime":2886,"items_purged":[],"score":72,"play_id":"032d4927-f256-4898-8e96-19e895333655","local_time":"20210207001358","is_ascension_mode":false,"campfire_choices":[{"data":"PokerPlayerMod:Club2","floor":6,"key":"SMITH"}],"circlet_count":0,"master_deck":["Strike_S","Strike_S","Strike_S","Strike_S","Defend_S","Defend_S","Defend_S","Defend_S","KidneyShot","Exchange","blademaster:Defend","Slimebound:Tackle","TimeWarp","Potential","Alleviate","PokerPlayerMod:Club3","PokerPlayerMod:Club3","PokerPlayerMod:Club4","PokerPlayerMod:Club5","PokerPlayerMod:Club6","Shuttle","SpecialFormula","Dilation"],"relics":["Uniform","betterThird:SlimedRelic","reliquary:Boomerang"],"acts_visited":["Exordium"],"potions_floor_usage":[12],"damage_taken":[{"damage":2,"enemies":"Jaw Worm","floor":1,"turns":6},{"damage":2,"enemies":"Small Slimes","floor":3,"turns":5},{"damage":3,"enemies":"Cultist","floor":4,"turns":3},{"damage":2,"enemies":"3 Louse","floor":7,"turns":3},{"damage":5,"enemies":"Looter","floor":8,"turns":3},{"damage":24,"enemies":"Large Slime","floor":11,"turns":8},{"damage":24,"enemies":"Lagavulin","floor":12,"turns":10}],"seed_played":"6565159597399890281","potions_obtained":[{"floor":7,"key":"blueLaboratory:CorrosionFlask"},{"floor":11,"key":"SCP261:BlastolaColaPotion"}],"is_trial":false,"path_per_floor":["M","?","M","M","?","R","M","M","T","?","M","E"],"character_chosen":"THE_SERVANT","items_purchased":[],"campfire_rested":0,"item_purchase_floors":[],"current_hp_per_floor":[63,52,50,47,47,47,45,40,40,34,15,0,0],"gold":446,"neow_bonus":"TWO_FIFTY_GOLD","is_daily":false,"chose_seed":false,"campfire_upgraded":1,"win_rate":0.0,"timestamp":1612678438,"path_taken":["M","?","M","M","?","R","?","M","T","?","?","E"],"items_purchased_type":[],"build_version":"2020-12-22","purchased_purges":0,"victory":false,"max_hp_per_floor":[65,65,65,65,65,65,65,65,65,65,65,65,65],"relic_stats":{"counters":[94,527],"obtain_stats":[{"ReplayFunnel":3,"theForsaken:ScaryMask":3,"theVacant:BrassGoblet":0,"ScarletDevilRocket":9,"Replay:PocketPolymizer":0,"reliquary:Boomerang":9,"Bromod:ArcaneVictory":10,"Rawhide":9,"StuffTheSpire:BottledEssence":8,"Ginger":13,"halation:Prosthetics":17,"Bottled Tornado":5,"Smiling Mask":9,"Boot":13,"StuffTheSpire:Experiment12":6,"Replay:Bandana":8,"Centennial Puzzle":9,"hubris:Icosahedron":2,"Archangels Feather":4,"Strawberry":0,"Pantograph":9,"elementalistmod:YellowCirclet":3,"reliquary:NewFriend":6,"aspiration:DSix":0,"aspiration:ChemicalBlood":5,"hubris:GlazedTorus":21,"MerchantsRug":14,"Replay:Towering Pillar of Hats":6,"reliquary:Sideboard":11,"StuffTheSpire:Saxophone":14,"potionbrewer:MortarAndPestle":21,"Pen Nib":3,"sagemod:Flying_Carpet":5,"Frozen Egg 2":2,"Strange Spoon":7,"Anchor":8,"StuffTheSpire:Mouthbags":6,"hubris:Spice":0,"betterThird:SlimedRelic":2,"ExplosiveVial":4,"Simple Rune":7,"CultistMask":8,"hubris:TenFootPole":6,"Black Star":17,"Bag of Marbles":3,"conspire:BottledYoYo":11,"hubris:GrandSneckoEye":17,"hubris:Reverence":6},{"ReplayFunnel":33,"theForsaken:ScaryMask":49,"theVacant:BrassGoblet":0,"ScarletDevilRocket":46,"Replay:PocketPolymizer":65,"reliquary:Boomerang":92,"Bromod:ArcaneVictory":19,"Rawhide":18,"StuffTheSpire:BottledEssence":18,"Ginger":59,"halation:Prosthetics":23,"Bottled Tornado":49,"Smiling Mask":6,"Boot":8,"StuffTheSpire:Experiment12":34,"Replay:Bandana":58,"Centennial Puzzle":58,"hubris:Icosahedron":70,"Archangels Feather":67,"Strawberry":47,"Pantograph":78,"elementalistmod:YellowCirclet":70,"reliquary:NewFriend":50,"aspiration:DSix":32,"aspiration:ChemicalBlood":33,"hubris:GlazedTorus":64,"MerchantsRug":8,"Replay:Towering Pillar of Hats":57,"reliquary:Sideboard":36,"StuffTheSpire:Saxophone":8,"potionbrewer:MortarAndPestle":25,"Pen Nib":67,"sagemod:Flying_Carpet":33,"Frozen Egg 2":42,"Strange Spoon":34,"Anchor":6,"StuffTheSpire:Mouthbags":30,"hubris:Spice":26,"betterThird:SlimedRelic":38,"ExplosiveVial":49,"Simple Rune":57,"CultistMask":78,"hubris:TenFootPole":4,"Black Star":9,"Bag of Marbles":42,"conspire:BottledYoYo":59,"hubris:GrandSneckoEye":61,"hubris:Reverence":18},{"ReplayFunnel":172,"theForsaken:ScaryMask":278,"theVacant:BrassGoblet":0,"ScarletDevilRocket":261,"Replay:PocketPolymizer":369,"reliquary:Boomerang":509,"Bromod:ArcaneVictory":90,"Rawhide":83,"StuffTheSpire:BottledEssence":83,"Ginger":338,"halation:Prosthetics":108,"Bottled Tornado":278,"Smiling Mask":21,"Boot":31,"StuffTheSpire:Experiment12":191,"Replay:Bandana":330,"Centennial Puzzle":330,"hubris:Icosahedron":398,"Archangels Feather":380,"Strawberry":263,"Pantograph":438,"elementalistmod:YellowCirclet":398,"reliquary:NewFriend":283,"aspiration:DSix":165,"aspiration:ChemicalBlood":172,"hubris:GlazedTorus":364,"MerchantsRug":31,"Replay:Towering Pillar of Hats":318,"reliquary:Sideboard":205,"StuffTheSpire:Saxophone":31,"potionbrewer:MortarAndPestle":123,"Pen Nib":380,"sagemod:Flying_Carpet":172,"Frozen Egg 2":245,"Strange Spoon":191,"Anchor":21,"StuffTheSpire:Mouthbags":156,"hubris:Spice":126,"betterThird:SlimedRelic":214,"ExplosiveVial":278,"Simple Rune":318,"CultistMask":438,"hubris:TenFootPole":15,"Black Star":39,"Bag of Marbles":245,"conspire:BottledYoYo":338,"hubris:GrandSneckoEye":353,"hubris:Reverence":83}]},"card_choices":[{"not_picked":["Rewind","FastForward"],"picked":"TimeWarp","floor":1},{"not_picked":["Unruled","Replace"],"picked":"Potential","floor":3},{"not_picked":["Sabotage","Desolation"],"picked":"Alleviate","floor":4},{"not_picked":["Snipe","ShatteredReality"],"picked":"Shuttle","floor":7},{"not_picked":["StarChef","Potential"],"picked":"SpecialFormula","floor":8},{"not_picked":["TH:BikiniMail","TH:CopperCoins"],"picked":"SKIP","floor":9},{"not_picked":["BestPractice","Ricochet"],"picked":"Dilation","floor":11}],"player_experience":1222930,"relics_obtained":[{"floor":9,"key":"reliquary:Boomerang"}],"event_choices":[{"damage_healed":0,"gold_gain":0,"player_choice":"Slimed","damage_taken":11,"max_hp_gain":0,"max_hp_loss":0,"event_name":"betterThird:BetterGoop","floor":2,"gold_loss":20},{"damage_healed":0,"gold_gain":0,"player_choice":"Jackpot","damage_taken":0,"max_hp_gain":0,"max_hp_loss":0,"event_name":"PokerPlayerMod:ExordiumClub","floor":5,"gold_loss":0,"cards_obtained":["PokerPlayerMod:Club2","PokerPlayerMod:Club3","PokerPlayerMod:Club4","PokerPlayerMod:Club5","PokerPlayerMod:Club6"]},{"damage_healed":0,"gold_gain":0,"player_choice":"Jackpot","damage_taken":0,"max_hp_gain":0,"max_hp_loss":0,"event_name":"PokerPlayerMod:ExordiumClub","floor":5,"gold_loss":0,"cards_obtained":["PokerPlayerMod:Club2","PokerPlayerMod:Club3","PokerPlayerMod:Club4","PokerPlayerMod:Club5","PokerPlayerMod:Club6"]},{"damage_healed":0,"gold_gain":0,"player_choice":"Jackpot","damage_taken":0,"max_hp_gain":0,"max_hp_loss":0,"event_name":"PokerPlayerMod:ExordiumClub","floor":5,"gold_loss":0,"cards_obtained":["PokerPlayerMod:Club2","PokerPlayerMod:Club3","PokerPlayerMod:Club4","PokerPlayerMod:Club5","PokerPlayerMod:Club6"]},{"damage_healed":0,"gold_gain":0,"player_choice":"Jackpot","damage_taken":0,"max_hp_gain":0,"max_hp_loss":0,"event_name":"PokerPlayerMod:ExordiumClub","floor":5,"gold_loss":0,"cards_obtained":["PokerPlayerMod:Club2","PokerPlayerMod:Club3","PokerPlayerMod:Club4","PokerPlayerMod:Club5","PokerPlayerMod:Club6"]},{"damage_healed":0,"gold_gain":0,"player_choice":"Jackpot","damage_taken":0,"max_hp_gain":0,"max_hp_loss":0,"event_name":"PokerPlayerMod:ExordiumClub","floor":5,"gold_loss":0,"cards_obtained":["PokerPlayerMod:Club2","PokerPlayerMod:Club3","PokerPlayerMod:Club4","PokerPlayerMod:Club5","PokerPlayerMod:Club6"]},{"damage_healed":0,"gold_gain":0,"player_choice":"Damaged","damage_taken":6,"max_hp_gain":0,"max_hp_loss":0,"event_name":"Wheel of Change","floor":10,"gold_loss":0}],"is_beta":false,"boss_relics":[],"items_purged_floors":[],"is_endless":false,"potions_floor_spawned":[7,11],"killed_by":"Lagavulin","ascension_level":0}}