{"host":"xltl1aroowo69o4n","time":1612667204,"event":{"mods":["BaseMod","Colored Map","Colored Powertips","Downfall","Marisa????????","Minty Spire (QoL Compilation)","StSLib","The Cursed","The Hierophant","The Mystic","The Necromancer"],"gold_per_floor":[99,115,115,132,132,149,149,49,80,158,172,182,282,17,28,28,28],"floor_reached":16,"language":"ENG","playtime":1126,"items_purged":[],"score":94,"play_id":"41fd1c20-6967-4c0e-b444-c5cd5c87e8ea","local_time":"20210206220644","is_ascension_mode":false,"campfire_choices":[{"floor":1.0,"key":"REST"},{"floor":8.0,"key":"REST"}],"circlet_count":0,"master_deck":["Strike_MRS","Strike_MRS","Strike_MRS","Defend_MRS","Defend_MRS","Defend_MRS","MasterSpark","UpSweep","MilkyWay","Occultation","FairyDestructionRay","Robbery","SprinkleStarSeal","MysteriousBeam","MysteriousBeam","DragonMeteor","SuperPerseids","GalacticHalo","BinaryStars","DC","PropBag"],"relics":["MiniHakkero","Bag of Marbles","downfall:BrokenWingStatue","downfall:HeartBlessingBlue","Bottled Flame","downfall:GremlinWheel","AmplifyWand"],"acts_visited":["Exordium"],"potions_floor_usage":[13,16,16],"damage_taken":[{"damage":0.0,"enemies":"Cultist","floor":2.0,"turns":3.0},{"damage":2.0,"enemies":"Jaw Worm","floor":4.0,"turns":3.0},{"damage":0.0,"enemies":"Small Slimes","floor":6.0,"turns":1.0},{"damage":0.0,"enemies":"Exordium Thugs","floor":9.0,"turns":4.0},{"damage":15.0,"enemies":"3 Sentries","floor":10.0,"turns":6.0},{"damage":10,"enemies":"2 Fungi Beasts","floor":11,"turns":3},{"damage":3,"enemies":"Exordium Thugs","floor":12,"turns":2},{"damage":20,"enemies":"Exordium Thugs","floor":13,"turns":4},{"damage":0,"enemies":"downfall:FleeingMerchant","floor":14,"turns":4},{"damage":0,"enemies":"Large Slime","floor":15,"turns":1},{"damage":27,"enemies":"WA_ARCHETYPE_RETAIN","floor":16,"turns":6}],"seed_played":"2512463883283150285","potions_obtained":[{"floor":4.0,"key":"PowerPotion"},{"floor":11,"key":"PowerPotion"},{"floor":15,"key":"SneckoOil"}],"is_trial":false,"path_per_floor":["R","M","?","M","?","M","T","R","M","?","M","M","?","$","M","B"],"character_chosen":"MARISA","items_purchased":["BinaryStars","DC","BottledSpark"],"campfire_rested":2,"item_purchase_floors":[14,14,14],"current_hp_per_floor":[75,75,42,40,40,40,40,75,75,60,50,47,27,27,27,0,0],"gold":28,"neow_bonus":"TRANSFORM_TWO_CARDS","is_daily":false,"chose_seed":false,"campfire_upgraded":0,"win_rate":0.0,"timestamp":1612667204,"path_taken":["R","M","?","M","?","M","T","R","M","?","M","M","?","$","M","BOSS"],"items_purchased_type":["Card","Card","Potion"],"build_version":"2020-12-13","purchased_purges":0,"victory":false,"max_hp_per_floor":[75,75,75,75,75,75,75,85,85,85,85,85,85,85,85,85,85],"card_choices":[{"not_picked":["IllusionStar","MachineGunSpark"],"picked":"FairyDestructionRay","floor":2.0},{"not_picked":["DoubleSpark","SporeBomb"],"picked":"Robbery","floor":4.0},{"not_picked":["EventHorizon","Acceleration"],"picked":"SprinkleStarSeal","floor":6.0},{"not_picked":["MilkyWay","StarBarrage"],"picked":"MysteriousBeam","floor":9.0},{"not_picked":["DeepEcoloBomb","EnergyRecoil"],"picked":"MysteriousBeam","floor":10},{"not_picked":["GrandCross","6A"],"picked":"DragonMeteor","floor":11},{"not_picked":["SprinkleStarSeal","DC"],"picked":"SuperPerseids","floor":12},{"not_picked":["MachineGunSpark","RefractionSpark"],"picked":"GalacticHalo","floor":14},{"not_picked":["GalacticHalo","UnstableBomb"],"picked":"PropBag","floor":15}],"player_experience":125139,"relics_obtained":[{"floor":10,"key":"Bottled Flame"},{"floor":13,"key":"downfall:GremlinWheel"}],"event_choices":[{"damage_healed":0.0,"max_hp_gain":0.0,"max_hp_loss":0.0,"gold_gain":0.0,"event_name":"Scrap Ooze","player_choice":"Success","floor":3.0,"gold_loss":0.0,"damage_taken":33.0,"relics_obtained":["Bag of Marbles"]}],"is_beta":false,"boss_relics":[],"items_purged_floors":[],"is_endless":false,"potions_floor_spawned":[4,11,15],"killed_by":"WA_ARCHETYPE_RETAIN","ascension_level":0}}