{"host":"rmsq46plbpwfbxcc","time":1612701416,"event":{"mods":["AchievementEnabler","BaseMod","Colored Map","Colored Powertips","DeckTracker","KOR Keyword Fix","Minty Spire (QoL Compilation)","Permanent Neow","Quick Restart","SuperFastMode"],"gold_per_floor":[119,119,138,63,63,63,88,88,169,189,203,219,246,272,272,349,349,363,128,128,128,128,158,158,172,172,190,217,217,120,135,135,135,135],"floor_reached":33,"language":"KOR","playtime":817,"items_purged":["Strike_G","Strike_G","Defend_G+1"],"score":483,"play_id":"a64d3aaf-8e56-449d-8523-17287ca26ea0","local_time":"20210207213656","is_ascension_mode":true,"campfire_choices":[{"data":"Blade Dance","floor":6,"key":"SMITH"},{"data":"Neutralize","floor":8,"key":"SMITH"},{"floor":15,"key":"REST"},{"data":"Tools of the Trade","floor":24,"key":"SMITH"},{"floor":29,"key":"REST"},{"data":"Phantasmal Killer","floor":32,"key":"SMITH"}],"circlet_count":0,"master_deck":["AscendersBane","Strike_G+1","Strike_G+1","Defend_G+1","Defend_G+1","Defend_G+1","Survivor","Neutralize+1","Blade Dance+1","Tactician","Phantasmal Killer+1","Tools of the Trade+1","Choke","Accuracy","Backflip+1","Slice+1","Blur","Leg Sweep"],"relics":["WristBlade","Juzu Bracelet","Mummified Hand","Matryoshka","Paper Crane","Odd Mushroom","Empty Cage","Membership Card","Letter Opener","Vajra","Bronze Scales","Mercury Hourglass"],"acts_visited":["Exordium","TheCity"],"potions_floor_usage":[7,13,16,28],"damage_taken":[{"damage":2.0,"enemies":"2 Louse","floor":1.0,"turns":5.0},{"damage":0,"enemies":"Jaw Worm","floor":3,"turns":3},{"damage":2,"enemies":"Gremlin Nob","floor":7,"turns":3},{"damage":0,"enemies":"Small Slimes","floor":10,"turns":1},{"damage":1,"enemies":"Exordium Wildlife","floor":11,"turns":3},{"damage":1,"enemies":"2 Fungi Beasts","floor":12,"turns":3},{"damage":19,"enemies":"3 Sentries","floor":13,"turns":9},{"damage":18,"enemies":"The Mushroom Lair","floor":14,"turns":5},{"damage":7,"enemies":"The Guardian","floor":16,"turns":14},{"damage":20,"enemies":"Shell Parasite","floor":18,"turns":4},{"damage":14,"enemies":"Gremlin Leader","floor":23,"turns":6},{"damage":4,"enemies":"Chosen","floor":25,"turns":3},{"damage":0,"enemies":"Centurion and Healer","floor":27,"turns":4},{"damage":13,"enemies":"Book of Stabbing","floor":28,"turns":3},{"damage":18,"enemies":"Sentry and Sphere","floor":31,"turns":3},{"damage":41,"enemies":"Automaton","floor":33,"turns":6}],"seed_played":"6645936857405206645","potions_obtained":[{"floor":1.0,"key":"FearPotion"},{"floor":11,"key":"SkillPotion"},{"floor":13,"key":"Poison Potion"},{"floor":16,"key":"BlessingOfTheForge"},{"floor":18,"key":"Poison Potion"},{"floor":23,"key":"Energy Potion"}],"is_trial":false,"path_per_floor":["M","?","M","$","?","R","E","R","T","M","M","M","E","?","R","B",null,"M","$","?","?","?","E","R","M","T","M","E","R","$","M","R","B"],"character_chosen":"THE_SILENT","items_purchased":["Membership Card","Accuracy","Blur"],"campfire_rested":2,"item_purchase_floors":[19,19,30],"current_hp_per_floor":[61,61,61,61,43,43,41,41,41,41,40,39,20,2,23,16,57,37,37,37,37,37,23,23,19,19,19,6,27,27,9,9,0,0],"gold":135,"neow_bonus":"BOSS_RELIC","is_daily":false,"chose_seed":false,"campfire_upgraded":4,"win_rate":0.0,"timestamp":1612701416,"path_taken":["M","?","M","$","?","R","E","R","T","M","M","M","E","?","R","BOSS","M","$","?","?","?","E","R","M","T","M","E","R","$","M","R","BOSS"],"items_purchased_type":["Relic","Card","Card"],"build_version":"2020-12-22","purchased_purges":3,"victory":false,"max_hp_per_floor":[70,70,70,70,70,70,70,70,70,70,70,70,70,70,70,70,70,70,70,70,70,70,70,70,70,70,70,70,70,70,70,70,70,70],"card_choices":[{"not_picked":["Underhanded Strike","Slice"],"picked":"Blade Dance","floor":1.0},{"not_picked":["Flechettes","Underhanded Strike","All Out Attack"],"picked":"SKIP","floor":3},{"not_picked":["Dodge and Roll","Flechettes","Skewer"],"picked":"SKIP","floor":7},{"not_picked":["Deflect","Skewer"],"picked":"Tactician","floor":10},{"not_picked":["All Out Attack","Dodge and Roll","Prepared"],"picked":"SKIP","floor":11},{"not_picked":["Deadly Poison","Poisoned Stab","Endless Agony"],"picked":"SKIP","floor":12},{"not_picked":["Dagger Spray","Backflip"],"picked":"Phantasmal Killer","floor":13},{"not_picked":["Grand Finale","Storm of Steel"],"picked":"Tools of the Trade","floor":16},{"not_picked":["Quick Slash","Dash+1"],"picked":"Choke","floor":18},{"not_picked":["Prepared","All Out Attack"],"picked":"Backflip+1","floor":23},{"not_picked":["Prepared","Acrobatics"],"picked":"Slice+1","floor":25},{"not_picked":["Quick Slash","Backstab","Slice+1"],"picked":"SKIP","floor":27},{"not_picked":["Outmaneuver","Prepared","Concentrate"],"picked":"SKIP","floor":28},{"not_picked":["Infinite Blades","All Out Attack"],"picked":"Leg Sweep","floor":31}],"player_experience":667950,"relics_obtained":[{"floor":7,"key":"Mummified Hand"},{"floor":9,"key":"Matryoshka"},{"floor":13,"key":"Paper Crane"},{"floor":14,"key":"Odd Mushroom"},{"floor":23,"key":"Letter Opener"},{"floor":26,"key":"Vajra"},{"floor":26,"key":"Bronze Scales"},{"floor":28,"key":"Mercury Hourglass"}],"event_choices":[{"damage_healed":0,"gold_gain":0,"player_choice":"Ignored","damage_taken":0,"max_hp_gain":0,"max_hp_loss":0,"event_name":"Shining Light","floor":2,"gold_loss":0},{"damage_healed":0,"gold_gain":0,"player_choice":"Success","damage_taken":18,"relics_obtained":["Juzu Bracelet"],"max_hp_gain":0,"max_hp_loss":0,"event_name":"Scrap Ooze","floor":5,"gold_loss":0},{"damage_healed":0,"gold_gain":0,"player_choice":"Fought Mushrooms","damage_taken":0,"max_hp_gain":0,"max_hp_loss":0,"event_name":"Mushrooms","floor":14,"gold_loss":0},{"damage_healed":0,"gold_gain":0,"player_choice":"Ignored","damage_taken":0,"max_hp_gain":0,"max_hp_loss":0,"event_name":"Ghosts","floor":20,"gold_loss":0},{"damage_healed":0,"gold_gain":0,"player_choice":"Ignored","damage_taken":0,"max_hp_gain":0,"max_hp_loss":0,"event_name":"Vampires","floor":21,"gold_loss":0},{"damage_healed":0,"gold_gain":0,"player_choice":"Simplicity","damage_taken":0,"max_hp_gain":0,"max_hp_loss":0,"event_name":"Back to Basics","floor":22,"gold_loss":0,"cards_upgraded":["Strike_G","Strike_G","Defend_G","Defend_G","Defend_G","Defend_G"]}],"is_beta":false,"boss_relics":[{"not_picked":["Busted Crown","Calling Bell"],"picked":"Empty Cage"}],"items_purged_floors":[4,19,30],"is_endless":false,"potions_floor_spawned":[1,11,13,16,18,23],"killed_by":"Automaton","ascension_level":13}}