{"host":"g5fmetnswx4f9rhi","time":1612663702,"event":{"mods":["AchievementEnabler","Act Like it!","Aspiration","BaseMod","Conspire","Friendly Minions","Gensokyo","GifTheSpireLib","Halation","Hallownest","Hubris","Infinite Spire","Koishi","Lobotomy","LobotomyExtend","Luminous","Mari Mod (Legacy)","Mari\u0027s V1 Patch","Marisa????????","Mimic Mod","Minty Spire (QoL Compilation)","Railgun Mod","Reimu??????","Remilia??????","Replay The Spire","StSLib","Td1madao Mod","The Administrix","The Alterego","The Animator","The Bladedancer","The Bug Knight","The Cursed","The Disciple","The Jungle","The Marked","The Necromancer","The Senshi","The Servant 0.9.4","Waifu the Spire","Yakumo Yukari mod","Yuri Mod"],"gold_per_floor":[115,135,147,162,5,5,21,21,56,76,76,76],"floor_reached":11,"language":"ENG","playtime":1443,"items_purged":[],"score":90,"play_id":"dc90ab80-cb27-4967-b822-2c43f63009cf","local_time":"20210206200822","is_ascension_mode":false,"campfire_choices":[{"data":"Life_Tap","floor":6,"key":"SMITH"}],"circlet_count":0,"master_deck":["Strike_W","Strike_W","Strike_W","Strike_W","Defend_W","Defend_W","Defend_W","Defend_W","Negative_Energy_Arrows","Bone_Wall","HappyTeddy","Slay_Living","Freischutz","Life_Tap+1","Vampiric_Strike","LaLuna","hubris:NaturalOne","Negative_Energy_Shield","OSAHOGD"],"relics":["Vampire_Amulet","CogitoBucket","halation:LettersToHer","hubris:Icosahedron","Toy Ornithopter","LetterFromLob"],"acts_visited":["Hallownest:Greenpath"],"potions_floor_usage":[7],"damage_taken":[{"damage":9,"enemies":"Hallownest:2_Tiktiks_and_1_Crawlid","floor":1,"turns":5},{"damage":2,"enemies":"Hallownest:monsterHuskWarrior","floor":3,"turns":4},{"damage":5,"enemies":"Hallownest:2_MossCreeps","floor":4,"turns":5},{"damage":16,"enemies":"Hallownest:1_Ooma_and_2_Uuma","floor":7,"turns":6},{"damage":20,"enemies":"Hallownest:monsterAspidMother","floor":9,"turns":5},{"damage":34,"enemies":"Hallownest:monsterAspidMother","floor":10,"turns":4},{"damage":29,"enemies":"Hallownest:eliteVengeflyKing","floor":11,"turns":7}],"seed_played":"-6278651572135558973","potions_obtained":[{"floor":1,"key":"Fire Potion"}],"is_trial":false,"path_per_floor":["M","?","M","M","$","R","M","?","MIM","M","E"],"character_chosen":"NECROMANCER","items_purchased":["halation:LettersToHer"],"campfire_rested":0,"item_purchase_floors":[5],"current_hp_per_floor":[72,72,72,71,71,71,61,61,43,19,0,0],"gold":76,"neow_bonus":"","is_daily":false,"chose_seed":false,"campfire_upgraded":1,"win_rate":0.0,"timestamp":1612663702,"path_taken":["M","?","M","M","$","R","M","?","MIM","M","E"],"items_purchased_type":["Relic"],"build_version":"2020-12-22","purchased_purges":0,"victory":false,"max_hp_per_floor":[75,75,75,75,75,75,75,75,75,75,75,75],"card_choices":[{"not_picked":["Bones_to_Steel","Necromantic_Selection"],"picked":"Summon_Undead_Army","floor":1},{"not_picked":["Murderer","HeroicMonk"],"picked":"HappyTeddy","floor":1},{"not_picked":["Shackles_Of_Pain","Bones_to_Steel"],"picked":"Slay_Living","floor":3},{"not_picked":["DespairKnight","WallGazer"],"picked":"Freischutz","floor":3},{"not_picked":["Scare","Toxic_Smoke_Screen"],"picked":"Life_Tap","floor":4},{"not_picked":["Negative_Energy_Javelin","Chill_Blood"],"picked":"Vampiric_Strike","floor":7},{"not_picked":["MeatLantern","SnowQueen"],"picked":"LaLuna","floor":9},{"not_picked":["Chill_Blood","Spectral_Armor"],"picked":"Negative_Energy_Shield","floor":10},{"not_picked":["BackwardClockRelic","LuminousBraceletRelic","BehaviorAdjustmentRelic"],"picked":"Singing Bowl","floor":10},{"not_picked":["CrumblingArmor","BeautyBeast"],"picked":"OSAHOGD","floor":10}],"player_experience":27376,"relics_obtained":[{"floor":9,"key":"halation:LettersToHer"},{"floor":9,"key":"Toy Ornithopter"},{"floor":10,"key":"LetterFromLob"}],"event_choices":[],"is_beta":false,"boss_relics":[],"items_purged_floors":[],"is_endless":false,"potions_floor_spawned":[1,10],"killed_by":"Hallownest:eliteVengeflyKing","ascension_level":0}}