{"host":"sav7uxregyirlf69","time":1612709068,"event":{"mods":["AchievementEnabler","BaseMod","Colored Map","DeckTracker","Keyboard Shortcuts","Minty Spire (QoL Compilation)","READ ME - Guardian Mod","StSLib","SuperFastMode"],"gold_per_floor":[111,126,143,160,17,50,50,65,92,92,107,124,149,159,159,262,262,276,57,67,87,2,28,28,56,56,89,89,107,107,123,123,123,123],"floor_reached":33,"language":"KOR","playtime":839,"items_purged":[],"score":544,"play_id":"a38a1bb6-8f83-4139-9279-dbebbd8f33be","local_time":"20210207234428","daily_mods":["Heirloom","Elite Swarm"],"is_ascension_mode":true,"campfire_choices":[{"data":"Neutralize","floor":7.0,"key":"SMITH"},{"data":"Envenom","floor":15.0,"key":"SMITH"},{"data":"Concentrate","floor":24.0,"key":"SMITH"},{"floor":30,"key":"REST"},{"data":"Reflex","floor":32,"key":"SMITH"}],"circlet_count":0,"master_deck":["AscendersBane","Strike_G","Strike_G","Strike_G","Strike_G","Defend_G","Defend_G","Defend_G","Defend_G","Defend_G","Survivor","Neutralize+1","Masterful Stab","Footwork","Backstab","Poisoned Stab","After Image","Backflip","Blade Dance","Envenom+1","After Image","Reflex+1","Concentrate+1","Adrenaline","Purity","Reflex"],"relics":["Ring of the Snake","Gambling Chip","PreservedInsect","Singing Bowl","Bronze Scales","Boot","Sozu","TheAbacus","Dream Catcher","Molten Egg 2","Strawberry","Unceasing Top"],"acts_visited":["Exordium","TheCity"],"potions_floor_usage":[27],"damage_taken":[{"damage":0.0,"enemies":"Cultist","floor":1.0,"turns":4.0},{"damage":0.0,"enemies":"Small Slimes","floor":2.0,"turns":2.0},{"damage":0.0,"enemies":"Jaw Worm","floor":3.0,"turns":4.0},{"damage":3.0,"enemies":"Red Slaver","floor":4.0,"turns":3.0},{"damage":8.0,"enemies":"Gremlin Nob","floor":6.0,"turns":3.0},{"damage":1.0,"enemies":"Exordium Thugs","floor":8.0,"turns":5.0},{"damage":5.0,"enemies":"3 Louse","floor":11.0,"turns":3.0},{"damage":0.0,"enemies":"Large Slime","floor":12.0,"turns":4.0},{"damage":13.0,"enemies":"Lagavulin","floor":13.0,"turns":5.0},{"damage":0.0,"enemies":"Exordium Wildlife","floor":14.0,"turns":4.0},{"damage":6.0,"enemies":"The Guardian","floor":16.0,"turns":9.0},{"damage":8.0,"enemies":"Chosen","floor":18.0,"turns":3.0},{"damage":0.0,"enemies":"Spheric Guardian","floor":20.0,"turns":6.0},{"damage":15.0,"enemies":"Cultist and Chosen","floor":21.0,"turns":7.0},{"damage":13.0,"enemies":"Gremlin Leader","floor":23.0,"turns":4.0},{"damage":0.0,"enemies":"Book of Stabbing","floor":25.0,"turns":4.0},{"damage":31,"enemies":"Gremlin Leader","floor":27,"turns":6},{"damage":0,"enemies":"Centurion and Healer","floor":29,"turns":7},{"damage":0,"enemies":"Snake Plant","floor":31,"turns":3},{"damage":45,"enemies":"Collector","floor":33,"turns":13}],"seed_played":"2085834536998068623","potions_obtained":[{"floor":3.0,"key":"CultistPotion"},{"floor":4.0,"key":"Poison Potion"},{"floor":8.0,"key":"Explosive Potion"},{"floor":14.0,"key":"Explosive Potion"},{"floor":16.0,"key":"FearPotion"}],"is_trial":true,"path_per_floor":["M","M","M","M","$","E","R","M","T","?","M","M","E","M","R","B",null,"M","$","M","M","?","E","R","E","T","E","?","M","R","M","R","B"],"character_chosen":"THE_SILENT","items_purchased":["PreservedInsect","TheAbacus","Concentrate"],"campfire_rested":1,"item_purchase_floors":[5,19,19],"current_hp_per_floor":[63,63,63,60,60,52,52,51,51,51,46,48,35,37,37,31,63,55,55,57,44,44,31,31,40,40,11,11,11,39,41,41,0,0],"gold":123,"neow_bonus":"","is_daily":false,"chose_seed":false,"campfire_upgraded":4,"win_rate":0.0,"timestamp":1612709068,"path_taken":["M","M","?","M","?","E","R","M","T","?","M","M","E","M","R","BOSS","M","$","M","M","?","E","R","E","T","E","?","?","R","M","R","BOSS"],"items_purchased_type":["Relic","Relic","Card"],"build_version":"2020-12-22","purchased_purges":0,"victory":false,"max_hp_per_floor":[70,70,70,70,70,70,70,70,70,70,70,72,72,74,74,74,74,74,74,76,78,78,78,78,87,87,89,89,89,91,93,93,93,93],"card_choices":[{"not_picked":["Flying Knee","Footwork"],"picked":"Masterful Stab","floor":1.0},{"not_picked":["Crippling Poison","Underhanded Strike"],"picked":"Footwork","floor":2.0},{"not_picked":["Distraction","Accuracy"],"picked":"Backstab","floor":3.0},{"not_picked":["Flying Knee","Caltrops"],"picked":"Poisoned Stab","floor":4.0},{"not_picked":["Envenom","Storm of Steel"],"picked":"After Image","floor":6.0},{"not_picked":["Bane","PiercingWail"],"picked":"Backflip","floor":8.0},{"not_picked":["Acrobatics","PiercingWail"],"picked":"Blade Dance","floor":11.0},{"not_picked":["Cloak And Dagger","Leg Sweep","Acrobatics"],"picked":"Singing Bowl","floor":12.0},{"not_picked":["Grand Finale","Corpse Explosion"],"picked":"Envenom","floor":13.0},{"not_picked":["Infinite Blades","Poisoned Stab","Slice"],"picked":"Singing Bowl","floor":14.0},{"not_picked":["Envenom","Glass Knife"],"picked":"After Image","floor":16.0},{"not_picked":["Masterful Stab+1","Sucker Punch+1"],"picked":"Reflex","floor":18.0},{"not_picked":["Distraction+1","Underhanded Strike","Accuracy"],"picked":"Singing Bowl","floor":20.0},{"not_picked":["Dagger Throw+1","Leg Sweep","Eviscerate"],"picked":"Singing Bowl","floor":21.0},{"not_picked":["Glass Knife+1","Night Terror"],"picked":"Adrenaline","floor":23.0},{"not_picked":["Malaise","Grand Finale+1","Die Die Die+1"],"picked":"Singing Bowl","floor":25.0},{"not_picked":["Venomology","Doppelganger","Night Terror"],"picked":"Singing Bowl","floor":27},{"not_picked":["Deflect","Backflip"],"picked":"Reflex","floor":29},{"not_picked":["Cloak And Dagger+1","Finisher+1","Backflip"],"picked":"Singing Bowl","floor":30},{"not_picked":["Underhanded Strike+1","Terror","Masterful Stab+1"],"picked":"Singing Bowl","floor":31}],"player_experience":1515636,"relics_obtained":[{"floor":6.0,"key":"Singing Bowl"},{"floor":9.0,"key":"Bronze Scales"},{"floor":13.0,"key":"Boot"},{"floor":23.0,"key":"Molten Egg 2"},{"floor":25.0,"key":"Strawberry"},{"floor":27,"key":"Unceasing Top"}],"event_choices":[{"cards_removed":["Strike_G"],"damage_healed":0.0,"max_hp_gain":0.0,"max_hp_loss":0.0,"gold_gain":0.0,"event_name":"Bonfire Elementals","player_choice":"Offered Basic","floor":10.0,"gold_loss":0.0,"damage_taken":0.0},{"damage_healed":0.0,"max_hp_gain":0.0,"max_hp_loss":0.0,"gold_gain":0.0,"event_name":"Addict","player_choice":"Obtained Relic","floor":22.0,"gold_loss":85.0,"damage_taken":0.0,"relics_obtained":["Dream Catcher"]},{"damage_healed":0,"gold_gain":0,"player_choice":"1 cards matched","damage_taken":0,"max_hp_gain":0,"max_hp_loss":0,"event_name":"Match and Keep!","floor":28,"gold_loss":0,"cards_obtained":["Purity"]}],"is_beta":false,"boss_relics":[{"not_picked":["Astrolabe","Calling Bell"],"picked":"Sozu"}],"items_purged_floors":[],"is_endless":false,"potions_floor_spawned":[3,4,8,11,14,16,18,23,27],"killed_by":"Collector","ascension_level":10}}