{"host":"4cz9gr89nglr7k8k","time":1612726240,"event":{"mods":["BaseMod","Minty Spire (QoL Compilation)","Relic Stats","Slay-I"],"gold_per_floor":[114,129,209,228,245,245,272,272,272,291,291,311,337,43,43,115,115,35,35,35,35,35,35,35,35,35,35,35,35,35,35,35,35,35,35,35,35,35,35,35,35],"floor_reached":40,"language":"DEU","playtime":982,"items_purged":[],"score":857,"play_id":"ea210cbc-b144-4011-97f8-8f7acaa36e0c","local_time":"20210207203040","is_ascension_mode":true,"campfire_choices":[{"data":"Cleave","floor":6,"key":"SMITH"},{"floor":8,"key":"REST"},{"floor":11,"key":"REST"},{"floor":15,"key":"REST"},{"floor":23,"key":"REST"},{"floor":25,"key":"REST"},{"floor":28,"key":"REST"},{"floor":32,"key":"REST"}],"circlet_count":0,"master_deck":["AscendersBane","Strike_R","Strike_R","Strike_R","Strike_R","Strike_R","Defend_R","Defend_R","Defend_R","Defend_R","Bash","Cleave+1","Clash","Ghostly Armor","Flex","Heavy Blade","Anger","Clothesline","Pommel Strike+1","Inflame","Whirlwind+1","Reaper+1","Flame Barrier+1","Spot Weakness+1","Cleave+1","Heavy Blade+1","Flex+1","Decay","Twin Strike+1","Writhe","Bludgeon+1","Perfected Strike+1","Clothesline+1","Writhe","Sword Boomerang+1"],"relics":["Burning Blood","NeowsBlessing","Potion Belt","Toxic Egg 2","Molten Egg 2","Bronze Scales","Ectoplasm","Mummified Hand","MawBank","Lantern","Fusion Hammer","Bird Faced Urn"],"acts_visited":["Exordium","TheCity","TheBeyond"],"potions_floor_usage":[13,16,24,30,33,33,33,40],"damage_taken":[{"damage":0,"enemies":"Cultist","floor":1,"turns":1},{"damage":0,"enemies":"Jaw Worm","floor":2,"turns":1},{"damage":0,"enemies":"2 Louse","floor":4,"turns":1},{"damage":2,"enemies":"2 Fungi Beasts","floor":5,"turns":3},{"damage":56,"enemies":"Gremlin Nob","floor":7,"turns":5},{"damage":12,"enemies":"3 Louse","floor":10,"turns":4},{"damage":6,"enemies":"Blue Slaver","floor":12,"turns":3},{"damage":52,"enemies":"Lagavulin","floor":13,"turns":7},{"damage":28,"enemies":"Slime Boss","floor":16,"turns":5},{"damage":29,"enemies":"2 Thieves","floor":18,"turns":3},{"damage":26,"enemies":"Shell Parasite","floor":19,"turns":4},{"damage":23,"enemies":"Chosen and Byrds","floor":22,"turns":5},{"damage":34,"enemies":"Centurion and Healer","floor":24,"turns":5},{"damage":24,"enemies":"Cultist and Chosen","floor":27,"turns":5},{"damage":23,"enemies":"Slavers","floor":30,"turns":4},{"damage":25,"enemies":"Collector","floor":33,"turns":6},{"damage":7,"enemies":"Orb Walker","floor":35,"turns":3},{"damage":71,"enemies":"2 Orb Walkers","floor":36,"turns":4},{"damage":30,"enemies":"3 Shapes","floor":38,"turns":6},{"damage":79,"enemies":"Nemesis","floor":40,"turns":5}],"seed_played":"-432371371631114144","potions_obtained":[{"floor":4,"key":"SpeedPotion"},{"floor":7,"key":"Energy Potion"},{"floor":12,"key":"Explosive Potion"},{"floor":19,"key":"FairyPotion"},{"floor":21,"key":"EssenceOfSteel"},{"floor":21,"key":"Energy Potion"},{"floor":24,"key":"AttackPotion"},{"floor":30,"key":"DuplicationPotion"},{"floor":36,"key":"FearPotion"}],"is_trial":false,"path_per_floor":["M","M","?","M","M","R","E","R","T","M","R","M","E","$","R","B",null,"M","M","$","?","M","R","M","R","T","M","R","?","E","?","R","B",null,"M","?","?","M","?","E"],"character_chosen":"IRONCLAD","items_purchased":["Inflame","Whirlwind+1","Bronze Scales"],"campfire_rested":7,"item_purchase_floors":[14,14,14],"current_hp_per_floor":[74,75,75,75,75,75,25,47,47,41,63,63,17,17,39,17,61,38,18,18,18,28,50,36,58,58,52,74,74,64,64,75,56,70,74,23,38,16,61,0,0],"gold":35,"neow_bonus":"THREE_ENEMY_KILL","is_daily":false,"chose_seed":false,"campfire_upgraded":1,"win_rate":0.0,"timestamp":1612726240,"path_taken":["M","M","?","M","M","R","E","R","T","M","R","M","E","$","R","BOSS","M","M","$","?","?","R","M","R","T","?","R","?","E","?","R","BOSS","M","?","?","M","?","E"],"items_purchased_type":["Card","Card","Relic"],"build_version":"2020-12-22","purchased_purges":0,"victory":false,"max_hp_per_floor":[75,75,75,75,75,75,75,75,75,75,75,75,75,75,75,75,75,75,75,75,75,75,75,75,75,75,75,75,75,75,75,75,75,75,75,75,75,75,61,61,61],"relic_stats":{"counters":[20,80],"Mummified Hand":[7],"Bronze Scales":[141],"Bird Faced Urn":[4],"Ectoplasm":464,"MawBank":0,"obtain_stats":[{"Potion Belt":7,"Lantern":31,"NeowsBlessing":0,"Mummified Hand":26,"Bronze Scales":14,"Bird Faced Urn":36,"Molten Egg 2":13,"Ectoplasm":17,"Fusion Hammer":34,"Toxic Egg 2":9,"MawBank":30,"Burning Blood":0},{"Potion Belt":5,"Lantern":15,"NeowsBlessing":0,"Mummified Hand":13,"Bronze Scales":8,"Bird Faced Urn":18,"Molten Egg 2":8,"Ectoplasm":9,"Fusion Hammer":16,"Toxic Egg 2":5,"MawBank":15,"Burning Blood":0},{"Potion Belt":11,"Lantern":56,"NeowsBlessing":0,"Mummified Hand":47,"Bronze Scales":25,"Bird Faced Urn":69,"Molten Egg 2":25,"Ectoplasm":30,"Fusion Hammer":62,"Toxic Egg 2":11,"MawBank":56,"Burning Blood":0}],"Burning Blood":99},"card_choices":[{"not_picked":["Armaments","Evolve"],"picked":"Cleave","floor":1},{"not_picked":["Clothesline","Cleave"],"picked":"Clash","floor":2},{"not_picked":["Pommel Strike","Dual Wield"],"picked":"Ghostly Armor","floor":4},{"not_picked":["Clothesline","Burning Pact"],"picked":"Flex","floor":5},{"not_picked":["Disarm","True Grit"],"picked":"Heavy Blade","floor":7},{"not_picked":["Immolate","Shrug It Off+1"],"picked":"Anger","floor":10},{"not_picked":["Blood for Blood","Wild Strike"],"picked":"Clothesline","floor":12},{"not_picked":["Headbutt+1","Blood for Blood+1"],"picked":"Pommel Strike+1","floor":13},{"not_picked":["Exhume+1","Offering+1"],"picked":"Reaper+1","floor":16},{"not_picked":["Iron Wave+1","Pommel Strike+1"],"picked":"Flame Barrier+1","floor":18},{"not_picked":["Dual Wield+1","Armaments+1"],"picked":"Spot Weakness+1","floor":19},{"not_picked":["True Grit+1","Sever Soul+1"],"picked":"Cleave+1","floor":22},{"not_picked":["Shrug It Off+1","Seeing Red+1"],"picked":"Heavy Blade+1","floor":24},{"not_picked":["Seeing Red+1","Sword Boomerang+1"],"picked":"Flex+1","floor":27},{"not_picked":["Carnage+1","Bloodletting+1"],"picked":"Twin Strike+1","floor":30},{"not_picked":["Offering+1","Brutality"],"picked":"Bludgeon+1","floor":33},{"not_picked":["Cleave+1","Headbutt+1"],"picked":"Perfected Strike+1","floor":35},{"not_picked":["Hemokinesis+1","Bloodletting+1"],"picked":"Clothesline+1","floor":36},{"not_picked":["Twin Strike+1","Wild Strike+1"],"picked":"Sword Boomerang+1","floor":38}],"player_experience":1543199,"relics_obtained":[{"floor":7,"key":"Potion Belt"},{"floor":9,"key":"Toxic Egg 2"},{"floor":13,"key":"Molten Egg 2"},{"floor":26,"key":"Mummified Hand"},{"floor":30,"key":"MawBank"},{"floor":36,"key":"Bird Faced Urn"}],"event_choices":[{"damage_healed":0,"gold_gain":80,"player_choice":"Gained Gold","damage_taken":0,"max_hp_gain":0,"max_hp_loss":0,"event_name":"Golden Wing","floor":3,"gold_loss":0},{"damage_healed":0,"gold_gain":0,"player_choice":"Got Potions","damage_taken":0,"max_hp_gain":0,"max_hp_loss":0,"event_name":"Lab","floor":21,"gold_loss":0},{"damage_healed":0,"gold_gain":0,"player_choice":"Smashed Altar","damage_taken":0,"max_hp_gain":0,"max_hp_loss":0,"event_name":"Forgotten Altar","floor":29,"gold_loss":0,"cards_obtained":["Decay"]},{"damage_healed":0,"gold_gain":0,"player_choice":"Opened","damage_taken":0,"relics_obtained":["Lantern"],"max_hp_gain":0,"max_hp_loss":0,"event_name":"The Mausoleum","floor":31,"gold_loss":0,"cards_obtained":["Writhe"]},{"damage_healed":0,"gold_gain":0,"player_choice":"Fight","damage_taken":0,"max_hp_gain":0,"max_hp_loss":0,"event_name":"Mysterious Sphere","floor":36,"gold_loss":0},{"damage_healed":15,"gold_gain":0,"player_choice":"Writhe","damage_taken":0,"max_hp_gain":0,"max_hp_loss":0,"event_name":"Winding Halls","floor":37,"gold_loss":0,"cards_obtained":["Writhe"]},{"damage_healed":61,"gold_gain":0,"player_choice":"Heal","damage_taken":0,"max_hp_gain":0,"max_hp_loss":14,"event_name":"The Moai Head","floor":39,"gold_loss":0}],"is_beta":false,"boss_relics":[{"not_picked":["Coffee Dripper","Empty Cage"],"picked":"Ectoplasm"},{"not_picked":["Sozu","Runic Cube"],"picked":"Fusion Hammer"}],"items_purged_floors":[],"is_endless":false,"potions_floor_spawned":[4,7,12,19,24,30,36],"killed_by":"Nemesis","ascension_level":20}}