{"host":"684z1xpuwaoqmmh1","time":1612718220,"event":{"mods":["A Magickal Journey","Astrologer","BaseMod","Downfall","Hermit","Jorbs\u0027s Wanderer Trilogy","Marisa????????","Minty Spire (QoL Compilation)","Robot Space Explorer","Shade Mod","StSLib","The Bug Knight","The Dragon Tamer","The Elementalist","The Hayseed","The Hierophant","The Marked","The Mystic","The Runesmith","The Saiyan","The Senshi","The Spell Scribe","The Vixen","TheBandit","TheFirefly"],"gold_per_floor":[112,162,237,237,250,277,289,289,289,289,320,76,76,86,86,190,190,176,176,194,204,88,115,115,115,115,115,115],"floor_reached":27,"language":"ENG","playtime":990,"items_purged":["theSenshi:SailorKick"],"score":422,"play_id":"1b0dfed3-ee78-4155-baff-0933ec1953d4","local_time":"20210207191700","is_ascension_mode":true,"campfire_choices":[{"data":"1","floor":8,"key":"LIFT"},{"data":"theSenshi:SailorPlanetAttack","floor":10,"key":"SMITH"},{"data":"theSenshi:MoonPrincessHalation","floor":13,"key":"SMITH"},{"data":"theSenshi:MoonHealingEscalation","floor":15,"key":"SMITH"},{"floor":24,"key":"REST"}],"circlet_count":0,"master_deck":["AscendersBane","theSenshi:SailorKick","theSenshi:SailorKick","theSenshi:SailorBlock","theSenshi:SailorBlock","theSenshi:SailorBlock","theSenshi:SailorBlock","theSenshi:RoseThrow","theSenshi:MoonPrismPowerMakeUp","theSenshi:SailorMarsAssists","theSenshi:MercurysCunning","theSenshi:MoonEternalMakeUp","theSenshi:SailorPlanetAttack+1","theSenshi:MoonHealingEscalation+1","theSenshi:MoonPrincessHalation+1","theSenshi:GlimpseOfThePast+1","theSenshi:SailorChibiMoonAssists","theSenshi:Overload","theSenshi:CrisisMakeUp","theSenshi:SailorPlanetAttack"],"relics":["theSenshi:TransformationBroochRelic","NeowsBlessing","Girya","Turnip","hexamod:CandleOfCauterizing","bronze:BronzeIdol","Art of War","SlaversCollar","Singing Bowl","Slimebound:PreparedRelic"],"acts_visited":["Exordium","TheCity"],"potions_floor_usage":[11,18,18,21,21,23,27],"damage_taken":[{"damage":0,"enemies":"Jaw Worm","floor":1,"turns":2},{"damage":0,"enemies":"Small Slimes","floor":5,"turns":1},{"damage":0,"enemies":"3 Sentries","floor":6,"turns":2},{"damage":6,"enemies":"Cultist","floor":7,"turns":4},{"damage":18,"enemies":"Lagavulin","floor":11,"turns":8},{"damage":7,"enemies":"Large Slime","floor":14,"turns":4},{"damage":6,"enemies":"Slime Boss","floor":16,"turns":8},{"damage":7,"enemies":"2 Thieves","floor":18,"turns":4},{"damage":12,"enemies":"Chosen","floor":20,"turns":5},{"damage":56,"enemies":"Sentry and Sphere","floor":21,"turns":8},{"damage":38,"enemies":"Gremlin Leader","floor":23,"turns":9},{"damage":47,"enemies":"Book of Stabbing","floor":27,"turns":5}],"seed_played":"7100518588891640412","potions_obtained":[{"floor":1,"key":"LiquidMemories"},{"floor":7,"key":"Fire Potion"},{"floor":14,"key":"GamblersBrew"},{"floor":18,"key":"EntropicBrew"}],"is_trial":false,"path_per_floor":["M","?","?","T","M","E","M","R","T","R","E","$","R","M","R","B",null,"M","?","M","M","$","E","R","?","T","E"],"character_chosen":"THE_SENSHI","items_purchased":["theSenshi:MoonPrincessHalation","Art of War","theSenshi:CrisisMakeUp","DuplicationPotion"],"campfire_rested":1,"item_purchase_floors":[12,12,22,22],"current_hp_per_floor":[68,68,57,57,57,57,51,51,51,51,33,33,33,31,31,25,63,66,66,64,28,28,12,35,35,35,0,0],"gold":115,"neow_bonus":"THREE_ENEMY_KILL","is_daily":false,"chose_seed":false,"campfire_upgraded":3,"win_rate":0.0,"timestamp":1612718220,"path_taken":["M","?","?","?","?","E","M","R","T","R","E","$","R","M","R","BOSS","M","?","M","?","$","E","R","?","T","E"],"items_purchased_type":["Card","Relic","Card","Potion"],"build_version":"2020-12-22","purchased_purges":1,"victory":false,"max_hp_per_floor":[75,75,75,75,75,75,75,75,75,75,75,75,75,75,75,75,75,75,75,75,75,75,77,77,77,77,77,77],"card_choices":[{"not_picked":["theSenshi:SailorMercuryAssists","theSenshi:HesSoDreamy"],"picked":"theSenshi:SailorMarsAssists","floor":1},{"not_picked":["theSenshi:UranusStrength","theSenshi:MoonHealingEscalation"],"picked":"theSenshi:MercurysCunning","floor":5},{"not_picked":["theSenshi:LateForSchool","theSenshi:SailorUranusAssists"],"picked":"theSenshi:MoonEternalMakeUp","floor":6},{"not_picked":["theSenshi:MoonPower","theSenshi:TuxedoSmokingBomber"],"picked":"theSenshi:SailorPlanetAttack","floor":7},{"not_picked":["theSenshi:Overload","theSenshi:MoonCrisisMakeUp"],"picked":"theSenshi:MoonHealingEscalation","floor":11},{"not_picked":["theSenshi:MoonPower","theSenshi:SchoolBag","theSenshi:SupersonicWaves"],"picked":"SKIP","floor":14},{"not_picked":["theSenshi:LunaSensingAllies","theSenshi:MoonEternalMakeUp"],"picked":"theSenshi:GlimpseOfThePast","floor":16},{"not_picked":["theSenshi:MoonPower","theSenshi:SchoolBag","theSenshi:MoonPrincessHalation"],"picked":"SKIP","floor":18},{"not_picked":["theSenshi:SailorVenusAssists","theSenshi:VenusGlamour"],"picked":"theSenshi:SailorChibiMoonAssists","floor":20},{"not_picked":["theSenshi:MoonlightKnight","theSenshi:SailorMarsAssists"],"picked":"theSenshi:Overload","floor":21},{"not_picked":["theSenshi:MoonEternalMakeUp","theSenshi:SailorVenusAssists","theSenshi:NeptunesGrace"],"picked":"Singing Bowl","floor":23}],"player_experience":3224991,"relics_obtained":[{"floor":4,"key":"Girya"},{"floor":6,"key":"Turnip"},{"floor":9,"key":"hexamod:CandleOfCauterizing"},{"floor":11,"key":"bronze:BronzeIdol"},{"floor":23,"key":"Singing Bowl"},{"floor":26,"key":"Slimebound:PreparedRelic"}],"event_choices":[{"damage_healed":0,"gold_gain":75,"player_choice":"Gather Gold","damage_taken":11,"max_hp_gain":0,"max_hp_loss":0,"event_name":"World of Goop","floor":3,"gold_loss":0},{"damage_healed":0,"gold_gain":0,"player_choice":"Upgraded","damage_taken":0,"max_hp_gain":0,"max_hp_loss":0,"event_name":"Upgrade Shrine","floor":19,"gold_loss":0,"cards_upgraded":["theSenshi:GlimpseOfThePast"]},{"damage_healed":0,"gold_gain":0,"cards_transformed":["theSenshi:SailorKick"],"player_choice":"Transformed","damage_taken":0,"max_hp_gain":0,"max_hp_loss":0,"event_name":"Transmorgrifier","floor":25,"gold_loss":0,"cards_obtained":["theSenshi:SailorPlanetAttack"]}],"is_beta":false,"boss_relics":[{"not_picked":["Astrolabe","Ectoplasm"],"picked":"SlaversCollar"}],"items_purged_floors":[12],"is_endless":false,"potions_floor_spawned":[1,7,14,18],"killed_by":"Book of Stabbing","ascension_level":12}}