{"host":"mw3dmj42qtkbha4b","time":1612689775,"event":{"mods":["BaseMod","Colored Map","Colored Powertips","DeckTracker","Minty Spire (QoL Compilation)","StSLib","SuperFastMode"],"gold_per_floor":[111,111,126,126,142,168,93,93,118,18,45,45,45,72,72,151,151,165,215,228,228,20,20,20,20],"floor_reached":24,"language":"KOR","playtime":672,"items_purged":["Pain","Defend_P","Strike_P"],"score":420,"play_id":"e11d6c32-ff96-4210-96f7-80bd86a2ab7a","local_time":"20210207182255","is_ascension_mode":true,"campfire_choices":[{"data":"Eruption","floor":8.0,"key":"SMITH"},{"floor":13.0,"key":"REST"},{"data":"Vigilance","floor":15.0,"key":"SMITH"},{"floor":23.0,"key":"REST"}],"circlet_count":0,"master_deck":["AscendersBane","Strike_P","Strike_P","Strike_P+1","Defend_P","Defend_P+1","Defend_P","Eruption+1","Vigilance+1","Indignation","RitualDagger"],"relics":["PureWater","NeowsBlessing","WarpedTongs","Orichalcum","Vajra","Eternal Feather","Mercury Hourglass"],"acts_visited":["Exordium","TheCity"],"potions_floor_usage":[24],"damage_taken":[{"damage":0.0,"enemies":"Jaw Worm","floor":1.0,"turns":2.0},{"damage":0.0,"enemies":"Cultist","floor":3.0,"turns":1.0},{"damage":2.0,"enemies":"2 Louse","floor":5.0,"turns":1.0},{"damage":9.0,"enemies":"Lagavulin","floor":6.0,"turns":7.0},{"damage":14.0,"enemies":"Gremlin Nob","floor":11.0,"turns":3.0},{"damage":7.0,"enemies":"3 Sentries","floor":14.0,"turns":4.0},{"damage":32.0,"enemies":"The Guardian","floor":16.0,"turns":10.0},{"damage":0.0,"enemies":"Chosen","floor":18.0,"turns":3.0},{"damage":34.0,"enemies":"Shell Parasite","floor":20.0,"turns":4.0},{"damage":64,"enemies":"Gremlin Leader","floor":24,"turns":5}],"seed_played":"4700672244309528135","potions_obtained":[{"floor":1.0,"key":"DuplicationPotion"},{"floor":16.0,"key":"Block Potion"}],"is_trial":false,"path_per_floor":["M","?","M","?","M","E","$","R","T","$","E","?","R","E","R","B",null,"M","?","M","?","$","R","E"],"character_chosen":"WATCHER","items_purchased":["Regen Potion"],"campfire_rested":2,"item_purchase_floors":[22],"current_hp_per_floor":[61,41,41,41,39,30,30,30,30,30,16,16,42,35,41,9,53,53,53,19,13,13,39,0,0],"gold":20,"neow_bonus":"THREE_ENEMY_KILL","is_daily":false,"chose_seed":false,"campfire_upgraded":2,"win_rate":0.0,"timestamp":1612689775,"path_taken":["M","?","M","?","?","E","$","R","T","$","E","?","R","E","R","BOSS","M","?","?","?","?","R","E"],"items_purchased_type":["Potion"],"build_version":"2020-12-22","purchased_purges":3,"victory":false,"max_hp_per_floor":[68,68,68,68,68,68,68,68,68,68,68,68,68,68,68,68,68,68,68,68,68,68,68,68,68],"card_choices":[{"not_picked":["ForeignInfluence","FlyingSleeves","Tantrum"],"picked":"SKIP","floor":1.0},{"not_picked":["FollowUp","BowlingBash","JustLucky"],"picked":"SKIP","floor":3.0},{"not_picked":["Study","InnerPeace","PathToVictory"],"picked":"SKIP","floor":5.0},{"not_picked":["Prostrate","Ragnarok"],"picked":"Indignation","floor":6.0},{"not_picked":["Sanctity","EmptyFist","Wireheading"],"picked":"SKIP","floor":11.0},{"not_picked":["PathToVictory","SashWhip","Adaptation"],"picked":"SKIP","floor":14.0},{"not_picked":["FollowUp+1","InnerPeace","Wireheading"],"picked":"SKIP","floor":18.0},{"not_picked":["Crescendo","ThirdEye+1","JustLucky"],"picked":"SKIP","floor":20.0}],"player_experience":1803094,"relics_obtained":[{"floor":6.0,"key":"Orichalcum"},{"floor":9.0,"key":"Vajra"},{"floor":11.0,"key":"Eternal Feather"},{"floor":14.0,"key":"Mercury Hourglass"}],"event_choices":[{"damage_healed":0.0,"max_hp_gain":0.0,"max_hp_loss":0.0,"gold_gain":0.0,"event_name":"Shining Light","player_choice":"Entered Light","floor":2.0,"gold_loss":0.0,"damage_taken":20.0,"cards_upgraded":["Defend_P","Strike_P"]},{"damage_healed":0.0,"max_hp_gain":0.0,"max_hp_loss":0.0,"gold_gain":0.0,"event_name":"Accursed Blacksmith","player_choice":"Rummage","floor":4.0,"gold_loss":0.0,"damage_taken":0.0,"relics_obtained":["WarpedTongs"],"cards_obtained":["Pain"]},{"damage_healed":0.0,"max_hp_gain":0.0,"max_hp_loss":0.0,"gold_gain":0.0,"event_name":"Scrap Ooze","player_choice":"Fled","floor":12.0,"gold_loss":0.0,"damage_taken":0.0},{"damage_healed":0.0,"max_hp_gain":0.0,"max_hp_loss":0.0,"gold_gain":100.0,"event_name":"The Joust","player_choice":"Bet on Murderer","floor":19.0,"gold_loss":50.0,"damage_taken":0.0},{"damage_healed":0.0,"max_hp_gain":0.0,"max_hp_loss":0.0,"gold_gain":0.0,"event_name":"Nest","player_choice":"Joined the Cult","floor":21.0,"gold_loss":0.0,"damage_taken":6.0,"cards_obtained":["RitualDagger"]}],"is_beta":false,"boss_relics":[{"not_picked":[]}],"items_purged_floors":[7,10,22],"is_endless":false,"potions_floor_spawned":[1,16],"killed_by":"Gremlin Leader","ascension_level":20}}