{"host":"dvpvhz1t6etneyb3","time":1612719193,"event":{"mods":["AchievementEnabler","BaseMod","Colored Map","Highlight Path","Minty Spire (QoL Compilation)","Permanent Neow","Quick Restart"],"gold_per_floor":[117,135,135,4,24,24,52,70,70,70,103,114,133,161,161,240,240,250,250,270,280,294,294,46,79,379,379,406,417,427,452,452,523,523,533,83,102,114,114,114,148,148,148,148,148,148],"floor_reached":45,"language":"ENG","playtime":3010,"items_purged":["Strike_G","Strike_G"],"score":1050,"play_id":"e0cbf77a-b2f0-4059-b503-2312b70a1ae2","local_time":"20210207123313","is_ascension_mode":true,"campfire_choices":[{"data":"Well Laid Plans","floor":6.0,"key":"SMITH"},{"data":"Skewer","floor":10.0,"key":"SMITH"},{"data":"1","floor":15.0,"key":"LIFT"},{"floor":23.0,"key":"REST"},{"floor":27.0,"key":"REST"},{"floor":32.0,"key":"REST"},{"floor":40.0,"key":"REST"},{"floor":42,"key":"REST"},{"data":"2","floor":44,"key":"LIFT"}],"circlet_count":0,"master_deck":["AscendersBane","Strike_G","Strike_G","Defend_G","Defend_G","Defend_G","Defend_G","Defend_G","Survivor","Neutralize+1","Predator","Well Laid Plans+1","Flying Knee","Poisoned Stab","PiercingWail","Skewer+1","Backstab","Calculated Gamble","Backflip","Glass Knife","A Thousand Cuts","Footwork","Concentrate+1","Acrobatics","Leg Sweep","Noxious Fumes+1","Predator","Bouncing Flask","Corpse Explosion","Footwork","Dash"],"relics":["Ring of the Snake","Strawberry","Mercury Hourglass","Girya","StrikeDummy","Snecko Eye","Sling","Unceasing Top","Old Coin","Ninja Scroll","WingedGreaves","SlaversCollar","Matryoshka","Bag of Marbles","Darkstone Periapt"],"acts_visited":["Exordium","TheCity","TheBeyond"],"potions_floor_usage":[41],"damage_taken":[{"damage":0.0,"enemies":"2 Louse","floor":1.0,"turns":3.0},{"damage":0.0,"enemies":"Cultist","floor":2.0,"turns":5.0},{"damage":2.0,"enemies":"Jaw Worm","floor":5.0,"turns":3.0},{"damage":10.0,"enemies":"Lagavulin","floor":7.0,"turns":6.0},{"damage":1.0,"enemies":"Lots of Slimes","floor":8.0,"turns":8.0},{"damage":6.0,"enemies":"Gremlin Nob","floor":11.0,"turns":3.0},{"damage":6.0,"enemies":"Blue Slaver","floor":12.0,"turns":3.0},{"damage":0.0,"enemies":"3 Louse","floor":13.0,"turns":2.0},{"damage":16.0,"enemies":"Lagavulin","floor":14.0,"turns":5.0},{"damage":19.0,"enemies":"The Guardian","floor":16.0,"turns":11.0},{"damage":5.0,"enemies":"2 Thieves","floor":18.0,"turns":2.0},{"damage":0.0,"enemies":"Spheric Guardian","floor":20.0,"turns":1.0},{"damage":18.0,"enemies":"Chosen and Byrds","floor":21.0,"turns":5.0},{"damage":25.0,"enemies":"Sentry and Sphere","floor":22.0,"turns":4.0},{"damage":15.0,"enemies":"Slavers","floor":25.0,"turns":4.0},{"damage":3.0,"enemies":"Gremlin Leader","floor":28.0,"turns":7.0},{"damage":19.0,"enemies":"Shelled Parasite and Fungi","floor":29.0,"turns":5.0},{"damage":0.0,"enemies":"Centurion and Healer","floor":30.0,"turns":6.0},{"damage":9.0,"enemies":"Book of Stabbing","floor":31.0,"turns":5.0},{"damage":23.0,"enemies":"Automaton","floor":33.0,"turns":9.0},{"damage":34.0,"enemies":"3 Darklings","floor":35.0,"turns":5.0},{"damage":1.0,"enemies":"3 Shapes","floor":37.0,"turns":4.0},{"damage":11.0,"enemies":"Maw","floor":38.0,"turns":7.0},{"damage":20,"enemies":"Reptomancer","floor":41,"turns":8},{"damage":104,"enemies":"Giant Head","floor":45,"turns":8}],"seed_played":"5282505047189068469","potions_obtained":[{"floor":2.0,"key":"PowerPotion"},{"floor":11.0,"key":"FearPotion"},{"floor":12.0,"key":"BlessingOfTheForge"},{"floor":16.0,"key":"Fire Potion"},{"floor":25.0,"key":"FairyPotion"},{"floor":28.0,"key":"EssenceOfSteel"},{"floor":30.0,"key":"ColorlessPotion"},{"floor":31.0,"key":"SpeedPotion"}],"is_trial":false,"path_per_floor":["M","M","?","$","M","R","E","M","T","R","E","M","M","E","R","B",null,"M","?","M","M","M","R","$","E","T","R","E","M","M","E","R","B",null,"M","$","M","M","$","R","E","R","T","R","E"],"character_chosen":"THE_SILENT","items_purchased":["Well Laid Plans","Flying Knee","Sling","Matryoshka","LiquidMemories"],"campfire_rested":5,"item_purchase_floors":[4,4,24,36,36],"current_hp_per_floor":[59,59,59,59,57,57,54,53,53,53,47,41,41,25,25,6,56,51,51,51,33,8,29,29,14,14,35,32,13,13,4,25,2,55,21,21,20,9,9,30,10,31,31,31,0,0],"gold":148,"neow_bonus":"UPGRADE_CARD","is_daily":false,"chose_seed":false,"campfire_upgraded":2,"win_rate":0.0,"timestamp":1612719193,"path_taken":["M","M","?","$","M","R","E","M","T","R","E","M","?","E","R","BOSS","M","?","M","?","M","R","$","E","T","R","E","M","M","E","R","BOSS","M","$","?","M","?","R","E","R","T","R","E"],"items_purchased_type":["Card","Card","Relic","Relic","Potion"],"build_version":"2020-12-22","purchased_purges":2,"victory":false,"max_hp_per_floor":[66,66,66,66,66,66,73,73,73,73,73,73,73,73,73,73,73,73,73,73,73,73,73,73,73,73,73,73,73,73,73,73,73,73,73,73,73,73,73,73,73,73,73,73,73,73],"card_choices":[{"not_picked":["Dodge and Roll","Concentrate","Bane"],"picked":"SKIP","floor":1.0},{"not_picked":["Dodge and Roll","Slice"],"picked":"Predator","floor":2.0},{"not_picked":["Eviscerate","Prepared"],"picked":"Poisoned Stab","floor":5.0},{"not_picked":["Night Terror","Setup"],"picked":"PiercingWail","floor":7.0},{"not_picked":["Expertise","Eviscerate"],"picked":"Skewer","floor":8.0},{"not_picked":["Prepared","Underhanded Strike"],"picked":"Backstab","floor":11.0},{"not_picked":["Dagger Throw","Distraction"],"picked":"Calculated Gamble","floor":12.0},{"not_picked":["Dagger Throw","Underhanded Strike","Catalyst"],"picked":"SKIP","floor":13.0},{"not_picked":["Deflect","Distraction"],"picked":"Backflip","floor":14.0},{"not_picked":["Die Die Die","A Thousand Cuts"],"picked":"Glass Knife","floor":16.0},{"not_picked":["Expertise","Dagger Throw","Sucker Punch"],"picked":"SKIP","floor":18.0},{"not_picked":["Blur","Dagger Spray"],"picked":"Concentrate+1","floor":20.0},{"not_picked":["Flying Knee","Distraction"],"picked":"Acrobatics","floor":21.0},{"not_picked":["Acrobatics","Dagger Spray+1","Sucker Punch"],"picked":"SKIP","floor":22.0},{"not_picked":["All Out Attack","Quick Slash"],"picked":"Leg Sweep","floor":25.0},{"not_picked":["Infinite Blades","Quick Slash"],"picked":"Noxious Fumes+1","floor":28.0},{"not_picked":["Cloak And Dagger","Heel Hook"],"picked":"Predator","floor":29.0},{"not_picked":["Malaise","Acrobatics","Masterful Stab+1"],"picked":"SKIP","floor":30.0},{"not_picked":["Flying Knee+1","Deadly Poison+1"],"picked":"Bouncing Flask","floor":31.0},{"not_picked":["Envenom","Doppelganger"],"picked":"Corpse Explosion","floor":33.0},{"not_picked":["Prepared+1","Dagger Throw+1","Poisoned Stab"],"picked":"SKIP","floor":35.0},{"not_picked":["Quick Slash","Poisoned Stab","Acrobatics"],"picked":"SKIP","floor":37.0},{"not_picked":["Outmaneuver","Flechettes+1"],"picked":"Footwork","floor":38.0},{"not_picked":["Prepared+1","Slice"],"picked":"Dash","floor":41}],"player_experience":2165172,"relics_obtained":[{"floor":7.0,"key":"Strawberry"},{"floor":9.0,"key":"Mercury Hourglass"},{"floor":11.0,"key":"Girya"},{"floor":14.0,"key":"StrikeDummy"},{"floor":25.0,"key":"Unceasing Top"},{"floor":26.0,"key":"Old Coin"},{"floor":28.0,"key":"Ninja Scroll"},{"floor":31.0,"key":"WingedGreaves"},{"floor":41,"key":"Bag of Marbles"},{"floor":43,"key":"Darkstone Periapt"}],"event_choices":[{"cards_removed":["Strike_G"],"damage_healed":0.0,"max_hp_gain":0.0,"max_hp_loss":0.0,"gold_gain":0.0,"event_name":"Bonfire Elementals","player_choice":"Offered Basic","floor":3.0,"gold_loss":0.0,"damage_taken":0.0},{"damage_healed":0.0,"max_hp_gain":0.0,"max_hp_loss":0.0,"gold_gain":0.0,"event_name":"Match and Keep!","player_choice":"2 cards matched","floor":19.0,"gold_loss":0.0,"damage_taken":0.0,"cards_obtained":["A Thousand Cuts","Footwork"]}],"is_beta":false,"boss_relics":[{"not_picked":["Runic Pyramid","Empty Cage"],"picked":"Snecko Eye"},{"not_picked":["WristBlade","Velvet Choker"],"picked":"SlaversCollar"}],"items_purged_floors":[24,36],"is_endless":false,"potions_floor_spawned":[2,11,12,16,25,28,30,31,37],"killed_by":"Giant Head","ascension_level":20}}