{"host":"am0cr9xwekqmrere","time":1612676865,"event":{"mods":["AchievementEnabler","Act Like it!","BaseMod","Better Altar","Better Match","Better Note","Better Sensory Stone","Better Skull","Better Third Choice","BetterRewards","Conspire","Downfall","Hubris","Infinite Spire","Minty Spire (QoL Compilation)","Rare Cards Sparkle","Spicy Shops","StSLib","Unceasing Turn Reminder"],"gold_per_floor":[99,115,115,135,135,169,169,180,80,56,56,66,81,116,131,232,232,232,244,256,62,82,117,117,134,134,145,162,162,262,262,262,262],"floor_reached":31,"language":"ENG","playtime":1499,"items_purged":[],"score":360,"play_id":"18da038b-3d8c-4313-b54f-cd8091f2e683","local_time":"20210206234745","is_ascension_mode":true,"campfire_choices":[{"data":"champ:Taunt","floor":1.0,"key":"SMITH"},{"data":"champ:PreciseThrust","floor":9.0,"key":"SMITH"},{"data":"conspire:Banana","floor":18.0,"key":"SMITH"},{"data":"champ:GladiatorForm","floor":26.0,"key":"SMITH"},{"data":"expansioncontent:QuickStudy","floor":29,"key":"SMITH"}],"circlet_count":0,"master_deck":["champ:Strike","champ:Strike","champ:Strike","champ:Strike","champ:Defend","champ:Defend","champ:Defend","champ:Defend","champ:Execute","champ:Taunt+1","champ:IronFortress","champ:ArenaPreparation","champ:PreciseThrust+1","champ:FlashCut","champ:TornadoPunch","conspire:Banana+1","champ:StanceDance","champ:DefensiveShout","champ:VampiricStrike","champ:IronFortress","champ:GladiatorForm+1","champ:FlashCut","champ:BerserkerStyle","champ:DefensiveShout+1","expansioncontent:QuickStudy+1","champ:PreciseThrust","champ:ShieldSlam","champ:Circumvent","champ:BerserkerStyle+1"],"relics":["champ:ChampionCrownUpgraded","hubris:Towel","hubris:Icosahedron","infinitespire:BottledMercury","Eternal Feather","downfall:HeartBlessingGreen","PreservedInsect","champ:DefensiveTrainingManual","Ice Cream"],"acts_visited":["Exordium","TheCity"],"potions_floor_usage":[27,28],"damage_taken":[{"damage":10.0,"enemies":"Cultist","floor":2.0,"turns":3.0},{"damage":20.0,"enemies":"Jaw Worm","floor":4.0,"turns":7.0},{"damage":28.0,"enemies":"3 Sentries","floor":6.0,"turns":8.0},{"damage":14.0,"enemies":"Small Slimes","floor":8.0,"turns":4.0},{"damage":10.0,"enemies":"downfall:FleeingMerchant","floor":10.0,"turns":4.0},{"damage":16.0,"enemies":"2 Fungi Beasts","floor":12.0,"turns":3.0},{"damage":3.0,"enemies":"Lots of Slimes","floor":13.0,"turns":5.0},{"damage":18.0,"enemies":"Lagavulin","floor":14.0,"turns":5.0},{"damage":26.0,"enemies":"Large Slime","floor":15.0,"turns":5.0},{"damage":10.0,"enemies":"SI_SHIV_ARCHETYPE","floor":16.0,"turns":5.0},{"damage":25.0,"enemies":"Chosen","floor":19.0,"turns":4.0},{"damage":43.0,"enemies":"Snake Plant","floor":20.0,"turns":4.0},{"damage":17.0,"enemies":"downfall:FleeingMerchant","floor":21.0,"turns":4.0},{"damage":45.0,"enemies":"Snecko","floor":22.0,"turns":7.0},{"damage":37.0,"enemies":"Nightmare","floor":23.0,"turns":7.0},{"damage":62.0,"enemies":"Centurion and Healer","floor":25.0,"turns":6.0},{"damage":48,"enemies":"Shelled Parasite and Fungi","floor":27,"turns":6},{"damage":89,"enemies":"Chosen and Byrds","floor":28,"turns":7},{"damage":107,"enemies":"Gremlin Leader","floor":31,"turns":10}],"seed_played":"-3798283606573983996","potions_obtained":[{"floor":6.0,"key":"FearPotion"},{"floor":8.0,"key":"LiquidMemories"},{"floor":14.0,"key":"SteroidPotion"},{"floor":16.0,"key":"FairyPotion"},{"floor":25.0,"key":"conspire:TimeTravelPotion"},{"floor":27,"key":"BlessingOfTheForge"}],"is_trial":false,"path_per_floor":["R","M","?","M","?","E","T","M","R","$","?","M","M","E","M","B",null,"R","M","M","$","M","NM","T","M","R","M","M","R","?","E"],"character_chosen":"THE_CHAMP","items_purchased":["conspire:Banana","expansioncontent:QuickStudy"],"campfire_rested":0,"item_purchase_floors":[10,21],"current_hp_per_floor":[99,99,99,99,99,91,91,95,99,99,99,94,92,75,60,61,104,104,104,76,71,35,67,67,49,64,42,50,65,65,0,0,0],"gold":262,"neow_bonus":"TEN_PERCENT_HP_BONUS","is_daily":false,"chose_seed":false,"campfire_upgraded":5,"win_rate":0.0,"timestamp":1612676865,"path_taken":["R","M","?","M","?","E","T","M","R","?","?","M","?","E","M","BOSS","R","M","M","$","M","NM","T","?","R","M","M","R","?","E"],"items_purchased_type":["Card","Card"],"build_version":"2020-12-22","purchased_purges":0,"victory":false,"max_hp_per_floor":[99,99,99,99,99,99,99,99,99,99,99,100,101,102,103,104,104,104,104,104,106,108,110,110,112,112,114,116,116,116,118,118,118],"card_choices":[{"not_picked":["champ:FlashCut","champ:CrownThrow"],"picked":"champ:IronFortress","floor":2.0},{"not_picked":["champ:FocusedBerserking","champ:BringItOn"],"picked":"champ:ArenaPreparation","floor":4.0},{"not_picked":["champ:IgnorePain","champ:RageSigil"],"picked":"champ:PreciseThrust","floor":6.0},{"not_picked":["champ:Haymaker","champ:HeavySlash"],"picked":"champ:FlashCut","floor":8.0},{"not_picked":["champ:HeartStrike","champ:ViciousMockery"],"picked":"champ:TornadoPunch","floor":10.0},{"not_picked":["champ:SetATrap","champ:BerserkersShout"],"picked":"champ:StanceDance","floor":12.0},{"not_picked":["champ:AdrenalArmor","champ:CrownThrow"],"picked":"champ:DefensiveShout","floor":13.0},{"not_picked":["champ:StanceDance","champ:AdrenalArmor"],"picked":"champ:VampiricStrike","floor":14.0},{"not_picked":["champ:HeartStrike","champ:CrownThrow"],"picked":"champ:IronFortress","floor":15.0},{"not_picked":["champ:UltimateStance","champ:IgnorePain"],"picked":"champ:GladiatorForm","floor":16.0},{"not_picked":["champ:Backstep+1","champ:CrownThrow"],"picked":"champ:FlashCut","floor":19.0},{"not_picked":["champ:Backstep","champ:BerserkersShout"],"picked":"champ:BerserkerStyle","floor":20.0},{"not_picked":["champ:FaceSlap","champ:DeathBlow"],"picked":"champ:DefensiveShout+1","floor":21.0},{"not_picked":["champ:GladiatorStyle","champ:TornadoPunch"],"picked":"champ:PreciseThrust","floor":22.0},{"not_picked":["champ:StrikeOfGenius","champ:StanceDance"],"picked":"champ:ShieldSlam","floor":23.0},{"not_picked":["champ:BerserkersShout","champ:CrownThrow"],"picked":"champ:Circumvent","floor":25.0},{"not_picked":["champ:Lariat","champ:ViciousMockery"],"picked":"champ:BerserkerStyle+1","floor":27},{"not_picked":["champ:ArenaPreparation","champ:BerserkersShout+1","champ:PerfectedStrike+1"],"picked":"SKIP","floor":28}],"player_experience":2735583,"relics_obtained":[{"floor":6.0,"key":"infinitespire:BottledMercury"},{"floor":7.0,"key":"Eternal Feather"},{"floor":14.0,"key":"PreservedInsect"},{"floor":23.0,"key":"champ:DefensiveTrainingManual"},{"floor":24.0,"key":"Ice Cream"}],"event_choices":[],"is_beta":false,"boss_relics":[{"not_picked":["Black Star","hubris:CrackedHourglass"],"picked":"champ:ChampionCrownUpgraded"}],"items_purged_floors":[],"is_endless":false,"potions_floor_spawned":[6,8,14,15,16,25,27],"killed_by":"Gremlin Leader","ascension_level":1}}