{"host":"dn6kke80v5f7isus","time":1612679458,"event":{"mods":["AchievementEnabler","Act Like it!","BaseMod","Colored Powertips","Custom Start","Defuse TimeMaze Blight","Energized Spire","Gremlin Skip","Highlight Path","Hubris","Infinite Spire","Marisa????????","Minty Spire (QoL Compilation)","Rare Cards Sparkle","Reliquary","Replay The Spire","StSLib","The Servant 0.9.4","Uncapped","Unceasing Turn Reminder"],"gold_per_floor":[117,117,117,117,117,117,145,145,145,158,158,158,158,178,178,297,297,321,337,337,337],"floor_reached":20,"language":"ENG","playtime":555,"items_purged":[],"score":179,"play_id":"d71174ea-9659-4478-a349-2dd01160ed7b","local_time":"20210207013058","is_ascension_mode":true,"campfire_choices":[{"data":"Gash","floor":6,"key":"SMITH"},{"floor":8,"key":"REST"},{"data":"Dualcast","floor":12,"key":"SMITH"},{"data":"Strike_B","floor":15,"key":"SMITH"}],"circlet_count":0,"master_deck":["Strike_B","Strike_B","Strike_B","Strike_B+1","Defend_B","Defend_B+1","Defend_B","Defend_B","Zap+1","Dualcast+1","Gash+1","Seek","FTL"],"relics":["Ring of the Snake","Boot","Regal Pillow","infinitespire:Cubic Diamond","Replay:Mystery Machine","reliquary:PartyBalloon","BranchBurnRelic","Eternal Feather","Golden Idol","reliquary:Buckler"],"acts_visited":["Exordium","TheCity"],"potions_floor_usage":[7],"damage_taken":[{"damage":0,"enemies":"Cultist","floor":1,"turns":3},{"damage":29,"enemies":"Lagavulin","floor":7,"turns":9},{"damage":5,"enemies":"Jaw Worm","floor":10,"turns":4},{"damage":0,"enemies":"2 Louse","floor":14,"turns":2},{"damage":44,"enemies":"The Guardian","floor":16,"turns":13},{"damage":18,"enemies":"3 Byrds","floor":18,"turns":6},{"damage":16,"enemies":"Spheric Guardian","floor":19,"turns":4},{"damage":0,"enemies":"Cultist and Chosen","floor":20,"turns":1}],"seed_played":"7373139994508867960","potions_obtained":[{"floor":1,"key":"Block Potion"},{"floor":7,"key":"SmokeBomb"},{"floor":16,"key":"Elixir"},{"floor":18,"key":"Strength Potion"}],"is_trial":false,"path_per_floor":["M","T","?","T","?","R","E","R","T","M","?","R","?","M","R","B",null,"M","M","M"],"character_chosen":"DEFECT","items_purchased":[],"campfire_rested":1,"item_purchase_floors":[],"current_hp_per_floor":[75,75,75,75,57,57,28,65,65,71,53,59,59,64,70,32,75,57,41,41,41],"gold":337,"neow_bonus":"RANDOM_COMMON_RELIC","is_daily":false,"chose_seed":false,"campfire_upgraded":3,"win_rate":0.0,"timestamp":1612679458,"path_taken":["M","?","?","?","?","R","E","R","T","M","?","R","?","M","R","BOSS","M","M","?"],"items_purchased_type":[],"build_version":"2020-12-22","purchased_purges":0,"victory":false,"max_hp_per_floor":[75,75,75,75,75,75,75,75,75,75,75,75,75,75,75,75,75,75,75,75,75],"card_choices":[{"not_picked":["Chill","Reinforced Body"],"picked":"Gash","floor":1},{"not_picked":["Coolheaded","BasicCrystalCard","Storm"],"picked":"SKIP","floor":7},{"not_picked":["Sweeping Beam","Cold Snap","Ball Lightning"],"picked":"SKIP","floor":10},{"not_picked":["Loop","Crystallizer","Cold Snap"],"picked":"SKIP","floor":14},{"not_picked":["ReplayRNGCard","hubris:DoWhile"],"picked":"Seek","floor":16},{"not_picked":["FIFO Queue","Ball Lightning"],"picked":"FTL","floor":18},{"not_picked":["Coolheaded","Compile Driver","Steam"],"picked":"SKIP","floor":19}],"player_experience":428373,"relics_obtained":[{"floor":2,"key":"Regal Pillow"},{"floor":4,"key":"Replay:Mystery Machine"},{"floor":7,"key":"Dead Branch"},{"floor":9,"key":"Eternal Feather"}],"event_choices":[{"damage_healed":0,"gold_gain":0,"player_choice":"Success","damage_taken":18,"relics_obtained":["reliquary:PartyBalloon"],"max_hp_gain":0,"max_hp_loss":0,"event_name":"Scrap Ooze","floor":5,"gold_loss":0},{"damage_healed":0,"gold_gain":0,"player_choice":"Take Damage","damage_taken":18,"relics_obtained":["Golden Idol"],"max_hp_gain":0,"max_hp_loss":0,"event_name":"Golden Idol","floor":11,"gold_loss":0},{"damage_healed":0,"gold_gain":0,"player_choice":"Gave Potion","damage_taken":0,"relics_obtained":["reliquary:Buckler"],"max_hp_gain":0,"max_hp_loss":0,"event_name":"WeMeetAgain","floor":13,"gold_loss":0}],"is_beta":false,"boss_relics":[{"not_picked":["hubris:CrackedHourglass","hubris:GrandSneckoEye","energizedSpire:OgreHead"]}],"items_purged_floors":[],"is_endless":false,"potions_floor_spawned":[1,7,16,18],"killed_by":"Cultist and Chosen","ascension_level":1}}