{"host":"q5twaoo3ngmfp14g","time":1612741190,"event":{"mods":["AchievementEnabler","BaseMod","Minty Spire (QoL Compilation)","Relic Stats","StSLib"],"gold_per_floor":[111,30,42,42,0,0,27,177,227,253,265,190,224,239,239,316,316,334,345,395,395,101,101,101],"floor_reached":23,"language":"ENG","playtime":707,"items_purged":[],"score":464,"play_id":"b308670f-5e9b-4c25-8c59-e0e648343b85","local_time":"20210208003950","is_ascension_mode":true,"campfire_choices":[{"data":"Glacier","floor":6.0,"key":"SMITH"},{"data":"Buffer","floor":15.0,"key":"SMITH"}],"circlet_count":0,"master_deck":["AscendersBane","Zap","Dualcast","Ball Lightning","Glacier+1","Capacitor","Chill","Loop","Melter","Ball Lightning","Buffer+1","Conserve Battery","Hyperbeam","Capacitor","Lockon","Buffer","Darkness","Fission","Hologram","Capacitor","Rebound","Leap","Turbo","Blizzard","Conserve Battery"],"relics":["Cracked Core","NeowsBlessing","Du-Vu Doll","Blue Candle","Juzu Bracelet","Pen Nib","Omamori","Pandora\u0027s Box","Runic Capacitor"],"acts_visited":["Exordium","TheCity"],"potions_floor_usage":[23,23],"damage_taken":[{"damage":0.0,"enemies":"Cultist","floor":1.0,"turns":1.0},{"damage":0.0,"enemies":"Jaw Worm","floor":3.0,"turns":1.0},{"damage":0.0,"enemies":"Gremlin Nob","floor":7.0,"turns":1.0},{"damage":7.0,"enemies":"3 Sentries","floor":10.0,"turns":8.0},{"damage":1.0,"enemies":"Small Slimes","floor":11.0,"turns":4.0},{"damage":19.0,"enemies":"Lagavulin","floor":13.0,"turns":7.0},{"damage":0.0,"enemies":"Looter","floor":14.0,"turns":2.0},{"damage":29.0,"enemies":"The Guardian","floor":16.0,"turns":13.0},{"damage":0.0,"enemies":"Spheric Guardian","floor":18.0,"turns":3.0},{"damage":26.0,"enemies":"2 Thieves","floor":19.0,"turns":4.0},{"damage":31,"enemies":"Book of Stabbing","floor":23,"turns":5}],"seed_played":"5178088333745363108","potions_obtained":[{"floor":3.0,"key":"Energy Potion"},{"floor":11.0,"key":"SpeedPotion"},{"floor":14.0,"key":"PowerPotion"},{"floor":16.0,"key":"Swift Potion"}],"is_trial":false,"path_per_floor":["M","$","M","T","$","R","E","?","T","E","M","?","E","M","R","B",null,"M","M","?","?","$","E"],"character_chosen":"DEFECT","items_purchased":["Glacier","Chill","Runic Capacitor","Blizzard","Conserve Battery"],"campfire_rested":0,"item_purchase_floors":[2,5,22,22,22],"current_hp_per_floor":[64,64,64,64,64,64,64,64,64,57,56,56,37,37,37,8,55,55,29,29,29,29,0,0],"gold":101,"neow_bonus":"THREE_ENEMY_KILL","is_daily":false,"chose_seed":false,"campfire_upgraded":2,"win_rate":0.0,"timestamp":1612741190,"path_taken":["M","$","M","?","$","R","E","?","T","E","M","?","E","M","R","BOSS","M","M","?","?","$","E"],"items_purchased_type":["Card","Card","Relic","Card","Card"],"build_version":"2020-12-22","purchased_purges":0,"victory":false,"max_hp_per_floor":[71,71,71,71,71,71,71,71,71,71,71,71,71,71,71,71,71,71,71,71,71,71,71,71],"relic_stats":{"counters":[11,49],"Blue Candle":[2],"Pandora\u0027s Box":["Capacitor","Lockon","Buffer","Darkness","Fission","Hologram","Capacitor","Rebound"],"Pen Nib":[3],"Juzu Bracelet":0,"obtain_stats":[{"Du-Vu Doll":4,"NeowsBlessing":0,"Blue Candle":7,"Pandora\u0027s Box":17,"Pen Nib":10,"Juzu Bracelet":9,"Omamori":13,"Runic Capacitor":22,"Cracked Core":0},{"Du-Vu Doll":2,"NeowsBlessing":0,"Blue Candle":3,"Pandora\u0027s Box":8,"Pen Nib":4,"Juzu Bracelet":3,"Omamori":6,"Runic Capacitor":10,"Cracked Core":0},{"Du-Vu Doll":2,"NeowsBlessing":0,"Blue Candle":3,"Pandora\u0027s Box":37,"Pen Nib":11,"Juzu Bracelet":3,"Omamori":22,"Runic Capacitor":44,"Cracked Core":0}]},"card_choices":[{"not_picked":["Barrage","White Noise"],"picked":"Ball Lightning","floor":1.0},{"not_picked":["Gash","Conserve Battery"],"picked":"Capacitor","floor":3.0},{"not_picked":["Auto Shields","Recycle"],"picked":"Loop","floor":7.0},{"not_picked":["Creative AI","Steam"],"picked":"Melter","floor":10.0},{"not_picked":["Conserve Battery","Storm"],"picked":"Ball Lightning","floor":11.0},{"not_picked":["Redo","Blizzard"],"picked":"Buffer","floor":13.0},{"not_picked":["Tempest","Turbo"],"picked":"Conserve Battery","floor":14.0},{"not_picked":["Meteor Strike","Biased Cognition"],"picked":"Hyperbeam","floor":16.0},{"not_picked":["FTL","Stack"],"picked":"Leap","floor":18.0},{"not_picked":["BootSequence","Sweeping Beam"],"picked":"Turbo","floor":19.0}],"player_experience":819506,"relics_obtained":[{"floor":4.0,"key":"Du-Vu Doll"},{"floor":7.0,"key":"Blue Candle"},{"floor":9.0,"key":"Juzu Bracelet"},{"floor":10.0,"key":"Pen Nib"},{"floor":13.0,"key":"Omamori"}],"event_choices":[{"damage_healed":0.0,"max_hp_gain":0.0,"max_hp_loss":0.0,"gold_gain":150.0,"event_name":"Liars Game","player_choice":"AGREE","floor":8.0,"gold_loss":0.0,"damage_taken":0.0,"cards_obtained":["Doubt"]},{"cards_removed":["Doubt"],"damage_healed":0.0,"max_hp_gain":0.0,"max_hp_loss":0.0,"gold_gain":0.0,"event_name":"The Cleric","player_choice":"Card Removal","floor":12.0,"gold_loss":75.0,"damage_taken":0.0},{"damage_healed":0.0,"max_hp_gain":0.0,"max_hp_loss":0.0,"gold_gain":50.0,"event_name":"Nest","player_choice":"Stole From Cult","floor":20.0,"gold_loss":0.0,"damage_taken":0.0},{"damage_healed":0.0,"max_hp_gain":0.0,"max_hp_loss":0.0,"gold_gain":0.0,"event_name":"Forgotten Altar","player_choice":"Smashed Altar","floor":21.0,"gold_loss":0.0,"damage_taken":0.0,"cards_obtained":["Decay"]}],"is_beta":false,"boss_relics":[{"not_picked":["Ectoplasm","Runic Dome"],"picked":"Pandora\u0027s Box"}],"items_purged_floors":[],"is_endless":false,"potions_floor_spawned":[3,11,14,16,19],"killed_by":"Book of Stabbing","ascension_level":20}}