{"host":"BK","time":1612681481,"event":{"mods":["BaseMod","Highlight Path","Minty Spire (QoL Compilation)","StSLib"],"gold_per_floor":[99,99,99,99,99,99,99,99,99,99,99,99,99,99,99,99,99,99,14,14,14,14,14,14,14,14,14,14,14,14,14,14,14,14,14,14,14,14,14,14,14,14,14,14,14,14,14,14,14,14,14],"floor_reached":50,"language":"ENG","playtime":4148,"items_purged":[],"score":1019,"play_id":"c14e0ffc-9cba-4bdf-9c94-1b5741693822","local_time":"20210207000441","is_ascension_mode":true,"campfire_choices":[{"data":"EmptyFist","floor":6,"key":"SMITH"},{"data":"Scrawl","floor":8,"key":"SMITH"},{"data":"Worship","floor":13,"key":"SMITH"},{"floor":15,"key":"REST"},{"floor":23,"key":"REST"},{"data":"Ghostly","floor":25,"key":"SMITH"},{"data":"Ghostly","floor":32,"key":"SMITH"},{"floor":41,"key":"REST"},{"floor":46,"key":"REST"},{"floor":49,"key":"REST"}],"circlet_count":0,"master_deck":["AscendersBane","Strike_P","Strike_P","Defend_P","Defend_P","Defend_P","Defend_P","Eruption","Vigilance","FearNoEvil","EmptyFist+1","ThirdEye","Scrawl+1","Worship+1","Brilliance","CurseOfTheBell","MentalFortress+1","ThirdEye","Wireheading+1","WheelKick+1","Ghostly+1","Ghostly+1","Ghostly","Weave+1","Protect","MentalFortress+1","MentalFortress+1","ClearTheMind+1","Brilliance+1","Prostrate","Wireheading+1","Prostrate","TalkToTheHand+1","EmptyMind","Weave+1","FlurryOfBlows+1","Perseverance+1","WaveOfTheHand","MentalFortress+1","ClearTheMind+1"],"relics":["Ectoplasm","Letter Opener","Frozen Egg 2","Kunai","Calling Bell","Art of War","Question Card","Prayer Wheel","Molten Egg 2","InkBottle","Empty Cage","Shovel","Vajra","White Beast Statue","Regal Pillow"],"acts_visited":["Exordium","TheCity","TheBeyond"],"potions_floor_usage":[16,37,42,42,44,50,50],"damage_taken":[{"damage":0,"enemies":"Cultist","floor":1,"turns":3},{"damage":9,"enemies":"Small Slimes","floor":3,"turns":3},{"damage":2,"enemies":"Jaw Worm","floor":5,"turns":6},{"damage":0,"enemies":"Lots of Slimes","floor":7,"turns":4},{"damage":17,"enemies":"Lagavulin","floor":10,"turns":7},{"damage":0,"enemies":"Exordium Wildlife","floor":12,"turns":2},{"damage":4,"enemies":"3 Louse","floor":14,"turns":3},{"damage":16,"enemies":"The Guardian","floor":16,"turns":13},{"damage":41,"enemies":"3 Byrds","floor":18,"turns":7},{"damage":1,"enemies":"Spheric Guardian","floor":21,"turns":4},{"damage":1,"enemies":"Centurion and Healer","floor":28,"turns":6},{"damage":1,"enemies":"Sentry and Sphere","floor":30,"turns":6},{"damage":7,"enemies":"Snake Plant","floor":31,"turns":4},{"damage":20,"enemies":"Automaton","floor":33,"turns":12},{"damage":0,"enemies":"3 Shapes","floor":35,"turns":4},{"damage":20,"enemies":"3 Darklings","floor":37,"turns":5},{"damage":0,"enemies":"Mind Bloom Boss Battle","floor":38,"turns":8},{"damage":0,"enemies":"Sphere and 2 Shapes","floor":40,"turns":4},{"damage":6,"enemies":"Giant Head","floor":42,"turns":8},{"damage":0,"enemies":"Spire Growth","floor":44,"turns":6},{"damage":17,"enemies":"Jaw Worm Horde","floor":48,"turns":4},{"damage":44,"enemies":"Donu and Deca","floor":50,"turns":6}],"seed_played":"7739664098008560249","potions_obtained":[{"floor":5,"key":"Dexterity Potion"},{"floor":12,"key":"Explosive Potion"},{"floor":21,"key":"SneckoOil"},{"floor":33,"key":"LiquidMemories"},{"floor":37,"key":"FearPotion"},{"floor":42,"key":"SkillPotion"},{"floor":44,"key":"Fire Potion"},{"floor":48,"key":"LiquidBronze"}],"is_trial":false,"path_per_floor":["M","?","M","?","M","R","M","R","T","E","T","M","R","M","R","B",null,"M","?","?","M","?","R","?","R","T","$","M","?","M","M","R","B",null,"M","?","M","?","T","M","R","E","T","M","$","R","?","M","R","B"],"character_chosen":"WATCHER","items_purchased":[],"campfire_rested":5,"item_purchase_floors":[],"current_hp_per_floor":[61,61,52,52,50,50,50,50,50,33,33,33,33,29,47,31,54,13,13,13,12,12,30,30,30,30,30,29,29,28,21,21,1,24,24,24,4,4,4,4,13,7,7,7,7,31,31,14,31,0,0],"gold":14,"neow_bonus":"BOSS_RELIC","is_daily":false,"chose_seed":false,"campfire_upgraded":5,"win_rate":0.0,"timestamp":1612681481,"path_taken":["M","?","M","?","M","R","M","R","T","E","?","?","R","M","R","BOSS","M","?","?","?","?","R","?","R","T","?","M","?","M","M","R","BOSS","M","?","M","?","?","M","R","E","T","M","$","R","?","M","R","BOSS"],"items_purchased_type":[],"build_version":"2020-12-18","purchased_purges":0,"victory":false,"max_hp_per_floor":[68,68,68,62,62,62,62,62,62,62,62,62,62,62,62,62,62,62,62,62,62,62,62,31,31,31,31,31,31,31,31,31,31,31,31,31,31,31,31,31,31,31,31,31,31,31,31,31,31,31,31],"card_choices":[{"not_picked":["PathToVictory","ThirdEye"],"picked":"FearNoEvil","floor":1},{"not_picked":["WaveOfTheHand","Consecrate"],"picked":"EmptyFist","floor":3},{"not_picked":["Prostrate","FollowUp"],"picked":"ThirdEye","floor":5},{"not_picked":["FlyingSleeves","Meditate"],"picked":"Scrawl","floor":7},{"not_picked":["EmptyFist","Consecrate","CrushJoints"],"picked":"SKIP","floor":10},{"not_picked":["SashWhip","Evaluate"],"picked":"Worship","floor":12},{"not_picked":["WreathOfFlame","Consecrate","CrushJoints"],"picked":"SKIP","floor":14},{"not_picked":["Establishment+1","Judgement"],"picked":"Brilliance","floor":16},{"not_picked":["Crescendo","TalkToTheHand","PathToVictory"],"picked":"MentalFortress+1","floor":18},{"not_picked":["BowlingBash","Swivel","FlyingSleeves"],"picked":"ThirdEye","floor":18},{"not_picked":["FollowUp+1","Fasting2+1","FearNoEvil+1"],"picked":"Wireheading+1","floor":21},{"not_picked":["ForeignInfluence","Evaluate","Nirvana+1"],"picked":"WheelKick+1","floor":21},{"not_picked":["ThirdEye","Crescendo","FollowUp+1"],"picked":"Weave+1","floor":28},{"not_picked":["WindmillStrike+1","Halt","ThirdEye","Crescendo"],"picked":"SKIP","floor":28},{"not_picked":["MasterReality+1","Prostrate","Vengeance"],"picked":"Protect","floor":30},{"not_picked":["CutThroughFate+1","Crescendo","ClearTheMind"],"picked":"MentalFortress+1","floor":30},{"not_picked":["Blasphemy","Halt","Evaluate"],"picked":"MentalFortress+1","floor":31},{"not_picked":["Halt+1","CutThroughFate+1","Consecrate+1"],"picked":"ClearTheMind+1","floor":31},{"not_picked":["Alpha","ConjureBlade","Ragnarok+1"],"picked":"Brilliance+1","floor":33},{"not_picked":["FollowUp+1","FlyingSleeves+1","CarveReality+1"],"picked":"Prostrate","floor":35},{"not_picked":["Consecrate+1","SandsOfTime+1","ClearTheMind"],"picked":"Wireheading+1","floor":35},{"not_picked":["FollowUp+1","CrushJoints+1","PathToVictory"],"picked":"Prostrate","floor":37},{"not_picked":["JustLucky+1","FollowUp+1","Consecrate+1"],"picked":"TalkToTheHand+1","floor":37},{"not_picked":["BowlingBash+1","Crescendo","Vengeance"],"picked":"EmptyMind","floor":38},{"not_picked":["Consecrate+1","EmptyFist+1","ConjureBlade"],"picked":"Weave+1","floor":40},{"not_picked":["JustLucky+1","Collect","ClearTheMind"],"picked":"FlurryOfBlows+1","floor":40},{"not_picked":["EmptyMind","FearNoEvil+1","BattleHymn+1"],"picked":"Perseverance+1","floor":42},{"not_picked":["ThirdEye+1","Wireheading+1","PathToVictory","BowlingBash+1"],"picked":"SKIP","floor":44},{"not_picked":["FlurryOfBlows+1","CrushJoints+1","WaveOfTheHand","FollowUp+1"],"picked":"SKIP","floor":44},{"not_picked":["FlurryOfBlows+1","CrushJoints+1","FollowUp+1"],"picked":"WaveOfTheHand","floor":44},{"not_picked":["ThirdEye+1","Wireheading+1","PathToVictory","BowlingBash+1"],"picked":"SKIP","floor":44},{"not_picked":["CarveReality+1","Sanctity+1","Indignation"],"picked":"MentalFortress+1","floor":48},{"not_picked":["ClearTheMind+1","Evaluate","WaveOfTheHand+1","FlurryOfBlows+1"],"picked":"SKIP","floor":48},{"not_picked":["Evaluate","WaveOfTheHand+1","FlurryOfBlows+1"],"picked":"ClearTheMind+1","floor":48}],"player_experience":2516550,"relics_obtained":[{"floor":9,"key":"Letter Opener"},{"floor":10,"key":"Frozen Egg 2"},{"floor":11,"key":"Kunai"},{"floor":17,"key":"Art of War"},{"floor":17,"key":"Question Card"},{"floor":17,"key":"Prayer Wheel"},{"floor":26,"key":"InkBottle"},{"floor":38,"key":"Shovel"},{"floor":39,"key":"Vajra"},{"floor":42,"key":"White Beast Statue"},{"floor":43,"key":"Regal Pillow"}],"event_choices":[{"damage_healed":0,"gold_gain":0,"player_choice":"Ignored","damage_taken":0,"max_hp_gain":0,"max_hp_loss":0,"event_name":"Liars Game","floor":2,"gold_loss":0},{"damage_healed":0,"gold_gain":0,"player_choice":"Lose Max HP","damage_taken":0,"relics_obtained":["Golden Idol"],"max_hp_gain":0,"max_hp_loss":6,"event_name":"Golden Idol","floor":4,"gold_loss":0},{"damage_healed":0,"gold_gain":0,"player_choice":"Obtained Relic","damage_taken":0,"relics_obtained":["Molten Egg 2"],"max_hp_gain":0,"max_hp_loss":0,"event_name":"Addict","floor":19,"gold_loss":85},{"damage_healed":0,"gold_gain":0,"player_choice":"Ignored","damage_taken":0,"max_hp_gain":0,"max_hp_loss":0,"event_name":"Cursed Tome","floor":20,"gold_loss":0},{"damage_healed":0,"gold_gain":0,"player_choice":"Ignored","damage_taken":0,"max_hp_gain":0,"max_hp_loss":0,"event_name":"The Mausoleum","floor":22,"gold_loss":0},{"damage_healed":0,"gold_gain":0,"player_choice":"Became a Ghost","damage_taken":0,"max_hp_gain":0,"max_hp_loss":31,"event_name":"Ghosts","floor":24,"gold_loss":0,"cards_obtained":["Ghostly","Ghostly","Ghostly"]},{"damage_healed":0,"gold_gain":50,"player_choice":"Stole From Cult","damage_taken":0,"max_hp_gain":0,"max_hp_loss":0,"event_name":"Nest","floor":29,"gold_loss":0},{"damage_healed":0,"gold_gain":0,"player_choice":"Memory 1","damage_taken":0,"max_hp_gain":0,"max_hp_loss":0,"event_name":"SensoryStone","floor":36,"gold_loss":0},{"damage_healed":0,"gold_gain":0,"player_choice":"Fight","damage_taken":0,"max_hp_gain":0,"max_hp_loss":0,"event_name":"MindBloom","floor":38,"gold_loss":0},{"damage_healed":0,"gold_gain":333,"player_choice":"Gave Idol","damage_taken":0,"max_hp_gain":0,"max_hp_loss":0,"event_name":"The Moai Head","floor":47,"relics_lost":["Golden Idol"],"gold_loss":0}],"is_beta":true,"boss_relics":[{"not_picked":["Velvet Choker","Busted Crown"],"picked":"Calling Bell"},{"not_picked":["Runic Dome","Sozu"],"picked":"Empty Cage"}],"items_purged_floors":[],"is_endless":false,"potions_floor_spawned":[5,12,21,33,37,42,44,48],"killed_by":"Donu and Deca","ascension_level":20}}