{"host":"mq3ujo75gqb6jwby","time":1612735857,"event":{"mods":["BaseMod","BetterRewards","Colored Map","Downfall","Minty Spire (QoL Compilation)","Permanent Neow","Quick Restart","Relic Stats","StSLib","everything is the same but u backflip on backflip"],"gold_per_floor":[0,0,0,14,26,55,124,159,175,194,194,212,112,126,146,248,248,248,260,360,360,378,408,479,494,310,310,320,346,246,71,85,188,188,188,125,145,159,178,204,204,216,116,116,129,129,129,179,189,189,189,218,36,36,36,36],"floor_reached":57,"language":"ENG","playtime":3754,"items_purged":["Guardian:VentSteam","Guardian:Defend_Guardian","expansioncontent:YouAreMine"],"score":1436,"play_id":"8c9aa262-a07b-48a0-8622-cbc561a24293","local_time":"20210207231057","is_ascension_mode":false,"campfire_choices":[{"data":"Guardian:TwinSlam","floor":1,"key":"SMITH"},{"floor":11,"key":"RECALL"},{"data":"Guardian:BodySlam","floor":13,"key":"SMITH"},{"data":"Guardian:CrystalBeam","floor":18,"key":"SMITH"},{"data":"Guardian:BodySlam","floor":30,"key":"SMITH"},{"data":"Guardian:BaubleBeam","floor":35,"key":"SMITH"},{"data":"expansioncontent:DashGenerateEvil","floor":43,"key":"SMITH"},{"data":"Guardian:CurlUp","floor":47,"key":"SMITH"},{"data":"Guardian:RollAttack","floor":54,"key":"SMITH"}],"circlet_count":0,"master_deck":["Guardian:Strike_Guardian+1","Guardian:Defend_Guardian+1","Guardian:Defend_Guardian","Guardian:CurlUp+1","Guardian:TwinSlam+1","Guardian:CrystalBeam+1","Guardian:VentSteam","Guardian:CrystalBeam+1","Guardian:BronzeOrb","Guardian:BodySlam+1","Guardian:EvasiveProtocol+1","Guardian:Reroute","Guardian:ShieldSpikes+1","Guardian:EvasiveProtocol+1","Guardian:BodySlam+1","Guardian:Repulse+1","Guardian:RollAttack+1","Deep Breath+1","expansioncontent:DashGenerateEvil+1","Guardian:BaubleBeam+1","Guardian:PrismaticBeam+1","Guardian:BodySlam+1","Guardian:ArmoredProtocol+1"],"relics":["Guardian:ModeShifterPlus","White Beast Statue","StoneCalendar","Frozen Egg 2","Whetstone","downfall:HeartBlessingRed","Philosopher\u0027s Stone","MutagenicStrength","Blue Candle","Anchor","Bottled Tornado","Toxic Egg 2","downfall:HeartBlessingGreen","Membership Card","Bag of Marbles","Potion Belt","downfall:HeartBlessingBlue","Gambling Chip","Letter Opener","DollysMirror","Nunchaku"],"acts_visited":["Exordium","TheCity","TheBeyond","TheEnding"],"potions_floor_usage":[6,8,8,10,14,16,16,19,20,23,26,29,29,29,31,33,55,55,55,55,56],"damage_taken":[{"damage":0,"enemies":"Small Slimes","floor":4,"turns":3},{"damage":6,"enemies":"Jaw Worm","floor":5,"turns":5},{"damage":14,"enemies":"3 Sentries","floor":6,"turns":10},{"damage":0,"enemies":"Lagavulin","floor":8,"turns":7},{"damage":5,"enemies":"2 Louse","floor":9,"turns":2},{"damage":17,"enemies":"Exordium Wildlife","floor":10,"turns":3},{"damage":0,"enemies":"Lots of Slimes","floor":12,"turns":4},{"damage":3,"enemies":"Red Slaver","floor":14,"turns":1},{"damage":0,"enemies":"3 Louse","floor":15,"turns":2},{"damage":10,"enemies":"IC_STATUS_ARCHETYPE","floor":16,"turns":6},{"damage":0,"enemies":"Shell Parasite","floor":19,"turns":3},{"damage":7,"enemies":"downfall:Augmenter","floor":20,"turns":5},{"damage":3,"enemies":"Spheric Guardian","floor":22,"turns":3},{"damage":15,"enemies":"Slavers","floor":23,"turns":3},{"damage":0,"enemies":"Snake Plant","floor":25,"turns":2},{"damage":3,"enemies":"downfall:FleeingMerchant","floor":26,"turns":4},{"damage":0,"enemies":"Cultist and Chosen","floor":28,"turns":3},{"damage":0,"enemies":"Gremlin Leader","floor":29,"turns":2},{"damage":0,"enemies":"downfall:FleeingMerchant","floor":31,"turns":4},{"damage":11,"enemies":"Shelled Parasite and Fungi","floor":32,"turns":5},{"damage":0,"enemies":"WA_ARCHETYPE_CALM","floor":33,"turns":5},{"damage":0,"enemies":"3 Shapes","floor":37,"turns":2},{"damage":0,"enemies":"Orb Walker","floor":38,"turns":2},{"damage":0,"enemies":"4 Shapes","floor":39,"turns":2},{"damage":0,"enemies":"Giant Head","floor":40,"turns":3},{"damage":0,"enemies":"Writhing Mass","floor":42,"turns":2},{"damage":0,"enemies":"Sphere and 2 Shapes","floor":45,"turns":3},{"damage":0,"enemies":"Sphere and 2 Shapes","floor":48,"turns":3},{"damage":0,"enemies":"3 Darklings","floor":49,"turns":4},{"damage":0,"enemies":"DF_ARCHETYPE_ORBS","floor":50,"turns":4},{"damage":0,"enemies":"downfall:CharBossMerchant","floor":52,"turns":4},{"damage":1,"enemies":"downfall:NeowBoss","floor":55,"turns":6},{"damage":8,"enemies":"downfall:NeowBossFinal","floor":56,"turns":8}],"seed_played":"-1507529200908236656","potions_obtained":[{"floor":4,"key":"Weak Potion"},{"floor":5,"key":"DistilledChaos"},{"floor":6,"key":"Guardian:DefensiveModePotion"},{"floor":8,"key":"champ:CounterPotion"},{"floor":9,"key":"ColorlessPotion"},{"floor":10,"key":"LiquidMemories"},{"floor":12,"key":"Weak Potion"},{"floor":14,"key":"Slimebound:ThreeZeroPotion"},{"floor":16,"key":"Block Potion"},{"floor":19,"key":"BlessingOfTheForge"},{"floor":20,"key":"ColorlessPotion"},{"floor":22,"key":"Fruit Juice"},{"floor":23,"key":"champ:CounterPotion"},{"floor":25,"key":"Dexterity Potion"},{"floor":26,"key":"EssenceOfSteel"},{"floor":29,"key":"LiquidMemories"},{"floor":31,"key":"Regen Potion"},{"floor":32,"key":"Dexterity Potion"},{"floor":33,"key":"Strength Potion"},{"floor":37,"key":"DistilledChaos"},{"floor":39,"key":"GamblersBrew"},{"floor":40,"key":"GamblersBrew"},{"floor":42,"key":"Fire Potion"},{"floor":45,"key":"PowerPotion"},{"floor":48,"key":"Energy Potion"},{"floor":52,"key":"DistilledChaos"}],"is_trial":false,"path_per_floor":["R","?","T","M","M","E","T","E","M","M","R","M","R","M","M","B",null,"R","M","?","?","M","E","T","M","$","?","M","E","R","$","M","B",null,"R","$","M","M","M","E","T","M","R","?","M","?","R","?","M","B",null,"E","$","R","B","B",null],"character_chosen":"GUARDIAN","items_purchased":["expansioncontent:YouAreMine","Guardian:Repulse+1","Membership Card","Bag of Marbles","Guardian:RollAttack","Guardian:Gem_Cyan","Deep Breath+1","expansioncontent:DashGenerateEvil","DollysMirror","Guardian:ArmoredProtocol+1","Nunchaku"],"campfire_rested":0,"item_purchase_floors":[26,31,31,31,31,31,31,31,53,53,53],"current_hp_per_floor":[80,80,80,80,74,60,60,60,55,38,38,38,38,35,35,25,80,80,80,73,68,65,50,50,50,52,52,52,52,52,52,41,41,85,85,85,85,85,85,85,85,85,95,87,87,87,87,87,87,87,95,95,95,95,94,86],"gold":36,"neow_bonus":"REMOVE_TWO","is_daily":false,"chose_seed":false,"campfire_upgraded":8,"win_rate":0.0,"timestamp":1612735857,"path_taken":["R","?","?","M","M","E","T","E","M","M","R","M","R","?","M","BOSS","R","M","?","?","M","E","T","M","$","?","?","E","R","?","M","BOSS","R","$","M","M","M","E","T","M","R","?","?","?","R","?","M","BOSS","E","$","R","BOSS","BOSS"],"items_purchased_type":["Card","Card","Relic","Relic","Card","Card","Card","Card","Relic","Card","Relic"],"build_version":"2020-12-22","purchased_purges":3,"victory":true,"max_hp_per_floor":[80,80,80,80,80,80,80,80,80,80,80,80,80,80,80,80,80,80,80,80,80,80,80,80,80,85,85,85,85,85,85,85,85,85,85,85,85,85,85,85,85,85,95,95,95,95,95,95,95,95,95,95,95,95,95,95],"relic_stats":{"Nunchaku":[3],"counters":[33,125],"Blue Candle":[4],"Gambling Chip":[11],"StoneCalendar":[95],"Whetstone":["Guardian:CrystalBeam","Guardian:Strike_Guardian"],"Letter Opener":[15],"obtain_stats":[{"Potion Belt":40,"downfall:HeartBlessingRed":13,"Guardian:ModeShifterPlus":34,"Blue Candle":21,"Guardian:ModeShifter":0,"StoneCalendar":6,"downfall:HeartBlessingGreen":30,"Whetstone":8,"Letter Opener":52,"Frozen Egg 2":7,"Bottled Tornado":24,"White Beast Statue":3,"Anchor":23,"Nunchaku":53,"downfall:BrokenWingStatue":2,"downfall:HeartBlessingBlue":43,"DollysMirror":53,"MutagenicStrength":20,"Gambling Chip":48,"Philosopher\u0027s Stone":17,"Bag of Marbles":31,"Membership Card":31,"Toxic Egg 2":29},{"Potion Belt":25,"downfall:HeartBlessingRed":7,"Guardian:ModeShifterPlus":21,"Blue Candle":12,"Guardian:ModeShifter":0,"StoneCalendar":3,"downfall:HeartBlessingGreen":18,"Whetstone":4,"Letter Opener":31,"Frozen Egg 2":3,"Bottled Tornado":14,"White Beast Statue":0,"Anchor":14,"Nunchaku":31,"downfall:BrokenWingStatue":0,"downfall:HeartBlessingBlue":26,"DollysMirror":31,"MutagenicStrength":12,"Gambling Chip":28,"Philosopher\u0027s Stone":10,"Bag of Marbles":19,"Membership Card":19,"Toxic Egg 2":18},{"Potion Belt":91,"downfall:HeartBlessingRed":34,"Guardian:ModeShifterPlus":82,"Blue Candle":51,"Guardian:ModeShifter":0,"StoneCalendar":18,"downfall:HeartBlessingGreen":68,"Whetstone":25,"Letter Opener":111,"Frozen Egg 2":18,"Bottled Tornado":57,"White Beast Statue":0,"Anchor":57,"Nunchaku":111,"downfall:BrokenWingStatue":0,"downfall:HeartBlessingBlue":93,"DollysMirror":111,"MutagenicStrength":51,"Gambling Chip":99,"Philosopher\u0027s Stone":43,"Bag of Marbles":72,"Membership Card":72,"Toxic Egg 2":68}]},"card_choices":[{"not_picked":["Guardian:ShieldCharger","Guardian:TemporalStrike"],"picked":"Guardian:Gem_Green","floor":4},{"not_picked":["Guardian:Recover","Guardian:Suspension"],"picked":"Guardian:CrystalBeam","floor":5},{"not_picked":["Guardian:Preprogram","Guardian:Gem_Red"],"picked":"Guardian:Gem_Blue","floor":6},{"not_picked":["Guardian:TemporalStrike","Guardian:Recover"],"picked":"Guardian:VentSteam","floor":8},{"not_picked":["Guardian:Gem_Green","Guardian:Gem_Yellow"],"picked":"Guardian:CrystalBeam","floor":9},{"not_picked":["Guardian:Suspension","Guardian:WalkerClaw"],"picked":"Guardian:BronzeOrb","floor":10},{"not_picked":["Guardian:Planning","Guardian:Gem_Lightblue"],"picked":"Guardian:BodySlam","floor":12},{"not_picked":["Guardian:RevengeProtocol+1","Guardian:VentSteam"],"picked":"Guardian:EvasiveProtocol+1","floor":14},{"not_picked":["Guardian:TimeBomb","Guardian:CrystalBeam","Guardian:VentSteam"],"picked":"SKIP","floor":15},{"not_picked":["Guardian:Gem_Synthetic","Guardian:HyperBeam_Guardian"],"picked":"Guardian:Gem_Orange","floor":16},{"not_picked":["Guardian:Suspension","Guardian:PolyBeam"],"picked":"Guardian:Reroute","floor":19},{"not_picked":["Guardian:Gem_Red","Guardian:TemporalShield"],"picked":"Guardian:ShieldSpikes+1","floor":20},{"not_picked":[],"picked":"J.A.X.","floor":20},{"not_picked":["Guardian:ShieldCharger","Guardian:RollAttack+1"],"picked":"Guardian:EvasiveProtocol+1","floor":22},{"not_picked":["Guardian:PiercingHide","Guardian:TimeBomb"],"picked":"Guardian:Gem_Cyan","floor":23},{"not_picked":["Guardian:VentSteam","Guardian:Suspension"],"picked":"Guardian:BodySlam","floor":25},{"not_picked":["Guardian:DecasProtection","Guardian:WalkerClaw","Guardian:BronzeOrb"],"picked":"SKIP","floor":26},{"not_picked":["Guardian:ArmoredProtocol+1","Guardian:RollAttack"],"picked":"Guardian:Gem_Synthetic","floor":28},{"not_picked":["Guardian:VentSteam+1","Guardian:Gem_Red","Guardian:CrystalBeam"],"picked":"SKIP","floor":29},{"not_picked":["Guardian:CrystalBeam","Guardian:Gem_Yellow"],"picked":"Guardian:Gem_White","floor":31},{"not_picked":["Guardian:Gem_Red","Guardian:Harden+1"],"picked":"Guardian:ArmoredProtocol+1","floor":32},{"not_picked":["Guardian:ConstructionForm+1","Guardian:FastForward+1"],"picked":"Guardian:BaubleBeam","floor":33},{"not_picked":["Guardian:GuardianWhirl+1","Guardian:PrimingBeam","Guardian:WalkerClaw+1"],"picked":"SKIP","floor":37},{"not_picked":["Guardian:TimeBomb+1","Guardian:RefractedBeam","Guardian:BronzeOrb"],"picked":"SKIP","floor":38},{"not_picked":["Guardian:PolyBeam+1","Guardian:TimeBomb+1","Guardian:PrimingBeam"],"picked":"SKIP","floor":39},{"not_picked":["Guardian:RefractedBeam+1","Guardian:BronzeArmor+1"],"picked":"Guardian:PrismaticBeam","floor":40},{"not_picked":["Guardian:Planning+1","Guardian:Suspension+1"],"picked":"Guardian:Gem_White","floor":42},{"not_picked":["Guardian:Planning+1","Guardian:Harden+1"],"picked":"Guardian:Gem_Red","floor":45},{"not_picked":["Guardian:GuardianWhirl+1","Guardian:RollAttack+1"],"picked":"Guardian:Gem_White","floor":49},{"not_picked":["Guardian:Preprogram+1","Guardian:DonusPower+1","Guardian:GuardianWhirl+1"],"picked":"SKIP","floor":52}],"player_experience":749804,"relics_obtained":[{"floor":3,"key":"White Beast Statue"},{"floor":6,"key":"StoneCalendar"},{"floor":7,"key":"Frozen Egg 2"},{"floor":8,"key":"Whetstone"},{"floor":20,"key":"MutagenicStrength"},{"floor":23,"key":"Anchor"},{"floor":24,"key":"Bottled Tornado"},{"floor":29,"key":"Toxic Egg 2"},{"floor":40,"key":"Potion Belt"},{"floor":48,"key":"Gambling Chip"},{"floor":52,"key":"Letter Opener"}],"event_choices":[{"cards_removed":["Guardian:ArmoredProtocol"],"damage_healed":0,"gold_gain":0,"player_choice":"Removed Power","damage_taken":0,"max_hp_gain":0,"max_hp_loss":0,"event_name":"Falling","floor":46,"gold_loss":0}],"is_beta":false,"boss_relics":[{"not_picked":["Busted Crown","Tiny House"],"picked":"Philosopher\u0027s Stone"},{"not_picked":["Black Star","Pandora\u0027s Box"],"picked":"Guardian:ModeShifterPlus"}],"items_purged_floors":[26,31,36],"is_endless":false,"potions_floor_spawned":[4,5,6,8,9,10,12,14,15,16,19,20,22,23,25,26,28,29,31,32,33,37,38,39,40,42,45,48,49,52],"ascension_level":0}}