{"host":"0luxfixkkfk9wck3","time":1612720338,"event":{"mods":["BaseMod","DeckTracker","Downfall","Highlight Path","Minty Spire (QoL Compilation)","StSLib"],"gold_per_floor":[99,114,130,145,157,157,157,232,232,246,7,21,31,47,60,159,159,159,178,188,188,203,233,280,180,194,28,28,28,28,63,78,174,174,174,194,209,46,46,46,46,96,127,27,27,37,37,69,69,69],"floor_reached":51,"language":"ENG","playtime":3012,"items_purged":["downfall:Bewildered"],"score":1065,"play_id":"16830577-c845-4e23-b672-a9a2f6c5bfb8","local_time":"20210207115218","is_ascension_mode":true,"campfire_choices":[{"data":"Slimebound:Split","floor":1,"key":"SMITH"},{"data":"Slimebound:LevelUp","floor":6,"key":"SMITH"},{"data":"Slimebound:Schlurp","floor":9,"key":"SMITH"},{"floor":18,"key":"RECALL"},{"floor":25,"key":"REST"},{"data":"Slimebound:DuplicatedForm","floor":30,"key":"SMITH"},{"data":"Slimebound:OneTwoCombo","floor":35,"key":"SMITH"},{"floor":40,"key":"REST"},{"data":"Slimebound:Recycling","floor":44,"key":"SMITH"},{"data":"Slimebound:LevelUp","floor":47,"key":"SMITH"},{"floor":49,"key":"REST"}],"circlet_count":0,"master_deck":["Slimebound:Strike_Slimebound","Slimebound:Strike_Slimebound","Slimebound:Tackle","Slimebound:Defend_Slimebound","Slimebound:Defend_Slimebound","Slimebound:Defend_Slimebound","Slimebound:Defend_Slimebound","Slimebound:Split+1","Slimebound:CorrosiveSpit","Slimebound:Schlurp+1","Slimebound:LivingWall","Slimebound:LevelUp+1","Slimebound:Darklings","Slimebound:LeechingTouch","Slimebound:Dissolve+1","Slimebound:Gluttony","Slimebound:PressTheAttack","Slimebound:Repurpose","Slimebound:LevelUp+1","Slimebound:DuplicatedForm+1","Slimebound:MegaLick","Slimebound:Prepare","Slimebound:LivingWall+1","Slimebound:LevelUp","Slimebound:Nibble+1","Slimebound:OneTwoCombo+1","Slimebound:Prepare","Slimebound:Recycling+1","Slimebound:Prepare+1","Slimebound:SpikyOuterGoop","expansioncontent:Chronoboost","expansioncontent:HyperBeam","Slimebound:Recollect","Slimebound:MassRepurpose+1","Slimebound:Darklings+1"],"relics":["Slimebound:AbsorbEndCombat","Letter Opener","Strange Spoon","Sozu","Calipers","Bag of Marbles","downfall:HeartBlessingRed","War Paint","sneckomod:BabySnecko","FaceOfCleric","Sundial","expansioncontent:StudyCardRelic","Dead Branch","Toxic Egg 2","downfall:HeartBlessingBlue","Pear"],"acts_visited":["Exordium","TheCity","TheBeyond"],"potions_floor_usage":[19,50,50],"damage_taken":[{"damage":13,"enemies":"Small Slimes","floor":2,"turns":4},{"damage":0,"enemies":"Cultist","floor":3,"turns":4},{"damage":0,"enemies":"2 Louse","floor":4,"turns":3},{"damage":10,"enemies":"Exordium Thugs","floor":5,"turns":5},{"damage":0,"enemies":"Blue Slaver","floor":10,"turns":3},{"damage":0,"enemies":"downfall:FleeingMerchant","floor":11,"turns":4},{"damage":2,"enemies":"3 Louse","floor":12,"turns":3},{"damage":18,"enemies":"Large Slime","floor":13,"turns":5},{"damage":0,"enemies":"Exordium Wildlife","floor":14,"turns":4},{"damage":10,"enemies":"Exordium Thugs","floor":15,"turns":3},{"damage":5,"enemies":"SI_SHIV_ARCHETYPE","floor":16,"turns":6},{"damage":10,"enemies":"3 Byrds","floor":19,"turns":4},{"damage":6,"enemies":"Spheric Guardian","floor":20,"turns":3},{"damage":17,"enemies":"Snake Plant","floor":22,"turns":4},{"damage":39,"enemies":"Slavers","floor":23,"turns":5},{"damage":31,"enemies":"Centurion and Healer","floor":26,"turns":5},{"damage":3,"enemies":"downfall:FleeingMerchant","floor":27,"turns":4},{"damage":16,"enemies":"Gremlin Leader","floor":31,"turns":4},{"damage":19,"enemies":"Snecko","floor":32,"turns":4},{"damage":37,"enemies":"WA_ARCHETYPE_CALM","floor":33,"turns":7},{"damage":22,"enemies":"3 Darklings","floor":36,"turns":3},{"damage":14,"enemies":"3 Shapes","floor":37,"turns":4},{"damage":31,"enemies":"downfall:FleeingMerchant","floor":38,"turns":4},{"damage":3,"enemies":"downfall:FleeingMerchant","floor":42,"turns":5},{"damage":10,"enemies":"Nemesis","floor":43,"turns":4},{"damage":15,"enemies":"Maw","floor":46,"turns":4},{"damage":83,"enemies":"Reptomancer","floor":48,"turns":5},{"damage":4,"enemies":"IC_BLOCK_ARCHETYPE","floor":50,"turns":6}],"seed_played":"4808322890557173400","potions_obtained":[{"floor":5,"key":"Energy Potion"},{"floor":10,"key":"Fire Potion"},{"floor":12,"key":"Slimebound:SlimyTonguePotion"}],"is_trial":false,"path_per_floor":["R","M","M","M","M","R","T","?","R","M","$","M","M","M","M","B",null,"R","M","M","?","M","E","T","R","M","$","?","?","R","E","M","B",null,"R","M","M","$","?","R","T","?","E","R","?","M","R","E","R","B",null],"character_chosen":"SLIMEBOUND","items_purchased":["Strange Spoon","Slimebound:Gluttony","War Paint","Slimebound:SpikyOuterGoop"],"campfire_rested":3,"item_purchase_floors":[11,11,27,38],"current_hp_per_floor":[59,60,65,65,65,65,65,65,65,65,65,63,51,61,57,65,65,65,59,57,57,52,19,19,38,52,61,61,61,61,66,67,48,63,63,50,45,42,37,58,58,64,61,71,71,80,80,16,44,49],"gold":69,"neow_bonus":"ONE_RANDOM_RARE_CARD","is_daily":false,"chose_seed":false,"campfire_upgraded":7,"win_rate":0.0,"timestamp":1612720338,"path_taken":["R","M","M","M","M","R","T","?","R","M","$","M","M","M","M","BOSS","R","M","M","?","?","E","T","R","M","$","?","?","R","E","M","BOSS","R","M","M","$","?","R","T","?","E","R","?","M","R","E","R","BOSS"],"items_purchased_type":["Relic","Card","Relic","Card"],"build_version":"2020-12-22","purchased_purges":1,"victory":true,"max_hp_per_floor":[65,65,65,65,65,65,65,65,65,65,65,65,65,65,65,65,65,65,65,65,65,65,65,65,65,65,65,65,65,65,66,67,68,68,68,69,70,71,71,71,71,72,73,83,83,84,84,95,95,96],"card_choices":[{"not_picked":["Slimebound:SplitLeeching","Slimebound:FlameTackle"],"picked":"Slimebound:Schlurp","floor":2},{"not_picked":["Slimebound:GrowthPunch","Slimebound:ServeAndProtect"],"picked":"Slimebound:LivingWall","floor":3},{"not_picked":["Slimebound:ServeAndProtect","Slimebound:SamplingLick"],"picked":"Slimebound:LevelUp","floor":4},{"not_picked":["Slimebound:SlimeBrawl","Slimebound:SamplingLick"],"picked":"Slimebound:Darklings","floor":5},{"not_picked":["Slimebound:Grow","Slimebound:SamplingLick"],"picked":"Slimebound:LeechingTouch","floor":10},{"not_picked":["Slimebound:ComboTackle","Slimebound:RollThrough"],"picked":"Slimebound:Dissolve","floor":11},{"not_picked":["Slimebound:SplitMire","Slimebound:FlameTackle"],"picked":"Slimebound:PressTheAttack","floor":12},{"not_picked":["Slimebound:FinishingTackle","Slimebound:GoopTackle"],"picked":"Slimebound:Repurpose","floor":13},{"not_picked":["Slimebound:HungryTackle","Slimebound:SplitAcid","Slimebound:Grow"],"picked":"SKIP","floor":14},{"not_picked":["Slimebound:ServeAndProtect","Slimebound:FinishingTackle"],"picked":"Slimebound:LevelUp","floor":15},{"not_picked":["Slimebound:MassFeed","Slimebound:MassRepurpose"],"picked":"Slimebound:DuplicatedForm","floor":16},{"not_picked":["Slimebound:SplitLeeching","Slimebound:Chomp+1"],"picked":"Slimebound:MegaLick","floor":19},{"not_picked":["Slimebound:FormOfPuddle","Slimebound:GoopSpray"],"picked":"Slimebound:Prepare","floor":20},{"not_picked":["Slimebound:GoopTackle","Slimebound:ItLooksTasty"],"picked":"Slimebound:LevelUp","floor":22},{"not_picked":["Slimebound:LeechEnergy","Slimebound:Dissolve+1","Slimebound:PressTheAttack"],"picked":"SKIP","floor":23},{"not_picked":["Slimebound:LeadByExample+1","Slimebound:LeechEnergy","Slimebound:ItLooksTasty"],"picked":"SKIP","floor":26},{"not_picked":["Slimebound:RollThrough","Slimebound:GoopTackle"],"picked":"Slimebound:Nibble+1","floor":27},{"not_picked":["Slimebound:SamplingLick+1","Slimebound:RollThrough+1"],"picked":"Slimebound:OneTwoCombo","floor":31},{"not_picked":["Slimebound:SplitAcid+1","Slimebound:SlimeBrawl"],"picked":"Slimebound:Prepare","floor":32},{"not_picked":["Slimebound:PrepareCrush","Slimebound:Teamwork"],"picked":"Slimebound:Recycling","floor":33},{"not_picked":["Slimebound:HungryTackle","Slimebound:DivideAndConquer+1"],"picked":"Slimebound:Prepare+1","floor":36},{"not_picked":["Slimebound:LeechingTouch","Slimebound:GoopTackle","Slimebound:RollThrough"],"picked":"SKIP","floor":37},{"not_picked":["Slimebound:Chomp","Slimebound:Prepare","Slimebound:HauntingLick"],"picked":"SKIP","floor":38},{"not_picked":["expansioncontent:GuardianWhirl","expansioncontent:AwakenDeath"],"picked":"expansioncontent:Chronoboost","floor":39},{"not_picked":["expansioncontent:GuardianWhirl","expansioncontent:InvincibleStrength"],"picked":"expansioncontent:HyperBeam","floor":39},{"not_picked":["Slimebound:SplitAcid","Slimebound:SplitBruiser"],"picked":"Slimebound:Recollect","floor":42},{"not_picked":["Slimebound:RejuvenatingLick+1","Slimebound:Overexert"],"picked":"Slimebound:MassRepurpose+1","floor":43},{"not_picked":["Slimebound:LeechingTouch","Slimebound:Schlurp+1","Slimebound:SplitBruiser+1"],"picked":"SKIP","floor":46},{"not_picked":["Slimebound:Equalize","Slimebound:Chomp","Slimebound:DisruptingSlam"],"picked":"SKIP","floor":48}],"player_experience":11601374,"relics_obtained":[{"floor":7,"key":"Letter Opener"},{"floor":23,"key":"Calipers"},{"floor":24,"key":"Bag of Marbles"},{"floor":31,"key":"Sundial"},{"floor":42,"key":"Dead Branch"},{"floor":43,"key":"Toxic Egg 2"},{"floor":48,"key":"Pear"}],"event_choices":[{"damage_healed":0,"gold_gain":0,"player_choice":"Trade","damage_taken":0,"relics_obtained":["FaceOfCleric"],"max_hp_gain":0,"max_hp_loss":0,"event_name":"FaceTrader","floor":29,"gold_loss":0}],"is_beta":false,"boss_relics":[{"not_picked":["Runic Pyramid","Snecko Eye"],"picked":"Sozu"},{"not_picked":["bronze:MakeshiftBattery","Cursed Key"],"picked":"expansioncontent:StudyCardRelic"}],"items_purged_floors":[38],"is_endless":false,"potions_floor_spawned":[5,10,12,13,19,26,32,37,42,43,46],"ascension_level":8}}