{"host":"3y2rtlgteqp2nuo3","time":1612694735,"event":{"mods":["2.2 Compatiblity","AchievementEnabler","BaseMod","Colored Map","DeckTracker","Highlight Path","Keyboard Shortcuts","Minty Spire (QoL Compilation)","Permanent Neow","Quick Restart","StSLib","SuperFastMode","everything is the same but u backflip on backflip"],"gold_per_floor":[119,131,56,56,76,76,86,136,436,451,451,470,500,517,517,517,517],"floor_reached":16,"language":"KOR","playtime":321,"items_purged":["Strike_P"],"score":208,"play_id":"52d9f535-e914-4f0f-a72a-e44bfbba7025","local_time":"20210207194535","is_ascension_mode":true,"campfire_choices":[{"data":"Eruption","floor":6.0,"key":"SMITH"},{"data":"FearNoEvil","floor":11.0,"key":"SMITH"},{"floor":15.0,"key":"REST"}],"circlet_count":0,"master_deck":["AscendersBane","Strike_P","Defend_P","Defend_P","Defend_P","Eruption+1","Vigilance","FollowUp","InnerPeace","FearNoEvil+1","LessonLearned"],"relics":["PureWater","Old Coin","Bird Faced Urn"],"acts_visited":["Exordium"],"potions_floor_usage":[16],"damage_taken":[{"damage":0.0,"enemies":"2 Louse","floor":1.0,"turns":2.0},{"damage":0.0,"enemies":"Small Slimes","floor":2.0,"turns":2.0},{"damage":1.0,"enemies":"Cultist","floor":5.0,"turns":3.0},{"damage":9.0,"enemies":"Lots of Slimes","floor":7.0,"turns":3.0},{"damage":2.0,"enemies":"Large Slime","floor":10.0,"turns":4.0},{"damage":0.0,"enemies":"Looter","floor":12.0,"turns":1.0},{"damage":22.0,"enemies":"Lagavulin","floor":13.0,"turns":4.0},{"damage":0.0,"enemies":"3 Louse","floor":14.0,"turns":3.0},{"damage":31,"enemies":"Hexaghost","floor":16,"turns":7}],"seed_played":"7997957100733016234","potions_obtained":[{"floor":2.0,"key":"AttackPotion"},{"floor":10.0,"key":"Regen Potion"},{"floor":12.0,"key":"FearPotion"}],"is_trial":false,"path_per_floor":["M","M","$","?","M","R","M","?","T","M","R","M","E","M","R","B"],"character_chosen":"WATCHER","items_purchased":[],"campfire_rested":1,"item_purchase_floors":[],"current_hp_per_floor":[43,43,43,43,42,42,33,33,33,31,31,31,9,9,29,0,0],"gold":517,"neow_bonus":"TRANSFORM_TWO_CARDS","is_daily":false,"chose_seed":false,"campfire_upgraded":2,"win_rate":0.0,"timestamp":1612694735,"path_taken":["M","M","$","?","M","R","M","?","T","M","R","M","E","M","R","BOSS"],"items_purchased_type":[],"build_version":"2020-12-22","purchased_purges":1,"victory":false,"max_hp_per_floor":[68,68,68,68,68,68,68,68,68,68,68,68,68,68,68,68,68],"card_choices":[{"not_picked":["JustLucky","EmptyBody","Halt"],"picked":"SKIP","floor":1.0},{"not_picked":["Evaluate","Protect"],"picked":"FearNoEvil","floor":2.0},{"not_picked":["Evaluate","Swivel","TalkToTheHand"],"picked":"SKIP","floor":5.0},{"not_picked":["EmptyFist","Halt","SashWhip"],"picked":"SKIP","floor":7.0},{"not_picked":["ThirdEye","FlyingSleeves","Halt"],"picked":"SKIP","floor":10.0},{"not_picked":["BowlingBash","TalkToTheHand","WreathOfFlame"],"picked":"SKIP","floor":12.0},{"not_picked":["Consecrate","PathToVictory","BattleHymn"],"picked":"SKIP","floor":13.0},{"not_picked":["FearNoEvil","BowlingBash"],"picked":"LessonLearned","floor":14.0}],"player_experience":769022,"relics_obtained":[{"floor":9.0,"key":"Old Coin"},{"floor":13.0,"key":"Bird Faced Urn"}],"event_choices":[{"cards_removed":["Strike_P"],"damage_healed":0.0,"max_hp_gain":0.0,"max_hp_loss":0.0,"gold_gain":0.0,"event_name":"Living Wall","player_choice":"Forget","floor":4.0,"gold_loss":0.0,"damage_taken":0.0},{"damage_healed":0.0,"max_hp_gain":0.0,"max_hp_loss":0.0,"gold_gain":50.0,"event_name":"Golden Shrine","player_choice":"Pray","floor":8.0,"gold_loss":0.0,"damage_taken":0.0}],"is_beta":false,"boss_relics":[],"items_purged_floors":[3],"is_endless":false,"potions_floor_spawned":[2,10,12],"killed_by":"Hexaghost","ascension_level":20}}