{"host":"i2ntsfwoh5q5m216","time":1612730155,"event":{"mods":["BaseMod","Colored Map","Downfall","Minty Spire (QoL Compilation)","StSLib"],"gold_per_floor":[18,118,137,150,164,192,192,212,267,283,137,137,164,183,183,285,285,299,317,317,317,317,317,344,355,355,270,282,282,305,318,318,419,419,438,438,438,451,451,469,569,569,640,659,659,659,428,448,448,448,448],"floor_reached":50,"language":"ENG","playtime":1387,"items_purged":[],"score":526,"play_id":"5ac5343e-b343-4acc-859e-b4cf9028427b","local_time":"20210207143555","is_ascension_mode":false,"campfire_choices":[{"data":"Zap","floor":7,"key":"SMITH"},{"data":"Redo","floor":12,"key":"SMITH"},{"data":"Genetic Algorithm","floor":15,"key":"SMITH"},{"data":"White Noise","floor":32,"key":"SMITH"},{"floor":42,"key":"REST"},{"data":"FTL","floor":45,"key":"SMITH"},{"floor":49,"key":"REST"}],"circlet_count":0,"master_deck":["Strike_B","Strike_B","Defend_B","Defend_B","Defend_B","Zap+1","Dualcast","Redo+1","Genetic Algorithm+1","Gash","FTL+1","Beam Cell","Go for the Eyes","Go for the Eyes","BootSequence","Beam Cell","Reboot","Gash","Auto Shields","White Noise+1","Seek","Gash","Gash+1","CurseOfTheBell","CurseOfTheBell","Go for the Eyes","Scrape"],"relics":["Cracked Core","Anchor","Strawberry","PreservedInsect","Mercury Hourglass","Black Star","Toy Ornithopter","Blood Vial","Vajra","Lizard Tail","Nunchaku","Nuclear Battery","downfall:ExtraCursedBell","Bag of Marbles","HornCleat","Torii","Ornamental Fan"],"acts_visited":["Exordium","TheCity","TheBeyond"],"potions_floor_usage":[6,16,33,33,35,38,46,47,48],"damage_taken":[{"damage":0,"enemies":"2 Louse","floor":1,"turns":2},{"damage":3,"enemies":"Cultist","floor":3,"turns":3},{"damage":6,"enemies":"Jaw Worm","floor":4,"turns":3},{"damage":7,"enemies":"Blue Slaver","floor":5,"turns":3},{"damage":16,"enemies":"Gremlin Nob","floor":6,"turns":3},{"damage":0,"enemies":"Looter","floor":8,"turns":2},{"damage":9,"enemies":"2 Fungi Beasts","floor":10,"turns":3},{"damage":8,"enemies":"3 Sentries","floor":13,"turns":4},{"damage":0,"enemies":"Large Slime","floor":14,"turns":3},{"damage":15,"enemies":"Hexaghost","floor":16,"turns":9},{"damage":12,"enemies":"2 Thieves","floor":18,"turns":4},{"damage":10,"enemies":"Chosen","floor":19,"turns":4},{"damage":0,"enemies":"Book of Stabbing","floor":24,"turns":4},{"damage":5,"enemies":"Centurion and Healer","floor":25,"turns":6},{"damage":37,"enemies":"Snecko","floor":28,"turns":6},{"damage":7,"enemies":"Snake Plant","floor":31,"turns":5},{"damage":52,"enemies":"Champ","floor":33,"turns":14},{"damage":34,"enemies":"3 Darklings","floor":35,"turns":4},{"damage":6,"enemies":"3 Shapes","floor":38,"turns":5},{"damage":63,"enemies":"Maw","floor":40,"turns":9},{"damage":0,"enemies":"Jaw Worm Horde","floor":44,"turns":5},{"damage":0,"enemies":"Transient","floor":46,"turns":3},{"damage":33,"enemies":"3 Darklings","floor":48,"turns":7},{"damage":81,"enemies":"Time Eater","floor":50,"turns":7}],"seed_played":"5729984338130566512","potions_obtained":[{"floor":3,"key":"champ:CounterPotion"},{"floor":5,"key":"GamblersBrew"},{"floor":10,"key":"Energy Potion"},{"floor":13,"key":"DuplicationPotion"},{"floor":16,"key":"Regen Potion"},{"floor":33,"key":"PowerPotion"},{"floor":35,"key":"LiquidMemories"},{"floor":40,"key":"PowerPotion"},{"floor":44,"key":"SmokeBomb"}],"is_trial":false,"path_per_floor":["M","?","M","M","M","E","R","M","T","M","$","R","E","M","R","B",null,"M","M","$","?","$","?","E","M","T","?","M","?","T","M","R","B",null,"M","$","?","M","?","M","?","R","T","M","R","M","$","M","R","B"],"character_chosen":"DEFECT","items_purchased":["PreservedInsect","Scrape","Fruit Juice","SteroidPotion"],"campfire_rested":2,"item_purchase_floors":[11,47,47,47],"current_hp_per_floor":[75,75,72,66,59,43,43,43,50,41,41,41,33,33,33,18,82,70,60,60,60,60,60,60,57,57,57,22,49,49,44,44,19,82,48,48,48,49,49,28,28,51,51,53,53,60,70,44,68,0,0],"gold":448,"neow_bonus":"TRANSFORM_TWO_CARDS","is_daily":false,"chose_seed":false,"campfire_upgraded":5,"win_rate":0.0,"timestamp":1612730155,"path_taken":["M","?","M","M","M","E","R","?","T","M","$","R","E","M","R","BOSS","M","M","$","?","$","?","E","?","T","?","M","?","?","M","R","BOSS","M","$","?","M","?","M","?","R","T","?","R","M","$","M","R","BOSS"],"items_purchased_type":["Relic","Card","Potion","Potion"],"build_version":"2020-12-22","purchased_purges":0,"victory":false,"max_hp_per_floor":[75,75,75,75,75,75,75,75,82,82,82,82,82,82,82,82,82,82,82,82,82,82,82,82,82,82,82,82,82,82,82,82,82,82,82,82,78,78,78,78,78,78,78,78,78,78,83,83,83,83,83],"card_choices":[{"not_picked":["Coolheaded","Steam Power"],"picked":"Gash","floor":1},{"not_picked":["Compile Driver","Reprogram","Coolheaded"],"picked":"SKIP","floor":3},{"not_picked":["Leap","Reprogram"],"picked":"FTL","floor":4},{"not_picked":["Loop","Conserve Battery"],"picked":"Beam Cell","floor":5},{"not_picked":["Fusion","Tempest"],"picked":"Go for the Eyes","floor":6},{"not_picked":["Blizzard","Storm"],"picked":"Go for the Eyes","floor":8},{"not_picked":["Darkness","Sweeping Beam"],"picked":"BootSequence","floor":10},{"not_picked":["Hologram","All For One"],"picked":"Beam Cell","floor":13},{"not_picked":["Heatsinks","Stack","Fusion"],"picked":"SKIP","floor":14},{"not_picked":["Creative AI","Amplify"],"picked":"Reboot","floor":16},{"not_picked":["Sweeping Beam","Steam","Hologram"],"picked":"SKIP","floor":18},{"not_picked":["Reprogram","Doom and Gloom"],"picked":"Gash","floor":19},{"not_picked":["Tempest+1","Conserve Battery","Heatsinks"],"picked":"SKIP","floor":24},{"not_picked":["Blizzard","Lockon","Loop"],"picked":"SKIP","floor":25},{"not_picked":["Conserve Battery","Steam Power+1","Glacier"],"picked":"SKIP","floor":28},{"not_picked":["Defragment","Consume"],"picked":"White Noise","floor":31},{"not_picked":["Amplify","Multi-Cast"],"picked":"Seek","floor":33},{"not_picked":["Coolheaded","Go for the Eyes"],"picked":"Gash","floor":35},{"not_picked":["Barrage+1","Hologram"],"picked":"Gash+1","floor":38},{"not_picked":["Barrage+1","Auto Shields+1","Aggregate+1"],"picked":"SKIP","floor":40},{"not_picked":["Barrage+1","Tempest+1"],"picked":"Go for the Eyes","floor":44},{"not_picked":["Cold Snap","Heatsinks","Coolheaded"],"picked":"SKIP","floor":48}],"player_experience":49981,"relics_obtained":[{"floor":6,"key":"Anchor"},{"floor":9,"key":"Strawberry"},{"floor":13,"key":"Mercury Hourglass"},{"floor":24,"key":"Toy Ornithopter"},{"floor":24,"key":"Blood Vial"},{"floor":26,"key":"Vajra"},{"floor":30,"key":"Nunchaku"},{"floor":39,"key":"Bag of Marbles"},{"floor":39,"key":"HornCleat"},{"floor":39,"key":"Torii"},{"floor":43,"key":"Ornamental Fan"}],"event_choices":[{"damage_healed":0,"gold_gain":100,"player_choice":"Pray","damage_taken":0,"max_hp_gain":0,"max_hp_loss":0,"event_name":"Golden Shrine","floor":2,"gold_loss":0},{"damage_healed":0,"gold_gain":0,"cards_transformed":["Strike_B"],"player_choice":"Transformed","damage_taken":0,"max_hp_gain":0,"max_hp_loss":0,"event_name":"Transmorgrifier","floor":21,"gold_loss":0,"cards_obtained":["Auto Shields"]},{"damage_healed":0,"gold_gain":0,"player_choice":"0 cards matched","damage_taken":0,"max_hp_gain":0,"max_hp_loss":0,"event_name":"Match and Keep!","floor":23,"gold_loss":0,"cards_obtained":[]},{"damage_healed":0,"gold_gain":0,"player_choice":"Obtained Relic","damage_taken":0,"relics_obtained":["Lizard Tail"],"max_hp_gain":0,"max_hp_loss":0,"event_name":"Addict","floor":27,"gold_loss":85},{"damage_healed":27,"gold_gain":0,"player_choice":"Heal","damage_taken":0,"max_hp_gain":0,"max_hp_loss":0,"event_name":"The Library","floor":29,"gold_loss":0},{"damage_healed":0,"gold_gain":0,"player_choice":"Max HP","damage_taken":0,"max_hp_gain":0,"max_hp_loss":4,"event_name":"Winding Halls","floor":37,"gold_loss":0},{"damage_healed":0,"gold_gain":100,"player_choice":"Pray","damage_taken":0,"max_hp_gain":0,"max_hp_loss":0,"event_name":"Golden Shrine","floor":41,"gold_loss":0}],"is_beta":false,"boss_relics":[{"not_picked":["Velvet Choker","Philosopher\u0027s Stone"],"picked":"Black Star"},{"not_picked":["Astrolabe","FrozenCore"],"picked":"Nuclear Battery"}],"items_purged_floors":[],"is_endless":false,"potions_floor_spawned":[3,5,10,13,16,24,28,33,35,40,44],"killed_by":"Time Eater","ascension_level":0}}