{"host":"f5akwxsmb9r0twid","time":1612722470,"event":{"mods":["BaseMod","Colored Map","Minty Spire (QoL Compilation)"],"gold_per_floor":[115,132,147,164,179,204,223,223,223],"floor_reached":8,"language":"ENG","playtime":432,"items_purged":[],"score":65,"play_id":"ffcf1054-e4ae-415b-8187-e6bffecd7b62","local_time":"20210207212750","is_ascension_mode":true,"campfire_choices":[],"circlet_count":0,"master_deck":["Strike_R","Strike_R","Strike_R","Strike_R","Strike_R","Defend_R","Defend_R","Defend_R","Defend_R","Bash","Ghostly Armor","Pommel Strike","Infernal Blade","Pummel","Flex"],"relics":["Runic Cube","Singing Bowl"],"acts_visited":["Exordium"],"potions_floor_usage":[3,5],"damage_taken":[{"damage":1,"enemies":"Cultist","floor":1,"turns":3},{"damage":15,"enemies":"Jaw Worm","floor":2,"turns":4},{"damage":5,"enemies":"Small Slimes","floor":3,"turns":4},{"damage":8,"enemies":"Red Slaver","floor":4,"turns":3},{"damage":0,"enemies":"Looter","floor":5,"turns":3},{"damage":13,"enemies":"Gremlin Nob","floor":6,"turns":4},{"damage":19,"enemies":"Large Slime","floor":7,"turns":4},{"damage":26,"enemies":"Lagavulin","floor":8,"turns":5}],"seed_played":"-5783538035403862557","potions_obtained":[{"floor":1,"key":"GamblersBrew"},{"floor":2,"key":"LiquidBronze"},{"floor":4,"key":"SteroidPotion"}],"is_trial":false,"path_per_floor":["M","M","M","M","M","E","M","E"],"character_chosen":"IRONCLAD","items_purchased":[],"campfire_rested":0,"item_purchase_floors":[],"current_hp_per_floor":[79,64,59,51,51,40,23,0,0],"gold":223,"neow_bonus":"BOSS_RELIC","is_daily":false,"chose_seed":false,"campfire_upgraded":0,"win_rate":0.0,"timestamp":1612722470,"path_taken":["M","M","M","M","?","E","M","E"],"items_purchased_type":[],"build_version":"2020-12-22","purchased_purges":0,"victory":false,"max_hp_per_floor":[80,80,80,80,80,82,84,84,84],"card_choices":[{"not_picked":["Whirlwind","Rupture"],"picked":"Ghostly Armor","floor":1},{"not_picked":["Flame Barrier","True Grit"],"picked":"Pommel Strike","floor":2},{"not_picked":["Bloodletting","Warcry"],"picked":"Infernal Blade","floor":3},{"not_picked":["Evolve","Pommel Strike"],"picked":"Pummel","floor":4},{"not_picked":["Twin Strike","Warcry"],"picked":"Flex","floor":5},{"not_picked":["Disarm","True Grit","Searing Blow"],"picked":"Singing Bowl","floor":6},{"not_picked":["Fiend Fire","Flame Barrier","Pommel Strike"],"picked":"Singing Bowl","floor":7}],"player_experience":286484,"relics_obtained":[{"floor":6,"key":"Singing Bowl"}],"event_choices":[],"is_beta":false,"boss_relics":[],"items_purged_floors":[],"is_endless":false,"potions_floor_spawned":[1,2,4],"killed_by":"Lagavulin","ascension_level":1}}