{"host":"2zjdcgw4be5n15ja","time":1612700150,"event":{"mods":["AchievementEnabler","BaseMod","Better Skull","Better Third Choice","BetterRewards","Block Reminder","Colored Powertips","Hermit","Marisa????????","Marked Mod","Minty Spire (QoL Compilation)","Poor People Problems","Quick Restart","Rare Cards Sparkle","Reimu??????","Relic Stats","Reliquary","StSLib","The Runesmith","The Senshi","TheFirefly","Yakumo Yukari mod"],"gold_per_floor":[116,127,15,26,26,26,26,26,26],"floor_reached":8,"language":"ENG","playtime":482,"items_purged":[],"score":46,"play_id":"3a7266df-e4fe-4c6e-89e8-84181a8734c2","local_time":"20210208011550","is_ascension_mode":false,"campfire_choices":[{"floor":6,"key":"RECALL"}],"circlet_count":0,"master_deck":["theSenshi:SailorKick","theSenshi:SailorKick","theSenshi:SailorKick","theSenshi:SailorKick","theSenshi:SailorBlock","theSenshi:SailorBlock","theSenshi:SailorBlock","theSenshi:SailorBlock","theSenshi:RoseThrow","theSenshi:MoonPrismPowerMakeUp","theSenshi:LunaSensingAllies","theSenshi:MoonPunch","theSenshi:NeptunesGrace","theSenshi:MoonCrisisMakeUp","theSenshi:InTheNickOfTime","theSenshi:ChibiMoonsLove","Burn"],"relics":["theSenshi:TransformationBroochRelic","Kunai"],"acts_visited":["Exordium"],"potions_floor_usage":[8],"damage_taken":[{"damage":5,"enemies":"Small Slimes","floor":1,"turns":5},{"damage":2,"enemies":"Jaw Worm","floor":2,"turns":2},{"damage":11,"enemies":"2 Louse","floor":4,"turns":4},{"damage":72,"enemies":"Gremlin Nob","floor":8,"turns":6}],"seed_played":"8302113062200381445","potions_obtained":[{"floor":2,"key":"Swift Potion"}],"is_trial":false,"path_per_floor":["M","M","$","M","?","R","T","E"],"character_chosen":"THE_SENSHI","items_purchased":["theSenshi:MoonCrisisMakeUp","theSenshi:InTheNickOfTime"],"campfire_rested":0,"item_purchase_floors":[3,3],"current_hp_per_floor":[70,68,68,57,57,57,57,0,0],"gold":26,"neow_bonus":"ONE_RANDOM_RARE_CARD","is_daily":false,"chose_seed":false,"campfire_upgraded":0,"win_rate":0.0,"timestamp":1612700150,"path_taken":["M","M","$","M","?","R","?","E"],"items_purchased_type":["Card","Card"],"build_version":"2020-12-22","purchased_purges":0,"victory":false,"max_hp_per_floor":[75,75,75,75,75,75,75,75,75],"relic_stats":{"counters":[4,17],"Kunai":[0],"obtain_stats":[{"theSenshi:TransformationBroochRelic":0,"Kunai":7},{"theSenshi:TransformationBroochRelic":0,"Kunai":3},{"theSenshi:TransformationBroochRelic":0,"Kunai":11}]},"card_choices":[{"not_picked":["theSenshi:LateForSchool","theSenshi:MoonSpiralHeartAttack"],"picked":"theSenshi:MoonPunch","floor":1},{"not_picked":["theSenshi:MoonPunch","theSenshi:OdangoHead"],"picked":"theSenshi:NeptunesGrace","floor":2},{"not_picked":["theSenshi:MoonPower","theSenshi:Overload"],"picked":"theSenshi:ChibiMoonsLove","floor":4}],"player_experience":417131,"relics_obtained":[{"floor":7,"key":"Kunai"}],"event_choices":[{"damage_healed":57,"gold_gain":0,"player_choice":"Embrace Burn","damage_taken":0,"max_hp_gain":0,"max_hp_loss":75,"event_name":"betterThird:BetterShining","floor":5,"gold_loss":0}],"is_beta":false,"boss_relics":[],"items_purged_floors":[],"is_endless":false,"potions_floor_spawned":[2],"killed_by":"Gremlin Nob","ascension_level":0}}