{"host":"znvnxllcillb3rtw","time":1612724679,"event":{"mods":["BaseMod","DeckTracker","Minty Spire (QoL Compilation)","Relic Stats","StSLib","SuperFastMode","everything is the same but u backflip on backflip"],"gold_per_floor":[112,127,137,137,149,160,160,11,11,11,53,53,33,51,51,51,51],"floor_reached":16,"language":"KOR","playtime":476,"items_purged":["Strike_G"],"score":204,"play_id":"b2c0a82d-d558-4576-aeb6-a9c4bb256344","local_time":"20210208040439","is_ascension_mode":true,"campfire_choices":[{"data":"A Thousand Cuts","floor":7,"key":"SMITH"},{"floor":10,"key":"REST"},{"floor":12,"key":"REST"},{"data":"Concentrate","floor":15,"key":"SMITH"}],"circlet_count":0,"master_deck":["AscendersBane","Strike_G","Strike_G","Strike_G","Defend_G","Defend_G","Defend_G","Defend_G","Defend_G","Survivor","Neutralize","Deadly Poison","Dagger Throw","Calculated Gamble","A Thousand Cuts+1","Reflex","Concentrate+1"],"relics":["Ring of the Snake","Boot","Bag of Marbles","CeramicFish"],"acts_visited":["Exordium"],"potions_floor_usage":[11,16,16],"damage_taken":[{"damage":9,"enemies":"Cultist","floor":1,"turns":5},{"damage":2,"enemies":"Jaw Worm","floor":2,"turns":4},{"damage":7,"enemies":"Small Slimes","floor":3,"turns":4},{"damage":4,"enemies":"Blue Slaver","floor":5,"turns":5},{"damage":9,"enemies":"2 Fungi Beasts","floor":6,"turns":4},{"damage":21,"enemies":"3 Sentries","floor":11,"turns":7},{"damage":1,"enemies":"Looter","floor":14,"turns":3},{"damage":40,"enemies":"Hexaghost","floor":16,"turns":9}],"seed_played":"5568296814277628675","potions_obtained":[{"floor":1,"key":"SpeedPotion"},{"floor":3,"key":"Weak Potion"},{"floor":13,"key":"Fire Potion"}],"is_trial":false,"path_per_floor":["M","M","M","?","M","M","R","$","T","R","E","R","?","M","R","B"],"character_chosen":"THE_SILENT","items_purchased":["Reflex"],"campfire_rested":2,"item_purchase_floors":[8],"current_hp_per_floor":[50,48,41,34,30,21,21,21,21,40,19,38,38,37,37,0,0],"gold":51,"neow_bonus":"RANDOM_COMMON_RELIC","is_daily":false,"chose_seed":false,"campfire_upgraded":2,"win_rate":0.0,"timestamp":1612724679,"path_taken":["M","M","?","?","M","M","R","$","T","R","E","R","?","M","R","BOSS"],"items_purchased_type":["Card"],"build_version":"2020-12-22","purchased_purges":1,"victory":false,"max_hp_per_floor":[66,66,66,66,66,66,66,66,66,66,66,66,66,66,66,66,66],"relic_stats":{"counters":[8,41],"CeramicFish":9,"Boot":[43],"obtain_stats":[{"CeramicFish":11,"Bag of Marbles":9,"Boot":0,"Ring of the Snake":0},{"CeramicFish":6,"Bag of Marbles":5,"Boot":0,"Ring of the Snake":0},{"CeramicFish":29,"Bag of Marbles":22,"Boot":0,"Ring of the Snake":0}],"Ring of the Snake":[16]},"card_choices":[{"not_picked":["Choke","Dodge and Roll"],"picked":"Deadly Poison","floor":1},{"not_picked":["Poisoned Stab","Bane"],"picked":"Dagger Throw","floor":2},{"not_picked":["Sucker Punch","Endless Agony","Deflect"],"picked":"SKIP","floor":3},{"not_picked":["Eviscerate","Backstab"],"picked":"Calculated Gamble","floor":5},{"not_picked":["Outmaneuver","Prepared"],"picked":"A Thousand Cuts","floor":6},{"not_picked":["Poisoned Stab","Slice"],"picked":"Concentrate","floor":11},{"not_picked":["Slice","Blur","Flying Knee"],"picked":"SKIP","floor":14}],"player_experience":2892509,"relics_obtained":[{"floor":9,"key":"Bag of Marbles"},{"floor":11,"key":"CeramicFish"}],"event_choices":[{"cards_removed":["Strike_G"],"damage_healed":0,"gold_gain":0,"player_choice":"Card Removal","damage_taken":7,"max_hp_gain":0,"max_hp_loss":0,"event_name":"Golden Wing","floor":4,"gold_loss":0},{"damage_healed":0,"gold_gain":0,"player_choice":"Bought 1 Potion","damage_taken":0,"max_hp_gain":0,"max_hp_loss":0,"event_name":"The Woman in Blue","floor":13,"gold_loss":0}],"is_beta":false,"boss_relics":[],"items_purged_floors":[8],"is_endless":false,"potions_floor_spawned":[1,3,5,6],"killed_by":"Hexaghost","ascension_level":20}}