{"host":"1a9bbjeis3rg03b1","time":1612689438,"event":{"mods":["Act Like it!","BaseMod","Gensokyo","Googly Eyes","Mimic Mod","Minty Spire (QoL Compilation)","Morshu Shopkeeper","Reliquary","StSLib","The Administrix","The Jungle","The Servant 0.9.4","Wide Potions","everything is the same but u backflip on backflip"],"gold_per_floor":[117,17,35,35,46,46,46],"floor_reached":6,"language":"ENG","playtime":412,"items_purged":[],"score":36,"play_id":"9dbf1d1c-fe37-4086-8d05-442c7b79be16","local_time":"20210207021718","is_ascension_mode":false,"campfire_choices":[],"circlet_count":0,"master_deck":["AdministrixMod:Strike_Administrix","AdministrixMod:Strike_Administrix","AdministrixMod:Strike_Administrix","AdministrixMod:Strike_Administrix","AdministrixMod:RedCloak","AdministrixMod:Defend_Administrix","AdministrixMod:Defend_Administrix","AdministrixMod:Defend_Administrix","AdministrixMod:Defend_Administrix","AdministrixMod:BlueCloak","AdministrixMod:LightOfYourLife","AdministrixMod:CenturiesAscent","AdministrixMod:TrickOfTheLight"],"relics":["AdministrixMod:ConductorRitualBaton","NeowsBlessing","reliquary:PurpleTingedLeaf","Strawberry"],"acts_visited":["Exordium"],"potions_floor_usage":[],"damage_taken":[{"damage":0,"enemies":"Gensokyo:3_Fairies","floor":1,"turns":1},{"damage":0,"enemies":"Gensokyo:Gryphon","floor":3,"turns":1},{"damage":0,"enemies":"Gensokyo:Python","floor":5,"turns":1},{"damage":15,"enemies":"Gensokyo:Aya","floor":6,"turns":6}],"seed_played":"6956195238596155553","potions_obtained":[{"floor":3,"key":"FearPotion"}],"is_trial":false,"path_per_floor":["M","?","M","?","M","E"],"character_chosen":"TheAdministrix","items_purchased":[],"campfire_rested":0,"item_purchase_floors":[],"current_hp_per_floor":[65,65,65,62,62,49,49],"gold":46,"neow_bonus":"THREE_ENEMY_KILL","is_daily":false,"chose_seed":false,"campfire_upgraded":0,"win_rate":0.0,"timestamp":1612689438,"path_taken":["M","?","M","?","?","E"],"items_purchased_type":[],"build_version":"2020-12-22","purchased_purges":0,"victory":false,"max_hp_per_floor":[65,65,65,72,72,72,72],"card_choices":[{"not_picked":["AdministrixMod:TrickOfTheLight","AdministrixMod:SealAway"],"picked":"AdministrixMod:LightOfYourLife","floor":1},{"not_picked":["AdministrixMod:ShadowPlay","AdministrixMod:RebukeDesires"],"picked":"AdministrixMod:CenturiesAscent","floor":3},{"not_picked":["AdministrixMod:LuminaryPath","AdministrixMod:CenturiesAscent"],"picked":"AdministrixMod:TrickOfTheLight","floor":5}],"player_experience":639968,"relics_obtained":[],"event_choices":[],"is_beta":false,"boss_relics":[],"items_purged_floors":[],"is_endless":false,"potions_floor_spawned":[3],"killed_by":"Gensokyo:Aya","ascension_level":0}}