{"host":"dmtlrev5pkc1867p","time":1612662392,"event":{"mods":["BaseMod","Colored Map","Downfall","Hermit","Marisa¡]Ãú«B¡@Å]²z¨F¡^","Minty Spire (QoL Compilation)","Replay The Spire","StSLib","SuperFastMode","The Cursed","The Disciple","The Necromancer","The Runesmith","The Servant 0.9.4"],"gold_per_floor":[111,127,145,445,445,463,463,482,105,105,134,152,166,177,77,180,180,194,294,294,331,9,22,102,187,206,216,116,116,136,153,153,250,250,266,285,285,299,318,334,334,348,218,234,134,134,24,39,39,39,39,74,10,10,10,10],"floor_reached":55,"language":"ZHS","playtime":3841,"items_purged":["downfall:Icky","downfall:Icky"],"score":779,"play_id":"1007cfee-a679-46f6-aa85-91f31d0d9e6a","local_time":"20210207094632","is_ascension_mode":false,"campfire_choices":[{"floor":10.0,"key":"RECALL"},{"data":"Summon_Undead_Army","floor":15.0,"key":"SMITH"},{"floor":28.0,"key":"REST"},{"floor":32.0,"key":"REST"},{"data":"Summon_Undead_Army","floor":45.0,"key":"SMITH"},{"data":"Cloudkill","floor":49.0,"key":"SMITH"},{"floor":54.0,"key":"REST"}],"circlet_count":0,"master_deck":["Strike_W","Strike_W","Defend_W","Defend_W","Defend_W","Defend_W","Negative_Energy_Arrows","Bone_Wall","Vampiric_Strike","Blood_Shield","Deaths_Shadow","Uncharnel","Death_March_Dance","Summon_Lich","Blood_Wake","Summon_Undead_Army+1","Cloudkill","Cloudkill+1","Life_Drain","Negative_Energy_Javelin","Bone_Prison","Summon_Death_Knight","Blood_Is_Power+1","Spectral_Walk","Bone_Spikes+1","Hellfire","Uncharnel","Uncharnel","Plague_Bolt","Negative_Energy_Shield","Blood_Wake","Toxic_Smoke_Screen+1","Summon_Death_Knight","Negative_Energy_Sphere","Bones_to_Steel+1","Negative_Energy_Burst","Bone_Bullets","Life_Tap","Necrotic_Claws","Bone_Bullets+1","Consume_Illness+1","Hellfire","Summon_Undead_Army+1","Uncharnel","Negative_Energy_Mist+1","Summon_Lich","Summon_Lich","Cloudkill","Panache","Specialist","Enlightenment"],"relics":["Vampire_Amulet","Ring of Peace","Replay:Ringing Soul","Potion Belt","downfall:HeartBlessingRed","Philosopher\u0027s Stone","Dead Branch","Darkstone Periapt","Enchiridion","Calipers","Membership Card","Centennial Puzzle","Shuriken","downfall:HeartBlessingGreen","Painkiller Herb","Pen Nib","downfall:HeartBlessingBlue","Gambling Chip","Sling","Slimebound:StickyStick","ReplayTheSpireMod:ShopPack"],"acts_visited":["TheCity","TheBeyond","TheEnding"],"potions_floor_usage":[],"damage_taken":[{"damage":0.0,"enemies":"Small Slimes","floor":1.0,"turns":4.0},{"damage":0.0,"enemies":"2 Louse","floor":2.0,"turns":2.0},{"damage":2.0,"enemies":"Jaw Worm","floor":3.0,"turns":4.0},{"damage":2.0,"enemies":"3 Louse","floor":6.0,"turns":4.0},{"damage":0.0,"enemies":"2 Fungi Beasts","floor":8.0,"turns":3.0},{"damage":0.0,"enemies":"downfall:FleeingMerchant","floor":9.0,"turns":4.0},{"damage":29.0,"enemies":"Replay:BlueRogue","floor":11.0,"turns":5.0},{"damage":1.0,"enemies":"Blue Slaver","floor":12.0,"turns":4.0},{"damage":13.0,"enemies":"Red Slaver","floor":13.0,"turns":4.0},{"damage":0.0,"enemies":"Lots of Slimes","floor":14.0,"turns":2.0},{"damage":40.0,"enemies":"WA_ARCHETYPE_RETAIN","floor":16.0,"turns":9.0},{"damage":0.0,"enemies":"Chosen","floor":18.0,"turns":4.0},{"damage":25.0,"enemies":"IC_STATUS_ARCHETYPE","floor":19.0,"turns":6.0},{"damage":6.0,"enemies":"downfall:FleeingMerchant","floor":22.0,"turns":4.0},{"damage":7.0,"enemies":"3 Byrds","floor":23.0,"turns":2.0},{"damage":23.0,"enemies":"Shelled Parasite and Fungi","floor":26.0,"turns":6.0},{"damage":11.0,"enemies":"Cultist and Chosen","floor":27.0,"turns":5.0},{"damage":6.0,"enemies":"Centurion and Healer","floor":30.0,"turns":4.0},{"damage":22.0,"enemies":"Sentry and Sphere","floor":31.0,"turns":4.0},{"damage":72.0,"enemies":"DF_ARCHETYPE_CLAW","floor":33.0,"turns":6.0},{"damage":6.0,"enemies":"3 Shapes","floor":35.0,"turns":4.0},{"damage":7.0,"enemies":"Orb Walker","floor":36.0,"turns":3.0},{"damage":8.0,"enemies":"3 Darklings","floor":38.0,"turns":3.0},{"damage":32.0,"enemies":"Spire Growth","floor":39.0,"turns":4.0},{"damage":6.0,"enemies":"Sphere and 2 Shapes","floor":40.0,"turns":4.0},{"damage":4.0,"enemies":"Transient","floor":42.0,"turns":5.0},{"damage":0.0,"enemies":"downfall:FleeingMerchant","floor":43.0,"turns":4.0},{"damage":16.0,"enemies":"Spire Growth","floor":44.0,"turns":5.0},{"damage":0.0,"enemies":"downfall:FleeingMerchant","floor":47.0,"turns":4.0},{"damage":15.0,"enemies":"4 Shapes","floor":48.0,"turns":3.0},{"damage":139.0,"enemies":"IC_BLOCK_ARCHETYPE","floor":50.0,"turns":11.0},{"damage":138.0,"enemies":"downfall:CharBossMerchant","floor":52.0,"turns":10.0},{"damage":0,"enemies":"downfall:NeowBoss","floor":55,"turns":1}],"seed_played":"-4282879886869128344","potions_obtained":[{"floor":2.0,"key":"FearPotion"},{"floor":6.0,"key":"Explosive Potion"},{"floor":8.0,"key":"PowerPotion"},{"floor":12.0,"key":"LifebloodPotion"},{"floor":16.0,"key":"LifebloodPotion"},{"floor":18.0,"key":"CultistPotion"},{"floor":27.0,"key":"Adrenaline Potion"},{"floor":29.0,"key":"CultistPotion"},{"floor":36.0,"key":"DuplicationPotion"},{"floor":39.0,"key":"GamblersBrew"},{"floor":40.0,"key":"LiquidMemories"},{"floor":42.0,"key":"ColorlessPotion"},{"floor":48.0,"key":"Energy Potion"},{"floor":52.0,"key":"DistilledChaos"}],"is_trial":false,"path_per_floor":["M","M","M","?","?","M","T","M","$","R","E","M","M","M","R","B",null,"M","?","?","?","$","M","T","?","M","M","R","?","M","M","R","B",null,"?","?","?","?","?","?","T","?","T","?","T","T","T","?","T","B",null,"E","T","T","B"],"character_chosen":"NECROMANCER","items_purchased":["Blood_Wake","Summon_Undead_Army","Cloudkill","Membership Card","Uncharnel","Centennial Puzzle","Pen Nib","Summon_Undead_Army","Sling","Summon_Lich","ReplayTheSpireMod:ShopPack"],"campfire_rested":3,"item_purchase_floors":[9,9,9,22,22,22,43,43,47,47,53],"current_hp_per_floor":[82,82,82,82,82,82,82,85,88,88,64,69,68,81,81,57,103,106,96,80,56,61,63,63,55,42,60,96,96,103,94,127,70,130,133,136,131,128,120,129,129,151,154,143,153,153,162,164,164,38,173,55,58,111,111,111],"gold":10,"neow_bonus":"TEN_PERCENT_HP_BONUS","is_daily":false,"chose_seed":false,"campfire_upgraded":3,"win_rate":0.0,"timestamp":1612662392,"path_taken":["M","M","M","?","?","M","T","M","$","R","E","M","M","M","R","BOSS","M","?","?","?","$","M","T","?","M","M","R","?","M","?","R","BOSS","?","?","?","?","?","?","T","?","T","?","T","?","T","?","T","BOSS","E","T","T","BOSS"],"items_purchased_type":["Card","Card","Card","Relic","Card","Relic","Relic","Card","Relic","Card","Relic"],"build_version":"2020-12-22","purchased_purges":2,"victory":false,"max_hp_per_floor":[82,82,82,82,82,82,82,85,88,88,91,94,97,100,100,103,103,106,109,109,112,115,118,118,118,118,121,121,121,124,127,127,130,130,133,136,139,142,145,148,148,151,154,157,167,167,170,173,173,173,173,176,179,179,179,179],"card_choices":[{"not_picked":["Shade_Step","Bone_Spikes"],"picked":"Vampiric_Strike","floor":1.0},{"not_picked":["Consume_Illness","Chill_Blood"],"picked":"Blood_Shield","floor":2.0},{"not_picked":["Consume_Illness","Death_Coil"],"picked":"Deaths_Shadow","floor":3.0},{"not_picked":["Scare","Toxic_Smoke_Screen"],"picked":"Uncharnel","floor":6.0},{"not_picked":["Consume_Illness","Vampiric_Strike"],"picked":"Death_March_Dance","floor":8.0},{"not_picked":["Death_Knell","Epidemic"],"picked":"Summon_Lich","floor":9.0},{"not_picked":["Consume_Illness","Corrupt"],"picked":"Cloudkill","floor":11.0},{"not_picked":["Consume_Illness","Exploit"],"picked":"Life_Drain","floor":12.0},{"not_picked":["Summon_Undead","Bone_Bullets"],"picked":"Negative_Energy_Javelin","floor":13.0},{"not_picked":["Bone_Spikes","Negative_Energy_Mist"],"picked":"Bone_Prison","floor":14.0},{"not_picked":["Cloudkill","Detonate_Bones"],"picked":"Summon_Death_Knight","floor":16.0},{"not_picked":["Toxic_Smoke_Screen","Pandemic"],"picked":"Blood_Is_Power+1","floor":18.0},{"not_picked":["Blood_Curse","Negative_Energy_Javelin"],"picked":"Spectral_Walk","floor":19.0},{"not_picked":["Death_March_Dance","Toxic_Smoke_Screen"],"picked":"Bone_Spikes+1","floor":21.0},{"not_picked":["Vampiric_Strike","Exploit"],"picked":"Hellfire","floor":22.0},{"not_picked":["Toxic_Smoke_Screen","Exploit"],"picked":"Plague_Bolt","floor":23.0},{"not_picked":["Finger_Of_Death","Negative_Energy_Javelin+1","Negative_Energy_Sphere"],"picked":"SKIP","floor":26.0},{"not_picked":["Toxic_Smoke_Screen","Blood_Whip+1"],"picked":"Negative_Energy_Shield","floor":27.0},{"not_picked":["Blood_Whip+1","Bone_Bullets"],"picked":"Blood_Wake","floor":30.0},{"not_picked":["Blood_Curse+1","Exploit"],"picked":"Toxic_Smoke_Screen+1","floor":31.0},{"not_picked":["Negative_Energy_Bomb","Detonate_Bones"],"picked":"Summon_Death_Knight","floor":33.0},{"not_picked":["Bone_Spikes+1","Blood_Curse+1"],"picked":"Negative_Energy_Sphere","floor":35.0},{"not_picked":["Epidemic","Finger_Of_Death+1"],"picked":"Bones_to_Steel+1","floor":36.0},{"not_picked":["Negative_Energy_Mist","Toxic_Smoke_Screen"],"picked":"Life_Tap","floor":38.0},{"not_picked":["Acid_Javelin+1","Exploit+1"],"picked":"Necrotic_Claws","floor":39.0},{"not_picked":["Death_Knell+1","Negative_Energy_Sphere"],"picked":"Bone_Bullets+1","floor":40.0},{"not_picked":["Flesh_Made_Foul","Scare+1"],"picked":"Consume_Illness+1","floor":42.0},{"not_picked":["Negative_Energy_Sphere","Corrupt+1"],"picked":"Hellfire","floor":43.0},{"not_picked":["Blood_Whip+1","Deaths_Shadow"],"picked":"Uncharnel","floor":44.0},{"not_picked":["Bones_to_Steel","Negative_Energy_Shield+1"],"picked":"Negative_Energy_Mist+1","floor":47.0},{"not_picked":["Life_Tap+1","Violent_Necrosis+1"],"picked":"Summon_Lich","floor":48.0},{"not_picked":["Blood_Is_Power+1","Necrotic_Claws+1"],"picked":"Cloudkill","floor":52.0},{"not_picked":["Transmutation","Crow Ritual"],"picked":"Panache","floor":53.0},{"not_picked":["Survey Options","Finesse"],"picked":"Specialist","floor":53.0},{"not_picked":["Transmutation","ReplayTheSpireMod:Private Reserves"],"picked":"Enlightenment","floor":53.0}],"player_experience":616020,"relics_obtained":[{"floor":5.0,"key":"Ring of Peace"},{"floor":7.0,"key":"Replay:Ringing Soul"},{"floor":11.0,"key":"Potion Belt"},{"floor":19.0,"key":"Dead Branch"},{"floor":19.0,"key":"Darkstone Periapt"},{"floor":20.0,"key":"Enchiridion"},{"floor":21.0,"key":"Calipers"},{"floor":24.0,"key":"Shuriken"},{"floor":46.0,"key":"Gambling Chip"},{"floor":52.0,"key":"Slimebound:StickyStick"}],"event_choices":[],"is_beta":false,"boss_relics":[{"not_picked":["Cursed Key","Black Star"],"picked":"Philosopher\u0027s Stone"},{"not_picked":["Replay:Drink Me","ReplayTheSpireMod:DimensionalGlitch"],"picked":"Painkiller Herb"}],"items_purged_floors":[9,22],"is_endless":false,"potions_floor_spawned":[2,6,8,12,16,18,27,31,36,39,40,42,48,52],"killed_by":"downfall:NeowBoss","ascension_level":0}}