{"host":"takgv9cv6xf64vhq","time":1612681550,"event":{"mods":["BaseMod","Colored Powertips","Conspire","Decade(王小明)","Downfall","Energized Spire","Hermit","Hubris","LagranYue(拉格朗・月)","Marisa（F雨　魔理沙）","Minty Spire (QoL Compilation)","Replay The Spire","StSLib","The Cursed","The Hierophant","The Jungle","The Servant 0.9.4","TheHeartMod"],"gold_per_floor":[119,136,156,169,183,183,30,30,30,30,43,43,43,43,61,124,124,220,220,238,203,219,269,269,269,269,269,269,319,175,225,235,246,246,344,344,357,32,128,288,354,384,384,384,408,517,517,517,544,544,544,544,544,544,141,178,178],"floor_reached":58,"language":"ZHS","playtime":4582,"items_purged":["downfall:Aged","Looming Evil","Strike_B"],"score":1103,"play_id":"77cac728-ff4a-4191-8f7a-96f103012745","local_time":"20210207150550","is_ascension_mode":false,"campfire_choices":[{"data":"Gash","floor":6.0,"key":"SMITH"},{"data":"Leap","floor":8.0,"key":"SMITH"},{"data":"Hologram","floor":25.0,"key":"SMITH"},{"data":"Hologram","floor":27.0,"key":"SMITH"},{"data":"Go for the Eyes","floor":34.0,"key":"SMITH"},{"floor":44.0,"key":"RECALL"},{"data":"Mirror Shield","floor":47.0,"key":"SMITH"},{"floor":51.0,"key":"DIG"},{"data":"Beam Cell","floor":54.0,"key":"SMITH"}],"circlet_count":0,"master_deck":["Strike_B","Strike_B","Strike_B","Defend_B","Defend_B","Defend_B","Defend_B","Dualcast","Gash+1","Cold Snap","Barrage","Rebound","Leap+1","Hologram+1","Go for the Eyes+1","Gash","conspire:SharedLibrary","Core Surge","FTL","conspire:Rain+1","Slimebound:CheckThePlaybook","Hologram+1","ReplaySolidLightProjector","Self Repair","Gash","White Noise+1","Mirror Shield+1","Cold Snap+1","All For One","Skim+1","Core Surge","Cold Snap+1","Skim+1","Gash+1","Reinforced Body+1","Hologram+1","Panic Button+1","Beam Cell+1","Go for the Eyes","Recycle+1","Stack+1","hubris:PowerSurge","hubris:PowerSurge","ReplayTheSpireMod:Calculation Training","Replay:Sssssssssshield","Hologram+1"],"relics":["Replay:Bronze Core","LagranYue:MagicReflectiveArmorRelic","hubris:SphereOfDissonance","hubris:Icosahedron","SsserpentHead","energizedSpire:EnergizedDie","sneckomod:BlankCard","hubris:BallOfYels","hubris:Towel","hubris:Backtick","ReplayTheSpireMod:Ninjato","ReplayTheSpireMod:CursedCoin","CatCart","hubris:MedicalManual","CeramicFish","hubris:Potato","ReplayFunnel","Slimebound:StickyStick"],"acts_visited":["Exordium","TheCity","TheBeyond","TheEnding"],"potions_floor_usage":[57,57,57],"damage_taken":[{"damage":8.0,"enemies":"Cultist","floor":1.0,"turns":5.0},{"damage":2.0,"enemies":"Small Slimes","floor":2.0,"turns":5.0},{"damage":6.0,"enemies":"Jaw Worm","floor":3.0,"turns":4.0},{"damage":5.0,"enemies":"2 Fungi Beasts","floor":4.0,"turns":3.0},{"damage":15.0,"enemies":"3 Louse","floor":5.0,"turns":4.0},{"damage":0.0,"enemies":"Large Slime","floor":11.0,"turns":6.0},{"damage":0.0,"enemies":"Looter","floor":15.0,"turns":3.0},{"damage":0.0,"enemies":"Exordium Thugs","floor":16.0,"turns":5.0},{"damage":0.0,"enemies":"Slime Boss","floor":18.0,"turns":10.0},{"damage":0.0,"enemies":"conspire:FuzzyDice","floor":20.0,"turns":6.0},{"damage":0.0,"enemies":"3 Byrds","floor":22.0,"turns":5.0},{"damage":0.0,"enemies":"Centurion and Healer","floor":24.0,"turns":6.0},{"damage":0.0,"enemies":"Gremlin Leader","floor":26.0,"turns":8.0},{"damage":0.0,"enemies":"Shelled Parasite and Fungi","floor":32.0,"turns":6.0},{"damage":0.0,"enemies":"conspire:HollyBat","floor":33.0,"turns":6.0},{"damage":0.0,"enemies":"Champ","floor":35.0,"turns":9.0},{"damage":1.0,"enemies":"3 Darklings","floor":37.0,"turns":6.0},{"damage":0.0,"enemies":"Orin","floor":39.0,"turns":8.0},{"damage":10.0,"enemies":"3 Shapes","floor":41.0,"turns":5.0},{"damage":38.0,"enemies":"Reptomancer","floor":42.0,"turns":7.0},{"damage":16.0,"enemies":"3 Darklings","floor":43.0,"turns":3.0},{"damage":0.0,"enemies":"Mind Bloom Boss Battle","floor":46.0,"turns":6.0},{"damage":0.0,"enemies":"Sphere and 2 Shapes","floor":48.0,"turns":4.0},{"damage":4.0,"enemies":"4 Shapes","floor":49.0,"turns":6.0},{"damage":0.0,"enemies":"Transient","floor":50.0,"turns":5.0},{"damage":10.0,"enemies":"hubris:GrandSnecko","floor":52.0,"turns":15.0},{"damage":10.0,"enemies":"Shield and Spear","floor":56.0,"turns":8.0},{"damage":89,"enemies":"The Heart","floor":57,"turns":12}],"seed_played":"-3212073717275294407","potions_obtained":[{"floor":1.0,"key":"SkillPotion"},{"floor":5.0,"key":"FearPotion"},{"floor":11.0,"key":"LiquidMemories"},{"floor":15.0,"key":"PowerPotion"},{"floor":22.0,"key":"PotionOfCapacity"},{"floor":24.0,"key":"Cursed Concoction"},{"floor":26.0,"key":"PotionOfCapacity"},{"floor":37.0,"key":"Strength Potion"},{"floor":39.0,"key":"Regen Potion"},{"floor":42.0,"key":"Dexterity Potion"}],"is_trial":false,"path_per_floor":["M","M","M","M","M","R","$","R","T","?","M","PTL","PTL","?","M","M","R","B",null,"M","?","M","?","M","R","E","R","T","?","$","?","M","M","R","B",null,"M","$","?","?","M","E","M","R","T","?","R","M","M","M","R","B",null,"R","$","E","B",null],"character_chosen":"DEFECT","items_purchased":["LagranYue:MagicReflectiveArmorRelic","Self Repair","ReplayTheSpireMod:CursedCoin","All For One","Skim+1","Core Surge","hubris:PowerSurge","ReplayTheSpireMod:Calculation Training","SkillPotion","Replay:Sssssssssshield","SpeedPotion"],"campfire_rested":0,"item_purchase_floors":[7,30,38,38,38,38,55,55,55,55,55],"current_hp_per_floor":[67,65,59,54,39,39,39,39,39,39,39,39,39,39,39,39,39,39,75,75,75,75,49,49,49,49,49,49,49,49,49,75,75,75,75,75,75,75,75,57,54,38,66,66,66,75,75,75,75,75,75,65,75,75,75,75,64],"gold":178,"neow_bonus":"BOSS_RELIC","is_daily":false,"chose_seed":false,"campfire_upgraded":7,"win_rate":0.0,"timestamp":1612681550,"path_taken":["M","M","M","?","M","R","$","R","T","?","M","PTL","PTL","?","M","?","R","BOSS","M","?","M","?","M","R","E","R","T","?","$","?","M","M","R","BOSS","M","$","?","?","?","E","M","R","T","?","R","M","M","M","R","BOSS","R","$","E","BOSS"],"items_purchased_type":["Relic","Card","Relic","Card","Card","Card","Card","Card","Potion","Card","Potion"],"build_version":"2020-12-22","purchased_purges":3,"victory":true,"max_hp_per_floor":[75,75,75,75,75,75,75,75,75,75,75,75,75,75,75,75,75,75,75,75,75,75,75,75,75,75,75,75,75,75,75,75,75,75,75,75,75,75,75,75,75,75,75,75,75,75,75,75,75,75,75,75,75,75,75,75,75],"card_choices":[{"not_picked":["Blizzard","Storm"],"picked":"Gash","floor":1.0},{"not_picked":["Storm","Rebound"],"picked":"Cold Snap","floor":2.0},{"not_picked":["Defragment","Capacitor"],"picked":"Barrage","floor":3.0},{"not_picked":["BasicCrystalCard","Stack"],"picked":"Rebound","floor":4.0},{"not_picked":["Hello World","Reinforced Body"],"picked":"Leap","floor":5.0},{"not_picked":["Stack","Turbo"],"picked":"Hologram","floor":11.0},{"not_picked":["Steam","Static Discharge"],"picked":"Go for the Eyes","floor":15.0},{"not_picked":["Doom and Gloom","Glacier"],"picked":"Gash","floor":16.0},{"not_picked":["Electrodynamics","Biased Cognition"],"picked":"Core Surge","floor":18.0},{"not_picked":["Panic Button","Rebound"],"picked":"FTL","floor":20.0},{"not_picked":["Streamline","Darkness+1"],"picked":"conspire:Rain+1","floor":22.0},{"not_picked":["Conserve Battery+1","BasicCrystalCard"],"picked":"Hologram","floor":24.0},{"not_picked":["Rebound","Stack"],"picked":"ReplaySolidLightProjector","floor":26.0},{"not_picked":["Consume","ReplayTheSpireMod:GoodbyeWorld"],"picked":"Gash","floor":32.0},{"not_picked":["hubris:DoWhile","Ball Lightning"],"picked":"White Noise+1","floor":33.0},{"not_picked":["Seek","hubris:DoWhile"],"picked":"Mirror Shield","floor":35.0},{"not_picked":["BasicCrystalCard","Barrage+1"],"picked":"Cold Snap+1","floor":37.0},{"not_picked":["Multi-Cast","Rebound"],"picked":"Cold Snap+1","floor":39.0},{"not_picked":["Leap","Streamline+1"],"picked":"Skim+1","floor":40.0},{"not_picked":["Hologram","BasicCrystalCard"],"picked":"Gash+1","floor":40.0},{"not_picked":["Turbo","Aggregate"],"picked":"Reinforced Body+1","floor":40.0},{"not_picked":["Reboot","Tempest"],"picked":"Hologram+1","floor":41.0},{"not_picked":["Genetic Algorithm+1","ReplayRNGCard"],"picked":"Panic Button+1","floor":42.0},{"not_picked":["Rebound","Loop+1"],"picked":"Beam Cell","floor":43.0},{"not_picked":["Sweeping Beam+1","Rebound+1"],"picked":"Go for the Eyes","floor":46.0},{"not_picked":["ReplaySort","Hello World+1","Redo+1"],"picked":"SKIP","floor":48.0},{"not_picked":["Turbo+1","Streamline+1"],"picked":"Recycle+1","floor":49.0},{"not_picked":["ReplayTheSpireMod:Reroute Power+1","Go for the Eyes"],"picked":"Stack+1","floor":50.0},{"not_picked":["Melter","Self Repair+1"],"picked":"Hologram+1","floor":56.0}],"player_experience":465162,"relics_obtained":[{"floor":9.0,"key":"hubris:SphereOfDissonance"},{"floor":26.0,"key":"hubris:BallOfYels"},{"floor":39.0,"key":"CatCart"},{"floor":42.0,"key":"hubris:MedicalManual"},{"floor":45.0,"key":"CeramicFish"},{"floor":46.0,"key":"hubris:Potato"},{"floor":51.0,"key":"ReplayFunnel"},{"floor":56.0,"key":"Slimebound:StickyStick"}],"event_choices":[{"damage_healed":0.0,"max_hp_gain":0.0,"max_hp_loss":0.0,"gold_gain":0.0,"event_name":"FaceTrader","player_choice":"Trade","floor":14.0,"gold_loss":0.0,"damage_taken":0.0,"relics_obtained":["SsserpentHead"]},{"damage_healed":0.0,"max_hp_gain":0.0,"max_hp_loss":0.0,"gold_gain":0.0,"event_name":"Addict","player_choice":"Obtained Relic","floor":21.0,"gold_loss":85.0,"damage_taken":0.0,"relics_obtained":["sneckomod:BlankCard"]},{"damage_healed":0.0,"max_hp_gain":0.0,"max_hp_loss":0.0,"gold_gain":0.0,"event_name":"OrinTheCat","player_choice":"Fight","floor":39.0,"gold_loss":0.0,"damage_taken":0.0},{"damage_healed":0.0,"max_hp_gain":0.0,"max_hp_loss":0.0,"gold_gain":0.0,"event_name":"MindBloom","player_choice":"Fight","floor":46.0,"gold_loss":0.0,"damage_taken":0.0}],"is_beta":false,"boss_relics":[{"not_picked":["energizedSpire:StickyHand","Abe\u0027s Treasure"],"picked":"energizedSpire:EnergizedDie"},{"not_picked":["Runic Dome","Sozu"],"picked":"hubris:Backtick"}],"items_purged_floors":[30,38,55],"is_endless":false,"potions_floor_spawned":[1,5,11,15,22,24,26,33,37,39,41,42],"ascension_level":0}}