{"host":"0kwl2uefibxd2nsv","time":1612724410,"event":{"mods":["Act Like it!","Aspiration","BaseMod","Better Note","BetterRewards","DeckTracker","Googly Eyes","Minty Spire (QoL Compilation)","Reliquary","StS++","StSLib"],"gold_per_floor":[118,133,133,151,164,164,197,215,215,215,215],"floor_reached":10,"language":"ENG","playtime":392,"items_purged":[],"score":105,"play_id":"e8e909fd-2323-4393-8984-9b2144640134","local_time":"20210207200010","is_ascension_mode":true,"campfire_choices":[{"data":"Noxious Fumes","floor":6,"key":"SMITH"}],"circlet_count":0,"master_deck":["AscendersBane","Strike_G","Strike_G","Strike_G","Strike_G","Strike_G","Defend_G","Defend_G","Defend_G","Defend_G","Defend_G","Survivor","Neutralize","Noxious Fumes+1","Deflect","Noxious Fumes","Backflip","Poisoned Stab","Backflip","Die Die Die","Cloak And Dagger"],"relics":["Ring of the Snake","Matryoshka","aspiration:SeaSaltIceCream","Membership Card","Snake Skull","Pantograph","The Courier"],"acts_visited":["Exordium"],"potions_floor_usage":[7,7,7,10],"damage_taken":[{"damage":3,"enemies":"Jaw Worm","floor":1,"turns":6},{"damage":1,"enemies":"Cultist","floor":2,"turns":5},{"damage":7,"enemies":"Small Slimes","floor":4,"turns":3},{"damage":4,"enemies":"Blue Slaver","floor":5,"turns":5},{"damage":13,"enemies":"3 Sentries","floor":7,"turns":7},{"damage":1,"enemies":"Looter","floor":8,"turns":4},{"damage":7,"enemies":"Lagavulin","floor":10,"turns":5}],"seed_played":"-7470970281833649242","potions_obtained":[{"floor":2,"key":"DuplicationPotion"},{"floor":3,"key":"Strength Potion"},{"floor":3,"key":"LiquidBronze"},{"floor":8,"key":"Fire Potion"}],"is_trial":false,"path_per_floor":["M","M","?","M","M","R","E","M","T","E"],"character_chosen":"THE_SILENT","items_purchased":["Noxious Fumes","Deflect","Matryoshka","aspiration:SeaSaltIceCream","Noxious Fumes"],"campfire_rested":0,"item_purchase_floors":[0,0,0,0,0],"current_hp_per_floor":[28,27,27,20,16,16,3,2,2,0,0],"gold":215,"neow_bonus":"","is_daily":false,"chose_seed":false,"campfire_upgraded":1,"win_rate":0.0,"timestamp":1612724410,"path_taken":["M","M","?","?","M","R","E","M","T","E"],"items_purchased_type":["Card","Card","Relic","Relic","Card"],"build_version":"2020-12-22","purchased_purges":0,"victory":false,"max_hp_per_floor":[70,70,70,70,70,70,70,70,70,70,70],"card_choices":[{"not_picked":["Setup","Blade Dance"],"picked":"Backflip","floor":1},{"not_picked":["Sucker Punch","Quick Slash"],"picked":"Poisoned Stab","floor":2},{"not_picked":["Outmaneuver","Storm of Steel","Cloak And Dagger"],"picked":"SKIP","floor":4},{"not_picked":["PiercingWail","Deflect"],"picked":"Backflip","floor":5},{"not_picked":["Underhanded Strike","Dagger Spray"],"picked":"Die Die Die","floor":7},{"not_picked":["Backflip","Prepared"],"picked":"Cloak And Dagger","floor":8}],"player_experience":2010576,"relics_obtained":[{"floor":7,"key":"Snake Skull"},{"floor":9,"key":"Pantograph"},{"floor":9,"key":"The Courier"}],"event_choices":[{"damage_healed":0,"gold_gain":0,"player_choice":"Got Potions","damage_taken":0,"max_hp_gain":0,"max_hp_loss":0,"event_name":"Lab","floor":3,"gold_loss":0}],"is_beta":false,"boss_relics":[],"items_purged_floors":[],"is_endless":false,"potions_floor_spawned":[2,8],"killed_by":"Lagavulin","ascension_level":10}}