{"host":"ggy1mjjy92c62u6a","time":1612711232,"event":{"mods":["10 clothes from DAL","ATMod(阿瑾Mod)","Act Like it!","BaseMod","Colored Powertips","GifTheSpireLib","Library of Ruina","Library of Ruina Extra","Lobotomy","LobotomyExtend","Minty Spire (QoL Compilation)","Quick Restart","Relic Filter Mod","Relic Stats","Shop Mod","Spicy Shops","StSLib","TestMod","【功能Mod】混沌之环修复补丁","【遗物Mod】死灵法师NEW","【遗物卡牌】REMEMod"],"gold_per_floor":[275,275,19,19,31,60,60,119,146,279,279,279,279,279,279,460,460,471,570,377,427,427,427,427,507,507],"floor_reached":25,"language":"ZHS","playtime":580,"items_purged":[],"score":361,"play_id":"8905bc33-ebcb-4de1-b80d-10c43b706a29","local_time":"20210207232032","is_ascension_mode":true,"campfire_choices":[{"data":"GutHarvesting","floor":7.0,"key":"SMITH"},{"floor":12.0,"key":"REST"},{"data":"DegradedPillar","floor":15.0,"key":"SMITH"},{"data":"Night Terror","floor":23,"key":"SMITH"}],"circlet_count":0,"master_deck":["DegradedFairy","DegradedFairy+1","DegradedFairy","DegradedChain","DegradedChain","DegradedLock+1","DegradedPillar+1","DegradedPillar","DegradedShockwave","GrazeTheGrass","DarkCloud","GutHarvesting+1","RagingStorm+1","GuardingStance+1","Suppress","FrontalAssault+1","testmod-Recap","AsThePrescriptOrders+1","Night Terror+1"],"relics":["PageOfLibrarian","REME_ComplimentaryCards","testmod-TestBox","CogitoBucket","LetterFromLob","PageOfPorccubus","AT_SunfireAegis","Centennial Puzzle","REME_LowDesire","War Paint","testmod-LifeArmor","HellTrain","REME_ComplimentaryCards"],"acts_visited":["Exordium","TheCity"],"potions_floor_usage":[],"damage_taken":[{"damage":0.0,"enemies":"Small Slimes","floor":1.0,"turns":2.0},{"damage":0.0,"enemies":"2 Louse","floor":5.0,"turns":1.0},{"damage":0.0,"enemies":"3 Sentries","floor":6.0,"turns":3.0},{"damage":0.0,"enemies":"Cultist","floor":8.0,"turns":1.0},{"damage":45.0,"enemies":"Gremlin Gang","floor":10.0,"turns":5.0},{"damage":20.0,"enemies":"Slime Boss","floor":16.0,"turns":7.0},{"damage":0.0,"enemies":"Spheric Guardian","floor":18.0,"turns":3.0},{"damage":0,"enemies":"Shell Parasite","floor":21,"turns":2}],"seed_played":"-3108887021234010861","potions_obtained":[{"floor":8.0,"key":"DuplicationPotion"}],"is_trial":false,"path_per_floor":["M","?","$","?","M","E","R","M","T","M","$","R","?","?","R","B",null,"M","?","$","M","?","R","?","M"],"character_chosen":"Librarian","items_purchased":["PageOfPorccubus","DarkCloud","testmod-Recap"],"campfire_rested":1,"item_purchase_floors":[3,3,20],"current_hp_per_floor":[54,54,54,62,62,62,62,62,62,27,27,54,38,68,68,52,81,81,81,81,81,81,81,65,0,0],"gold":507,"neow_bonus":"","is_daily":false,"chose_seed":false,"campfire_upgraded":3,"win_rate":0.0,"timestamp":1612711232,"path_taken":["M","?","$","?","M","E","R","M","T","M","$","R","?","?","R","BOSS","M","?","$","M","?","R","?","M"],"items_purchased_type":["Relic","Card","Card"],"build_version":"2020-12-22","purchased_purges":0,"victory":false,"max_hp_per_floor":[90,90,90,90,90,90,90,90,90,90,90,90,90,90,90,90,90,90,90,90,90,90,90,95,95,95],"relic_stats":{"Centennial Puzzle":[9],"counters":[10,30],"War Paint":["GuardingStance"],"obtain_stats":[{"AT_ATBox":0,"testmod-TestBox":0,"testmod-LifeArmor":17,"War Paint":17,"PageOfLibrarian":0,"CogitoBucket":0,"Centennial Puzzle":9,"LetterFromLob":1,"PageOfPorccubus":3,"AT_SunfireAegis":6,"REME_LowDesire":17,"HellTrain":18,"REME_ComplimentaryCards":0},{"AT_ATBox":0,"testmod-TestBox":0,"testmod-LifeArmor":6,"War Paint":6,"PageOfLibrarian":0,"CogitoBucket":0,"Centennial Puzzle":4,"LetterFromLob":1,"PageOfPorccubus":1,"AT_SunfireAegis":3,"REME_LowDesire":6,"HellTrain":8,"REME_ComplimentaryCards":0},{"AT_ATBox":0,"testmod-TestBox":0,"testmod-LifeArmor":19,"War Paint":19,"PageOfLibrarian":0,"CogitoBucket":0,"Centennial Puzzle":7,"LetterFromLob":2,"PageOfPorccubus":2,"AT_SunfireAegis":6,"REME_LowDesire":19,"HellTrain":23,"REME_ComplimentaryCards":0}]},"card_choices":[{"not_picked":["NightInTheBackstreets","IngredientHunt","Leap_lor","DesperateStruggle","AssaultOrder","EnergyCycle","SinglePointStab","Creak"],"picked":"GrazeTheGrass","floor":1.0},{"not_picked":["GuidanceOfTheGears","Execute_lor","WillBeTasty","Pound","AsThePrescriptOrders","Track","Parry","Crush","DirtyBlow"],"picked":"SKIP","floor":5.0},{"not_picked":["Parry","HiddenBlade","MultiBlock","LoosenUp","HardRehearsal","EndlessBattle","FleetEdge","WillOfThePrescript"],"picked":"GutHarvesting","floor":6.0},{"not_picked":["SearingSword","FocusFire","BlowItUp","FrontalAssault","Outburst","MultiHit","Clone","BackAttack"],"picked":"RagingStorm","floor":8.0},{"not_picked":["UnavoidableGaze","Multislash","MindCrush","HiddenBlade","EndlessBattle","CutIn","TrimTheIngredients","SharpSwipe"],"picked":"GuardingStance","floor":10.0},{"not_picked":["SilentNight","EmotionalTurbulence"],"picked":"Suppress","floor":16.0},{"not_picked":["EnergyStrike","KeepItFresh","DesperateStruggle","StrongStrike","Outburst","AutonomousRush","MultiBlock","DevastatingThrash","REME_TwoStrings"],"picked":"FrontalAssault+1","floor":18.0},{"not_picked":["Crush+1","ViolentFlame","HighSpeedStabbing+1","Quickness","Parry+1","Diversion+1","FieryWaltz","HandleRequest","Impatience"],"picked":"AsThePrescriptOrders+1","floor":21}],"player_experience":108974,"relics_obtained":[{"floor":1.0,"key":"LetterFromLob"},{"floor":6.0,"key":"AT_SunfireAegis"},{"floor":9.0,"key":"Centennial Puzzle"},{"floor":17.0,"key":"War Paint"},{"floor":17.0,"key":"testmod-LifeArmor"}],"event_choices":[{"damage_healed":0.0,"max_hp_gain":0.0,"max_hp_loss":0.0,"gold_gain":0.0,"event_name":"Living Wall","player_choice":"Grow","floor":2.0,"gold_loss":0.0,"damage_taken":0.0,"cards_upgraded":["DegradedLock"]},{"damage_healed":0.0,"max_hp_gain":0.0,"max_hp_loss":0.0,"gold_gain":0.0,"event_name":"Shining Light","player_choice":"Entered Light","floor":13.0,"gold_loss":0.0,"damage_taken":18.0,"cards_upgraded":["RagingStorm","DegradedFairy"]},{"damage_healed":30.0,"max_hp_gain":0.0,"max_hp_loss":0.0,"gold_gain":0.0,"event_name":"Big Fish","player_choice":"Banana","floor":14.0,"gold_loss":0.0,"damage_taken":0.0},{"damage_healed":0.0,"max_hp_gain":0.0,"max_hp_loss":0.0,"gold_gain":99.0,"event_name":"Nest","player_choice":"Stole From Cult","floor":19.0,"gold_loss":0.0,"damage_taken":0.0},{"damage_healed":0,"gold_gain":0,"player_choice":"Swap Relic","damage_taken":0,"relics_obtained":["REME_ComplimentaryCards"],"max_hp_gain":0,"max_hp_loss":0,"event_name":"给自己的盒子","floor":22,"relics_lost":["AT_ATBox"],"gold_loss":0},{"damage_healed":0,"gold_gain":0,"player_choice":"Shed Blood","damage_taken":23,"max_hp_gain":5,"max_hp_loss":0,"event_name":"Forgotten Altar","floor":24,"gold_loss":0}],"is_beta":false,"boss_relics":[{"not_picked":["Empty Cage","testmod-SaigiyounoYou"],"picked":"REME_LowDesire"}],"items_purged_floors":[],"is_endless":false,"potions_floor_spawned":[8],"killed_by":"3 Cultists","ascension_level":8}}