{"host":"9l1knhxfturzliqa","time":1612675768,"event":{"mods":["BaseMod","Colored Map","Colored Powertips","DeckTracker","Highlight Path","Keyboard Shortcuts","Minty Spire (QoL Compilation)","Random Character Button"],"gold_per_floor":[113,128,143,153,165,198,198,232,284,295,325,265,282,297,297,368,368,391,403,432,462,489,501,438,450,462,489,521,553,565,592,604,616,616],"floor_reached":33,"language":"KOR","playtime":4625,"items_purged":[],"score":554,"play_id":"84c817e2-50b1-4a93-9bf4-67b0edcd74e2","local_time":"20210207142928","is_ascension_mode":true,"campfire_choices":[{"data":"Deadly Poison","floor":7.0,"key":"SMITH"},{"floor":15.0,"key":"REST"},{"floor":23.0,"key":"REST"},{"data":"Blade Dance","floor":25.0,"key":"SMITH"},{"floor":32,"key":"REST"}],"circlet_count":0,"master_deck":["AscendersBane","Strike_G","Strike_G","Strike_G","Strike_G","Defend_G","Defend_G","Defend_G","Defend_G+1","Defend_G","Survivor","Neutralize","PiercingWail+1","Deadly Poison+1","Prepared","Slice","Caltrops","Dagger Throw","Die Die Die","Escape Plan","Escape Plan","After Image","CurseOfTheBell","Blade Dance+1","RitualDagger","Acrobatics+1","Infinite Blades","Noxious Fumes+1","Crippling Poison","Venomology"],"relics":["Ring of the Snake","Incense Burner","HornCleat","Letter Opener","War Paint","Bottled Flame","Calling Bell","MawBank","Ornamental Fan","Bird Faced Urn","StoneCalendar"],"acts_visited":["Exordium","TheCity"],"potions_floor_usage":[],"damage_taken":[{"damage":3.0,"enemies":"2 Louse","floor":1.0,"turns":4.0},{"damage":0.0,"enemies":"Jaw Worm","floor":2.0,"turns":6.0},{"damage":1.0,"enemies":"Small Slimes","floor":3.0,"turns":3.0},{"damage":3.0,"enemies":"Blue Slaver","floor":4.0,"turns":4.0},{"damage":2.0,"enemies":"Exordium Wildlife","floor":5.0,"turns":5.0},{"damage":10.0,"enemies":"3 Sentries","floor":6.0,"turns":11.0},{"damage":1.0,"enemies":"Gremlin Nob","floor":8.0,"turns":4.0},{"damage":0.0,"enemies":"Lots of Slimes","floor":10.0,"turns":4.0},{"damage":29.0,"enemies":"Lagavulin","floor":11.0,"turns":6.0},{"damage":0.0,"enemies":"Looter","floor":13.0,"turns":2.0},{"damage":4.0,"enemies":"Large Slime","floor":14.0,"turns":5.0},{"damage":19.0,"enemies":"The Guardian","floor":16.0,"turns":12.0},{"damage":10.0,"enemies":"2 Thieves","floor":18.0,"turns":5.0},{"damage":2.0,"enemies":"Shell Parasite","floor":20.0,"turns":6.0},{"damage":28.0,"enemies":"Chosen and Byrds","floor":21.0,"turns":6.0},{"damage":1.0,"enemies":"Centurion and Healer","floor":22.0,"turns":10.0},{"damage":0.0,"enemies":"Shelled Parasite and Fungi","floor":27.0,"turns":6.0},{"damage":0.0,"enemies":"Chosen and Byrds","floor":28.0,"turns":7.0},{"damage":16.0,"enemies":"3 Cultists","floor":29.0,"turns":6.0},{"damage":12,"enemies":"Snecko","floor":31,"turns":6},{"damage":49,"enemies":"Champ","floor":33,"turns":9}],"seed_played":"-5961475007827096186","potions_obtained":[{"floor":3.0,"key":"Strength Potion"},{"floor":6.0,"key":"CunningPotion"},{"floor":10.0,"key":"AttackPotion"},{"floor":14.0,"key":"Energy Potion"},{"floor":16.0,"key":"AttackPotion"},{"floor":21.0,"key":"LiquidMemories"},{"floor":22.0,"key":"PowerPotion"},{"floor":27.0,"key":"BlessingOfTheForge"},{"floor":31,"key":"GamblersBrew"}],"is_trial":false,"path_per_floor":["M","M","M","M","M","E","R","E","T","M","E","?","M","M","R","B",null,"M","?","M","M","M","R","?","R","T","M","M","M","$","M","R","B"],"character_chosen":"THE_SILENT","items_purchased":[],"campfire_rested":3,"item_purchase_floors":[],"current_hp_per_floor":[56,56,55,52,50,40,40,39,39,39,10,10,10,6,24,5,46,36,30,32,8,11,29,29,29,29,35,41,29,29,23,41,0,0],"gold":616,"neow_bonus":"ONE_RARE_RELIC","is_daily":false,"chose_seed":false,"campfire_upgraded":2,"win_rate":0.0,"timestamp":1612675768,"path_taken":["M","M","M","M","M","E","R","E","T","M","E","?","M","M","R","BOSS","M","?","M","M","M","R","?","R","T","M","M","M","$","M","R","BOSS"],"items_purchased_type":[],"build_version":"2020-12-22","purchased_purges":0,"victory":false,"max_hp_per_floor":[60,60,60,60,60,60,60,60,60,60,60,60,60,60,60,60,60,60,60,60,60,60,60,60,60,60,60,60,60,60,60,60,60,60],"card_choices":[{"not_picked":["Skewer","Dodge and Roll"],"picked":"PiercingWail","floor":1.0},{"not_picked":["Prepared","Calculated Gamble"],"picked":"Deadly Poison","floor":2.0},{"not_picked":["Quick Slash","Underhanded Strike","Blade Dance"],"picked":"SKIP","floor":3.0},{"not_picked":["Slice","Leg Sweep"],"picked":"Prepared","floor":4.0},{"not_picked":["Sucker Punch","Caltrops"],"picked":"Slice","floor":5.0},{"not_picked":["Skewer","Acrobatics"],"picked":"Caltrops","floor":8.0},{"not_picked":["Distraction","Slice"],"picked":"Dagger Throw","floor":10.0},{"not_picked":["Prepared","Finisher"],"picked":"Die Die Die","floor":11.0},{"not_picked":["Bane","Cloak And Dagger"],"picked":"Escape Plan","floor":13.0},{"not_picked":["Endless Agony","Cloak And Dagger"],"picked":"Escape Plan","floor":14.0},{"not_picked":["Unload","Bullet Time"],"picked":"After Image","floor":16.0},{"not_picked":["Predator","Quick Slash"],"picked":"Blade Dance","floor":18.0},{"not_picked":["Deflect","Quick Slash"],"picked":"Acrobatics+1","floor":20.0},{"not_picked":["Bane","Deflect","Slice"],"picked":"SKIP","floor":21.0},{"not_picked":["Footwork","Slice","Choke"],"picked":"SKIP","floor":22.0},{"not_picked":["Predator","Masterful Stab"],"picked":"Infinite Blades","floor":27.0},{"not_picked":["Concentrate","Cloak And Dagger"],"picked":"Noxious Fumes+1","floor":28.0},{"not_picked":["Calculated Gamble","Acrobatics"],"picked":"Crippling Poison","floor":29.0},{"not_picked":["Dagger Throw","Backstab"],"picked":"Venomology","floor":31}],"player_experience":628736,"relics_obtained":[{"floor":6.0,"key":"HornCleat"},{"floor":8.0,"key":"Letter Opener"},{"floor":9.0,"key":"War Paint"},{"floor":11.0,"key":"Bottled Flame"},{"floor":17.0,"key":"MawBank"},{"floor":17.0,"key":"Ornamental Fan"},{"floor":17.0,"key":"Bird Faced Urn"},{"floor":26.0,"key":"StoneCalendar"}],"event_choices":[{"damage_healed":0.0,"max_hp_gain":0.0,"max_hp_loss":0.0,"gold_gain":0.0,"event_name":"World of Goop","player_choice":"Left Gold","floor":12.0,"gold_loss":60.0,"damage_taken":0.0},{"damage_healed":0.0,"max_hp_gain":0.0,"max_hp_loss":0.0,"gold_gain":0.0,"event_name":"Nest","player_choice":"Joined the Cult","floor":19.0,"gold_loss":0.0,"damage_taken":6.0,"cards_obtained":["RitualDagger"]},{"cards_removed":["Strike_G"],"damage_healed":0.0,"max_hp_gain":0.0,"max_hp_loss":0.0,"gold_gain":0.0,"event_name":"Beggar","player_choice":"Gave Gold","floor":24.0,"gold_loss":75.0,"damage_taken":0.0}],"is_beta":false,"boss_relics":[{"not_picked":["Busted Crown","WristBlade"],"picked":"Calling Bell"}],"items_purged_floors":[],"is_endless":false,"potions_floor_spawned":[3,6,10,14,16,21,22,27,31],"killed_by":"Champ","ascension_level":20}}