{"host":"osk2oboccoevp2u5","time":1612711619,"event":{"mods":["AchievementEnabler","Alarm Clock","BaseMod","Colored Powertips","Disable Question Mark Monsters","Displayed Cursed Tome","Key Reminder","Minty Spire (QoL Compilation)","Potion Indicator Mod","Quick Restart","Rare Cards Sparkle","Reorder Act Four","StSLib","The Cursed","Useless Jewels Mod"],"gold_per_floor":[109,119,44,44,63,63,97,112,164,177,177,206,221,221,221,321,321,339,339,1,1,12,12,40,53,53,65,85,85,85,104,104,202,202,217,230,248,248,248],"floor_reached":38,"language":"ENG","playtime":4639,"items_purged":["TheCursedMod:Strike_TheCursed","TheCursedMod:Strike_TheCursed"],"score":640,"play_id":"470ded69-38bb-45bb-adea-e0b7a3803017","local_time":"20210207112659","is_ascension_mode":true,"campfire_choices":[{"floor":6.0,"key":"REST"},{"floor":15.0,"key":"REST"},{"data":"TheCursedMod:CursedWand","floor":23.0,"key":"SMITH"},{"floor":30.0,"key":"REST"},{"floor":32.0,"key":"REST"}],"circlet_count":0,"master_deck":["AscendersBane","TheCursedMod:Strike_TheCursed","TheCursedMod:Strike_TheCursed","TheCursedMod:Defend_TheCursed","TheCursedMod:Defend_TheCursed","TheCursedMod:Defend_TheCursed","TheCursedMod:Defend_TheCursed","TheCursedMod:CursedWand+1","TheCursedMod:CleanUpWorkshop","TheCursedMod:Dregs","Decay","Chrysalis","TheCursedMod:BloodBarrier","TheCursedMod:FleshFromBone","TheCursedMod:ReleasedKnowledge","TheCursedMod:Stigma","TheCursedMod:VitalStrike","TheCursedMod:Stigma","TheCursedMod:VoidForm","TheCursedMod:CursedArmor+1","TheCursedMod:Stigma","TheCursedMod:CircleOfFocus","TheCursedMod:SpitefulPray","TheCursedMod:VitalStrike","TheCursedMod:Torture+1","TheCursedMod:VoidForm","TheCursedMod:UltimatePain","TheCursedMod:CursedMace"],"relics":["TheCursedMod:BlackMagicAdvanced","Pear","TheCursedMod:Tack","Anchor","Lee\u0027s Waffle","GremlinMask","Ginger","Blue Candle","Runic Pyramid"],"acts_visited":["Exordium","TheCity","TheBeyond"],"potions_floor_usage":[],"damage_taken":[{"damage":0.0,"enemies":"Jaw Worm","floor":1.0,"turns":6.0},{"damage":5.0,"enemies":"Small Slimes","floor":2.0,"turns":5.0},{"damage":11.0,"enemies":"Cultist","floor":5.0,"turns":7.0},{"damage":48.0,"enemies":"Gremlin Nob","floor":7.0,"turns":6.0},{"damage":45.0,"enemies":"Exordium Wildlife","floor":8.0,"turns":7.0},{"damage":14.0,"enemies":"3 Louse","floor":10.0,"turns":5.0},{"damage":39.0,"enemies":"Lagavulin","floor":12.0,"turns":6.0},{"damage":11.0,"enemies":"Looter","floor":13.0,"turns":3.0},{"damage":21.0,"enemies":"Slime Boss","floor":16.0,"turns":13.0},{"damage":23.0,"enemies":"Shell Parasite","floor":18.0,"turns":9.0},{"damage":23.0,"enemies":"Chosen","floor":22.0,"turns":6.0},{"damage":43.0,"enemies":"Book of Stabbing","floor":24.0,"turns":7.0},{"damage":21.0,"enemies":"Shelled Parasite and Fungi","floor":25.0,"turns":9.0},{"damage":41.0,"enemies":"Centurion and Healer","floor":27.0,"turns":6.0},{"damage":11.0,"enemies":"Snake Plant","floor":28.0,"turns":3.0},{"damage":24.0,"enemies":"Shelled Parasite and Fungi","floor":31.0,"turns":6.0},{"damage":228.0,"enemies":"Collector","floor":33.0,"turns":10.0},{"damage":40.0,"enemies":"3 Darklings","floor":35.0,"turns":7.0},{"damage":12.0,"enemies":"3 Shapes","floor":36.0,"turns":11.0},{"damage":8.0,"enemies":"Maw","floor":37.0,"turns":8.0},{"damage":1,"enemies":"Sphere and 2 Shapes","floor":38,"turns":3}],"seed_played":"-2103175792656213035","potions_obtained":[{"floor":1.0,"key":"CultistPotion"},{"floor":8.0,"key":"TheCursedMod:DregsPotion"},{"floor":11.0,"key":"AttackPotion"},{"floor":11.0,"key":"Fire Potion"},{"floor":12.0,"key":"EntropicBrew"},{"floor":13.0,"key":"Energy Potion"},{"floor":22.0,"key":"ColorlessPotion"},{"floor":25.0,"key":"Energy Potion"},{"floor":28.0,"key":"Energy Potion"},{"floor":31.0,"key":"PowerPotion"},{"floor":35.0,"key":"Weak Potion"}],"is_trial":false,"path_per_floor":["M","M","$","?","M","R","E","M","T","M","?","E","M","?","R","B",null,"M","?","$","?","M","R","E","M","T","M","M","?","R","M","R","B",null,"M","M","M","M"],"character_chosen":"THE_CURSED","items_purchased":["Lee\u0027s Waffle","TheCursedMod:Stigma","TheCursedMod:CircleOfFocus"],"campfire_rested":4,"item_purchase_floors":[20,20,20],"current_hp_per_floor":[68,63,63,63,52,74,36,71,71,57,57,18,7,7,32,26,70,47,47,92,92,69,69,26,89,89,48,37,37,64,40,67,14,73,33,21,13,12,12],"gold":248,"neow_bonus":"RANDOM_COLORLESS_2","is_daily":false,"chose_seed":false,"campfire_upgraded":1,"win_rate":0.0,"timestamp":1612711619,"path_taken":["M","M","$","?","M","R","E","M","T","M","?","E","?","?","R","BOSS","M","?","$","?","M","R","E","M","T","M","?","?","R","M","R","BOSS","M","M","M","?"],"items_purchased_type":["Relic","Card","Card"],"build_version":"2020-12-22","purchased_purges":2,"victory":false,"max_hp_per_floor":[75,75,75,75,75,75,85,85,85,85,85,85,85,85,85,85,85,85,85,92,92,92,92,92,92,92,92,92,92,92,92,92,92,92,92,92,92,92,92],"card_choices":[{"not_picked":["Thinking Ahead","Mayhem"],"picked":"Chrysalis","floor":0.0},{"not_picked":["TheCursedMod:SpitefulStrike","TheCursedMod:CursedStaff"],"picked":"TheCursedMod:BloodBarrier","floor":1.0},{"not_picked":["TheCursedMod:Mangle","TheCursedMod:StingEye"],"picked":"TheCursedMod:FleshFromBone","floor":2.0},{"not_picked":["TheCursedMod:TacticalStrike","TheCursedMod:SpitefulPlan"],"picked":"TheCursedMod:ReleasedKnowledge","floor":5.0},{"not_picked":["TheCursedMod:VoidForm","TheCursedMod:CursedAmulet","TheCursedMod:CursedSpellbook"],"picked":"SKIP","floor":7.0},{"not_picked":["TheCursedMod:CursedBlade","TheCursedMod:CursedMace","TheCursedMod:SpitefulStrike"],"picked":"SKIP","floor":8.0},{"not_picked":["TheCursedMod:SoulCrush","TheCursedMod:ManaCirculation"],"picked":"TheCursedMod:Stigma","floor":10.0},{"not_picked":["TheCursedMod:HellfireBreathing","TheCursedMod:CursedStaff"],"picked":"TheCursedMod:VitalStrike","floor":12.0},{"not_picked":["TheCursedMod:CursedShiv","TheCursedMod:ReleasedKnowledge"],"picked":"TheCursedMod:Stigma","floor":13.0},{"not_picked":["TheCursedMod:DarkBarrier","TheCursedMod:ShockAndAwe"],"picked":"TheCursedMod:VoidForm","floor":16.0},{"not_picked":["TheCursedMod:CursedMace","TheCursedMod:RavingStaff"],"picked":"TheCursedMod:CursedArmor+1","floor":18.0},{"not_picked":["TheCursedMod:CursedBlade","TheCursedMod:SoulReap","TheCursedMod:AshesToAshes"],"picked":"SKIP","floor":22.0},{"not_picked":["TheCursedMod:DemonicPact","TheCursedMod:Evocation"],"picked":"TheCursedMod:SpitefulPray","floor":24.0},{"not_picked":["TheCursedMod:CursedAmulet","TheCursedMod:CircleOfBlood"],"picked":"TheCursedMod:VitalStrike","floor":25.0},{"not_picked":["TheCursedMod:BlessingInDisguise+1","TheCursedMod:AshesToAshes+1","TheCursedMod:TroublousMinions"],"picked":"SKIP","floor":27.0},{"not_picked":["TheCursedMod:CursedAmulet","TheCursedMod:CursedMace"],"picked":"TheCursedMod:Torture+1","floor":28.0},{"not_picked":["TheCursedMod:CircleOfBlood","TheCursedMod:TacticalStrike+1","TheCursedMod:CircleOfFlame"],"picked":"SKIP","floor":31.0},{"not_picked":["TheCursedMod:AntiAging","TheCursedMod:ParallelWorld"],"picked":"TheCursedMod:UltimatePain","floor":33.0},{"not_picked":["TheCursedMod:SoulReap","TheCursedMod:CircleOfWindfury+1","TheCursedMod:CursedBlade+1"],"picked":"SKIP","floor":35.0},{"not_picked":["TheCursedMod:TacticalStrike","TheCursedMod:CursedStaff+1","TheCursedMod:Stigma"],"picked":"SKIP","floor":36.0},{"not_picked":["TheCursedMod:RavingStaff+1","TheCursedMod:CircleOfBlood+1"],"picked":"TheCursedMod:CursedMace","floor":37.0}],"player_experience":1004474,"relics_obtained":[{"floor":7.0,"key":"Pear"},{"floor":9.0,"key":"TheCursedMod:Tack"},{"floor":12.0,"key":"Anchor"},{"floor":24.0,"key":"Ginger"},{"floor":26.0,"key":"Blue Candle"}],"event_choices":[{"damage_healed":0.0,"max_hp_gain":0.0,"max_hp_loss":0.0,"gold_gain":0.0,"event_name":"The Cleric","player_choice":"Leave","floor":4.0,"gold_loss":0.0,"damage_taken":0.0},{"damage_healed":0.0,"max_hp_gain":0.0,"max_hp_loss":0.0,"gold_gain":0.0,"event_name":"Lab","player_choice":"Got Potions","floor":11.0,"gold_loss":0.0,"damage_taken":0.0},{"damage_healed":0.0,"max_hp_gain":0.0,"max_hp_loss":0.0,"gold_gain":0.0,"event_name":"Shining Light","player_choice":"Ignored","floor":14.0,"gold_loss":0.0,"damage_taken":0.0},{"damage_healed":0.0,"max_hp_gain":0.0,"max_hp_loss":0.0,"gold_gain":0.0,"event_name":"Vampires","player_choice":"Ignored","floor":19.0,"gold_loss":0.0,"damage_taken":0.0},{"damage_healed":0.0,"max_hp_gain":0.0,"max_hp_loss":0.0,"gold_gain":0.0,"event_name":"FaceTrader","player_choice":"Trade","floor":21.0,"gold_loss":0.0,"damage_taken":0.0,"relics_obtained":["GremlinMask"]},{"damage_healed":0.0,"max_hp_gain":0.0,"max_hp_loss":0.0,"gold_gain":0.0,"event_name":"Duplicator","player_choice":"Copied","floor":29.0,"gold_loss":0.0,"damage_taken":0.0,"cards_obtained":["TheCursedMod:VoidForm"]}],"is_beta":false,"boss_relics":[{"not_picked":["Runic Dome","TheCursedMod:OminousMark"],"picked":"TheCursedMod:BlackMagicAdvanced"},{"not_picked":["Calling Bell","Coffee Dripper"],"picked":"Runic Pyramid"}],"items_purged_floors":[3,20],"is_endless":false,"potions_floor_spawned":[1,8,12,13,22,25,28,31,35],"killed_by":"Sphere and 2 Shapes","ascension_level":10}}