{"host":"gg","time":1612656282,"event":{"mods":["BaseMod","Colored Map","Googly Eyes","Minty Spire (QoL Compilation)","Permanent Neow","Relic Stats","The IronCluck"],"gold_per_floor":[110,110,110,160,176,176,176],"floor_reached":6,"language":"ENG","playtime":330,"items_purged":[],"score":68,"play_id":"abf612a3-72f5-47ce-be97-ad53fcdf6e55","local_time":"20210206160442","is_ascension_mode":true,"campfire_choices":[],"circlet_count":0,"master_deck":["AscendersBane","Strike_P","Strike_P","Strike_P","Strike_P","Defend_P","Defend_P","Defend_P","Defend_P","Eruption+1","Vigilance+1","SashWhip","FearNoEvil"],"relics":["Sozu","Golden Idol"],"acts_visited":["Exordium"],"potions_floor_usage":[],"damage_taken":[{"damage":7.0,"enemies":"Small Slimes","floor":1.0,"turns":5.0},{"damage":2,"enemies":"Jaw Worm","floor":5,"turns":3},{"damage":35,"enemies":"3 Sentries","floor":6,"turns":4}],"seed_played":"6142589098125972805","potions_obtained":[],"is_trial":false,"path_per_floor":["M","?","?","?","M","E"],"character_chosen":"WATCHER","items_purchased":[],"campfire_rested":0,"item_purchase_floors":[],"current_hp_per_floor":[54,54,35,29,27,0,0],"gold":176,"neow_bonus":"BOSS_RELIC","is_daily":false,"chose_seed":false,"campfire_upgraded":0,"win_rate":0.0,"timestamp":1612656282,"path_taken":["M","?","?","?","M","E"],"items_purchased_type":[],"build_version":"2020-12-18","purchased_purges":0,"victory":false,"max_hp_per_floor":[68,62,62,62,62,62,62],"relic_stats":{"Sozu":2,"counters":[3,12],"Golden Idol":3,"obtain_stats":[{"Sozu":0,"Golden Idol":2,"PureWater":0},{"Sozu":0,"Golden Idol":1,"PureWater":0},{"Sozu":0,"Golden Idol":5,"PureWater":0}]},"card_choices":[{"not_picked":["MentalFortress","Nirvana"],"picked":"SashWhip","floor":1.0},{"not_picked":["WindmillStrike","ReachHeaven"],"picked":"FearNoEvil","floor":5}],"player_experience":1308350,"relics_obtained":[],"event_choices":[{"damage_healed":0.0,"max_hp_gain":0.0,"max_hp_loss":6.0,"gold_gain":0.0,"event_name":"Golden Idol","player_choice":"Lose Max HP","floor":2.0,"gold_loss":0.0,"damage_taken":0.0,"relics_obtained":["Golden Idol"]},{"damage_healed":0.0,"max_hp_gain":0.0,"max_hp_loss":0.0,"gold_gain":0.0,"event_name":"Shining Light","player_choice":"Entered Light","floor":3.0,"gold_loss":0.0,"damage_taken":19.0,"cards_upgraded":["Vigilance","Eruption"]},{"damage_healed":0,"gold_gain":50,"player_choice":"Touch","damage_taken":6,"max_hp_gain":0,"max_hp_loss":0,"event_name":"FaceTrader","floor":4,"gold_loss":0}],"is_beta":true,"boss_relics":[],"items_purged_floors":[],"is_endless":false,"potions_floor_spawned":[1,5],"killed_by":"3 Sentries","ascension_level":20}}