{"host":"Sylvester","time":1612675821,"event":{"mods":["AchievementEnabler","BaseMod","Filter the Spire","Lobotomy","Minty Spire (QoL Compilation)","Replay The Spire","StSLib"],"gold_per_floor":[115,115,128,144,20,20,34,52,104,119,136,151,170,189,189,189,189,285,285,285,285],"floor_reached":20,"language":"ENG","playtime":547,"items_purged":["Strike_R"],"score":170,"play_id":"241cc2f4-c807-44d2-b588-a947d4feadc2","local_time":"20210206213021","is_ascension_mode":false,"campfire_choices":[{"data":"Clash","floor":6,"key":"SMITH"},{"data":"Defend_R","floor":17,"key":"PURGE"}],"circlet_count":0,"master_deck":["Strike_R+1","Bash","Clash+1","Clash","ReplayTheSpireMod:Faulty Equipment","Writhe"],"relics":["Empty Cage","Kintsugi"],"acts_visited":["Exordium","TheCity"],"potions_floor_usage":[14,18,18,20],"damage_taken":[{"damage":2,"enemies":"Small Slimes","floor":1,"turns":4},{"damage":3,"enemies":"Jaw Worm","floor":3,"turns":4},{"damage":1,"enemies":"2 Louse","floor":4,"turns":3},{"damage":8,"enemies":"Red Slaver","floor":7,"turns":2},{"damage":0,"enemies":"Looter","floor":8,"turns":3},{"damage":3,"enemies":"Exordium Thugs","floor":10,"turns":5},{"damage":10,"enemies":"Large Slime","floor":11,"turns":6},{"damage":5,"enemies":"Looter","floor":12,"turns":3},{"damage":7,"enemies":"3 Louse","floor":13,"turns":3},{"damage":0,"enemies":"Red Slaver","floor":14,"turns":3},{"damage":40,"enemies":"Slime Boss","floor":18,"turns":13},{"damage":40,"enemies":"Shell Parasite","floor":20,"turns":4}],"seed_played":"-716739509976741913","potions_obtained":[{"floor":4,"key":"SkillPotion"},{"floor":7,"key":"Block Potion"},{"floor":8,"key":"SteroidPotion"},{"floor":14,"key":"BloodPotion"},{"floor":18,"key":"Swift Potion"}],"is_trial":false,"path_per_floor":["M","?","M","M","$","R","M","M","T","M","M","M","M","M","PTL","PTL","R","B",null,"M"],"character_chosen":"IRONCLAD","items_purchased":["Clash"],"campfire_rested":0,"item_purchase_floors":[5],"current_hp_per_floor":[78,62,59,58,58,58,50,50,50,47,37,32,25,41,41,41,41,1,80,40,40],"gold":285,"neow_bonus":"BOSS_RELIC","is_daily":false,"chose_seed":false,"campfire_upgraded":1,"win_rate":0.0,"timestamp":1612675821,"path_taken":["M","?","M","M","$","R","M","M","T","M","M","M","M","M","PTL","PTL","R","BOSS","M"],"items_purchased_type":["Card"],"build_version":"2020-11-17","purchased_purges":1,"victory":false,"max_hp_per_floor":[80,80,80,80,80,80,80,80,80,80,80,80,80,80,80,80,80,80,80,80,80],"card_choices":[{"not_picked":["Run Through","Fire Breathing","Havoc"],"picked":"SKIP","floor":1},{"not_picked":["Twin Strike","Flex"],"picked":"Shrug It Off","floor":3},{"not_picked":["Evolve","Replay:Undeath\u0027s Touch","Havoc"],"picked":"SKIP","floor":4},{"not_picked":["Thunderclap","Replay:Undeath\u0027s Touch","Warcry"],"picked":"SKIP","floor":7},{"not_picked":["Rampage","Sever Soul","Dual Wield"],"picked":"SKIP","floor":8},{"not_picked":["Clash","Power Through","Wild Strike"],"picked":"SKIP","floor":10},{"not_picked":["Clash","Power Through","Wild Strike"],"picked":"SKIP","floor":10},{"not_picked":["Bloodletting","Rupture","ReplayTheSpireMod:Strike From Hell"],"picked":"SKIP","floor":11},{"not_picked":["Rampage","Warcry","Flex"],"picked":"SKIP","floor":12},{"not_picked":["Anger","Rampage","Warcry"],"picked":"SKIP","floor":13},{"not_picked":["Headbutt","Fiend Fire"],"picked":"Clash","floor":14}],"player_experience":222368,"relics_obtained":[],"event_choices":[{"damage_healed":0,"gold_gain":0,"player_choice":"Entered Light","damage_taken":16,"max_hp_gain":0,"max_hp_loss":0,"event_name":"Shining Light","floor":2,"gold_loss":0,"cards_upgraded":["Defend_R","Strike_R"]}],"is_beta":true,"boss_relics":[{"not_picked":["Tiny House","SacredBark"],"picked":"Kintsugi"}],"items_purged_floors":[5],"is_endless":false,"potions_floor_spawned":[4,7,8,12,13,14,18],"killed_by":"Shell Parasite","ascension_level":0}}