{"host":"19tvufa8xx4wr4o1","time":1612659494,"event":{"mods":["AchievementEnabler","BaseMod","Better Sensory Stone","Better Third Choice","Highlight Path","Minty Spire (QoL Compilation)","Relic Stats","StSLib"],"gold_per_floor":[119,132,132,75,75,105,116,116,141,141,64,64,74,90,90,167,167,187,187,210,210,210,210,241,23,23,73,26,0,0,0,0,0,0],"floor_reached":33,"language":"ENG","playtime":995,"items_purged":["Shame"],"score":494,"play_id":"10f03fce-aad2-47d4-83ed-1d31b244b18e","local_time":"20210206185814","is_ascension_mode":true,"campfire_choices":[{"data":"Static Discharge","floor":8.0,"key":"SMITH"},{"data":"Zap","floor":10.0,"key":"SMITH"},{"data":"Buffer","floor":12.0,"key":"SMITH"},{"floor":15.0,"key":"REST"},{"data":"Seek","floor":23,"key":"SMITH"},{"data":"Dualcast","floor":30,"key":"SMITH"},{"floor":32,"key":"REST"}],"circlet_count":0,"master_deck":["AscendersBane","Strike_B","Strike_B","Strike_B","Strike_B","Defend_B","Defend_B","Defend_B","Defend_B","Zap+1","Dualcast+1","Sweeping Beam","Static Discharge+1","Buffer+1","Doom and Gloom","Genetic Algorithm","Seek+1","Reinforced Body","Coolheaded","Chill"],"relics":["FrozenCore","NeowsBlessing","betterThird:SlimedRelic","Tiny Chest","Orichalcum","Centennial Puzzle","Torii","Blood Vial","DataDisk","StrikeDummy","HornCleat"],"acts_visited":["Exordium","TheCity"],"potions_floor_usage":[16,24,24],"damage_taken":[{"damage":0.0,"enemies":"Cultist","floor":1.0,"turns":1.0},{"damage":0.0,"enemies":"2 Louse","floor":2.0,"turns":1.0},{"damage":0.0,"enemies":"Gremlin Nob","floor":6.0,"turns":1.0},{"damage":8.0,"enemies":"Jaw Worm","floor":7.0,"turns":5.0},{"damage":4.0,"enemies":"Lots of Slimes","floor":13.0,"turns":3.0},{"damage":13.0,"enemies":"Large Slime","floor":14.0,"turns":5.0},{"damage":28,"enemies":"Slime Boss","floor":16,"turns":10},{"damage":13,"enemies":"Chosen","floor":18,"turns":4},{"damage":21,"enemies":"Book of Stabbing","floor":24,"turns":7},{"damage":1,"enemies":"2 Thieves","floor":29,"turns":4},{"damage":96,"enemies":"Automaton","floor":33,"turns":12}],"seed_played":"-3824577139694213996","potions_obtained":[{"floor":6.0,"key":"SpeedPotion"},{"floor":7.0,"key":"BlessingOfTheForge"},{"floor":13.0,"key":"PotionOfCapacity"},{"floor":16,"key":"SteroidPotion"}],"is_trial":false,"path_per_floor":["M","M","?","?","$","E","M","R","T","R","$","R","M","M","R","B",null,"M","?","T","?","?","R","E","$","T","?","$","M","R","T","R","B"],"character_chosen":"DEFECT","items_purchased":["Doom and Gloom","DataDisk","Coolheaded"],"campfire_rested":2,"item_purchase_floors":[11,25,28],"current_hp_per_floor":[64,64,69,58,58,58,50,50,50,50,50,50,46,33,55,27,64,51,51,51,51,51,51,30,30,30,30,30,31,31,31,53,0,0],"gold":0,"neow_bonus":"THREE_ENEMY_KILL","is_daily":false,"chose_seed":false,"campfire_upgraded":5,"win_rate":0.0,"timestamp":1612659494,"path_taken":["M","M","?","?","$","E","?","R","T","R","?","R","M","M","R","BOSS","M","?","?","?","?","R","E","$","T","?","$","M","R","?","R","BOSS"],"items_purchased_type":["Card","Relic","Card"],"build_version":"2020-12-22","purchased_purges":1,"victory":false,"max_hp_per_floor":[71,71,76,76,76,76,76,76,76,76,76,76,76,76,76,76,76,76,76,76,76,76,76,76,76,76,76,76,76,76,76,76,76,76],"relic_stats":{"Blood Vial":4,"Centennial Puzzle":[9],"Torii":12,"counters":[11,53],"Tiny Chest":2,"Orichalcum":[144],"obtain_stats":[{"Blood Vial":24,"Centennial Puzzle":20,"DataDisk":25,"HornCleat":31,"NeowsBlessing":0,"Torii":21,"betterThird:SlimedRelic":4,"Tiny Chest":6,"Orichalcum":9,"Cracked Core":0,"StrikeDummy":26,"FrozenCore":17},{"Blood Vial":9,"Centennial Puzzle":8,"DataDisk":9,"HornCleat":10,"NeowsBlessing":0,"Torii":8,"betterThird:SlimedRelic":2,"Tiny Chest":3,"Orichalcum":4,"Cracked Core":0,"StrikeDummy":9,"FrozenCore":7},{"Blood Vial":37,"Centennial Puzzle":30,"DataDisk":37,"HornCleat":41,"NeowsBlessing":0,"Torii":30,"betterThird:SlimedRelic":2,"Tiny Chest":3,"Orichalcum":8,"Cracked Core":0,"StrikeDummy":37,"FrozenCore":26}],"FrozenCore":[11]},"card_choices":[{"not_picked":["Coolheaded","Conserve Battery"],"picked":"Sweeping Beam","floor":1.0},{"not_picked":["Turbo","Coolheaded"],"picked":"Static Discharge","floor":2.0},{"not_picked":["Beam Cell","Skim","Compile Driver"],"picked":"SKIP","floor":6.0},{"not_picked":["Redo","Fusion"],"picked":"Buffer","floor":7.0},{"not_picked":["Compile Driver","Turbo","Go for the Eyes"],"picked":"SKIP","floor":13.0},{"not_picked":["Steam","Beam Cell"],"picked":"Genetic Algorithm","floor":14.0},{"not_picked":["Hyperbeam","Multi-Cast"],"picked":"Seek","floor":16},{"not_picked":["Scrape","Go for the Eyes","Aggregate"],"picked":"SKIP","floor":18},{"not_picked":["FTL+1","Rip and Tear+1"],"picked":"Reinforced Body","floor":24},{"not_picked":["Leap","Sweeping Beam"],"picked":"Chill","floor":29}],"player_experience":625948,"relics_obtained":[{"floor":6.0,"key":"Tiny Chest"},{"floor":9.0,"key":"Orichalcum"},{"floor":20,"key":"Centennial Puzzle"},{"floor":24,"key":"Blood Vial"},{"floor":26,"key":"StrikeDummy"},{"floor":31,"key":"HornCleat"}],"event_choices":[{"damage_healed":0.0,"max_hp_gain":5.0,"max_hp_loss":0.0,"gold_gain":0.0,"event_name":"Big Fish","player_choice":"Donut","floor":3.0,"gold_loss":0.0,"damage_taken":0.0},{"damage_healed":0.0,"max_hp_gain":0.0,"max_hp_loss":0.0,"gold_gain":0.0,"event_name":"betterThird:BetterGoop","player_choice":"Slimed","floor":4.0,"gold_loss":57.0,"damage_taken":11.0},{"damage_healed":0,"gold_gain":2,"player_choice":"1","damage_taken":0,"max_hp_gain":0,"max_hp_loss":0,"event_name":"betterStone:BetterStone","floor":19,"gold_loss":0},{"damage_healed":0,"gold_gain":0,"player_choice":"Stole Relic","damage_taken":0,"relics_obtained":["Torii"],"max_hp_gain":0,"max_hp_loss":0,"event_name":"Addict","floor":21,"gold_loss":0,"cards_obtained":["Shame"]},{"damage_healed":0,"gold_gain":0,"player_choice":"Ignored","damage_taken":0,"max_hp_gain":0,"max_hp_loss":0,"event_name":"Vampires","floor":22,"gold_loss":0},{"damage_healed":0,"gold_gain":50,"player_choice":"Steal","damage_taken":0,"max_hp_gain":0,"max_hp_loss":0,"event_name":"betterThird:BetterNest","floor":27,"gold_loss":0}],"is_beta":false,"boss_relics":[{"not_picked":["Pandora\u0027s Box","Philosopher\u0027s Stone"],"picked":"FrozenCore"}],"items_purged_floors":[25],"is_endless":false,"potions_floor_spawned":[6,7,13,16],"killed_by":"Automaton","ascension_level":15}}