{"host":"3y33rrrkia6pkpow","time":1612722800,"event":{"mods":["2.2 Compatiblity","AchievementEnabler","Act Like it!","BaseMod","BetterRewards","Block Reminder","Colored Map","Colored Powertips","DeckTracker","Faster Ascension Climbing","Gensokyo","Highlight Path","Infinite Spire","Minty Spire (QoL Compilation)","Quick Restart","Rare Cards Sparkle","Replay The Spire","Shop Mod","Spicy Shops","StSLib","Synergy Search","The Animator","The Blue Laboratory","Unknown Chances"],"gold_per_floor":[112,12,12,12,26,53,63,88,113,113,148,166,177,177,177,250,250,260,278,278,291,171,197,197,227,227,627,640,670,670,700,700,774,774,794,794,794,644,655,688,688,714,739,832,380,411,438,456,456,456,460],"floor_reached":52,"language":"ENG","playtime":5855,"items_purged":[],"score":2531,"play_id":"b6c291e1-0394-4f3a-bc09-9851d415976e","local_time":"20210207123320","is_ascension_mode":true,"campfire_choices":[{"floor":10.0,"key":"REST"},{"floor":15.0,"key":"REST"},{"data":"animator:HinaKagiyama","floor":24.0,"key":"SMITH"},{"floor":30.0,"key":"REST"},{"data":"animator:KurumiTokisaki","floor":32.0,"key":"SMITH"},{"floor":41.0,"key":"REST"},{"data":"animator:AcuraShin","floor":49,"key":"SMITH"}],"circlet_count":0,"master_deck":["AscendersBane","animator:Strike_HitsugiNoChaika","animator:Defend_HitsugiNoChaika","animator:Defend","animator:AcuraAkari+1","animator:Gillette+1","animator:AcuraTooru","animator:Fredrika","animator:AcuraTooru","animator:NiaHonjou","animator:YamaiSisters","animator:YachiyoNanami","animator:AliceMargatroid","Clumsy","animator:HinaKagiyama+1","animator:Curse_Dizziness","animator:KurumiTokisaki+1","animator:Rena","animator:Gillette","animator:JunSakurada+10","animator:MukuroHoshimiya+1","animator:AcuraTooru","animator:ChaikaBohdan","animator:Elesis+2","animator:YamaiSisters","animator:YachiyoNanami","infinitespire:Fortify","animator:ChaikaBohdan+1","animator:NiaHonjou","animator:NiaHonjou","animator:AcuraTooru","animator:Viivi","animator:HiedaNoAkyuu","animator:Gillette","animator:Gillette","animator:ChaikaBohdan","animator:Rena","animator:AcuraAkari","animator:NiaHonjou","animator:HiedaNoAkyuu","animator:AcuraShin+1","animator:Fredrika","animator:YachiyoNanami","animator:Rena","animator:CowGirl+1","animator:AcuraTooru"],"relics":["animator:LivingPicture","animator:TheMissingPiece","animator:PurgingStone","Ornamental Fan","Guide Book","Orrery","Mirror","Gensokyo:NagashiBinaDoll","Paper Crane","infinitespire:Eraser","Dream Catcher","Bag of Marbles","Ring of Panic","Ring of Hypnosis","Replay:Drink Me","OrangePellets","animator:VividPicture","Gensokyo:SpiderMask","Whetstone","Replay:Rubber Ducky","Mercury Hourglass","infinitespire:Golems Mask","Old Coin","Omamori","animator:RacePiece","Nunchaku","Sling","Meat on the Bone","Bronze Scales","Red Skull","Toy Ornithopter","Ginger","infinitespire:Midas Blood"],"acts_visited":["Gensokyo:Gensokyo","Gensokyo:Gensokyoer","Gensokyo:Gensokyoest"],"potions_floor_usage":[51,51],"damage_taken":[{"damage":4.0,"enemies":"Gensokyo:Gryphon","floor":1.0,"turns":3.0},{"damage":2.0,"enemies":"Gensokyo:3_Fairies","floor":5.0,"turns":4.0},{"damage":11.0,"enemies":"Gensokyo:Mamizou","floor":6.0,"turns":8.0},{"damage":0.0,"enemies":"Gensokyo:2_Kodama","floor":7.0,"turns":4.0},{"damage":8.0,"enemies":"Gensokyo:Cirno","floor":8.0,"turns":5.0},{"damage":15.0,"enemies":"Gensokyo:Aya","floor":11.0,"turns":9.0},{"damage":0.0,"enemies":"Gensokyo:2_Rabbits","floor":12.0,"turns":5.0},{"damage":0.0,"enemies":"Gensokyo:Python_and_Kodama","floor":13.0,"turns":2.0},{"damage":15.0,"enemies":"Gensokyo:Kokoro","floor":16.0,"turns":10.0},{"damage":0.0,"enemies":"Gensokyo:Chomper","floor":18.0,"turns":3.0},{"damage":0.0,"enemies":"Gensokyo:CosmicMonolith","floor":19.0,"turns":3.0},{"damage":0.0,"enemies":"Gensokyo:Wraith","floor":21.0,"turns":5.0},{"damage":0.0,"enemies":"Gensokyo:Reisen","floor":23.0,"turns":5.0},{"damage":10.0,"enemies":"Gensokyo:Koishi","floor":25.0,"turns":5.0},{"damage":0.0,"enemies":"Gensokyo:Koishi","floor":27.0,"turns":5.0},{"damage":0.0,"enemies":"Gensokyo:Mirror_and_Dog","floor":28.0,"turns":2.0},{"damage":0.0,"enemies":"Gensokyo:Tenshi","floor":29.0,"turns":2.0},{"damage":0.0,"enemies":"Gensokyo:Monolith_and_Dog","floor":31.0,"turns":2.0},{"damage":0.0,"enemies":"Gensokyo:Kaguya","floor":33.0,"turns":6.0},{"damage":0.0,"enemies":"Gensokyo:3_Bats","floor":35.0,"turns":2.0},{"damage":0.0,"enemies":"Gensokyo:AncientGuardian","floor":39.0,"turns":2.0},{"damage":20.0,"enemies":"Gensokyo:Marisa","floor":40.0,"turns":3.0},{"damage":0.0,"enemies":"Gensokyo:Kasen","floor":42.0,"turns":3.0},{"damage":0.0,"enemies":"Gensokyo:Doremy","floor":46.0,"turns":2.0},{"damage":0.0,"enemies":"Gensokyo:3_Boulders","floor":47.0,"turns":2.0},{"damage":0,"enemies":"Gensokyo:Sharpion","floor":48,"turns":2},{"damage":0,"enemies":"Gensokyo:Yuyuko","floor":50,"turns":3},{"damage":10,"enemies":"Gensokyo:Shinki","floor":51,"turns":5}],"seed_played":"4411641459489386479","potions_obtained":[{"floor":1.0,"key":"blueLaboratory:LouseDecoction"},{"floor":7.0,"key":"Strength Potion"},{"floor":8.0,"key":"animator:FalseLifePotion"},{"floor":27.0,"key":"animator:GrowthPotion"},{"floor":28.0,"key":"blueLaboratory:Moonshine"},{"floor":40.0,"key":"blueLaboratory:BottleOfRum"},{"floor":47.0,"key":"blueLaboratory:BottleOfRum"}],"is_trial":false,"path_per_floor":["M","?","?","?","M","E","M","E","T","R","E","M","M","?","R","B",null,"M","M","AVR","M","?","E","R","E","T","?","M","E","R","M","R","B",null,"M","?","?","COS","M","E","R","E","T","?","$","E","M","M","R","B","B",null],"character_chosen":"THE_ANIMATOR","items_purchased":["Ornamental Fan","Guide Book","animator:AcuraTooru","Orrery","animator:AcuraShin","Ginger","animator:Fredrika","animator:YachiyoNanami"],"campfire_rested":4,"item_purchase_floors":[0,0,0,0,45,45,45,45],"current_hp_per_floor":[38,38,38,38,36,25,25,17,17,35,20,20,20,20,39,24,41,41,41,41,41,41,41,41,31,31,31,31,31,44,44,44,44,46,46,46,46,46,46,26,39,39,39,39,39,39,39,39,39,39,36],"gold":460,"neow_bonus":"","is_daily":false,"chose_seed":true,"campfire_upgraded":3,"win_rate":0.0,"timestamp":1612722800,"path_taken":["M","?","?","?","M","E","M","E","T","R","E","M","M","?","R","BOSS","M","?","AVR","M","?","E","R","E","T","?","M","E","R","M","R","BOSS","M","?","?","COS","M","E","R","E","T","?","$","E","M","?","R","BOSS","BOSS"],"items_purchased_type":["Relic","Relic","Card","Relic","Card","Relic","Card","Card"],"build_version":"2020-12-22","purchased_purges":0,"victory":true,"max_hp_per_floor":[60,60,60,60,60,60,60,60,60,60,60,60,60,60,61,61,46,46,46,46,46,46,46,46,46,46,46,46,46,46,46,46,46,46,46,46,46,46,46,46,46,46,46,46,46,46,46,46,46,46,46],"card_choices":[{"not_picked":["animator:Midou","animator:Souseiseki"],"picked":"animator:Fredrika","floor":0.0},{"not_picked":["animator:Ciel","animator:YuukaKazami"],"picked":"animator:AcuraTooru","floor":0.0},{"not_picked":["animator:IrohaTamaki","animator:YuiTsuruno"],"picked":"animator:NiaHonjou","floor":0.0},{"not_picked":["animator:CowGirl","animator:ShidoItsuka"],"picked":"animator:YamaiSisters","floor":0.0},{"not_picked":["animator:KyokoSakura","animator:Souseiseki"],"picked":"animator:YachiyoNanami","floor":0.0},{"not_picked":["animator:SuzuneAmano","animator:Ara"],"picked":"animator:AliceMargatroid","floor":1.0},{"not_picked":["animator:Chibimoth","animator:Fredrika"],"picked":"animator:KurumiTokisaki","floor":5.0},{"not_picked":["animator:GazelDwargon","animator:LuciaKonohana"],"picked":"animator:Rena","floor":6.0},{"not_picked":["animator:ChaikaBohdan","animator:Guy"],"picked":"animator:Gillette","floor":7.0},{"not_picked":["animator:LizardPriest","animator:GazelDwargon"],"picked":"animator:JunSakurada","floor":8.0},{"not_picked":["animator:SanaeKochiya","animator:Shion"],"picked":"animator:MukuroHoshimiya","floor":11.0},{"not_picked":["animator:ReineMurasame","animator:Hinaichigo"],"picked":"animator:AcuraTooru","floor":12.0},{"not_picked":["animator:ChaikaBohdan","animator:Guy"],"picked":"animator:Fredrika","floor":13.0},{"not_picked":["animator:Chibimoth","animator:LizardPriest"],"picked":"animator:ChaikaBohdan","floor":15.0},{"not_picked":["animator:YukariYakumo","animator:ChaikaTrabant"],"picked":"animator:Elesis","floor":16.0},{"not_picked":["animator:Kagari","animator:Hakurou"],"picked":"animator:YamaiSisters","floor":18.0},{"not_picked":["animator:MamiTomoe","animator:ReineMurasame"],"picked":"animator:YachiyoNanami","floor":19.0},{"not_picked":["animator:Laby","animator:Clownpiece"],"picked":"animator:ChaikaBohdan+1","floor":21.0},{"not_picked":["animator:ReineMurasame","animator:YoshinoHimekawa"],"picked":"animator:NiaHonjou","floor":23.0},{"not_picked":["animator:Souei","animator:Natsumi"],"picked":"animator:NiaHonjou","floor":25.0},{"not_picked":["animator:Hakurou","animator:SuzuneAmano","animator:MarisaKirisame"],"picked":"SKIP","floor":28.0},{"not_picked":["animator:Fredrika","animator:ChaikaBohdan"],"picked":"animator:AcuraTooru","floor":29.0},{"not_picked":["animator:OrigamiTobiichi","animator:Gillette"],"picked":"animator:Viivi","floor":31.0},{"not_picked":["animator:KurumiTokisaki","animator:SwordMaiden"],"picked":"animator:HiedaNoAkyuu","floor":33.0},{"not_picked":["animator:Raven+1","animator:ReineMurasame"],"picked":"animator:Rena","floor":35.0},{"not_picked":["animator:Hakurou+1","animator:Raven"],"picked":"animator:AcuraAkari","floor":39.0},{"not_picked":["animator:TohkaYatogami","animator:MikuIzayoi"],"picked":"animator:NiaHonjou","floor":40.0},{"not_picked":["animator:Millim","animator:Chung"],"picked":"animator:HiedaNoAkyuu","floor":42.0},{"not_picked":["animator:IrohaTamaki","animator:MikuIzayoi+1"],"picked":"animator:JunSakurada","floor":44.0},{"not_picked":["animator:NoriSakurada","animator:Suiseiseki"],"picked":"animator:Rena","floor":46.0},{"not_picked":["animator:SuikaIbuki","animator:NoriSakurada"],"picked":"animator:CowGirl+1","floor":47.0},{"not_picked":["animator:Gillette","animator:Viivi"],"picked":"animator:AcuraTooru","floor":48}],"player_experience":987769,"relics_obtained":[{"floor":6.0,"key":"Paper Crane"},{"floor":8.0,"key":"infinitespire:Eraser"},{"floor":9.0,"key":"Dream Catcher"},{"floor":11.0,"key":"Bag of Marbles"},{"floor":14.0,"key":"Ring of Panic"},{"floor":14.0,"key":"Ring of Hypnosis"},{"floor":23.0,"key":"Whetstone"},{"floor":25.0,"key":"Replay:Rubber Ducky"},{"floor":26.0,"key":"Mercury Hourglass"},{"floor":27.0,"key":"infinitespire:Golems Mask"},{"floor":27.0,"key":"Old Coin"},{"floor":29.0,"key":"Omamori"},{"floor":40.0,"key":"Meat on the Bone"},{"floor":42.0,"key":"Bronze Scales"},{"floor":43.0,"key":"Red Skull"},{"floor":44.0,"key":"Toy Ornithopter"},{"floor":46.0,"key":"infinitespire:Midas Blood"}],"event_choices":[],"is_beta":false,"boss_relics":[{"not_picked":["Sozu","Honey Jar"],"picked":"Replay:Drink Me"},{"not_picked":["SacredBark","ReplayTheSpireMod:DimensionalGlitch"],"picked":"animator:RacePiece"}],"items_purged_floors":[],"is_endless":false,"potions_floor_spawned":[1,7,8,21,25,27,28,40,47],"ascension_level":20}}