{"host":"0luxfixkkfk9wck3","time":1612740723,"event":{"mods":["BaseMod","DeckTracker","Downfall","Highlight Path","Minty Spire (QoL Compilation)","StSLib"],"gold_per_floor":[99,115,125,135,44,44,68,218,249,270,270,285,185,185,199,304,304,304,322,322,403,413,243,243,253,267,298,198,209,209,26,42,145,145,145,163,65,65,65,65,91,91,91,91,106,6,6,6,23,23,23,23,23,23],"floor_reached":52,"language":"ENG","playtime":7023,"items_purged":["downfall:Icky","champ:Defend"],"score":886,"play_id":"6038f56a-ea32-4f87-b180-0717bf74e7d2","local_time":"20210207173203","is_ascension_mode":true,"campfire_choices":[{"data":"champ:Defend","floor":1,"key":"SMITH"},{"data":"champ:ArenaPreparation","floor":6,"key":"SMITH"},{"floor":13,"key":"REST"},{"data":"champ:FlashCut","floor":18,"key":"SMITH"},{"floor":28,"key":"REST"},{"floor":30,"key":"REST"},{"floor":35,"key":"RECALL"},{"data":"champ:Taunt","floor":40,"key":"SMITH"},{"data":"champ:Lariat","floor":42,"key":"SMITH"},{"data":"expansioncontent:QuickStudy","floor":46,"key":"SMITH"}],"circlet_count":0,"master_deck":["champ:Execute+1","champ:Taunt+1","champ:DefensiveShout","champ:SwordSigil","champ:Circumvent","champ:ArenaPreparation+1","champ:TornadoPunch","champ:CrookedStrike","champ:StrikeOfGenius","champ:FlashCut+1","champ:SteelEdge","champ:Circumvent","champ:CheapShot","champ:RageSigil","champ:ArenaPreparation","champ:Backstep","champ:AdrenalArmor+1","champ:RageSigil","expansioncontent:QuickStudy+1","champ:VampiricStrike","champ:EnchantShield","champ:DancingMaster+1","champ:CheapShot+1","champ:FocusedDefense+1","champ:Lariat+1","champ:RapidStrikes","champ:SteelEdge"],"relics":["champ:ChampionCrown","Juzu Bracelet","champ:SpectersHand","Odd Mushroom","downfall:HeartBlessingGreen","bronze:MakeshiftBattery","Singing Bowl","Tiny Chest","downfall:HeartBlessingBlue","Astrolabe","Toy Ornithopter","Vajra","sneckomod:BlankCard","Sundial","downfall:HeartBlessingRed","downfall:ExtraCursedKey"],"acts_visited":["Exordium","TheCity","TheBeyond","TheEnding"],"potions_floor_usage":[10,27,27,50,50],"damage_taken":[{"damage":11,"enemies":"Small Slimes","floor":2,"turns":4},{"damage":0,"enemies":"Jaw Worm","floor":3,"turns":4},{"damage":10,"enemies":"2 Louse","floor":4,"turns":2},{"damage":25,"enemies":"downfall:FleeingMerchant","floor":5,"turns":4},{"damage":36,"enemies":"Lagavulin","floor":9,"turns":8},{"damage":18,"enemies":"The Mushroom Lair","floor":10,"turns":2},{"damage":16,"enemies":"Exordium Wildlife","floor":12,"turns":3},{"damage":22,"enemies":"3 Louse","floor":15,"turns":3},{"damage":10,"enemies":"SI_SHIV_ARCHETYPE","floor":16,"turns":6},{"damage":10,"enemies":"3 Byrds","floor":19,"turns":4},{"damage":0,"enemies":"Snake Plant","floor":22,"turns":5},{"damage":45,"enemies":"downfall:FleeingMerchant","floor":23,"turns":4},{"damage":20,"enemies":"Centurion and Healer","floor":25,"turns":5},{"damage":26,"enemies":"Snecko","floor":26,"turns":5},{"damage":39,"enemies":"Slavers","floor":27,"turns":7},{"damage":27,"enemies":"Cultist and Chosen","floor":29,"turns":6},{"damage":10,"enemies":"downfall:FleeingMerchant","floor":31,"turns":5},{"damage":0,"enemies":"Snake Plant","floor":32,"turns":3},{"damage":27,"enemies":"DF_ARCHETYPE_CLAW","floor":33,"turns":10},{"damage":10,"enemies":"3 Darklings","floor":36,"turns":7},{"damage":32,"enemies":"downfall:FleeingMerchant","floor":37,"turns":6},{"damage":0,"enemies":"Orb Walker","floor":45,"turns":3},{"damage":0,"enemies":"Transient","floor":49,"turns":5},{"damage":64,"enemies":"WA_ARCHETYPE_DIVINITY","floor":50,"turns":21},{"damage":139,"enemies":"downfall:CharBossMerchant","floor":52,"turns":9}],"seed_played":"7517780211806130414","potions_obtained":[{"floor":9,"key":"Explosive Potion"},{"floor":10,"key":"Strength Potion"},{"floor":12,"key":"SpeedPotion"},{"floor":15,"key":"PowerPotion"},{"floor":22,"key":"AttackPotion"},{"floor":29,"key":"champ:OpenerPotion"}],"is_trial":false,"path_per_floor":["R","M","M","M","$","R","T","?","E","?","?","M","R","?","M","B",null,"R","M","?","T","M","$","T","M","M","E","R","M","R","$","M","B",null,"R","M","$","?","?","R","T","R","?","T","M","R","?","?","M","B",null,"E"],"character_chosen":"THE_CHAMP","items_purchased":["champ:ArenaPreparation","champ:RageSigil","expansioncontent:QuickStudy","Toy Ornithopter","AttackPotion","Vajra"],"campfire_rested":3,"item_purchase_floors":[5,23,31,37,37,37],"current_hp_per_floor":[81,80,80,80,75,75,75,75,59,41,41,35,62,62,40,35,76,76,76,76,76,76,76,76,76,65,43,83,71,101,101,101,79,96,96,98,91,91,91,91,91,91,91,91,93,93,93,93,93,54,93,0,0,0],"gold":23,"neow_bonus":"UPGRADE_CARD","is_daily":false,"chose_seed":false,"campfire_upgraded":6,"win_rate":0.0,"timestamp":1612740723,"path_taken":["R","M","M","M","$","R","T","?","E","?","?","M","R","?","M","BOSS","R","M","?","?","M","$","T","M","M","E","R","M","R","$","M","BOSS","R","M","$","?","?","R","T","R","?","?","M","R","?","?","M","BOSS","E"],"items_purchased_type":["Card","Card","Card","Relic","Potion","Relic"],"build_version":"2020-12-22","purchased_purges":2,"victory":false,"max_hp_per_floor":[90,90,90,90,90,90,90,90,90,90,90,90,90,90,90,90,90,90,90,90,90,90,90,90,90,90,92,102,102,102,102,102,102,102,102,104,104,104,104,104,104,104,104,104,106,106,106,106,106,106,106,106,106,106],"card_choices":[{"not_picked":["champ:Circumvent","champ:ShieldSigil"],"picked":"champ:DefensiveShout","floor":2},{"not_picked":["champ:FanOfKnives","champ:RapidStrikes","champ:BerserkersShout"],"picked":"SKIP","floor":3},{"not_picked":["champ:DefensiveStyle","champ:Shatter"],"picked":"champ:SwordSigil","floor":4},{"not_picked":["champ:IronFortress","champ:SwordThrow"],"picked":"champ:Circumvent","floor":5},{"not_picked":["champ:SkillfulDodge","champ:Duel"],"picked":"champ:TornadoPunch","floor":9},{"not_picked":["champ:CalledShot","champ:Haymaker"],"picked":"champ:CrookedStrike","floor":10},{"not_picked":["champ:BladeFlurry","champ:SkillfulDodge","champ:CrownThrow"],"picked":"SKIP","floor":12},{"not_picked":["champ:StanceDance","champ:BringItOn"],"picked":"champ:FlashCut","floor":15},{"not_picked":["champ:DancingMaster","champ:Devastate"],"picked":"champ:SteelEdge","floor":16},{"not_picked":["champ:FancyFootwork","champ:BerserkersShout"],"picked":"champ:Circumvent","floor":19},{"not_picked":["champ:FlashCut","champ:BringItOn","champ:Haymaker"],"picked":"SKIP","floor":22},{"not_picked":["champ:IronFortress","champ:CrownThrow"],"picked":"champ:CheapShot","floor":23},{"not_picked":["champ:DefensiveShout","champ:FlashCut"],"picked":"champ:ArenaPreparation","floor":25},{"not_picked":["champ:FocusedBerserking","champ:Circumvent"],"picked":"champ:Backstep","floor":26},{"not_picked":["champ:FocusedBerserking","champ:CalledShot","champ:Encircle"],"picked":"Singing Bowl","floor":27},{"not_picked":["champ:TornadoPunch","champ:GladiatorStyle"],"picked":"champ:AdrenalArmor+1","floor":29},{"not_picked":["champ:Backstep","champ:TornadoPunch+1"],"picked":"champ:RageSigil","floor":31},{"not_picked":["champ:Circumvent","champ:AdrenalArmor"],"picked":"champ:VampiricStrike","floor":32},{"not_picked":["champ:CheapShot","champ:UltimateStance"],"picked":"champ:EnchantShield","floor":33},{"not_picked":["champ:FanOfKnives+1","champ:DefensiveShout+1","champ:GutPunch+1"],"picked":"Singing Bowl","floor":36},{"not_picked":["champ:FlashCut","champ:AdrenalArmor"],"picked":"champ:Lariat","floor":37},{"not_picked":["champ:FanOfKnives","champ:Parry","champ:BerserkerStyle+1"],"picked":"Singing Bowl","floor":45},{"not_picked":["champ:BerserkerStyle","champ:FanOfKnives"],"picked":"champ:SteelEdge","floor":49}],"player_experience":11617558,"relics_obtained":[{"floor":7,"key":"Juzu Bracelet"},{"floor":9,"key":"champ:SpectersHand"},{"floor":10,"key":"Odd Mushroom"},{"floor":24,"key":"Singing Bowl"},{"floor":27,"key":"Tiny Chest"},{"floor":41,"key":"sneckomod:BlankCard"},{"floor":44,"key":"Sundial"}],"event_choices":[{"damage_healed":0,"gold_gain":0,"player_choice":"Fought Mushrooms","damage_taken":0,"max_hp_gain":0,"max_hp_loss":0,"event_name":"Mushrooms","floor":10,"gold_loss":0},{"damage_healed":0,"gold_gain":0,"cards_transformed":["champ:Strike"],"player_choice":"Change","damage_taken":0,"max_hp_gain":0,"max_hp_loss":0,"event_name":"Living Wall","floor":14,"gold_loss":0,"cards_obtained":["champ:StrikeOfGenius"]},{"cards_removed":["champ:Defend"],"damage_healed":0,"gold_gain":0,"player_choice":"Removed Skill","damage_taken":0,"max_hp_gain":0,"max_hp_loss":0,"event_name":"Falling","floor":38,"gold_loss":0}],"is_beta":false,"boss_relics":[{"not_picked":["champ:PowerArmor","champ:ChampionCrownUpgraded"],"picked":"bronze:MakeshiftBattery"},{"not_picked":["Calling Bell","Coffee Dripper"],"picked":"Astrolabe"}],"items_purged_floors":[23,37],"is_endless":false,"potions_floor_spawned":[9,10,12,15,16,22,26,29,49],"killed_by":"downfall:CharBossMerchant","ascension_level":6}}