{"host":"8d3fefv2347kqkpz","time":1612733899,"event":{"mods":["AchievementEnabler","Act Like it!","Aspiration","BaseMod","Better Vampires","Colored Map","Colored Powertips","Conspire","Downfall","GifTheSpireLib","Highlight Path","Hubris","Mimic Mod","Minty Spire (QoL Compilation)","Quick Restart","Rare Cards Sparkle","Relic Stats","Replay The Spire","Spicy Shops","StSLib","The Jungle","Waifu the Spire"],"gold_per_floor":[111,129,6,6,17,17,17,17,48,48,48,83,83,111,111,209,209,225,225,243,254,54,54,84,84,84,84,101,115,126,126,126,224,224,241,251,251,251,267,267,283,297,297,307,307,324,359,359,359,359],"floor_reached":51,"language":"ZHS","playtime":1399,"items_purged":["Feel No Pain"],"score":608,"play_id":"967ecbb6-b0ed-4a8e-97eb-3f053390cbad","local_time":"20210208053819","is_ascension_mode":true,"campfire_choices":[{"data":"Inflame","floor":6.0,"key":"SMITH"},{"data":"Whirlwind","floor":8.0,"key":"SMITH"},{"data":"Impervious","floor":11.0,"key":"SMITH"},{"data":"Bash","floor":13.0,"key":"SMITH"},{"floor":15.0,"key":"REST"},{"data":"Demon Form","floor":23.0,"key":"SMITH"},{"floor":25.0,"key":"REST"},{"floor":32.0,"key":"REST"},{"data":"hubris:StunningStrike","floor":40.0,"key":"SMITH"},{"data":"Demonic Infusion","floor":49,"key":"SMITH"}],"circlet_count":0,"master_deck":["Bash+1","ReplayTheSpireMod:Private Reserves","Whirlwind+1","Inflame+1","Impervious+1","Demonic Infusion+1","Anger","hubris:StunningStrike+1","Twin Strike","Demon Form+1","ReplayTheSpireMod:Stacked+1","Mayhem+1","ReplayTheSpireMod:Stacked+1","Infernal Blade+1"],"relics":["Burning Blood","Bag of Marbles","hubris:PeanutButter","Blue Doll","Pandora\u0027s Box","Anchor","Replay:Bottled Snecko","hubris:VirtuousBlindfold","Bottled Tornado","Bottled Flame"],"acts_visited":["Exordium","TheCity","TheBeyond"],"potions_floor_usage":[50],"damage_taken":[{"damage":7.0,"enemies":"Jaw Worm","floor":1.0,"turns":3.0},{"damage":10.0,"enemies":"2 Louse","floor":2.0,"turns":4.0},{"damage":0.0,"enemies":"Small Slimes","floor":5.0,"turns":3.0},{"damage":7.0,"enemies":"Exordium Wildlife","floor":9.0,"turns":5.0},{"damage":9.0,"enemies":"3 Sentries","floor":12.0,"turns":4.0},{"damage":13.0,"enemies":"Lagavulin","floor":14.0,"turns":5.0},{"damage":66.0,"enemies":"Hexaghost","floor":16.0,"turns":9.0},{"damage":14.0,"enemies":"Spheric Guardian","floor":18.0,"turns":5.0},{"damage":14.0,"enemies":"2 Thieves","floor":20.0,"turns":3.0},{"damage":24.0,"enemies":"3 Cultists","floor":21.0,"turns":5.0},{"damage":31.0,"enemies":"Book of Stabbing","floor":24.0,"turns":5.0},{"damage":0.0,"enemies":"Snake Plant","floor":28.0,"turns":4.0},{"damage":32.0,"enemies":"Shelled Parasite and Fungi","floor":29.0,"turns":5.0},{"damage":2.0,"enemies":"Snecko","floor":30.0,"turns":4.0},{"damage":21.0,"enemies":"Champ","floor":33.0,"turns":6.0},{"damage":21.0,"enemies":"3 Shapes","floor":35.0,"turns":5.0},{"damage":0.0,"enemies":"Orb Walker","floor":36.0,"turns":3.0},{"damage":0.0,"enemies":"Spire Growth","floor":39.0,"turns":4.0},{"damage":0.0,"enemies":"Sphere and 2 Shapes","floor":41.0,"turns":3.0},{"damage":41.0,"enemies":"Writhing Mass","floor":42.0,"turns":5.0},{"damage":0.0,"enemies":"Maw","floor":44.0,"turns":5.0},{"damage":0,"enemies":"Sphere and 2 Shapes","floor":46,"turns":4},{"damage":21,"enemies":"Giant Head","floor":47,"turns":6},{"damage":63,"enemies":"Replay:Hell Engine","floor":50,"turns":9}],"seed_played":"3852587715823002451","potions_obtained":[{"floor":1.0,"key":"champ:CounterPotion"},{"floor":14.0,"key":"GamblersBrew"},{"floor":16.0,"key":"conspire:TimeTravelPotion"},{"floor":19.0,"key":"bronze:BurnAndBuffPotion"},{"floor":19.0,"key":"Venom Potion"},{"floor":21.0,"key":"FairyPotion"},{"floor":33.0,"key":"Regen Potion"},{"floor":47,"key":"Adrenaline Potion"}],"is_trial":false,"path_per_floor":["M","M","$","?","M","R","?","R","MIM","$","R","E","R","E","R","B",null,"M","?","M","M","$","R","E","R","T","$","M","M","M","?","R","B",null,"M","M","?","?","M","R","M","M","T","M","?","M","E","?","R","B",null],"character_chosen":"IRONCLAD","items_purchased":["Inflame","Mayhem+1"],"campfire_rested":3,"item_purchase_floors":[3,22],"current_hp_per_floor":[79,75,75,75,80,80,80,80,79,79,79,76,76,69,80,20,80,72,72,64,46,46,46,21,45,45,45,51,25,29,29,53,38,80,65,71,71,71,77,77,80,80,80,80,80,80,65,90,90,44],"gold":359,"neow_bonus":"RANDOM_COLORLESS","is_daily":false,"chose_seed":false,"campfire_upgraded":7,"win_rate":0.0,"timestamp":1612733899,"path_taken":["M","M","$","?","M","R","?","R","MIM","?","R","E","R","E","R","BOSS","M","?","?","M","$","R","E","R","T","$","M","M","M","?","R","BOSS","M","M","?","?","M","R","?","M","T","M","?","M","E","?","R","BOSS"],"items_purchased_type":["Card","Card"],"build_version":"2020-12-22","purchased_purges":1,"victory":true,"max_hp_per_floor":[80,80,80,80,80,80,80,80,80,80,80,80,80,80,80,80,80,80,80,80,80,80,80,80,80,80,80,80,80,80,80,80,80,80,80,80,80,80,80,80,80,80,80,80,80,80,80,90,90,90],"relic_stats":{"counters":[24,114],"Pandora\u0027s Box":["Bludgeon","Anger","hubris:StunningStrike","Combust","Dual Wield","Feel No Pain","Evolve","Twin Strike","Demon Form"],"obtain_stats":[{"Anchor":24,"Bottled Flame":47,"hubris:VirtuousBlindfold":34,"hubris:PeanutButter":12,"Blue Doll":14,"Pandora\u0027s Box":17,"Bag of Marbles":9,"Replay:Bottled Snecko":26,"Bottled Tornado":43,"Burning Blood":0},{"Anchor":11,"Bottled Flame":23,"hubris:VirtuousBlindfold":15,"hubris:PeanutButter":5,"Blue Doll":6,"Pandora\u0027s Box":7,"Bag of Marbles":4,"Replay:Bottled Snecko":11,"Bottled Tornado":20,"Burning Blood":0},{"Anchor":51,"Bottled Flame":105,"hubris:VirtuousBlindfold":70,"hubris:PeanutButter":19,"Blue Doll":24,"Pandora\u0027s Box":33,"Bag of Marbles":15,"Replay:Bottled Snecko":51,"Bottled Tornado":90,"Burning Blood":0}],"Burning Blood":122},"card_choices":[{"not_picked":["Dark Shackles","Flash of Steel"],"picked":"ReplayTheSpireMod:Private Reserves","floor":0.0},{"not_picked":["Pommel Strike","Shrug It Off","hubris:SharpeningStone"],"picked":"SKIP","floor":1.0},{"not_picked":["Iron Wave","hubris:CleavingFinish"],"picked":"Whirlwind","floor":2.0},{"not_picked":["Bloodletting","Rampage","Dropkick"],"picked":"SKIP","floor":5.0},{"not_picked":["ReplayReversal","Run Through","hubris:SharpeningStone"],"picked":"SKIP","floor":12.0},{"not_picked":["ReplayTheSpireMod:Corrosion Curse","hubris:ReadiedAction","Ghostly Armor"],"picked":"SKIP","floor":14.0},{"not_picked":["Bludgeon","Fiend Fire"],"picked":"Demonic Infusion","floor":16.0},{"not_picked":["Cleave","hubris:SharpeningStone","Bloodletting+1"],"picked":"SKIP","floor":18.0},{"not_picked":["Clothesline","Replay:Undeath\u0027s Touch","Abandon"],"picked":"SKIP","floor":20.0},{"not_picked":["conspire:Charge+1","Anger"],"picked":"ReplayTheSpireMod:Stacked+1","floor":21.0},{"not_picked":["Shrug It Off+1","Evolve","ReplayTheSpireMod:Muscle Training"],"picked":"SKIP","floor":24.0},{"not_picked":["Twin Strike","Run Through","Dual Wield+1"],"picked":"SKIP","floor":28.0},{"not_picked":["Bloodletting","Body Slam","Iron Wave+1"],"picked":"SKIP","floor":29.0},{"not_picked":["True Grit","Armaments"],"picked":"ReplayTheSpireMod:Stacked+1","floor":30.0},{"not_picked":["Demon Form","Offering"],"picked":"conspire:Purge","floor":33.0},{"not_picked":["True Grit+1","Sentinel+1","Headbutt"],"picked":"SKIP","floor":35.0},{"not_picked":["Blood for Blood+1","Uppercut","Dual Wield+1"],"picked":"SKIP","floor":36.0},{"not_picked":["Body Slam+1","ReplayTheSpireMod:Strike From Hell+1","Combust+1"],"picked":"SKIP","floor":39.0},{"not_picked":["True Grit","Warcry","hubris:SharpeningStone"],"picked":"SKIP","floor":41.0},{"not_picked":["ReplayReversal+1","ReplayTheSpireMod:LeadingStrike+1","Armaments"],"picked":"SKIP","floor":42.0},{"not_picked":["Clothesline+1","Thunderclap","Inflame"],"picked":"SKIP","floor":44.0},{"not_picked":["Whirlwind+1","Hemokinesis+1"],"picked":"Infernal Blade+1","floor":46},{"not_picked":["Corruption","Run Through","Blood for Blood"],"picked":"SKIP","floor":47}],"player_experience":291629,"relics_obtained":[{"floor":9.0,"key":"Bag of Marbles"},{"floor":12.0,"key":"hubris:PeanutButter"},{"floor":14.0,"key":"Blue Doll"},{"floor":24.0,"key":"Anchor"},{"floor":26.0,"key":"Replay:Bottled Snecko"},{"floor":43.0,"key":"Bottled Tornado"},{"floor":47,"key":"Bottled Flame"}],"event_choices":[{"damage_healed":0.0,"max_hp_gain":0.0,"max_hp_loss":0.0,"gold_gain":0.0,"event_name":"conspire:Investor","player_choice":"Leave","floor":7.0,"gold_loss":0.0,"damage_taken":0.0},{"damage_healed":0.0,"max_hp_gain":0.0,"max_hp_loss":0.0,"gold_gain":0.0,"event_name":"Lab","player_choice":"Got Potions","floor":19.0,"gold_loss":0.0,"damage_taken":0.0},{"cards_removed":["Dual Wield"],"damage_healed":0.0,"max_hp_gain":0.0,"max_hp_loss":0.0,"gold_gain":0.0,"event_name":"Back to Basics","player_choice":"Elegance","floor":31.0,"gold_loss":0.0,"damage_taken":0.0},{"cards_removed":["conspire:Purge"],"damage_healed":0.0,"max_hp_gain":0.0,"max_hp_loss":0.0,"gold_gain":0.0,"event_name":"Falling","player_choice":"Removed Skill","floor":37.0,"gold_loss":0.0,"damage_taken":0.0},{"damage_healed":0.0,"max_hp_gain":0.0,"max_hp_loss":0.0,"gold_gain":0.0,"event_name":"The Woman in Blue","player_choice":"Bought 0 Potions","floor":38.0,"gold_loss":0.0,"damage_taken":0.0},{"damage_healed":0.0,"max_hp_gain":0.0,"max_hp_loss":0.0,"gold_gain":0.0,"event_name":"Tomb of Lord Red Mask","player_choice":"Ignored","floor":45.0,"gold_loss":0.0,"damage_taken":0.0},{"cards_removed":["Bludgeon"],"damage_healed":15,"gold_gain":0,"player_choice":"Offered Rare","damage_taken":0,"max_hp_gain":10,"max_hp_loss":0,"event_name":"Bonfire Elementals","floor":48,"gold_loss":0}],"is_beta":false,"boss_relics":[{"not_picked":["Calling Bell","aspiration:WatcherSkillbook"],"picked":"Pandora\u0027s Box"},{"not_picked":["aspiration:RitualDagger","Replay:Grab Bag"],"picked":"hubris:VirtuousBlindfold"}],"items_purged_floors":[22],"is_endless":false,"potions_floor_spawned":[1,14,16,18,21,24,28,33,35,41,44,47],"ascension_level":2}}