{"host":"cijwx898anu8dehj","time":1612727284,"event":{"mods":["AchievementEnabler","AlwaysNeverKeys","BaseMod","Colored Map","Colored Powertips","Highlight Path","Minty Spire (QoL Compilation)","Rare Cards Sparkle","Relic Stats","Slay-I"],"gold_per_floor":[109,122,136,153,153,153,186,186,186,213,228,228,228,238,238,312,312,332,344,17,29,43,43,58,58,84,84,84],"floor_reached":27,"language":"ENG","playtime":1606,"items_purged":["Strike_R"],"score":443,"play_id":"6021e6c7-9534-4e09-b63c-842011b6e80d","local_time":"20210207174804","is_ascension_mode":true,"campfire_choices":[{"floor":6,"key":"REST"},{"floor":8,"key":"REST"},{"data":"Clothesline","floor":13,"key":"SMITH"},{"data":"Bash","floor":15,"key":"SMITH"},{"floor":23,"key":"REST"},{"floor":25,"key":"REST"}],"circlet_count":0,"master_deck":["AscendersBane","Strike_R","Strike_R","Strike_R","Strike_R","Defend_R","Defend_R","Defend_R","Defend_R","Bash+1","Sword Boomerang","Iron Wave+1","Twin Strike","Sword Boomerang","Carnage","Iron Wave","Clothesline+1","Iron Wave","Sever Soul","Clothesline","Metallicize","Armaments+1","Clothesline+1"],"relics":["Snecko Eye","Darkstone Periapt","Pantograph","Mercury Hourglass","Sozu","Nunchaku","Boot"],"acts_visited":["Exordium","TheCity"],"potions_floor_usage":[4,16,21],"damage_taken":[{"damage":4,"enemies":"2 Louse","floor":1,"turns":3},{"damage":1,"enemies":"Small Slimes","floor":2,"turns":2},{"damage":2,"enemies":"Cultist","floor":3,"turns":4},{"damage":13,"enemies":"Gremlin Gang","floor":4,"turns":5},{"damage":31,"enemies":"3 Sentries","floor":7,"turns":9},{"damage":13,"enemies":"Lagavulin","floor":10,"turns":3},{"damage":3,"enemies":"Blue Slaver","floor":11,"turns":3},{"damage":1,"enemies":"2 Fungi Beasts","floor":14,"turns":2},{"damage":47,"enemies":"The Guardian","floor":16,"turns":8},{"damage":5,"enemies":"2 Thieves","floor":18,"turns":3},{"damage":6,"enemies":"Spheric Guardian","floor":19,"turns":3},{"damage":19,"enemies":"Snake Plant","floor":21,"turns":3},{"damage":0,"enemies":"Centurion and Healer","floor":22,"turns":4},{"damage":33,"enemies":"Shelled Parasite and Fungi","floor":24,"turns":4},{"damage":43,"enemies":"Slavers","floor":27,"turns":4}],"seed_played":"-3027523765018521933","potions_obtained":[{"floor":2,"key":"BlessingOfTheForge"},{"floor":10,"key":"GamblersBrew"},{"floor":11,"key":"ColorlessPotion"},{"floor":12,"key":"CultistPotion"},{"floor":12,"key":"LiquidBronze"}],"is_trial":false,"path_per_floor":["M","M","M","M","?","R","E","R","T","E","M","?","R","M","R","B",null,"M","M","$","M","M","R","M","R","T","E"],"character_chosen":"IRONCLAD","items_purchased":["Nunchaku","Metallicize"],"campfire_rested":4,"item_purchase_floors":[20,20],"current_hp_per_floor":[64,63,61,48,48,70,39,61,61,48,45,45,45,44,44,22,62,57,51,51,32,32,54,21,43,43,0,0],"gold":84,"neow_bonus":"BOSS_RELIC","is_daily":false,"chose_seed":false,"campfire_upgraded":2,"win_rate":0.0,"timestamp":1612727284,"path_taken":["M","M","M","M","?","R","E","R","T","E","M","?","R","?","R","BOSS","M","?","$","M","M","R","M","R","T","E"],"items_purchased_type":["Relic","Card"],"build_version":"2020-12-22","purchased_purges":1,"victory":false,"max_hp_per_floor":[75,75,75,75,75,75,75,75,75,75,75,75,75,75,75,75,75,75,75,75,75,75,75,75,75,75,75,75],"relic_stats":{"Darkstone Periapt":0,"Sozu":2,"Nunchaku":[3],"counters":[15,60],"Pantograph":25,"Snecko Eye":[102,90,100,93],"Boot":[2],"obtain_stats":[{"Darkstone Periapt":7,"Sozu":17,"Nunchaku":20,"Pantograph":9,"Snecko Eye":0,"Boot":26,"Burning Blood":0,"Mercury Hourglass":10},{"Darkstone Periapt":5,"Sozu":9,"Nunchaku":11,"Pantograph":5,"Snecko Eye":0,"Boot":14,"Burning Blood":0,"Mercury Hourglass":6},{"Darkstone Periapt":23,"Sozu":39,"Nunchaku":45,"Pantograph":23,"Snecko Eye":0,"Boot":56,"Burning Blood":0,"Mercury Hourglass":26}],"Mercury Hourglass":[118]},"card_choices":[{"not_picked":["Feel No Pain","Thunderclap"],"picked":"Sword Boomerang","floor":1},{"not_picked":["Cleave","Bloodletting"],"picked":"Iron Wave","floor":2},{"not_picked":["Brutality","Seeing Red"],"picked":"Twin Strike","floor":3},{"not_picked":["Fire Breathing","Rupture"],"picked":"Sword Boomerang","floor":4},{"not_picked":["Burning Pact","Entrench"],"picked":"Carnage","floor":7},{"not_picked":["True Grit","Clash"],"picked":"Iron Wave","floor":10},{"not_picked":["Twin Strike","Flex"],"picked":"Clothesline","floor":11},{"not_picked":["Offering","Warcry"],"picked":"Iron Wave","floor":14},{"not_picked":["Rage","Heavy Blade"],"picked":"Sever Soul","floor":18},{"not_picked":["Shrug It Off","Feel No Pain"],"picked":"Clothesline","floor":19},{"not_picked":["Rage+1","Pommel Strike"],"picked":"Armaments+1","floor":21},{"not_picked":["Headbutt","Feel No Pain","Rampage+1"],"picked":"SKIP","floor":22},{"not_picked":["Demon Form","Anger"],"picked":"Clothesline+1","floor":24}],"player_experience":1111944,"relics_obtained":[{"floor":7,"key":"Darkstone Periapt"},{"floor":9,"key":"Pantograph"},{"floor":10,"key":"Mercury Hourglass"},{"floor":26,"key":"Boot"}],"event_choices":[{"damage_healed":0,"gold_gain":0,"player_choice":"Grow","damage_taken":0,"max_hp_gain":0,"max_hp_loss":0,"event_name":"Living Wall","floor":5,"gold_loss":0,"cards_upgraded":["Iron Wave"]},{"damage_healed":0,"gold_gain":0,"player_choice":"Got Potions","damage_taken":0,"max_hp_gain":0,"max_hp_loss":0,"event_name":"Lab","floor":12,"gold_loss":0}],"is_beta":false,"boss_relics":[{"not_picked":["Philosopher\u0027s Stone","Astrolabe"],"picked":"Sozu"}],"items_purged_floors":[20],"is_endless":false,"potions_floor_spawned":[2,10,11,14,22,24],"killed_by":"Slavers","ascension_level":19}}