{"host":"18ybagvpjbhxblmx","time":1612656253,"event":{"mods":["BaseMod","BetterRewards","Colored Map","Conspire","Friendly Minions","Hermit","Hubris","Infinite Spire","Koishi","Marisa????????","Minty Spire (QoL Compilation)","Quick Restart","Replay The Spire","StSLib","The Administrix","The Cursed","The Runesmith","The Servant 0.9.4"],"gold_per_floor":[117,67,67,81,156,156,167,216,216,45,78,78],"floor_reached":11,"language":"ENG","playtime":916,"items_purged":["TheCursedMod:Defend_TheCursed","TheCursedMod:Strike_TheCursed"],"score":71,"play_id":"4ba0fe82-1f11-4c23-afe1-c1f0fadd657b","local_time":"20210207010413","is_ascension_mode":false,"campfire_choices":[{"floor":6,"key":"REST"}],"circlet_count":0,"master_deck":["TheCursedMod:Strike_TheCursed","TheCursedMod:Strike_TheCursed","TheCursedMod:Defend_TheCursed","TheCursedMod:Defend_TheCursed","TheCursedMod:Defend_TheCursed","TheCursedMod:CursedWand","TheCursedMod:CleanUpWorkshop","TheCursedMod:Dregs","TheCursedMod:SaltUponWound","TheCursedMod:Hemoplague"],"relics":["TheCursedMod:BlackMagic101","conspire:Dentures","CaptainsWheel","infinitespire:WardingShard","hubris:Towel","Lantern","conspire:BottledYoYo","Shuriken"],"acts_visited":["Exordium"],"potions_floor_usage":[],"damage_taken":[{"damage":0,"enemies":"conspire:RoseBush","floor":1,"turns":2},{"damage":0,"enemies":"2 Louse","floor":4,"turns":4},{"damage":11,"enemies":"Jaw Worm","floor":7,"turns":5},{"damage":16,"enemies":"Gremlin Nob","floor":11,"turns":5}],"seed_played":"8648738470418431098","potions_obtained":[{"floor":7,"key":"PowerPotion"}],"is_trial":false,"path_per_floor":["M","?","?","M","?","R","M","T","T","$","E"],"character_chosen":"THE_CURSED","items_purchased":["conspire:Dentures","infinitespire:WardingShard","TheCursedMod:Hemoplague"],"campfire_rested":1,"item_purchase_floors":[0,0,10],"current_hp_per_floor":[40,40,40,40,29,51,40,40,40,40,24,24],"gold":78,"neow_bonus":"","is_daily":false,"chose_seed":false,"campfire_upgraded":0,"win_rate":0.0,"timestamp":1612656253,"path_taken":["M","?","?","M","?","R","M","?","T","?","E"],"items_purchased_type":["Relic","Relic","Card"],"build_version":"2020-12-22","purchased_purges":2,"victory":false,"max_hp_per_floor":[75,75,75,75,75,75,75,75,75,75,75,75],"card_choices":[{"not_picked":["TheCursedMod:SpitefulStrike","TheCursedMod:CursedAmulet"],"picked":"TheCursedMod:SaltUponWound","floor":1},{"not_picked":["TheCursedMod:Torture","TheCursedMod:Wield","TheCursedMod:CursedBlade"],"picked":"SKIP","floor":4},{"not_picked":["TheCursedMod:CursedShiv","TheCursedMod:CursedMace","TheCursedMod:CircleOfWindfury"],"picked":"SKIP","floor":7},{"not_picked":["TheCursedMod:RavingStaff","TheCursedMod:CursedBoomerang","TheCursedMod:ParallelWorld"],"picked":"SKIP","floor":11}],"player_experience":312065,"relics_obtained":[{"floor":8,"key":"Lantern"},{"floor":9,"key":"conspire:BottledYoYo"},{"floor":11,"key":"Shuriken"}],"event_choices":[{"cards_removed":["TheCursedMod:Strike_TheCursed"],"damage_healed":0,"gold_gain":0,"player_choice":"Card Removal","damage_taken":0,"max_hp_gain":0,"max_hp_loss":0,"event_name":"The Cleric","floor":2,"gold_loss":50},{"damage_healed":0,"gold_gain":75,"player_choice":"Gather Gold","damage_taken":11,"max_hp_gain":0,"max_hp_loss":0,"event_name":"World of Goop","floor":5,"gold_loss":0}],"is_beta":false,"boss_relics":[],"items_purged_floors":[0,10],"is_endless":false,"potions_floor_spawned":[4,7],"killed_by":"Gremlin Nob","ascension_level":0}}