{"host":"vyrim7c8c6ucsmzk","time":1612664826,"event":{"mods":["BaseMod","Colored Map","Downfall","Minty Spire (QoL Compilation)","StSLib"],"gold_per_floor":[99,110,130,140,154,154,154,165,176,18,31,31,64,164,180,282,282,182,200,110,110,128,113,139,171,187,287,321,335,235,250,262,365,365,365,384,396,415,18,35,109,122,22,35,49,49,1,11,23,23,23,54,1,1,1,1],"floor_reached":57,"language":"ENG","playtime":8303,"items_purged":["hexamod:Strike","hexamod:Strike"],"score":1279,"play_id":"e289dbce-c9ff-4a3b-8a5c-002e7ad5eb42","local_time":"20210206212706","is_ascension_mode":false,"campfire_choices":[{"data":"hexamod:Float","floor":1.0,"key":"SMITH"},{"data":"hexamod:GhostflameBarrier","floor":6.0,"key":"SMITH"},{"data":"hexamod:GiftsFromTheDead","floor":18.0,"key":"SMITH"},{"floor":30.0,"key":"REST"},{"floor":35.0,"key":"RECALL"},{"floor":43,"key":"REST"},{"floor":46,"key":"REST"},{"floor":54,"key":"REST"}],"circlet_count":0,"master_deck":["hexamod:Sear","hexamod:Float+1","hexamod:GhostflameBarrier+1","hexamod:GhostOfSpirePast","hexamod:FlamesFromBeyond","hexamod:Rewind","hexamod:EtherealExpedition","hexamod:Hexaguard","hexamod:RadiantFlame","hexamod:ForkedFlame","hexamod:NightmareStrike+1","hexamod:SoulSteal","hexamod:RainOfEmbers","hexamod:GiftsFromTheDead+1","hexamod:ThirdSeal","hexamod:BacktrackSmack","hexamod:SpectersWail+1","hexamod:HeatShield","hexamod:GiftsFromTheDead","hexamod:PowerFromBeyond+1","hexamod:UnleashSpirits","hexamod:GhostOfSpirePast+1","hexamod:ForkedFlame+1","hexamod:UnleashSpirits","hexamod:AdvancingGuard","hexamod:PowerFromBeyond","hexamod:HauntingEcho","hexamod:GhostflameBarrier","hexamod:EmpoweredFlame","hexamod:TimeOfNeed","hexamod:BacktrackSmack+1","hexamod:Rewind+1","hexamod:PhantomCloak+1","hexamod:GhostShield","hexamod:UnlimitedPower","hexamod:FlamesFromBeyond"],"relics":["hexamod:SpiritBrand","Pantograph","Ice Cream","SlaversCollar","downfall:HeartBlessingGreen","Bottled Flame","Bottled Tornado","DollysMirror","downfall:HeartBlessingBlue","Pandora\u0027s Box","Blue Candle","Whetstone","Question Card","downfall:HeartBlessingRed","Incense Burner"],"acts_visited":["Exordium","TheCity","TheBeyond","TheEnding"],"potions_floor_usage":[49,56,56],"damage_taken":[{"damage":0.0,"enemies":"Cultist","floor":2.0,"turns":3.0},{"damage":0.0,"enemies":"2 Louse","floor":3.0,"turns":2.0},{"damage":0.0,"enemies":"Small Slimes","floor":4.0,"turns":4.0},{"damage":9.0,"enemies":"3 Louse","floor":5.0,"turns":4.0},{"damage":0.0,"enemies":"Exordium Thugs","floor":8.0,"turns":3.0},{"damage":0.0,"enemies":"Lots of Slimes","floor":9.0,"turns":3.0},{"damage":0.0,"enemies":"downfall:FleeingMerchant","floor":10.0,"turns":4.0},{"damage":0.0,"enemies":"2 Fungi Beasts","floor":11.0,"turns":3.0},{"damage":16.0,"enemies":"Gremlin Nob","floor":13.0,"turns":3.0},{"damage":0.0,"enemies":"Large Slime","floor":15.0,"turns":3.0},{"damage":17.0,"enemies":"DF_ARCHETYPE_STREAMLINE","floor":16.0,"turns":8.0},{"damage":4.0,"enemies":"Shell Parasite","floor":19.0,"turns":3.0},{"damage":0.0,"enemies":"downfall:FleeingMerchant","floor":20.0,"turns":4.0},{"damage":0.0,"enemies":"Chosen","floor":21.0,"turns":1.0},{"damage":0.0,"enemies":"Centurion and Healer","floor":22.0,"turns":4.0},{"damage":15.0,"enemies":"downfall:FleeingMerchant","floor":23.0,"turns":4.0},{"damage":22.0,"enemies":"Gremlin Leader","floor":25.0,"turns":6.0},{"damage":0.0,"enemies":"Cultist and Chosen","floor":26.0,"turns":4.0},{"damage":5.0,"enemies":"Book of Stabbing","floor":28.0,"turns":5.0},{"damage":0.0,"enemies":"downfall:FleeingMerchant","floor":29.0,"turns":1.0},{"damage":1.0,"enemies":"Snecko","floor":31.0,"turns":3.0},{"damage":0.0,"enemies":"Shelled Parasite and Fungi","floor":32.0,"turns":3.0},{"damage":2.0,"enemies":"WA_ARCHETYPE_CALM","floor":33.0,"turns":7.0},{"damage":4.0,"enemies":"3 Shapes","floor":36.0,"turns":3.0},{"damage":6,"enemies":"Orb Walker","floor":37,"turns":3},{"damage":20,"enemies":"3 Darklings","floor":38,"turns":3},{"damage":15,"enemies":"4 Shapes","floor":40,"turns":4},{"damage":0,"enemies":"Maw","floor":42,"turns":4},{"damage":0,"enemies":"Transient","floor":44,"turns":5},{"damage":11,"enemies":"Spire Growth","floor":45,"turns":3},{"damage":6,"enemies":"Maw","floor":48,"turns":4},{"damage":0,"enemies":"Transient","floor":49,"turns":5},{"damage":0,"enemies":"SI_POISON_ARCHETYPE","floor":50,"turns":5},{"damage":27,"enemies":"downfall:CharBossMerchant","floor":52,"turns":7},{"damage":33,"enemies":"downfall:NeowBoss","floor":55,"turns":10},{"damage":13,"enemies":"downfall:NeowBossFinal","floor":56,"turns":7}],"seed_played":"258718112927304636","potions_obtained":[{"floor":2.0,"key":"Strength Potion"},{"floor":9.0,"key":"Dexterity Potion"},{"floor":11.0,"key":"DistilledChaos"},{"floor":13.0,"key":"LiquidBronze"},{"floor":19.0,"key":"SkillPotion"},{"floor":22.0,"key":"SteroidPotion"},{"floor":25.0,"key":"Ancient Potion"},{"floor":26.0,"key":"ColorlessPotion"},{"floor":28.0,"key":"champ:CounterPotion"},{"floor":36.0,"key":"LiquidBronze"},{"floor":38,"key":"LiquidMemories"},{"floor":42,"key":"hexamod:SoulburnPotion"},{"floor":45,"key":"Dexterity Potion"},{"floor":52,"key":"CultistPotion"}],"is_trial":false,"path_per_floor":["R","M","M","M","M","R","T","M","M","$","M","?","E","?","M","B",null,"R","M","$","M","M","$","T","E","M","?","E","$","R","M","M","B",null,"R","M","M","M","$","M","T","M","R","M","M","R","$","M","M","B",null,"E","$","R","B","B",null],"character_chosen":"THE_SPIRIT","items_purchased":["hexamod:ForkedFlame","hexamod:ForkedFlame","DollysMirror","Blue Candle","Whetstone","hexamod:GhostShield","hexamod:FlamesFromBeyond"],"campfire_rested":4,"item_purchase_floors":[10,29,29,39,39,47,53],"current_hp_per_floor":[63,63,63,63,54,54,54,54,54,54,54,54,38,38,38,46,84,84,80,80,80,80,65,65,43,43,43,38,38,76,75,75,92,94,94,90,84,64,64,49,49,49,77,77,66,94,94,88,88,94,94,67,67,94,61,73],"gold":1,"neow_bonus":"TWENTY_PERCENT_HP_BONUS","is_daily":false,"chose_seed":false,"campfire_upgraded":3,"win_rate":0.0,"timestamp":1612664826,"path_taken":["R","?","M","M","M","R","T","M","M","$","M","?","E","?","M","BOSS","R","M","$","M","M","$","T","E","M","?","E","?","R","M","M","BOSS","R","M","M","M","$","M","T","M","R","M","M","R","?","M","M","BOSS","E","$","R","BOSS","BOSS"],"items_purchased_type":["Card","Card","Relic","Relic","Relic","Card","Card"],"build_version":"2020-12-22","purchased_purges":2,"victory":true,"max_hp_per_floor":[84,84,84,84,84,84,84,84,84,84,84,84,84,84,84,84,84,84,84,84,84,84,84,84,84,84,84,84,84,94,94,94,94,94,94,94,94,94,94,94,94,94,94,94,94,94,94,94,94,94,94,94,94,94,94,94],"card_choices":[{"not_picked":["hexamod:BurningTouch","hexamod:SwordOfDarkness"],"picked":"hexamod:GhostflameBarrier","floor":2.0},{"not_picked":["hexamod:SkipABeat","hexamod:SoulSteal"],"picked":"hexamod:GhostOfSpirePast","floor":3.0},{"not_picked":["hexamod:GhostShield","hexamod:Hexaguard"],"picked":"hexamod:FlamesFromBeyond","floor":4.0},{"not_picked":["hexamod:Firestarter","hexamod:SpectersWail"],"picked":"hexamod:Rewind","floor":5.0},{"not_picked":["hexamod:NightmareStrike","hexamod:FourthSeal"],"picked":"hexamod:EtherealExpedition","floor":8.0},{"not_picked":["hexamod:AdvancingGuard","hexamod:InspiringFlames"],"picked":"hexamod:Hexaguard","floor":9.0},{"not_picked":["hexamod:FifthSeal","hexamod:Firestarter"],"picked":"hexamod:RadiantFlame","floor":10.0},{"not_picked":["hexamod:AdvancingGuard","hexamod:ThermalTransfer"],"picked":"hexamod:NightmareStrike","floor":11.0},{"not_picked":["hexamod:SpectralAdrenaline","hexamod:TimeWarp"],"picked":"hexamod:SoulSteal","floor":13.0},{"not_picked":["hexamod:FlamesFromBeyond","hexamod:SoulSteal"],"picked":"hexamod:RainOfEmbers","floor":15.0},{"not_picked":["hexamod:GhostflameInferno","hexamod:TimeWarp"],"picked":"hexamod:GiftsFromTheDead","floor":16.0},{"not_picked":["hexamod:BurningTouch","hexamod:ChargedBarrage"],"picked":"hexamod:ThirdSeal","floor":19.0},{"not_picked":["hexamod:Firestarter","hexamod:AdvancingGuard"],"picked":"hexamod:BacktrackSmack","floor":20.0},{"not_picked":["hexamod:Hexaguard","hexamod:Incineration"],"picked":"hexamod:SpectersWail+1","floor":20.0},{"not_picked":["hexamod:HauntingEcho","hexamod:ChargedBarrage+1","hexamod:FirstSeal"],"picked":"SKIP","floor":21.0},{"not_picked":["hexamod:DynamicBlow+1","hexamod:GhostLash"],"picked":"hexamod:HeatShield","floor":22.0},{"not_picked":["hexamod:FourthSeal","hexamod:FastForward"],"picked":"hexamod:GiftsFromTheDead","floor":22.0},{"not_picked":["hexamod:GhostflameInferno","hexamod:SpectralAdrenaline"],"picked":"hexamod:PowerFromBeyond+1","floor":23.0},{"not_picked":["hexamod:FifthSeal","hexamod:Firestarter","hexamod:Haunt"],"picked":"SKIP","floor":23.0},{"not_picked":["hexamod:FourthSeal","hexamod:ThirdSeal"],"picked":"hexamod:UnleashSpirits","floor":25.0},{"not_picked":["hexamod:ThermalTransfer","hexamod:BurningTouch","hexamod:GhostShield"],"picked":"SKIP","floor":26.0},{"not_picked":["hexamod:BurningTouch","hexamod:ThermalTransfer","hexamod:NecessarySacrifice"],"picked":"SKIP","floor":26.0},{"not_picked":["hexamod:SoulSteal+1","hexamod:BurningTouch"],"picked":"hexamod:GhostOfSpirePast+1","floor":28.0},{"not_picked":["hexamod:FastForward+1","hexamod:Firestarter","hexamod:ThermalTransfer"],"picked":"SKIP","floor":28.0},{"not_picked":["hexamod:GhostOfSpirePresent","hexamod:DynamicBlow","hexamod:FastForward"],"picked":"SKIP","floor":29.0},{"not_picked":["hexamod:RainOfEmbers","hexamod:GhostLash","hexamod:SpectralAdrenaline+1"],"picked":"SKIP","floor":31.0},{"not_picked":["hexamod:GhostLash","hexamod:InspiringFlames","hexamod:FlamesFromBeyond"],"picked":"SKIP","floor":32.0},{"not_picked":["hexamod:FifthSeal","hexamod:FirstSeal","hexamod:SpectersWail"],"picked":"SKIP","floor":32.0},{"not_picked":["hexamod:GhostOfSpirePast+1","hexamod:GhostLash"],"picked":"hexamod:BacktrackSmack+1","floor":36.0},{"not_picked":["hexamod:Firestarter","hexamod:RainOfEmbers","hexamod:NightmareStrike+1"],"picked":"SKIP","floor":36.0},{"not_picked":["hexamod:HauntingEcho+1","hexamod:Haunt","hexamod:SecondSeal"],"picked":"SKIP","floor":37},{"not_picked":["hexamod:HeatMetal","hexamod:StepThrough+1"],"picked":"hexamod:Rewind+1","floor":38},{"not_picked":["hexamod:InspiringFlames","hexamod:BacktrackSmack+1","hexamod:FlamesFromBeyond"],"picked":"SKIP","floor":38},{"not_picked":["hexamod:SwordOfDarkness","hexamod:Haunt","hexamod:InspiringFlames"],"picked":"SKIP","floor":40},{"not_picked":["hexamod:HeatCrush","hexamod:VolcanoVisage","hexamod:FirstSeal"],"picked":"SKIP","floor":40},{"not_picked":["hexamod:DynamicBlow","hexamod:SwordOfDarkness","hexamod:SpectersWail+1"],"picked":"hexamod:PhantomCloak+1","floor":42},{"not_picked":["hexamod:BurningTouch","hexamod:HeatMetal","hexamod:GhostLash+1","hexamod:ThermalTransfer+1"],"picked":"SKIP","floor":42},{"not_picked":["hexamod:BurningTouch","hexamod:AdvancingGuard+1","hexamod:Firestarter+1","hexamod:PowerFromBeyond"],"picked":"SKIP","floor":44},{"not_picked":["hexamod:SpectersWail","hexamod:RadiantFlame+1","hexamod:ThirdSeal","hexamod:GhostLash"],"picked":"SKIP","floor":45},{"not_picked":["hexamod:NightmareStrike","hexamod:Firestarter+1","hexamod:HeatMetal"],"picked":"hexamod:UnlimitedPower","floor":48},{"not_picked":["hexamod:SpectralAdrenaline+1","hexamod:DynamicBlow+1","hexamod:ThermalTransfer","hexamod:FastForward"],"picked":"SKIP","floor":49},{"not_picked":["hexamod:InspiringFlames","hexamod:NecessarySacrifice","hexamod:NightmareGuise+1","hexamod:Firestarter"],"picked":"SKIP","floor":52}],"player_experience":1352732,"relics_obtained":[{"floor":7.0,"key":"Pantograph"},{"floor":13.0,"key":"Ice Cream"},{"floor":25.0,"key":"Bottled Flame"},{"floor":28.0,"key":"Bottled Tornado"},{"floor":41,"key":"Question Card"},{"floor":52,"key":"Incense Burner"}],"event_choices":[],"is_beta":false,"boss_relics":[{"not_picked":["bronze:MakeshiftBattery","Calling Bell"],"picked":"SlaversCollar"},{"not_picked":["Philosopher\u0027s Stone","Runic Dome"],"picked":"Pandora\u0027s Box"}],"items_purged_floors":[20,29],"is_endless":false,"potions_floor_spawned":[2,9,11,13,19,22,25,26,28,36,38,42,45,52],"ascension_level":0}}