{"host":"h0xw20cia6ppa69g","time":1612684182,"event":{"mods":["AchievementEnabler","BaseMod","Colored Map","Filter the Spire","Googly Eyes","Minty Spire (QoL Compilation)","Relic Stats","StSLib","The Awakened One except there are too many feathers","everything is the same but u backflip on backflip"],"gold_per_floor":[109,109,121,87,47,72,89,89,135,135,147,176,176,192,192,295,295,315,315,332,344,355,380,380,380],"floor_reached":24,"language":"ENG","playtime":1101,"items_purged":[],"score":239,"play_id":"848d31c3-ffa1-4202-a80d-f3640e38e88b","local_time":"20210207014942","is_ascension_mode":true,"campfire_choices":[{"data":"Accuracy","floor":15,"key":"SMITH"}],"circlet_count":0,"master_deck":["Survivor","Neutralize","Choke","Dodge and Roll","Heel Hook","Leg Sweep","Corpse Explosion","Burst","Storm of Steel+1","Accuracy+1","Tactician","Footwork","Backflip","Predator","Cloak And Dagger","Skewer","Bullet Time","Concentrate","Finisher","Adrenaline","Terror","Acrobatics","Underhanded Strike","Slice","Setup","Leg Sweep"],"relics":["Pandora\u0027s Box","Art of War","Boot","Vajra","Juzu Bracelet","Cursed Key","Eternal Feather"],"acts_visited":["Exordium","TheCity"],"potions_floor_usage":[6,6,21],"damage_taken":[{"damage":0,"enemies":"Small Slimes","floor":1,"turns":2},{"damage":0,"enemies":"Cultist","floor":3,"turns":4},{"damage":18,"enemies":"Gremlin Nob","floor":6,"turns":5},{"damage":0,"enemies":"2 Louse","floor":7,"turns":3},{"damage":0,"enemies":"Red Slaver","floor":11,"turns":3},{"damage":9,"enemies":"3 Sentries","floor":12,"turns":5},{"damage":5,"enemies":"Blue Slaver","floor":14,"turns":3},{"damage":27,"enemies":"The Guardian","floor":16,"turns":11},{"damage":0,"enemies":"Spheric Guardian","floor":18,"turns":3},{"damage":0,"enemies":"Chosen","floor":20,"turns":2},{"damage":0,"enemies":"Centurion and Healer","floor":21,"turns":1},{"damage":17,"enemies":"Snake Plant","floor":22,"turns":3},{"damage":16,"enemies":"Book of Stabbing","floor":23,"turns":5},{"damage":42,"enemies":"Snecko","floor":24,"turns":5}],"seed_played":"5153362926196401257","potions_obtained":[{"floor":1,"key":"GamblersBrew"},{"floor":5,"key":"SneckoOil"},{"floor":5,"key":"GhostInAJar"},{"floor":5,"key":"SneckoOil"},{"floor":11,"key":"ColorlessPotion"},{"floor":12,"key":"FearPotion"},{"floor":20,"key":"FearPotion"},{"floor":21,"key":"Energy Potion"}],"is_trial":false,"path_per_floor":["M","?","M","$","?","E","M","?","T","$","M","E","?","M","R","B",null,"M","?","M","M","M","E","M"],"character_chosen":"THE_SILENT","items_purchased":["Predator"],"campfire_rested":0,"item_purchase_floors":[4],"current_hp_per_floor":[70,70,70,70,70,52,52,52,52,52,52,43,70,65,65,38,70,70,70,70,70,53,37,0,0],"gold":380,"neow_bonus":"BOSS_RELIC","is_daily":false,"chose_seed":false,"campfire_upgraded":1,"win_rate":0.0,"timestamp":1612684182,"path_taken":["M","?","?","$","?","E","?","?","T","$","M","E","?","M","R","BOSS","M","?","M","M","M","E","M"],"items_purchased_type":["Card"],"build_version":"2020-12-22","purchased_purges":0,"victory":false,"max_hp_per_floor":[70,70,70,70,70,70,70,70,70,70,70,70,70,70,70,70,70,70,70,70,70,70,70,70,70],"relic_stats":{"counters":[14,55],"Pandora\u0027s Box":["Choke","Dodge and Roll","Heel Hook","Leg Sweep","Corpse Explosion","Burst","Storm of Steel","Accuracy","Tactician","Catalyst"],"Eternal Feather":0,"Art of War":[5],"Juzu Bracelet":2,"Boot":[10],"Cursed Key":0,"obtain_stats":[{"Vajra":9,"Pandora\u0027s Box":0,"Eternal Feather":23,"Art of War":2,"Juzu Bracelet":12,"Boot":6,"Cursed Key":17,"Ring of the Snake":0},{"Vajra":4,"Pandora\u0027s Box":0,"Eternal Feather":13,"Art of War":1,"Juzu Bracelet":6,"Boot":3,"Cursed Key":8,"Ring of the Snake":0},{"Vajra":14,"Pandora\u0027s Box":0,"Eternal Feather":50,"Art of War":2,"Juzu Bracelet":22,"Boot":11,"Cursed Key":36,"Ring of the Snake":0}]},"card_choices":[{"not_picked":["Catalyst","Sucker Punch"],"picked":"Footwork","floor":1},{"not_picked":["Sucker Punch","Slice"],"picked":"Backflip","floor":3},{"not_picked":["Backflip","Well Laid Plans"],"picked":"Cloak And Dagger","floor":6},{"not_picked":["PiercingWail","Acrobatics"],"picked":"Skewer","floor":7},{"not_picked":["Bane","Cloak And Dagger"],"picked":"Bullet Time","floor":11},{"not_picked":["Bane","Backstab"],"picked":"Concentrate","floor":12},{"not_picked":["Backflip","Bane"],"picked":"Finisher","floor":14},{"not_picked":["Corpse Explosion","A Thousand Cuts"],"picked":"Adrenaline","floor":16},{"not_picked":["Deadly Poison","Cloak And Dagger"],"picked":"Terror","floor":18},{"not_picked":["Flying Knee","Outmaneuver"],"picked":"Underhanded Strike","floor":20},{"not_picked":["Deflect","Dash+1"],"picked":"Slice","floor":21},{"not_picked":["Noxious Fumes","Flying Knee"],"picked":"Setup","floor":22},{"not_picked":["Outmaneuver","Dagger Spray"],"picked":"Leg Sweep","floor":23}],"player_experience":3828349,"relics_obtained":[{"floor":6,"key":"Boot"},{"floor":9,"key":"Vajra"},{"floor":12,"key":"Juzu Bracelet"},{"floor":23,"key":"Eternal Feather"}],"event_choices":[{"damage_healed":0,"gold_gain":0,"player_choice":"Gave Potion","damage_taken":0,"relics_obtained":["Art of War"],"max_hp_gain":0,"max_hp_loss":0,"event_name":"WeMeetAgain","floor":2,"gold_loss":0},{"damage_healed":0,"gold_gain":0,"player_choice":"Bought 3 Potions","damage_taken":0,"max_hp_gain":0,"max_hp_loss":0,"event_name":"The Woman in Blue","floor":5,"gold_loss":0},{"damage_healed":0,"gold_gain":0,"player_choice":"Upgraded","damage_taken":0,"max_hp_gain":0,"max_hp_loss":0,"event_name":"Upgrade Shrine","floor":8,"gold_loss":0,"cards_upgraded":["Storm of Steel"]},{"cards_removed":["Catalyst"],"damage_healed":27,"gold_gain":0,"player_choice":"Offered Uncommon","damage_taken":0,"max_hp_gain":0,"max_hp_loss":0,"event_name":"Bonfire Elementals","floor":13,"gold_loss":0},{"damage_healed":0,"gold_gain":0,"player_choice":"Read","damage_taken":0,"max_hp_gain":0,"max_hp_loss":0,"event_name":"The Library","floor":19,"gold_loss":0,"cards_obtained":["Acrobatics"]}],"is_beta":false,"boss_relics":[{"not_picked":["Busted Crown","SacredBark"],"picked":"Cursed Key"}],"items_purged_floors":[],"is_endless":false,"potions_floor_spawned":[1,11,12,14,20,21,23],"killed_by":"Snecko","ascension_level":1}}