{"host":"684z1xpuwaoqmmh1","time":1612715294,"event":{"mods":["A Magickal Journey","Astrologer","BaseMod","Downfall","Hermit","Jorbs\u0027s Wanderer Trilogy","Marisa????????","Minty Spire (QoL Compilation)","Robot Space Explorer","Shade Mod","StSLib","The Bug Knight","The Dragon Tamer","The Elementalist","The Hayseed","The Hierophant","The Marked","The Mystic","The Runesmith","The Saiyan","The Senshi","The Spell Scribe","The Vixen","TheBandit","TheFirefly"],"gold_per_floor":[116,116,130,145,166,200,250,250,250,250,250,250,280,324,324,443,443,457,473,473,227,227,271,271,271,271],"floor_reached":25,"language":"ENG","playtime":985,"items_purged":["Pain"],"score":363,"play_id":"e93fc72a-cc1c-4fab-88a7-b67b28fc221b","local_time":"20210207182814","is_ascension_mode":true,"campfire_choices":[{"data":"theSenshi:RoseThrow","floor":10,"key":"SMITH"},{"data":"theSenshi:FatedKiss","floor":12,"key":"SMITH"},{"floor":15,"key":"REST"},{"floor":24,"key":"REST"}],"circlet_count":0,"master_deck":["AscendersBane","theSenshi:SailorKick","theSenshi:SailorKick+1","theSenshi:SailorKick","theSenshi:SailorKick","theSenshi:SailorBlock","theSenshi:SailorBlock","theSenshi:SailorBlock","theSenshi:SailorBlock","theSenshi:RoseThrow+1","theSenshi:MoonPrismPowerMakeUp","theSenshi:MoonTwilightFlash","theSenshi:SailorJupiterAssists","theSenshi:MoonCosmicPowerMakeUp","theSenshi:SilverMoonCrystalPowerKiss+1","theSenshi:FatedKiss+1","theSenshi:SailorMercuryAssists","theSenshi:SailorVenusAssists","theSenshi:MoonEternalMakeUp","theSenshi:MarsPride+1","theSenshi:MoonsReflection","theSenshi:MoonTiaraMagic","theSenshi:MoonCrystalPowerMakeUp"],"relics":["theSenshi:TransformationBroochRelic","Golden Idol","theSenshi:CrescentMoonWandRelic","Letter Opener","Odd Mushroom","Cursed Key","WarpedTongs","ClockworkSouvenir","Meat on the Bone"],"acts_visited":["Exordium","TheCity"],"potions_floor_usage":[6,19,19,25],"damage_taken":[{"damage":0,"enemies":"Small Slimes","floor":1,"turns":5},{"damage":0,"enemies":"2 Louse","floor":3,"turns":3},{"damage":0,"enemies":"Cultist","floor":4,"turns":3},{"damage":0,"enemies":"Blue Slaver","floor":5,"turns":5},{"damage":24,"enemies":"Gremlin Nob","floor":6,"turns":5},{"damage":27,"enemies":"The Mushroom Lair","floor":13,"turns":6},{"damage":7,"enemies":"Lagavulin","floor":14,"turns":7},{"damage":17,"enemies":"Hexaghost","floor":16,"turns":12},{"damage":0,"enemies":"Chosen","floor":18,"turns":4},{"damage":8,"enemies":"3 Byrds","floor":19,"turns":5},{"damage":31,"enemies":"Book of Stabbing","floor":23,"turns":5},{"damage":52,"enemies":"Gremlin Leader","floor":25,"turns":6}],"seed_played":"6334161387600609423","potions_obtained":[{"floor":4,"key":"EssenceOfSteel"},{"floor":13,"key":"Fire Potion"},{"floor":16,"key":"Weak Potion"},{"floor":23,"key":"Fire Potion"}],"is_trial":false,"path_per_floor":["M","?","M","M","M","E","?","?","T","R","?","R","?","E","R","B",null,"M","M","?","$","?","E","R","E"],"character_chosen":"THE_SENSHI","items_purchased":["theSenshi:MoonTiaraMagic","ClockworkSouvenir"],"campfire_rested":2,"item_purchase_floors":[21,21],"current_hp_per_floor":[75,75,75,75,75,51,51,56,56,56,40,40,13,6,30,13,64,64,56,56,56,56,25,49,0,0],"gold":271,"neow_bonus":"TEN_PERCENT_HP_BONUS","is_daily":false,"chose_seed":false,"campfire_upgraded":2,"win_rate":0.0,"timestamp":1612715294,"path_taken":["M","?","M","M","M","E","?","?","T","R","?","R","?","E","R","BOSS","M","M","?","?","?","E","R","E"],"items_purchased_type":["Card","Relic"],"build_version":"2020-12-22","purchased_purges":1,"victory":false,"max_hp_per_floor":[82,76,76,76,76,76,76,81,81,81,81,81,81,81,81,81,81,81,81,81,81,81,81,81,81,81],"card_choices":[{"not_picked":["theSenshi:LunasBite","theSenshi:MoonSpiralHeartAttack"],"picked":"theSenshi:MoonTwilightFlash","floor":1},{"not_picked":["theSenshi:Sidestep","theSenshi:CrisisMakeUp"],"picked":"theSenshi:SailorJupiterAssists","floor":3},{"not_picked":["theSenshi:SailorMarsAssists","theSenshi:MoonPower"],"picked":"theSenshi:MoonCosmicPowerMakeUp","floor":4},{"not_picked":["theSenshi:TuxedoSmokingBomber","theSenshi:EncouragingSpeech"],"picked":"theSenshi:SilverMoonCrystalPowerKiss","floor":5},{"not_picked":["theSenshi:TuxedoSmokingBomber","theSenshi:VenusGlamour"],"picked":"theSenshi:FatedKiss","floor":6},{"not_picked":["theSenshi:MarsPride","theSenshi:TallSilhouette"],"picked":"theSenshi:SailorMercuryAssists","floor":13},{"not_picked":["theSenshi:HesSoDreamy","theSenshi:MoonsReflection"],"picked":"theSenshi:SailorVenusAssists","floor":14},{"not_picked":["theSenshi:SailorCosmosAssists","theSenshi:SilverMoonCrystalPowerKiss"],"picked":"theSenshi:MoonEternalMakeUp","floor":16},{"not_picked":["theSenshi:SailorPlanetPower+1","theSenshi:DramaticEntrance"],"picked":"theSenshi:MarsPride+1","floor":18},{"not_picked":["theSenshi:MoonSpiralHeartAttack","theSenshi:EncouragingSpeech"],"picked":"theSenshi:MoonsReflection","floor":19},{"not_picked":["theSenshi:SailorVenusAssists+1","theSenshi:CrisisMakeUp"],"picked":"theSenshi:MoonCrystalPowerMakeUp","floor":23}],"player_experience":3222153,"relics_obtained":[{"floor":6,"key":"theSenshi:CrescentMoonWandRelic"},{"floor":9,"key":"Letter Opener"},{"floor":13,"key":"Odd Mushroom"},{"floor":23,"key":"Meat on the Bone"}],"event_choices":[{"damage_healed":0,"gold_gain":0,"player_choice":"Lose Max HP","damage_taken":0,"relics_obtained":["Golden Idol"],"max_hp_gain":0,"max_hp_loss":6,"event_name":"Golden Idol","floor":2,"gold_loss":0},{"damage_healed":0,"gold_gain":0,"player_choice":"Donut","damage_taken":0,"max_hp_gain":5,"max_hp_loss":0,"event_name":"Big Fish","floor":8,"gold_loss":0},{"damage_healed":0,"gold_gain":0,"player_choice":"Entered Light","damage_taken":16,"max_hp_gain":0,"max_hp_loss":0,"event_name":"Shining Light","floor":11,"gold_loss":0,"cards_upgraded":["theSenshi:SailorKick","theSenshi:SilverMoonCrystalPowerKiss"]},{"damage_healed":0,"gold_gain":0,"player_choice":"Fought Mushrooms","damage_taken":0,"max_hp_gain":0,"max_hp_loss":0,"event_name":"Mushrooms","floor":13,"gold_loss":0},{"damage_healed":0,"gold_gain":0,"player_choice":"Rummage","damage_taken":0,"relics_obtained":["WarpedTongs"],"max_hp_gain":0,"max_hp_loss":0,"event_name":"Accursed Blacksmith","floor":20,"gold_loss":0,"cards_obtained":["Pain"]}],"is_beta":false,"boss_relics":[{"not_picked":["Tiny House","Runic Pyramid"],"picked":"Cursed Key"}],"items_purged_floors":[21],"is_endless":false,"potions_floor_spawned":[4,13,16,23],"killed_by":"Gremlin Leader","ascension_level":12}}