{"host":"y3h3n3f7seyagppx","time":1612737337,"event":{"mods":["AlwaysNeverKeys","BaseMod","Better Vampires","Colored Powertips","DeckTracker","Emptier Cage","Minty Spire (QoL Compilation)","Permanent Neow","Quick Restart","Rare Cards Sparkle","Relic Sorter","Relic Stats","StSLib","Transform Curses"],"gold_per_floor":[217,217,229,44,61,61,91,106,159,179,214,214,248,267,267,346,346,358,358,0,11,11,42,61,72,72,87,105,105,26,54,54,135,135,154,188,188,199,199,239,239,273,273,293,293,313,109,137,137,137,137,137,137,14,45,45],"floor_reached":57,"language":"ENG","playtime":7698,"items_purged":["Strike_R"],"score":2748,"play_id":"b7f2bef4-f08f-4c5e-9bc1-aab39f8230eb","local_time":"20210207173537","is_ascension_mode":true,"campfire_choices":[{"data":"Blood for Blood","floor":6.0,"key":"SMITH"},{"data":"Hemokinesis","floor":12.0,"key":"SMITH"},{"data":"Iron Wave","floor":15.0,"key":"SMITH"},{"data":"Demon Form","floor":32.0,"key":"SMITH"},{"floor":49.0,"key":"REST"},{"floor":53.0,"key":"REST"}],"circlet_count":0,"master_deck":["AscendersBane","Strike_R","Strike_R","Strike_R","Defend_R","Defend_R","Defend_R","Defend_R","Bash+1","Headbutt","Iron Wave+1","Shrug It Off","Blood for Blood+1","Hemokinesis+1","Battle Trance","Shockwave+1","Impervious","Shrug It Off","Power Through","Demon Form+1","Whirlwind+1","Flame Barrier+1","Ghostly Armor+1","Barricade","Offering","Entrench","True Grit+1","Pommel Strike+1","Sword Boomerang+1","Dark Embrace","Evolve","Power Through","Offering"],"relics":["Burning Blood","Happy Flower","Singing Bowl","Blood Vial","Potion Belt","Mark of Pain","Bag of Marbles","OrangePellets","Nloth\u0027s Gift","Magic Flower","Tiny Chest","CeramicFish","Fusion Hammer","Thread and Needle","Bottled Tornado","Smiling Mask","Molten Egg 2","The Courier","Gremlin Horn","Akabeko"],"acts_visited":["Exordium","TheCity","TheBeyond","TheEnding"],"potions_floor_usage":[56],"damage_taken":[{"damage":3.0,"enemies":"2 Louse","floor":1.0,"turns":4.0},{"damage":1.0,"enemies":"Cultist","floor":3.0,"turns":3.0},{"damage":0.0,"enemies":"Small Slimes","floor":5.0,"turns":4.0},{"damage":17.0,"enemies":"3 Sentries","floor":7.0,"turns":7.0},{"damage":4.0,"enemies":"Red Slaver","floor":8.0,"turns":3.0},{"damage":5.0,"enemies":"Gremlin Gang","floor":10.0,"turns":5.0},{"damage":6.0,"enemies":"Gremlin Nob","floor":11.0,"turns":3.0},{"damage":14.0,"enemies":"3 Sentries","floor":13.0,"turns":6.0},{"damage":4.0,"enemies":"3 Louse","floor":14.0,"turns":3.0},{"damage":49.0,"enemies":"Hexaghost","floor":16.0,"turns":7.0},{"damage":13.0,"enemies":"Shell Parasite","floor":18.0,"turns":4.0},{"damage":5.0,"enemies":"Spheric Guardian","floor":21.0,"turns":4.0},{"damage":17.0,"enemies":"Slavers","floor":23.0,"turns":5.0},{"damage":2.0,"enemies":"Cultist and Chosen","floor":24.0,"turns":7.0},{"damage":6.0,"enemies":"Snake Plant","floor":25.0,"turns":3.0},{"damage":24.0,"enemies":"Shelled Parasite and Fungi","floor":27.0,"turns":6.0},{"damage":2.0,"enemies":"Cultist and Chosen","floor":28.0,"turns":4.0},{"damage":5.0,"enemies":"Gremlin Leader","floor":31.0,"turns":8.0},{"damage":53.0,"enemies":"Automaton","floor":33.0,"turns":12.0},{"damage":8.0,"enemies":"3 Shapes","floor":35.0,"turns":6.0},{"damage":6.0,"enemies":"Mind Bloom Boss Battle","floor":36.0,"turns":7.0},{"damage":0.0,"enemies":"3 Darklings","floor":38.0,"turns":1.0},{"damage":6.0,"enemies":"Nemesis","floor":40.0,"turns":9.0},{"damage":39.0,"enemies":"Reptomancer","floor":42.0,"turns":9.0},{"damage":0.0,"enemies":"Sphere and 2 Shapes","floor":44.0,"turns":10.0},{"damage":0.0,"enemies":"Maw","floor":46.0,"turns":9.0},{"damage":18.0,"enemies":"4 Shapes","floor":48.0,"turns":6.0},{"damage":19.0,"enemies":"Donu and Deca","floor":50.0,"turns":15.0},{"damage":19.0,"enemies":"Awakened One","floor":51.0,"turns":16.0},{"damage":32.0,"enemies":"Shield and Spear","floor":55.0,"turns":9.0},{"damage":30,"enemies":"The Heart","floor":56,"turns":12}],"seed_played":"7397755035926741170","potions_obtained":[{"floor":3.0,"key":"Energy Potion"},{"floor":7.0,"key":"PowerPotion"},{"floor":13.0,"key":"Block Potion"},{"floor":21.0,"key":"SteroidPotion"},{"floor":23.0,"key":"SkillPotion"},{"floor":27.0,"key":"FearPotion"},{"floor":38.0,"key":"SpeedPotion"},{"floor":46.0,"key":"BloodPotion"}],"is_trial":false,"path_per_floor":["M","?","M","$","M","R","E","M","T","M","E","R","E","M","R","B",null,"M","?","$","M","?","E","M","M","T","M","M","?","$","E","R","B",null,"M","?","T","M","?","E","?","E","T","M","T","M","$","M","R","B","B",null,"R","$","E","B",null],"character_chosen":"IRONCLAD","items_purchased":["Happy Flower","Shrug It Off","Bag of Marbles","OrangePellets","Shrug It Off","Barricade","Dark Embrace","Evolve","Power Through","Swift Potion","FairyPotion"],"campfire_rested":2,"item_purchase_floors":[4,4,20,20,20,30,47,47,47,54,54],"current_hp_per_floor":[71,71,75,75,75,75,66,68,68,71,73,73,77,83,83,42,77,74,74,74,77,77,68,78,84,84,72,84,84,84,93,93,51,84,90,96,96,99,94,94,94,66,66,78,78,90,90,84,96,86,79,92,96,96,75,57],"gold":45,"neow_bonus":"HUNDRED_GOLD","is_daily":false,"chose_seed":false,"campfire_upgraded":4,"win_rate":0.0,"timestamp":1612737337,"path_taken":["M","?","M","$","M","R","E","M","T","?","E","R","E","M","R","BOSS","M","?","$","?","?","E","?","?","T","M","M","?","?","E","R","BOSS","M","?","?","?","?","E","?","E","T","M","?","M","$","?","R","BOSS","BOSS","R","$","E","BOSS"],"items_purchased_type":["Relic","Card","Relic","Relic","Card","Card","Card","Card","Card","Potion","Potion"],"build_version":"2020-12-22","purchased_purges":1,"victory":true,"max_hp_per_floor":[75,75,75,75,75,75,77,77,77,77,77,77,87,89,89,89,89,91,91,91,91,91,91,91,91,91,91,93,93,93,95,95,95,95,97,97,97,99,94,94,94,96,96,96,96,96,96,96,96,96,96,96,96,96,98,98],"relic_stats":{"Happy Flower":[66],"Singing Bowl":18,"Gremlin Horn":[7,8],"counters":[31,207],"CeramicFish":81,"Magic Flower":[60],"Smiling Mask":10,"Burning Blood":221,"Blood Vial":55,"OrangePellets":[13],"Tiny Chest":2,"Nloth\u0027s Gift":2,"obtain_stats":[{"Potion Belt":11,"Pear":13,"Happy Flower":4,"Singing Bowl":7,"Gremlin Horn":45,"CeramicFish":31,"Magic Flower":23,"Thread and Needle":36,"The Courier":43,"Bottled Tornado":37,"Smiling Mask":40,"Burning Blood":0,"Akabeko":55,"Blood Vial":9,"OrangePellets":20,"Tiny Chest":26,"Molten Egg 2":42,"Mark of Pain":17,"Fusion Hammer":34,"Bag of Marbles":20,"Nloth\u0027s Gift":22},{"Potion Belt":7,"Pear":8,"Happy Flower":2,"Singing Bowl":4,"Gremlin Horn":25,"CeramicFish":18,"Magic Flower":13,"Thread and Needle":21,"The Courier":24,"Bottled Tornado":21,"Smiling Mask":23,"Burning Blood":0,"Akabeko":30,"Blood Vial":5,"OrangePellets":11,"Tiny Chest":15,"Molten Egg 2":24,"Mark of Pain":10,"Fusion Hammer":19,"Bag of Marbles":11,"Nloth\u0027s Gift":12},{"Potion Belt":29,"Pear":35,"Happy Flower":7,"Singing Bowl":18,"Gremlin Horn":140,"CeramicFish":86,"Magic Flower":58,"Thread and Needle":111,"The Courier":130,"Bottled Tornado":111,"Smiling Mask":121,"Burning Blood":0,"Akabeko":195,"Blood Vial":21,"OrangePellets":49,"Tiny Chest":68,"Molten Egg 2":130,"Mark of Pain":45,"Fusion Hammer":98,"Bag of Marbles":49,"Nloth\u0027s Gift":53}]},"card_choices":[{"not_picked":["Sword Boomerang","Rampage"],"picked":"Headbutt","floor":1.0},{"not_picked":["True Grit","Flex"],"picked":"Iron Wave","floor":3.0},{"not_picked":["Pommel Strike","Sword Boomerang"],"picked":"Blood for Blood","floor":5.0},{"not_picked":["Berserk","Entrench","Heavy Blade"],"picked":"Singing Bowl","floor":7.0},{"not_picked":["Body Slam","Wild Strike"],"picked":"Hemokinesis","floor":8.0},{"not_picked":["Heavy Blade","Rage"],"picked":"Battle Trance","floor":10.0},{"not_picked":["Pommel Strike","Fire Breathing"],"picked":"Shockwave","floor":11.0},{"not_picked":["Anger","Heavy Blade"],"picked":"Battle Trance","floor":13.0},{"not_picked":["Double Tap","Anger","Perfected Strike"],"picked":"Singing Bowl","floor":14.0},{"not_picked":["Immolate","Demon Form"],"picked":"Impervious","floor":16.0},{"not_picked":["Battle Trance","Flex","Havoc"],"picked":"Singing Bowl","floor":18.0},{"not_picked":["Flex","Pommel Strike"],"picked":"Power Through","floor":21.0},{"not_picked":["Headbutt+1","Perfected Strike"],"picked":"Demon Form","floor":23.0},{"not_picked":["Thunderclap","Anger"],"picked":"Whirlwind+1","floor":24.0},{"not_picked":["Burning Pact","Sword Boomerang"],"picked":"Flame Barrier+1","floor":25.0},{"not_picked":["Headbutt","Pommel Strike"],"picked":"Ghostly Armor+1","floor":27.0},{"not_picked":["Pommel Strike","Cleave+1","Anger"],"picked":"Singing Bowl","floor":28.0},{"not_picked":["Heavy Blade","Clash+1","Inflame"],"picked":"Singing Bowl","floor":31.0},{"not_picked":["Bludgeon","Exhume"],"picked":"Offering","floor":33.0},{"not_picked":["Ghostly Armor","Heavy Blade","Wild Strike+1"],"picked":"Singing Bowl","floor":35.0},{"not_picked":["Rage","Flame Barrier"],"picked":"Entrench","floor":36.0},{"not_picked":["Havoc","Hemokinesis","True Grit"],"picked":"Singing Bowl","floor":38.0},{"not_picked":["Carnage+1","Combust"],"picked":"True Grit+1","floor":40.0},{"not_picked":["Juggernaut","Perfected Strike+1","Carnage+1"],"picked":"Singing Bowl","floor":42.0},{"not_picked":["Cleave+1","Carnage+1"],"picked":"Pommel Strike+1","floor":44.0},{"not_picked":["Cleave+1","Sentinel+1"],"picked":"Sword Boomerang+1","floor":46.0},{"not_picked":["Infernal Blade+1","Pommel Strike+1"],"picked":"Offering","floor":48.0},{"not_picked":["Dark Embrace","Iron Wave+1","Cleave+1"],"picked":"Singing Bowl","floor":55.0}],"player_experience":21929398,"relics_obtained":[{"floor":7.0,"key":"Singing Bowl"},{"floor":9.0,"key":"Blood Vial"},{"floor":11.0,"key":"Potion Belt"},{"floor":13.0,"key":"Pear"},{"floor":23.0,"key":"Magic Flower"},{"floor":26.0,"key":"Tiny Chest"},{"floor":31.0,"key":"CeramicFish"},{"floor":36.0,"key":"Thread and Needle"},{"floor":37.0,"key":"Bottled Tornado"},{"floor":40.0,"key":"Smiling Mask"},{"floor":42.0,"key":"Molten Egg 2"},{"floor":43.0,"key":"The Courier"},{"floor":45.0,"key":"Gremlin Horn"},{"floor":55.0,"key":"Akabeko"}],"event_choices":[{"damage_healed":0.0,"max_hp_gain":0.0,"max_hp_loss":0.0,"gold_gain":0.0,"event_name":"Upgrade Shrine","player_choice":"Upgraded","floor":2.0,"gold_loss":0.0,"damage_taken":0.0,"cards_upgraded":["Bash"]},{"damage_healed":0.0,"max_hp_gain":0.0,"max_hp_loss":0.0,"gold_gain":0.0,"event_name":"Upgrade Shrine","player_choice":"Upgraded","floor":19.0,"gold_loss":0.0,"damage_taken":0.0,"cards_upgraded":["Shockwave"]},{"damage_healed":0.0,"max_hp_gain":0.0,"max_hp_loss":0.0,"gold_gain":0.0,"event_name":"N\u0027loth","player_choice":"Traded Relic","floor":22.0,"relics_lost":["Pear"],"gold_loss":0.0,"damage_taken":0.0,"relics_obtained":["Nloth\u0027s Gift"]},{"cards_removed":["Strike_R"],"damage_healed":0.0,"max_hp_gain":0.0,"max_hp_loss":0.0,"gold_gain":0.0,"event_name":"Bonfire Elementals","player_choice":"Offered Basic","floor":29.0,"gold_loss":0.0,"damage_taken":0.0},{"damage_healed":0.0,"max_hp_gain":0.0,"max_hp_loss":0.0,"gold_gain":0.0,"event_name":"MindBloom","player_choice":"Fight","floor":36.0,"gold_loss":0.0,"damage_taken":0.0},{"damage_healed":0.0,"max_hp_gain":0.0,"max_hp_loss":5.0,"gold_gain":0.0,"event_name":"Winding Halls","player_choice":"Max HP","floor":39.0,"gold_loss":0.0,"damage_taken":0.0},{"cards_removed":["Battle Trance"],"damage_healed":0.0,"max_hp_gain":0.0,"max_hp_loss":0.0,"gold_gain":0.0,"event_name":"Falling","player_choice":"Removed Skill","floor":41.0,"gold_loss":0.0,"damage_taken":0.0}],"is_beta":false,"boss_relics":[{"not_picked":["Runic Dome","Runic Cube"],"picked":"Mark of Pain"},{"not_picked":["Velvet Choker","SacredBark"],"picked":"Fusion Hammer"}],"items_purged_floors":[47],"is_endless":false,"potions_floor_spawned":[3,7,8,13,21,23,27,38,46,48],"ascension_level":20}}