{"host":"815dqs41i1y8uxms","time":1612697260,"event":{"mods":["A Penny For Your Troubles","Act Like it!","BaseMod","GungeonMod","Minty Spire (QoL Compilation)","Rare Cards Sparkle","Shop Mod","Spire Arcade","StSLib"],"gold_per_floor":[12,48,48,58,58,85,98,114,114,114,133,133,153,483,483,588,588,605,605,615,633,69,69,69,69,69,69,69,95,59,74,74,74,74],"floor_reached":33,"language":"ENG","playtime":1746,"items_purged":[],"score":325,"play_id":"409ba2bd-d21e-4d12-a801-e5496183bc8f","local_time":"20210207122740","is_ascension_mode":false,"campfire_choices":[{"floor":10,"key":"RECALL"},{"floor":12,"key":"REST"},{"floor":15,"key":"REST"},{"floor":23,"key":"REST"},{"data":"DemoMod:ManualReload","floor":25,"key":"SMITH"},{"data":"Bite","floor":28,"key":"SMITH"},{"floor":32,"key":"REST"}],"circlet_count":0,"master_deck":["DemoMod:Defend_Huntress","DemoMod:Defend_Huntress","DemoMod:Defend_Huntress","DemoMod:Defend_Huntress","DemoMod:Roll","DemoMod:ManualReload+1","DemoMod:RustySidearm","DemoMod:CrossBow","DemoMod:DarkMarker","DemoMod:HardPowerCard","DemoMod:SniperShot","DemoMod:MachoBrace","DemoMod:FullFirepower","DemoMod:TeaPot","DemoMod:SuppressiveFire","DemoMod:Unmoved","DemoMod:AbyssalTentacle","DemoMod:Gungine","DemoMod:SAA+1","DemoMod:DoubleSwitch","DemoMod:Camera","DemoMod:ShadowBullets","Bite","Bite","Bite","Bite","Bite+1","DemoMod:RadGun+1","DemoMod:ProbeStrike","DemoMod:Unmoved+1"],"relics":["DemoMod:Dog","DemoMod:Relodestone","StoneCalendar","DemoMod:WaxWing","FaceOfCleric","PreservedInsect","MerchantsRug","DemoMod:PortableTableDevice","Turnip","Gremlin Horn","Toy Ornithopter"],"acts_visited":["Exordium","TheCity"],"potions_floor_usage":[13,14,16,31,33],"damage_taken":[{"damage":1,"enemies":"2 Louse","floor":1,"turns":3},{"damage":4,"enemies":"Jaw Worm","floor":2,"turns":9},{"damage":0,"enemies":"Jaw Worm","floor":4,"turns":5},{"damage":9,"enemies":"Lagavulin","floor":6,"turns":8},{"damage":0,"enemies":"Cultist","floor":7,"turns":4},{"damage":12,"enemies":"Lots of Slimes","floor":8,"turns":6},{"damage":0,"enemies":"Looter","floor":11,"turns":3},{"damage":0,"enemies":"2 Fungi Beasts","floor":13,"turns":2},{"damage":55,"enemies":"Gremlin Nob","floor":14,"turns":5},{"damage":21,"enemies":"Hexaghost","floor":16,"turns":9},{"damage":0,"enemies":"Chosen","floor":18,"turns":4},{"damage":1,"enemies":"2 Thieves","floor":20,"turns":4},{"damage":43,"enemies":"Snecko","floor":21,"turns":7},{"damage":0,"enemies":"Slavers","floor":29,"turns":3},{"damage":16,"enemies":"Snake Plant","floor":31,"turns":7},{"damage":76,"enemies":"Automaton","floor":33,"turns":6}],"seed_played":"-855688313318598349","potions_obtained":[{"floor":4,"key":"Energy Potion"},{"floor":11,"key":"Dexterity Potion"},{"floor":13,"key":"ColorlessPotion"},{"floor":14,"key":"SpeedPotion"},{"floor":18,"key":"DemoMod:LeadSkinPotion"},{"floor":21,"key":"PowerPotion"}],"is_trial":false,"path_per_floor":["M","?","?","M","?","E","M","M","T","R","M","R","M","E","R","B",null,"M","?","M","M","$","R","?","R","T","?","R","E","$","M","R","B"],"character_chosen":"HUNTRESS","items_purchased":["MerchantsRug","DemoMod:PortableTableDevice","Turnip","DemoMod:ShadowBullets","DemoMod:ProbeStrike"],"campfire_rested":4,"item_purchase_floors":[22,22,22,22,30],"current_hp_per_floor":[69,72,72,72,72,63,63,51,51,51,51,74,74,19,42,21,77,77,77,77,35,35,58,43,43,43,43,43,47,47,41,59,0,0],"gold":74,"neow_bonus":"THREE_RARE_CARDS","is_daily":false,"chose_seed":false,"campfire_upgraded":2,"win_rate":0.0,"timestamp":1612697260,"path_taken":["M","?","?","M","?","E","M","M","T","R","M","R","M","E","R","BOSS","M","?","?","M","$","R","?","R","T","?","R","E","$","M","R","BOSS"],"items_purchased_type":["Relic","Relic","Relic","Card","Card"],"build_version":"2020-12-22","purchased_purges":0,"victory":false,"max_hp_per_floor":[70,77,77,77,77,77,77,77,77,77,77,77,77,77,77,77,77,77,77,78,79,79,79,84,84,84,58,58,59,59,60,60,60,60],"card_choices":[{"not_picked":["DemoMod:BSG","DemoMod:FinishedGun"],"picked":"DemoMod:DarkMarker","floor":0},{"not_picked":["DemoMod:MegaHand","DemoMod:AC15"],"picked":"DemoMod:HardPowerCard","floor":1},{"not_picked":["DemoMod:DoubleSwitch","DemoMod:HardPowerCard"],"picked":"DemoMod:SniperShot","floor":2},{"not_picked":["DemoMod:HardPowerCard","DemoMod:Replace"],"picked":"DemoMod:DirectionalPad","floor":4},{"not_picked":["DemoMod:FortunesFavor","DemoMod:PracticeMakesPerfect"],"picked":"DemoMod:MachoBrace","floor":6},{"not_picked":["DemoMod:Casey","DemoMod:Unmoved"],"picked":"DemoMod:FullFirepower","floor":7},{"not_picked":["DemoMod:PracticeMakesPerfect","DemoMod:Ejector"],"picked":"DemoMod:TeaPot","floor":8},{"not_picked":["DemoMod:MachoBrace","DemoMod:DirectionalPad"],"picked":"DemoMod:SuppressiveFire","floor":11},{"not_picked":["DemoMod:Purify","DemoMod:ChanceBullets"],"picked":"DemoMod:Unmoved","floor":13},{"not_picked":["DemoMod:Unmoved","DemoMod:MachoBrace"],"picked":"DemoMod:AbyssalTentacle","floor":14},{"not_picked":["DemoMod:Slinger","DemoMod:SuppressiveFire"],"picked":"DemoMod:Gungine","floor":16},{"not_picked":["DemoMod:MachoBrace","DemoMod:BattleInHaste+1"],"picked":"DemoMod:SAA+1","floor":18},{"not_picked":["DemoMod:SniperShot","DemoMod:ConditionalReflex"],"picked":"DemoMod:DoubleSwitch","floor":20},{"not_picked":["DemoMod:DoubleSwitch","DemoMod:BattleInHaste"],"picked":"DemoMod:Camera","floor":21},{"not_picked":["DemoMod:BoxingGlove","DemoMod:StrategicReserve"],"picked":"DemoMod:RadGun+1","floor":29},{"not_picked":["DemoMod:DoubleSwitch+1","DemoMod:ChanceBullets"],"picked":"DemoMod:Unmoved+1","floor":31}],"player_experience":3757067,"relics_obtained":[{"floor":2,"key":"Strawberry"},{"floor":6,"key":"DemoMod:Relodestone"},{"floor":8,"key":"StoneCalendar"},{"floor":14,"key":"Old Coin"},{"floor":21,"key":"PreservedInsect"},{"floor":26,"key":"Gremlin Horn"},{"floor":29,"key":"Toy Ornithopter"}],"event_choices":[{"damage_healed":0,"gold_gain":0,"player_choice":"Leave","damage_taken":0,"max_hp_gain":0,"max_hp_loss":0,"event_name":"The Cleric","floor":3,"gold_loss":0},{"cards_removed":["DemoMod:Strike_Huntress"],"damage_healed":0,"gold_gain":0,"player_choice":"Purged","damage_taken":0,"max_hp_gain":0,"max_hp_loss":0,"event_name":"Purifier","floor":5,"gold_loss":0},{"damage_healed":0,"gold_gain":0,"player_choice":"Trade","damage_taken":0,"relics_obtained":["FaceOfCleric"],"max_hp_gain":0,"max_hp_loss":0,"event_name":"FaceTrader","floor":19,"gold_loss":0},{"damage_healed":0,"gold_gain":0,"player_choice":"Shed Blood","damage_taken":20,"max_hp_gain":5,"max_hp_loss":0,"event_name":"Forgotten Altar","floor":24,"gold_loss":0},{"damage_healed":0,"gold_gain":0,"player_choice":"Became a vampire","damage_taken":0,"max_hp_gain":0,"max_hp_loss":26,"event_name":"Vampires","floor":27,"gold_loss":0,"cards_obtained":["Bite","Bite","Bite","Bite","Bite"]}],"is_beta":false,"boss_relics":[{"not_picked":["Astrolabe","Runic Pyramid"],"picked":"DemoMod:WaxWing"}],"items_purged_floors":[],"is_endless":false,"potions_floor_spawned":[4,11,13,14,18,21],"killed_by":"Automaton","ascension_level":0}}