{"host":"g907ck67u7c3hrs6","time":1612675604,"event":{"mods":["BaseMod","Colored Map","DeckTracker","Highlight Path","Keyboard Shortcuts","Minty Spire (QoL Compilation)","Permanent Neow","Say the Spire","SuperFastMode"],"gold_per_floor":[114,114,133,148,165,197,197,215,215,215,226,261,280,290,290,389,389,405,405,417,417,433,465,476,507,507,522,522,522,553,568,568,668,668,682,682,607,626,383,383,418,175,198,230,230,230,132,144,144,144,144],"floor_reached":50,"language":"KOR","playtime":1510,"items_purged":["Defend_R+1"],"score":574,"play_id":"c618f3ec-72cd-4f91-960f-9de20150423e","local_time":"20210207142644","daily_mods":["Heirloom"],"is_ascension_mode":false,"campfire_choices":[{"data":"Anger","floor":7,"key":"SMITH"},{"data":"Shockwave","floor":10,"key":"SMITH"},{"data":"Disarm","floor":15,"key":"SMITH"},{"data":"Corruption","floor":29,"key":"SMITH"},{"data":"Offering","floor":32,"key":"SMITH"},{"data":"Power Through","floor":40,"key":"SMITH"},{"data":"Limit Break","floor":46,"key":"SMITH"},{"data":"Battle Trance","floor":49,"key":"SMITH"}],"circlet_count":0,"master_deck":["Strike_R+1","Strike_R+1","Strike_R+1","Strike_R+1","Defend_R+1","Defend_R+1","Defend_R+1","Bash","Sentinel","Power Through+1","Cleave","Shockwave+1","Shrug It Off","Disarm+1","Wild Strike","Twin Strike","Thunderclap","Offering+1","Fire Breathing+1","Corruption+1","Wild Strike","Reckless Charge+1","Flame Barrier","Flame Barrier","Flame Barrier","Pommel Strike","Impervious","Battle Trance+1","Limit Break+1","Headbutt"],"relics":["Burning Blood","Champion Belt","Blood Vial","Bronze Scales","Bag of Preparation","Coffee Dripper","Sundial","HornCleat","PreservedInsect","Potion Belt","Philosopher\u0027s Stone","Bottled Tornado","Strawberry","Bottled Lightning","Oddly Smooth Stone","CaptainsWheel"],"acts_visited":["Exordium","TheCity","TheBeyond"],"potions_floor_usage":[12,22,33,33,33,50,50,50,50],"damage_taken":[{"damage":3,"enemies":"Small Slimes","floor":1,"turns":3},{"damage":7,"enemies":"Cultist","floor":3,"turns":4},{"damage":5,"enemies":"2 Louse","floor":4,"turns":3},{"damage":12,"enemies":"2 Fungi Beasts","floor":5,"turns":4},{"damage":16,"enemies":"Gremlin Nob","floor":6,"turns":5},{"damage":7,"enemies":"Looter","floor":8,"turns":4},{"damage":2,"enemies":"3 Louse","floor":11,"turns":3},{"damage":8,"enemies":"3 Sentries","floor":12,"turns":5},{"damage":6,"enemies":"Red Slaver","floor":13,"turns":4},{"damage":2,"enemies":"Exordium Thugs","floor":14,"turns":4},{"damage":35,"enemies":"The Guardian","floor":16,"turns":8},{"damage":7,"enemies":"Shell Parasite","floor":18,"turns":6},{"damage":0,"enemies":"Chosen","floor":20,"turns":3},{"damage":6,"enemies":"3 Cultists","floor":22,"turns":3},{"damage":29,"enemies":"Slavers","floor":23,"turns":3},{"damage":6,"enemies":"Centurion and Healer","floor":24,"turns":5},{"damage":18,"enemies":"Gremlin Leader","floor":25,"turns":5},{"damage":0,"enemies":"Snecko","floor":27,"turns":4},{"damage":11,"enemies":"Slavers","floor":30,"turns":5},{"damage":6,"enemies":"Cultist and Chosen","floor":31,"turns":4},{"damage":54,"enemies":"Collector","floor":33,"turns":9},{"damage":12,"enemies":"3 Darklings","floor":35,"turns":6},{"damage":0,"enemies":"3 Shapes","floor":38,"turns":3},{"damage":7,"enemies":"Reptomancer","floor":41,"turns":6},{"damage":19,"enemies":"Nemesis","floor":44,"turns":7},{"damage":21,"enemies":"Transient","floor":48,"turns":5},{"damage":66,"enemies":"Awakened One","floor":50,"turns":10}],"seed_played":"-7885628764613654594","potions_obtained":[{"floor":1,"key":"SteroidPotion"},{"floor":4,"key":"Explosive Potion"},{"floor":8,"key":"Explosive Potion"},{"floor":12,"key":"Energy Potion"},{"floor":22,"key":"DistilledChaos"},{"floor":31,"key":"Explosive Potion"},{"floor":33,"key":"Fire Potion"},{"floor":38,"key":"LiquidMemories"},{"floor":48,"key":"Swift Potion"}],"is_trial":true,"path_per_floor":["M","?","M","M","M","E","R","M","T","R","M","E","M","M","R","B",null,"M","?","M","?","M","E","M","E","T","M","?","R","E","M","R","B",null,"M","?","$","M","$","R","E","$","T","E","$","R","$","M","R","B"],"character_chosen":"IRONCLAD","items_purchased":["Bottled Tornado","Bottled Lightning","SkillPotion","AttackPotion"],"campfire_rested":0,"item_purchase_floors":[39,42,47,47],"current_hp_per_floor":[80,80,79,80,74,64,64,65,65,65,71,71,73,79,79,51,80,79,79,80,80,80,57,59,49,49,57,57,57,54,56,56,10,80,74,74,74,80,80,80,86,86,86,74,74,74,74,61,61,0,0],"gold":144,"neow_bonus":"","is_daily":false,"chose_seed":false,"campfire_upgraded":8,"win_rate":0.0,"timestamp":1612675604,"path_taken":["M","?","M","?","M","E","R","M","T","R","M","E","M","M","R","BOSS","M","?","M","?","M","E","M","E","T","M","?","R","E","M","R","BOSS","M","?","$","?","?","R","E","?","T","E","$","R","$","M","R","BOSS"],"items_purchased_type":["Relic","Relic","Potion","Potion"],"build_version":"2020-12-22","purchased_purges":1,"victory":false,"max_hp_per_floor":[80,80,80,80,80,80,80,80,80,80,80,80,80,80,80,80,80,80,80,80,80,80,80,80,80,80,80,80,80,80,80,80,80,80,80,80,80,80,80,80,87,87,87,87,87,87,87,87,87,87,87],"card_choices":[{"not_picked":["Clash","Combust"],"picked":"Sentinel","floor":1},{"not_picked":["Wild Strike","Havoc"],"picked":"Power Through","floor":3},{"not_picked":["Dual Wield","Metallicize"],"picked":"Cleave","floor":4},{"not_picked":["Headbutt","Sword Boomerang"],"picked":"Shockwave","floor":5},{"not_picked":["Clash","Clothesline"],"picked":"Anger","floor":6},{"not_picked":["Havoc","Warcry"],"picked":"Shrug It Off","floor":8},{"not_picked":["Heavy Blade","Feel No Pain"],"picked":"Disarm","floor":11},{"not_picked":["Flame Barrier","Intimidate"],"picked":"Wild Strike","floor":12},{"not_picked":["Havoc","Perfected Strike"],"picked":"Twin Strike","floor":13},{"not_picked":["Pummel","Clash"],"picked":"Thunderclap","floor":14},{"not_picked":["Reaper","Fiend Fire"],"picked":"Offering","floor":16},{"not_picked":["Clothesline+1","Flame Barrier"],"picked":"Fire Breathing+1","floor":18},{"not_picked":["Body Slam","Sword Boomerang","Warcry"],"picked":"SKIP","floor":20},{"not_picked":["Armaments","Dropkick"],"picked":"Wild Strike","floor":22},{"not_picked":["Cleave+1","Impervious"],"picked":"Reckless Charge+1","floor":23},{"not_picked":["Thunderclap+1","Shrug It Off"],"picked":"Flame Barrier","floor":24},{"not_picked":["Seeing Red","Armaments+1"],"picked":"Flame Barrier","floor":25},{"not_picked":["True Grit","Body Slam+1"],"picked":"Flame Barrier","floor":27},{"not_picked":["Pommel Strike","True Grit","Thunderclap+1"],"picked":"SKIP","floor":30},{"not_picked":["Iron Wave","Infernal Blade"],"picked":"Pommel Strike","floor":31},{"not_picked":["Feed","Fiend Fire"],"picked":"Impervious","floor":33},{"not_picked":["True Grit","Warcry","Sword Boomerang"],"picked":"SKIP","floor":35},{"not_picked":["Anger","True Grit","Heavy Blade"],"picked":"SKIP","floor":38},{"not_picked":["True Grit+1","Clothesline+1"],"picked":"Battle Trance","floor":41},{"not_picked":["Wild Strike+1","Havoc+1"],"picked":"Limit Break","floor":44},{"not_picked":["Thunderclap","Iron Wave+1"],"picked":"Headbutt","floor":48}],"player_experience":261609,"relics_obtained":[{"floor":6,"key":"Blood Vial"},{"floor":9,"key":"Bronze Scales"},{"floor":12,"key":"Bag of Preparation"},{"floor":23,"key":"Sundial"},{"floor":25,"key":"HornCleat"},{"floor":26,"key":"PreservedInsect"},{"floor":30,"key":"Potion Belt"},{"floor":41,"key":"Strawberry"},{"floor":43,"key":"Oddly Smooth Stone"},{"floor":44,"key":"CaptainsWheel"}],"event_choices":[{"cards_removed":["Strike_R"],"damage_healed":0,"gold_gain":0,"player_choice":"Purged","damage_taken":0,"max_hp_gain":0,"max_hp_loss":0,"event_name":"Purifier","floor":2,"gold_loss":0},{"damage_healed":0,"gold_gain":0,"player_choice":"Simplicity","damage_taken":0,"max_hp_gain":0,"max_hp_loss":0,"event_name":"Back to Basics","floor":19,"gold_loss":0,"cards_upgraded":["Strike_R","Strike_R","Strike_R","Strike_R","Defend_R","Defend_R","Defend_R","Defend_R"]},{"damage_healed":0,"gold_gain":0,"player_choice":"Read","damage_taken":0,"max_hp_gain":0,"max_hp_loss":0,"event_name":"The Library","floor":21,"gold_loss":0,"cards_obtained":["Corruption"]},{"damage_healed":0,"gold_gain":0,"player_choice":"Ignored","damage_taken":0,"max_hp_gain":0,"max_hp_loss":0,"event_name":"Ghosts","floor":28,"gold_loss":0},{"cards_removed":["Anger"],"damage_healed":0,"gold_gain":0,"player_choice":"Purged","damage_taken":0,"max_hp_gain":0,"max_hp_loss":0,"event_name":"Purifier","floor":36,"gold_loss":0}],"is_beta":false,"boss_relics":[{"not_picked":["Calling Bell","Fusion Hammer"],"picked":"Coffee Dripper"},{"not_picked":["Astrolabe","SacredBark"],"picked":"Philosopher\u0027s Stone"}],"items_purged_floors":[37],"is_endless":false,"potions_floor_spawned":[1,4,8,11,12,20,22,23,31,33,38,48],"killed_by":"Awakened One","ascension_level":0}}