{"host":"7l2t4psy44vpcd9q","time":1612693868,"event":{"mods":["AchievementEnabler","BaseMod","DeckTracker","Minty Spire (QoL Compilation)","SuperFastMode"],"gold_per_floor":[113,132,149,167,242,242,242,277,277,277,309,309,359,371,371,448,448,460,460,471,149,74,74,108,78,103,135,146,146,165,206,206,280,280,293,149,162,0,0,0,12,12,12,12,40,68,68,95,95,95,95],"floor_reached":50,"language":"KOR","playtime":1726,"items_purged":["Strike_R+1"],"score":1090,"play_id":"8b369043-8034-43f9-881e-705e61755bf6","local_time":"20210207193108","is_ascension_mode":true,"campfire_choices":[{"data":"Evolve","floor":6.0,"key":"SMITH"},{"data":"Fire Breathing","floor":10.0,"key":"SMITH"},{"floor":12.0,"key":"REST"},{"data":"Carnage","floor":15.0,"key":"SMITH"},{"floor":23.0,"key":"REST"},{"floor":29.0,"key":"REST"},{"floor":32.0,"key":"REST"},{"floor":40.0,"key":"REST"},{"floor":42.0,"key":"REST"},{"floor":47.0,"key":"REST"},{"floor":49.0,"key":"REST"}],"circlet_count":0,"master_deck":["AscendersBane","Strike_R+1","Strike_R+1","Strike_R+1","Defend_R+1","Defend_R+1","Defend_R+1","Defend_R+1","Bash","Barricade","Inflame","Flex","Evolve+1","Wild Strike","Fire Breathing+1","Carnage+1","Offering","Feel No Pain+1","Whirlwind","Armaments+1","Twin Strike","Limit Break","Clothesline+1","Deep Breath","Sword Boomerang+1","Uppercut","Ghostly Armor","Battle Trance+1"],"relics":["Burning Blood","Paper Frog","Pantograph","StrikeDummy","Fusion Hammer","PreservedInsect","Toolbox","Red Skull","Smiling Mask","Torii","Mark of Pain","Red Mask","CeramicFish","Girya"],"acts_visited":["Exordium","TheCity","TheBeyond"],"potions_floor_usage":[50],"damage_taken":[{"damage":6.0,"enemies":"Jaw Worm","floor":1.0,"turns":5.0},{"damage":4.0,"enemies":"Small Slimes","floor":2.0,"turns":4.0},{"damage":3.0,"enemies":"2 Louse","floor":3.0,"turns":3.0},{"damage":13.0,"enemies":"Red Slaver","floor":4.0,"turns":3.0},{"damage":35.0,"enemies":"Lagavulin","floor":8.0,"turns":6.0},{"damage":32.0,"enemies":"Gremlin Nob","floor":11.0,"turns":4.0},{"damage":11.0,"enemies":"Looter","floor":14.0,"turns":2.0},{"damage":26.0,"enemies":"Slime Boss","floor":16.0,"turns":6.0},{"damage":13.0,"enemies":"Chosen","floor":18.0,"turns":3.0},{"damage":11.0,"enemies":"2 Thieves","floor":20.0,"turns":3.0},{"damage":32.0,"enemies":"Slavers","floor":24.0,"turns":6.0},{"damage":6.0,"enemies":"Gremlin Leader","floor":27.0,"turns":5.0},{"damage":23.0,"enemies":"Centurion and Healer","floor":28.0,"turns":4.0},{"damage":6.0,"enemies":"Snake Plant","floor":30.0,"turns":2.0},{"damage":18.0,"enemies":"Cultist and Chosen","floor":31.0,"turns":3.0},{"damage":56.0,"enemies":"Collector","floor":33.0,"turns":9.0},{"damage":44.0,"enemies":"3 Darklings","floor":35.0,"turns":4.0},{"damage":21.0,"enemies":"Orb Walker","floor":37.0,"turns":4.0},{"damage":10.0,"enemies":"Spire Growth","floor":41.0,"turns":3.0},{"damage":22.0,"enemies":"3 Darklings","floor":45.0,"turns":4.0},{"damage":8.0,"enemies":"Nemesis","floor":46.0,"turns":5.0},{"damage":43.0,"enemies":"Jaw Worm Horde","floor":48.0,"turns":3.0},{"damage":62,"enemies":"Donu and Deca","floor":50,"turns":5}],"seed_played":"6099051362551813590","potions_obtained":[{"floor":1.0,"key":"Regen Potion"},{"floor":2.0,"key":"Fire Potion"},{"floor":14.0,"key":"Block Potion"},{"floor":16.0,"key":"Swift Potion"},{"floor":24.0,"key":"Ancient Potion"},{"floor":25.0,"key":"SpeedPotion"},{"floor":33.0,"key":"GamblersBrew"},{"floor":35.0,"key":"AttackPotion"},{"floor":45.0,"key":"SpeedPotion"},{"floor":46.0,"key":"LiquidMemories"}],"is_trial":false,"path_per_floor":["M","M","M","M","?","R","?","E","T","R","E","R","?","M","R","B",null,"M","?","M","$","?","R","E","?","T","E","M","R","M","M","R","B",null,"M","$","M","?","?","R","M","R","T","?","M","E","R","M","R","B"],"character_chosen":"IRONCLAD","items_purchased":["PreservedInsect","Toolbox","Deep Breath"],"campfire_rested":8,"item_purchase_floors":[21,21,36],"current_hp_per_floor":[68,70,73,66,55,55,55,41,41,41,15,37,30,25,25,30,64,57,57,52,52,52,74,48,48,48,48,31,53,53,41,63,25,63,25,25,10,10,10,31,27,48,48,48,32,30,51,14,35,0,0],"gold":95,"neow_bonus":"ONE_RANDOM_RARE_CARD","is_daily":false,"chose_seed":false,"campfire_upgraded":3,"win_rate":0.0,"timestamp":1612693868,"path_taken":["M","M","M","M","?","R","?","E","T","R","E","R","?","M","R","BOSS","M","?","M","$","?","R","E","?","T","E","?","R","M","M","R","BOSS","M","$","M","?","?","R","M","R","T","?","M","E","R","M","R","BOSS"],"items_purchased_type":["Relic","Relic","Card"],"build_version":"2020-12-22","purchased_purges":1,"victory":false,"max_hp_per_floor":[75,75,75,75,75,75,75,75,75,75,75,75,75,75,75,75,75,75,75,75,75,75,75,75,75,75,75,75,75,75,75,75,75,75,75,75,75,75,71,71,71,71,71,71,71,71,71,71,71,71,71],"card_choices":[{"not_picked":["Anger","Battle Trance"],"picked":"Inflame","floor":1.0},{"not_picked":["Clash","Dark Embrace"],"picked":"Flex","floor":2.0},{"not_picked":["Headbutt","Intimidate"],"picked":"Evolve","floor":3.0},{"not_picked":["Iron Wave","Shrug It Off"],"picked":"Wild Strike","floor":4.0},{"not_picked":["Flex","Flame Barrier"],"picked":"Fire Breathing","floor":8.0},{"not_picked":["Spot Weakness","Shrug It Off"],"picked":"Carnage","floor":11.0},{"not_picked":["Sever Soul","Havoc","Anger"],"picked":"SKIP","floor":14.0},{"not_picked":["Corruption","Demon Form"],"picked":"Offering","floor":16.0},{"not_picked":["Clothesline","Heavy Blade"],"picked":"Feel No Pain+1","floor":18.0},{"not_picked":["Evolve","Clothesline","Havoc"],"picked":"SKIP","floor":20.0},{"not_picked":["Warcry","Flex","Sever Soul"],"picked":"SKIP","floor":24.0},{"not_picked":["Clothesline","Brutality"],"picked":"Whirlwind","floor":27.0},{"not_picked":["Havoc","Fire Breathing"],"picked":"Armaments+1","floor":28.0},{"not_picked":["Body Slam","Clothesline"],"picked":"Twin Strike","floor":30.0},{"not_picked":["Pommel Strike","Barricade","Havoc"],"picked":"SKIP","floor":31.0},{"not_picked":["Offering","Bludgeon"],"picked":"Limit Break","floor":33.0},{"not_picked":["Inflame","Flex"],"picked":"Clothesline+1","floor":35.0},{"not_picked":["Cleave","Havoc"],"picked":"Sword Boomerang+1","floor":37.0},{"not_picked":["Rampage","Twin Strike+1"],"picked":"Uppercut","floor":41.0},{"not_picked":["True Grit","Heavy Blade+1"],"picked":"Ghostly Armor","floor":45.0},{"not_picked":["Reckless Charge","Disarm+1","Thunderclap+1"],"picked":"SKIP","floor":46.0},{"not_picked":["Warcry","Metallicize"],"picked":"Battle Trance+1","floor":48.0}],"player_experience":1285917,"relics_obtained":[{"floor":8.0,"key":"Paper Frog"},{"floor":9.0,"key":"Pantograph"},{"floor":11.0,"key":"StrikeDummy"},{"floor":24.0,"key":"Red Skull"},{"floor":26.0,"key":"Smiling Mask"},{"floor":27.0,"key":"Torii"},{"floor":43.0,"key":"CeramicFish"},{"floor":46.0,"key":"Girya"}],"event_choices":[{"damage_healed":0.0,"max_hp_gain":0.0,"max_hp_loss":0.0,"gold_gain":75.0,"event_name":"World of Goop","player_choice":"Gather Gold","floor":5.0,"gold_loss":0.0,"damage_taken":11.0},{"damage_healed":0.0,"max_hp_gain":0.0,"max_hp_loss":0.0,"gold_gain":0.0,"event_name":"Liars Game","player_choice":"Ignored","floor":7.0,"gold_loss":0.0,"damage_taken":0.0},{"damage_healed":0.0,"max_hp_gain":0.0,"max_hp_loss":0.0,"gold_gain":50.0,"event_name":"FaceTrader","player_choice":"Touch","floor":13.0,"gold_loss":0.0,"damage_taken":7.0},{"damage_healed":0.0,"max_hp_gain":0.0,"max_hp_loss":0.0,"gold_gain":0.0,"event_name":"Back to Basics","player_choice":"Simplicity","floor":19.0,"gold_loss":0.0,"damage_taken":0.0,"cards_upgraded":["Strike_R","Strike_R","Strike_R","Strike_R","Strike_R","Defend_R","Defend_R","Defend_R","Defend_R"]},{"cards_removed":["Strike_R"],"damage_healed":0.0,"max_hp_gain":0.0,"max_hp_loss":0.0,"gold_gain":0.0,"event_name":"Beggar","player_choice":"Gave Gold","floor":22.0,"gold_loss":75.0,"damage_taken":0.0},{"damage_healed":0.0,"max_hp_gain":0.0,"max_hp_loss":0.0,"gold_gain":0.0,"event_name":"The Woman in Blue","player_choice":"Bought 2 Potions","floor":25.0,"gold_loss":0.0,"damage_taken":0.0},{"damage_healed":0.0,"max_hp_gain":0.0,"max_hp_loss":0.0,"gold_gain":0.0,"event_name":"Tomb of Lord Red Mask","player_choice":"Paid","floor":38.0,"gold_loss":162.0,"damage_taken":0.0,"relics_obtained":["Red Mask"]},{"damage_healed":0.0,"max_hp_gain":0.0,"max_hp_loss":4.0,"gold_gain":0.0,"event_name":"Winding Halls","player_choice":"Max HP","floor":39.0,"gold_loss":0.0,"damage_taken":0.0},{"damage_healed":0.0,"max_hp_gain":0.0,"max_hp_loss":0.0,"gold_gain":0.0,"event_name":"Mysterious Sphere","player_choice":"Ignored","floor":44.0,"gold_loss":0.0,"damage_taken":0.0}],"is_beta":false,"boss_relics":[{"not_picked":["Empty Cage","Tiny House"],"picked":"Fusion Hammer"},{"not_picked":["Black Star","Runic Pyramid"],"picked":"Mark of Pain"}],"items_purged_floors":[36],"is_endless":false,"potions_floor_spawned":[1,2,14,16,24,27,30,31,33,35,45,46],"killed_by":"Donu and Deca","ascension_level":20}}