{"host":"Jinnai","time":1612741537,"event":{"mods":["BaseMod","Bestiary","Block Reminder","Colored Map","Colored Powertips","Curses Come First","Highlight Path","Minty Spire (QoL Compilation)","Permanent Neow","Potion Indicator Mod","Quick Restart","Relic Stats","StSLib","ojb\u0027s Info Mod"],"gold_per_floor":[109,109,124,148,163,163,3,26,26,26,49,49,49,62,62,156,156,169,169,169,84,100,100,121,121,121,121,28,52,52,71,71,161,161,176,176,195,251,251,251],"floor_reached":39,"language":"ENG","playtime":3423,"items_purged":["Strike_G"],"score":792,"play_id":"bdb4b207-7c74-472c-9b74-029b0db53736","local_time":"20210207184537","is_ascension_mode":true,"campfire_choices":[{"data":"Sadistic Nature","floor":6,"key":"SMITH"},{"floor":13,"key":"REST"},{"floor":15,"key":"REST"},{"floor":23,"key":"REST"},{"data":"Bouncing Flask","floor":25,"key":"SMITH"},{"data":"Bouncing Flask","floor":30,"key":"SMITH"},{"floor":32,"key":"REST"}],"circlet_count":0,"master_deck":["AscendersBane","Defend_G+1","Defend_G+1","Survivor","Neutralize","Sadistic Nature+1","Sucker Punch","Bouncing Flask+1","Footwork","Footwork","Die Die Die","Poisoned Stab","Skewer","Deadly Poison","Adrenaline","Dash","Catalyst","Bouncing Flask+1","Concentrate","Deadly Poison+1","Backflip+1","PiercingWail","Footwork","Distraction+1","Tools of the Trade","Flying Knee+1","Infinite Blades+1","Unload+1","Acrobatics","Thinking Ahead","Catalyst","Deflect+1"],"relics":["Ring of the Snake","Golden Idol","InkBottle","CultistMask","Empty Cage","Sundial","Mummified Hand","Akabeko","Astrolabe","Bird Faced Urn"],"acts_visited":["Exordium","TheCity","TheBeyond"],"potions_floor_usage":[5,14,33,39],"damage_taken":[{"damage":2,"enemies":"2 Louse","floor":1,"turns":4},{"damage":0,"enemies":"Jaw Worm","floor":3,"turns":4},{"damage":0,"enemies":"Cultist","floor":4,"turns":3},{"damage":10,"enemies":"3 Louse","floor":5,"turns":3},{"damage":3,"enemies":"Blue Slaver","floor":8,"turns":5},{"damage":0,"enemies":"2 Fungi Beasts","floor":11,"turns":3},{"damage":4,"enemies":"Looter","floor":14,"turns":3},{"damage":16,"enemies":"The Guardian","floor":16,"turns":8},{"damage":23,"enemies":"Shell Parasite","floor":18,"turns":5},{"damage":10,"enemies":"Spheric Guardian","floor":22,"turns":4},{"damage":0,"enemies":"Snake Plant","floor":24,"turns":2},{"damage":3,"enemies":"Centurion and Healer","floor":31,"turns":5},{"damage":8,"enemies":"Champ","floor":33,"turns":7},{"damage":19,"enemies":"Orb Walker","floor":35,"turns":3},{"damage":0,"enemies":"3 Shapes","floor":37,"turns":4},{"damage":30,"enemies":"2 Orb Walkers","floor":38,"turns":4},{"damage":18,"enemies":"Spire Growth","floor":39,"turns":2}],"seed_played":"-3888466409638604368","potions_obtained":[{"floor":1,"key":"ColorlessPotion"},{"floor":5,"key":"SneckoOil"},{"floor":11,"key":"DuplicationPotion"},{"floor":14,"key":"Strength Potion"},{"floor":33,"key":"Swift Potion"},{"floor":38,"key":"AttackPotion"}],"is_trial":false,"path_per_floor":["M","?","M","M","M","R","$","M","T","?","M","?","R","M","R","B",null,"M","?","?","?","M","R","M","R","T","?","$","T","R","M","R","B",null,"M","?","M","?","M"],"character_chosen":"THE_SILENT","items_purchased":["Die Die Die","PiercingWail","Footwork"],"campfire_rested":4,"item_purchase_floors":[7,28,28],"current_hp_per_floor":[42,42,42,42,32,32,32,29,29,11,11,11,29,25,43,27,52,29,29,29,29,19,37,37,37,37,37,37,37,37,34,52,44,56,37,37,37,7,0,0],"gold":251,"neow_bonus":"RANDOM_COLORLESS_2","is_daily":false,"chose_seed":false,"campfire_upgraded":3,"win_rate":0.0,"timestamp":1612741537,"path_taken":["M","?","M","M","M","R","$","M","T","?","M","?","R","M","R","BOSS","M","?","?","?","M","R","M","R","T","?","$","?","R","M","R","BOSS","M","?","M","?","M"],"items_purchased_type":["Card","Card","Card"],"build_version":"2020-12-18","purchased_purges":1,"victory":false,"max_hp_per_floor":[66,60,60,60,60,60,60,60,60,60,60,60,60,60,60,60,60,60,60,60,60,60,60,60,60,60,60,60,60,60,60,60,60,60,60,60,60,60,60,60],"relic_stats":{"counters":[17,69],"Golden Idol":93,"Sundial":[2],"Mummified Hand":[26],"Astrolabe":["Flying Knee","Infinite Blades","Unload"],"Bird Faced Urn":[8],"obtain_stats":[{"Golden Idol":2,"Sundial":21,"Mummified Hand":26,"Astrolabe":34,"Bird Faced Urn":38,"CultistMask":12,"Empty Cage":17,"InkBottle":9,"Akabeko":29,"Ring of the Snake":0},{"Golden Idol":1,"Sundial":9,"Mummified Hand":11,"Astrolabe":13,"Bird Faced Urn":16,"CultistMask":6,"Empty Cage":8,"InkBottle":5,"Akabeko":11,"Ring of the Snake":0},{"Golden Idol":4,"Sundial":38,"Mummified Hand":44,"Astrolabe":56,"Bird Faced Urn":67,"CultistMask":22,"Empty Cage":33,"InkBottle":19,"Akabeko":44,"Ring of the Snake":0}],"InkBottle":[20],"Ring of the Snake":[34]},"card_choices":[{"not_picked":["Apotheosis","Mayhem"],"picked":"Sadistic Nature","floor":0},{"not_picked":["Underhanded Strike","Dash"],"picked":"Sucker Punch","floor":1},{"not_picked":["Dagger Spray","Terror"],"picked":"Bouncing Flask","floor":3},{"not_picked":["Setup","Dodge and Roll"],"picked":"Footwork","floor":4},{"not_picked":["Slice","Acrobatics"],"picked":"Footwork","floor":5},{"not_picked":["Bane","Blur"],"picked":"Poisoned Stab","floor":8},{"not_picked":["Slice","Accuracy"],"picked":"Skewer","floor":11},{"not_picked":["Slice","Outmaneuver"],"picked":"Deadly Poison","floor":14},{"not_picked":["Phantasmal Killer","Storm of Steel"],"picked":"Adrenaline","floor":16},{"not_picked":["Expertise","Deadly Poison"],"picked":"Dash","floor":18},{"not_picked":["Backstab","Bane"],"picked":"Deadly Poison+1","floor":22},{"not_picked":["Heel Hook","Finisher"],"picked":"Backflip+1","floor":24},{"not_picked":["Dodge and Roll","Dagger Spray"],"picked":"Distraction+1","floor":31},{"not_picked":["Grand Finale","Die Die Die"],"picked":"Tools of the Trade","floor":33},{"not_picked":["Prepared","Setup"],"picked":"Acrobatics","floor":35},{"not_picked":["Dramatic Entrance","Chrysalis"],"picked":"Thinking Ahead","floor":36},{"not_picked":["Terror","Deflect"],"picked":"Catalyst","floor":37},{"not_picked":["Sucker Punch","Underhanded Strike"],"picked":"Deflect+1","floor":38}],"player_experience":1677520,"relics_obtained":[{"floor":9,"key":"InkBottle"},{"floor":26,"key":"Mummified Hand"},{"floor":29,"key":"Akabeko"},{"floor":38,"key":"Bird Faced Urn"}],"event_choices":[{"damage_healed":0,"gold_gain":0,"player_choice":"Lose Max HP","damage_taken":0,"relics_obtained":["Golden Idol"],"max_hp_gain":0,"max_hp_loss":6,"event_name":"Golden Idol","floor":2,"gold_loss":0},{"damage_healed":0,"gold_gain":0,"player_choice":"Entered Light","damage_taken":18,"max_hp_gain":0,"max_hp_loss":0,"event_name":"Shining Light","floor":10,"gold_loss":0,"cards_upgraded":["Defend_G","Defend_G"]},{"damage_healed":0,"gold_gain":0,"player_choice":"Trade","damage_taken":0,"relics_obtained":["CultistMask"],"max_hp_gain":0,"max_hp_loss":0,"event_name":"FaceTrader","floor":12,"gold_loss":0},{"damage_healed":0,"gold_gain":0,"player_choice":"Read","damage_taken":0,"max_hp_gain":0,"max_hp_loss":0,"event_name":"The Library","floor":19,"gold_loss":0,"cards_obtained":["Catalyst"]},{"damage_healed":0,"gold_gain":0,"cards_transformed":["Strike_G","Strike_G"],"player_choice":"Became Test Subject","damage_taken":0,"max_hp_gain":0,"max_hp_loss":0,"event_name":"Drug Dealer","floor":20,"gold_loss":0,"cards_obtained":["Bouncing Flask","Concentrate"]},{"damage_healed":0,"gold_gain":0,"player_choice":"Obtained Relic","damage_taken":0,"relics_obtained":["Sundial"],"max_hp_gain":0,"max_hp_loss":0,"event_name":"Addict","floor":21,"gold_loss":85},{"damage_healed":0,"gold_gain":0,"player_choice":"Ignored","damage_taken":0,"max_hp_gain":0,"max_hp_loss":0,"event_name":"Vampires","floor":27,"gold_loss":0},{"damage_healed":0,"gold_gain":0,"player_choice":"Memory 1","damage_taken":0,"max_hp_gain":0,"max_hp_loss":0,"event_name":"SensoryStone","floor":36,"gold_loss":0},{"damage_healed":0,"gold_gain":0,"player_choice":"Fight","damage_taken":0,"max_hp_gain":0,"max_hp_loss":0,"event_name":"Mysterious Sphere","floor":38,"gold_loss":0}],"is_beta":true,"boss_relics":[{"not_picked":["Velvet Choker","Cursed Key"],"picked":"Empty Cage"},{"not_picked":["Runic Dome","SacredBark"],"picked":"Astrolabe"}],"items_purged_floors":[7],"is_endless":false,"potions_floor_spawned":[1,5,11,14,18,22,33,35,37,38],"killed_by":"Spire Growth","ascension_level":20}}