{"host":"Jinnai","time":1612738106,"event":{"mods":["BaseMod","Bestiary","Block Reminder","Colored Map","Colored Powertips","Curses Come First","Highlight Path","Minty Spire (QoL Compilation)","Permanent Neow","Potion Indicator Mod","Quick Restart","Relic Stats","StSLib","ojb\u0027s Info Mod"],"gold_per_floor":[114,125,143,153,78,168,181,200,247,264,284,80,80,94,94,171,171,187,187,203,203,19,19,19],"floor_reached":23,"language":"ENG","playtime":867,"items_purged":["Strike_R","Decay"],"score":394,"play_id":"6a57bca4-bda7-4704-9fc7-11c9ecf29774","local_time":"20210207174826","is_ascension_mode":true,"campfire_choices":[{"floor":13.0,"key":"REST"},{"data":"Fire Breathing","floor":15.0,"key":"SMITH"}],"circlet_count":0,"master_deck":["AscendersBane","Bash","Iron Wave","Twin Strike","Twin Strike","Headbutt","Inflame","Fiend Fire","Feel No Pain","Evolve","Fire Breathing+1","Flame Barrier","Pummel","Demon Form","Exhume","Metallicize","Sentinel","Corruption","Havoc","Brutality","Fiend Fire","Ghostly Armor","RitualDagger","True Grit","Power Through"],"relics":["Burning Blood","Mango","Art of War","War Paint","Pandora\u0027s Box"],"acts_visited":["Exordium","TheCity"],"potions_floor_usage":[],"damage_taken":[{"damage":6.0,"enemies":"Cultist","floor":1.0,"turns":3.0},{"damage":11.0,"enemies":"Jaw Worm","floor":2.0,"turns":5.0},{"damage":1.0,"enemies":"2 Louse","floor":3.0,"turns":3.0},{"damage":0.0,"enemies":"Exordium Wildlife","floor":4.0,"turns":2.0},{"damage":38.0,"enemies":"3 Sentries","floor":6.0,"turns":7.0},{"damage":9.0,"enemies":"2 Fungi Beasts","floor":7.0,"turns":3.0},{"damage":14.0,"enemies":"Red Slaver","floor":8.0,"turns":2.0},{"damage":22.0,"enemies":"Gremlin Gang","floor":10.0,"turns":6.0},{"damage":0.0,"enemies":"Large Slime","floor":11.0,"turns":4.0},{"damage":4.0,"enemies":"Exordium Thugs","floor":14.0,"turns":4.0},{"damage":33.0,"enemies":"Slime Boss","floor":16.0,"turns":6.0},{"damage":23.0,"enemies":"Spheric Guardian","floor":18.0,"turns":4.0},{"damage":23.0,"enemies":"3 Byrds","floor":20.0,"turns":7.0},{"damage":31,"enemies":"Slavers","floor":23,"turns":2}],"seed_played":"-467596525274080303","potions_obtained":[{"floor":3.0,"key":"Energy Potion"},{"floor":4.0,"key":"ColorlessPotion"},{"floor":7.0,"key":"Swift Potion"},{"floor":11.0,"key":"SpeedPotion"},{"floor":14.0,"key":"CultistPotion"}],"is_trial":false,"path_per_floor":["M","M","M","M","?","E","M","M","T","M","M","$","R","M","R","B",null,"M","?","M","?","$","E"],"character_chosen":"IRONCLAD","items_purchased":["Fire Breathing","Flame Barrier","Power Through"],"campfire_rested":1,"item_purchase_floors":[12,12,22],"current_hp_per_floor":[82,77,82,82,82,50,47,39,39,23,29,29,53,55,55,28,69,52,46,29,29,29,0,0],"gold":19,"neow_bonus":"ONE_RARE_RELIC","is_daily":false,"chose_seed":false,"campfire_upgraded":1,"win_rate":0.0,"timestamp":1612738106,"path_taken":["M","M","M","M","?","E","M","M","T","M","M","$","R","M","R","BOSS","M","?","M","?","?","E"],"items_purchased_type":["Card","Card","Card"],"build_version":"2020-12-18","purchased_purges":2,"victory":false,"max_hp_per_floor":[82,82,82,82,82,82,82,82,82,82,82,82,82,82,82,82,82,82,82,82,82,82,82,82],"relic_stats":{"counters":[14,58],"Pandora\u0027s Box":["Exhume","Metallicize","Sentinel","Corruption","Havoc","Brutality","Fiend Fire"],"Art of War":[4],"War Paint":["Defend_R","Defend_R"],"obtain_stats":[{"Mango":0,"Pandora\u0027s Box":17,"Art of War":6,"War Paint":9,"Burning Blood":0},{"Mango":0,"Pandora\u0027s Box":11,"Art of War":5,"War Paint":7,"Burning Blood":0},{"Mango":0,"Pandora\u0027s Box":45,"Art of War":20,"War Paint":25,"Burning Blood":0}],"Burning Blood":72},"card_choices":[{"not_picked":["Armaments","Burning Pact"],"picked":"Iron Wave","floor":1.0},{"not_picked":["Thunderclap","Sentinel"],"picked":"Twin Strike","floor":2.0},{"not_picked":["Shrug It Off","Clash"],"picked":"Twin Strike","floor":3.0},{"not_picked":["Flex","Sever Soul"],"picked":"Headbutt","floor":4.0},{"not_picked":["Power Through","Hemokinesis"],"picked":"Inflame","floor":6.0},{"not_picked":["Pommel Strike","Metallicize"],"picked":"Fiend Fire","floor":7.0},{"not_picked":["Havoc","Shrug It Off"],"picked":"Feel No Pain","floor":8.0},{"not_picked":["Dropkick","Entrench","Perfected Strike"],"picked":"SKIP","floor":10.0},{"not_picked":["Pommel Strike","Sword Boomerang"],"picked":"Evolve","floor":11.0},{"not_picked":["Entrench","Headbutt"],"picked":"Pummel","floor":14.0},{"not_picked":["Impervious","Reaper"],"picked":"Demon Form","floor":16.0},{"not_picked":["Wild Strike","Thunderclap"],"picked":"Ghostly Armor","floor":18.0},{"not_picked":["Searing Blow","Perfected Strike"],"picked":"True Grit","floor":20.0}],"player_experience":1676653,"relics_obtained":[{"floor":6.0,"key":"Art of War"},{"floor":9.0,"key":"War Paint"}],"event_choices":[{"cards_removed":["Strike_R"],"damage_healed":0.0,"max_hp_gain":0.0,"max_hp_loss":0.0,"gold_gain":0.0,"event_name":"The Cleric","player_choice":"Card Removal","floor":5.0,"gold_loss":75.0,"damage_taken":0.0},{"damage_healed":0.0,"max_hp_gain":0.0,"max_hp_loss":0.0,"gold_gain":0.0,"event_name":"Nest","player_choice":"Joined the Cult","floor":19.0,"gold_loss":0.0,"damage_taken":6.0,"cards_obtained":["RitualDagger"]},{"damage_healed":0.0,"max_hp_gain":0.0,"max_hp_loss":0.0,"gold_gain":0.0,"event_name":"Forgotten Altar","player_choice":"Smashed Altar","floor":21.0,"gold_loss":0.0,"damage_taken":0.0,"cards_obtained":["Decay"]}],"is_beta":true,"boss_relics":[{"not_picked":["Fusion Hammer","Runic Dome"],"picked":"Pandora\u0027s Box"}],"items_purged_floors":[12,22],"is_endless":false,"potions_floor_spawned":[3,4,7,11,14,18,20],"killed_by":"Slavers","ascension_level":20}}