{"host":"yrtk68ixj64vhhh3","time":1612677729,"event":{"mods":["AchievementEnabler","Aspiration","BaseMod","Better Altar","Better Match","Better Silent Start","Colored Map","Colored Powertips","Conspire","Dio Mod","Downfall","Energized Spire","Hubris","Infinite Spire","Minty Spire (QoL Compilation)","Prisma Mod","RNG Fix","StSLib","Steal the Spire","Td1madao Mod","The Animator","The Poker Player","The Wild Card","TheBandit","TheHero"],"gold_per_floor":[291,291,291,291,328,328,370,370,395,405,405],"floor_reached":10,"language":"ENG","playtime":755,"items_purged":[],"score":177,"play_id":"800f6961-4d90-47ee-a276-92122b6e76ce","local_time":"20210207190209","is_ascension_mode":true,"campfire_choices":[{"data":"animator:Entoma","floor":6,"key":"SMITH"}],"circlet_count":0,"master_deck":["animator:Strike_Kancolle","animator:Defend_Kancolle","animator:Strike","animator:Strike+1","animator:Strike","animator:Defend","animator:Defend","animator:Defend","animator:Shimakaze+1","animator:Chung","downfall:Malfunctioning","animator:Shiroe","animator:Entoma+3","animator:Eve","animator:Curse_Rozen","downfall:Bewildered","Decay","conspire:Blindness"],"relics":["animator:LivingPicture","animator:TheMissingPiece","animator:PurgingStone","downfall:ExtraCursedKey","Whetstone","aspiration:HummingbirdHeart","aspiration:VileToxins"],"acts_visited":["Exordium"],"potions_floor_usage":[],"damage_taken":[{"damage":5,"enemies":"Cultist","floor":1,"turns":4},{"damage":3,"enemies":"2 Louse","floor":5,"turns":3},{"damage":40,"enemies":"3 Sentries","floor":7,"turns":12},{"damage":28,"enemies":"Lagavulin","floor":10,"turns":6}],"seed_played":"-3510675381898615849","potions_obtained":[{"floor":7,"key":"Energy Potion"}],"is_trial":false,"path_per_floor":["M","?","?","?","M","R","E","T","T","E"],"character_chosen":"THE_ANIMATOR","items_purchased":[],"campfire_rested":0,"item_purchase_floors":[],"current_hp_per_floor":[67,72,72,72,69,69,32,32,32,4,4],"gold":405,"neow_bonus":"TEN_PERCENT_HP_BONUS","is_daily":false,"chose_seed":true,"campfire_upgraded":1,"win_rate":0.0,"timestamp":1612677729,"path_taken":["M","?","?","?","M","R","E","?","T","E"],"items_purchased_type":[],"build_version":"2020-12-22","purchased_purges":0,"victory":false,"max_hp_per_floor":[72,72,72,72,72,72,75,75,75,75,75],"card_choices":[{"not_picked":["animator:Azekura","animator:RoryMercury"],"picked":"animator:Chung","floor":1},{"not_picked":["animator:Sebas","animator:Shalltear"],"picked":"animator:Entoma","floor":5},{"not_picked":["animator:SakuyaOhtori","animator:ElricAlphonse"],"picked":"animator:Eve","floor":7}],"player_experience":734461,"relics_obtained":[{"floor":7,"key":"Whetstone"},{"floor":8,"key":"aspiration:HummingbirdHeart"},{"floor":9,"key":"aspiration:VileToxins"}],"event_choices":[],"is_beta":false,"boss_relics":[],"items_purged_floors":[],"is_endless":false,"potions_floor_spawned":[7],"killed_by":"Lagavulin","ascension_level":4}}