{"host":"eaiphzh066bwqdh7","time":1612660490,"event":{"mods":["BaseMod","Better Note","Halation","Hubris","Minty Spire (QoL Compilation)","Reliquary","Replay The Spire","StSLib"],"gold_per_floor":[119,194,174,187,205,205,221,221,221,221,238,238,253,263,263,365,365,379,379,379,379],"floor_reached":20,"language":"ENG","playtime":725,"items_purged":[],"score":259,"play_id":"69d30d10-0f87-4fe2-b33d-d6b0a5d0d557","local_time":"20210206201450","is_ascension_mode":true,"campfire_choices":[{"floor":6,"key":"REST"},{"floor":8,"key":"REST"},{"data":"Midas Touch","floor":10,"key":"SMITH"},{"floor":12,"key":"REST"},{"floor":15,"key":"REST"}],"circlet_count":0,"master_deck":["Strike_P","Strike_P","Strike_P","Strike_P","Defend_P","Defend_P","Defend_P","Defend_P","Eruption","Vigilance","Midas Touch+1","PathToVictory","ReachHeaven","Replay:LoomingThreat","Protect","Vault"],"relics":["PureWater","Gremlin Horn","SacredBark","CultistMask"],"acts_visited":["Exordium","TheCity"],"potions_floor_usage":[7,14,18],"damage_taken":[{"damage":10,"enemies":"Cultist","floor":1,"turns":4},{"damage":4,"enemies":"Jaw Worm","floor":4,"turns":3},{"damage":0,"enemies":"Small Slimes","floor":5,"turns":3},{"damage":4,"enemies":"Red Slaver","floor":7,"turns":2},{"damage":15,"enemies":"2 Fungi Beasts","floor":11,"turns":3},{"damage":13,"enemies":"Looter","floor":13,"turns":5},{"damage":0,"enemies":"3 Louse","floor":14,"turns":1},{"damage":0,"enemies":"Fading Forest","floor":16,"turns":11},{"damage":28,"enemies":"3 Byrds","floor":18,"turns":5},{"damage":64,"enemies":"Shell Parasite","floor":20,"turns":4}],"seed_played":"3726132092899681868","potions_obtained":[{"floor":1,"key":"SkillPotion"},{"floor":3,"key":"Ancient Potion"},{"floor":7,"key":"Ancient Potion"},{"floor":13,"key":"Explosive Potion"},{"floor":14,"key":"Swift Potion"}],"is_trial":false,"path_per_floor":["M","?","?","M","M","R","M","R","T","R","M","R","M","M","R","B",null,"M","?","M"],"character_chosen":"WATCHER","items_purchased":[],"campfire_rested":4,"item_purchase_floors":[],"current_hp_per_floor":[41,30,30,26,26,47,43,64,64,64,49,70,57,57,72,72,72,44,44,0,0],"gold":379,"neow_bonus":"RANDOM_COLORLESS_2","is_daily":false,"chose_seed":false,"campfire_upgraded":1,"win_rate":0.0,"timestamp":1612660490,"path_taken":["M","?","?","M","M","R","M","R","T","R","?","R","?","M","R","BOSS","M","?","?"],"items_purchased_type":[],"build_version":"2020-12-22","purchased_purges":0,"victory":false,"max_hp_per_floor":[72,72,72,72,72,72,72,72,72,72,72,72,72,72,72,72,72,72,72,72,72],"card_choices":[{"not_picked":["Poisoned Strike","Sadistic Nature"],"picked":"Midas Touch","floor":0},{"not_picked":["JustLucky","SashWhip"],"picked":"PathToVictory","floor":1},{"not_picked":["ThirdEye","Replay:AtTheReady"],"picked":"ReachHeaven","floor":4},{"not_picked":["Protect","Nirvana"],"picked":"Replay:LoomingThreat","floor":5},{"not_picked":["WheelKick","Crescendo"],"picked":"Protect","floor":7},{"not_picked":["Consecrate","Replay:BluntJabs","Crescendo"],"picked":"SKIP","floor":11},{"not_picked":["WheelKick","ReachHeaven","DeceiveReality"],"picked":"SKIP","floor":13},{"not_picked":["Evaluate","Establishment","EmptyMind"],"picked":"SKIP","floor":14},{"not_picked":["Blasphemy","LessonLearned"],"picked":"Vault","floor":16},{"not_picked":["Replay:DivineShield","SandsOfTime","JustLucky"],"picked":"SKIP","floor":18}],"player_experience":272181,"relics_obtained":[{"floor":9,"key":"Gremlin Horn"}],"event_choices":[{"damage_healed":0,"gold_gain":75,"player_choice":"Gather Gold","damage_taken":11,"max_hp_gain":0,"max_hp_loss":0,"event_name":"World of Goop","floor":2,"gold_loss":0},{"damage_healed":0,"gold_gain":0,"player_choice":"Bought 1 Potion","damage_taken":0,"max_hp_gain":0,"max_hp_loss":0,"event_name":"The Woman in Blue","floor":3,"gold_loss":0},{"damage_healed":0,"gold_gain":0,"player_choice":"Trade","damage_taken":0,"relics_obtained":["CultistMask"],"max_hp_gain":0,"max_hp_loss":0,"event_name":"FaceTrader","floor":19,"gold_loss":0}],"is_beta":false,"boss_relics":[{"not_picked":["Cursed Key","Runic Pyramid"],"picked":"SacredBark"}],"items_purged_floors":[],"is_endless":false,"potions_floor_spawned":[1,7,13,14],"killed_by":"Shell Parasite","ascension_level":4}}