{"host":"815dqs41i1y8uxms","time":1612732950,"event":{"mods":["A Penny For Your Troubles","Act Like it!","BaseMod","GungeonMod","Minty Spire (QoL Compilation)","Rare Cards Sparkle","Shop Mod","Spire Arcade","StSLib"],"gold_per_floor":[121,121,131,3,22,47,47,64,89,115,130,130,180,198,198,300,350,363,2,36,86,118,162,162,16,16,16,90,102,102,118,118,219,219,231,8,8,37,7,7,7,34,58,58,101,101,16,33,33,84,84,84,20,51,51],"floor_reached":56,"language":"ENG","playtime":4074,"items_purged":[],"score":1226,"play_id":"1dd72eac-622a-48d5-8f8d-fbed370fdcb8","local_time":"20210207222230","is_ascension_mode":false,"campfire_choices":[{"floor":7,"key":"REST"},{"data":"DemoMod:DoubleVision","floor":12,"key":"SMITH"},{"data":"DemoMod:ManualReload","floor":15,"key":"SMITH"},{"floor":24,"key":"REST"},{"floor":27,"key":"RECALL"},{"data":"DemoMod:ShadowBullets","floor":30,"key":"SMITH"},{"floor":32,"key":"REST"},{"data":"DemoMod:Behold!","floor":40,"key":"SMITH"},{"floor":46,"key":"REST"},{"floor":49,"key":"REST"},{"data":"DemoMod:MachoBrace","floor":52,"key":"SMITH"}],"circlet_count":0,"master_deck":["DemoMod:Strike_Huntress","DemoMod:Defend_Huntress","DemoMod:Defend_Huntress","DemoMod:Defend_Huntress","DemoMod:Defend_Huntress","DemoMod:Roll","DemoMod:ManualReload+1","DemoMod:RustySidearm","DemoMod:CrossBow","DemoMod:DoubleVision+1","DemoMod:StickyCrossBow","DemoMod:Casey+1","DemoMod:ThirdPartyController","DemoMod:MachoBrace+1","DemoMod:StickyCrossBow","DemoMod:ShadowBullets+1","DemoMod:GunShield+1","DemoMod:TeaPot","DemoMod:TeaPot","DemoMod:ProbeStrike","DemoMod:DarkMarker+1","DemoMod:JK47","DemoMod:SniperShot","DemoMod:Replace+1","DemoMod:AC15+1","DemoMod:FinishedGun","DemoMod:SpreadAmmo+1","DemoMod:ConditionalReflex+1","DemoMod:Unity+1","DemoMod:Behold!+1","DemoMod:DirectionalPad+1","DemoMod:SniperShot+1","DemoMod:SpreadAmmo","Writhe","Parasite","DemoMod:LifeOrb+1","DemoMod:TripleGun+1","DemoMod:AbyssalTentacle+1","DemoMod:CombinedRifle+1","DemoMod:SkilledReload+1"],"relics":["DemoMod:Dog","DemoMod:Bottle","Ancient Tea Set","MerchantsRug","DemoMod:GreenGuonStone","Gremlin Horn","Red Mask","DemoMod:PortableTableDevice","Bottled Tornado","DemoMod:Wolf","Orichalcum","DemoMod:HoleyGrail","Torii","Cauldron","DemoMod:MeltedRock"],"acts_visited":["Exordium","TheCity","TheBeyond","TheEnding"],"potions_floor_usage":[8,8,10,22,23,31,54,55],"damage_taken":[{"damage":0,"enemies":"Small Slimes","floor":1,"turns":3},{"damage":0,"enemies":"Cultist","floor":3,"turns":3},{"damage":1,"enemies":"Jaw Worm","floor":5,"turns":4},{"damage":33,"enemies":"Lagavulin","floor":6,"turns":7},{"damage":4,"enemies":"Exordium Thugs","floor":8,"turns":2},{"damage":2,"enemies":"3 Sentries","floor":10,"turns":9},{"damage":7,"enemies":"Blue Slaver","floor":11,"turns":3},{"damage":7,"enemies":"Exordium Wildlife","floor":14,"turns":5},{"damage":27,"enemies":"Slime Boss","floor":16,"turns":9},{"damage":23,"enemies":"2 Thieves","floor":18,"turns":5},{"damage":3,"enemies":"Spheric Guardian","floor":20,"turns":6},{"damage":0,"enemies":"Masked Bandits","floor":22,"turns":3},{"damage":79,"enemies":"Slavers","floor":23,"turns":7},{"damage":0,"enemies":"Spheric Guardian","floor":29,"turns":2},{"damage":13,"enemies":"Snake Plant","floor":31,"turns":3},{"damage":66,"enemies":"Collector","floor":33,"turns":7},{"damage":7,"enemies":"3 Shapes","floor":35,"turns":2},{"damage":2,"enemies":"3 Darklings","floor":38,"turns":6},{"damage":23,"enemies":"Writhing Mass","floor":42,"turns":7},{"damage":26,"enemies":"Reptomancer","floor":45,"turns":3},{"damage":19,"enemies":"Maw","floor":48,"turns":4},{"damage":72,"enemies":"Awakened One","floor":50,"turns":8},{"damage":0,"enemies":"Shield and Spear","floor":54,"turns":3},{"damage":151,"enemies":"The Heart","floor":55,"turns":10}],"seed_played":"2969985550874997825","potions_obtained":[{"floor":1,"key":"Explosive Potion"},{"floor":6,"key":"Swift Potion"},{"floor":8,"key":"DemoMod:LeadSkinPotion"},{"floor":16,"key":"SpeedPotion"},{"floor":17,"key":"ColorlessPotion"},{"floor":21,"key":"SteroidPotion"},{"floor":22,"key":"Regen Potion"},{"floor":29,"key":"Block Potion"},{"floor":42,"key":"Ancient Potion"},{"floor":45,"key":"DemoMod:LeadSkinPotion"},{"floor":53,"key":"FairyPotion"},{"floor":53,"key":"FairyPotion"},{"floor":53,"key":"DuplicationPotion"}],"is_trial":false,"path_per_floor":["M","?","M","$","M","E","R","M","T","E","M","R","T","M","R","B",null,"M","$","?","?","?","E","R","$","T","R","T","M","R","M","R","B",null,"M","$","?","M","$","R","?","M","T","?","E","R","$","M","R","B",null,"R","$","E","B",null],"character_chosen":"HUNTRESS","items_purchased":["DemoMod:ThirdPartyController","DemoMod:MachoBrace","MerchantsRug","DemoMod:GreenGuonStone","DemoMod:PortableTableDevice","Orichalcum","DemoMod:DirectionalPad+1","PowerPotion","DemoMod:SpreadAmmo","Lee\u0027s Waffle","BlessingOfTheForge","Cauldron"],"campfire_rested":5,"item_purchase_floors":[4,4,19,19,25,36,36,36,39,47,53,53],"current_hp_per_floor":[70,70,70,70,69,36,57,53,53,57,63,63,63,62,62,49,75,59,59,56,56,61,26,48,48,48,48,48,54,54,41,63,10,75,68,68,68,66,66,66,75,52,52,52,26,48,82,64,82,16,82,82,82,82,24],"gold":51,"neow_bonus":"ONE_RANDOM_RARE_CARD","is_daily":false,"chose_seed":false,"campfire_upgraded":5,"win_rate":0.0,"timestamp":1612732950,"path_taken":["M","?","M","$","M","E","R","M","T","E","?","R","?","M","R","BOSS","M","$","?","?","?","E","R","?","T","R","?","M","R","M","R","BOSS","M","$","?","M","?","R","?","?","T","?","E","R","?","M","R","BOSS","R","$","E","BOSS"],"items_purchased_type":["Card","Card","Relic","Relic","Relic","Relic","Card","Potion","Card","Relic","Potion","Relic"],"build_version":"2020-12-22","purchased_purges":0,"victory":true,"max_hp_per_floor":[70,70,70,70,70,70,70,70,70,70,70,70,70,70,70,70,75,75,75,75,75,75,75,75,75,75,75,75,75,75,75,75,75,75,75,75,75,75,75,75,75,75,75,75,75,75,82,82,82,82,82,82,82,82,82],"card_choices":[{"not_picked":["DemoMod:MegaHand","DemoMod:JK47"],"picked":"DemoMod:StickyCrossBow","floor":1},{"not_picked":["DemoMod:TeaPot","DemoMod:ProbeStrike"],"picked":"DemoMod:Casey","floor":3},{"not_picked":["DemoMod:DirectionalPad","DemoMod:SAA"],"picked":"DemoMod:StickyCrossBow","floor":5},{"not_picked":["DemoMod:StickyCrossBow","DemoMod:HardPowerCard"],"picked":"DemoMod:ShadowBullets","floor":6},{"not_picked":["DemoMod:FastSwitch","DemoMod:DoubleVision"],"picked":"DemoMod:GunShield","floor":8},{"not_picked":["DemoMod:Casey","DemoMod:GunstockTap"],"picked":"DemoMod:TeaPot","floor":10},{"not_picked":["DemoMod:DoubleSwitch","DemoMod:SAA"],"picked":"DemoMod:TeaPot","floor":11},{"not_picked":["DemoMod:AC15","DemoMod:Replace"],"picked":"DemoMod:ProbeStrike","floor":14},{"not_picked":["DemoMod:BlankBullets","DemoMod:FightSabre"],"picked":"DemoMod:DarkMarker","floor":16},{"not_picked":["DemoMod:ShadowBullets","DemoMod:Casey"],"picked":"DemoMod:JK47","floor":17},{"not_picked":["DemoMod:EasyReloadBullets","DemoMod:ConditionalReflex"],"picked":"DemoMod:SniperShot","floor":18},{"not_picked":["DemoMod:MachoBrace","DemoMod:Unmoved"],"picked":"DemoMod:Replace+1","floor":18},{"not_picked":["DemoMod:StickyCrossBow+1","DemoMod:Rummage"],"picked":"DemoMod:AC15+1","floor":20},{"not_picked":["DemoMod:HungryBullets","DemoMod:LifeOrb"],"picked":"DemoMod:FinishedGun","floor":22},{"not_picked":["DemoMod:StickyCrossBow+1","DemoMod:DirectionalPad+1"],"picked":"DemoMod:SpreadAmmo+1","floor":23},{"not_picked":["DemoMod:Unmoved+1","DemoMod:PracticeMakesPerfect+1"],"picked":"DemoMod:ConditionalReflex+1","floor":29},{"not_picked":["DemoMod:Replace","DemoMod:TeaPot+1"],"picked":"DemoMod:Unity+1","floor":31},{"not_picked":["DemoMod:FinishedGun+1","DemoMod:FightSabre+1"],"picked":"DemoMod:Behold!","floor":33},{"not_picked":["DemoMod:MachoBrace","DemoMod:Ejector"],"picked":"DemoMod:DirectionalPad+1","floor":35},{"not_picked":["DemoMod:HungryBullets","DemoMod:BattleInHaste"],"picked":"DemoMod:SniperShot+1","floor":38},{"not_picked":["DemoMod:FastSwitch+1","DemoMod:Rummage"],"picked":"DemoMod:LifeOrb+1","floor":42},{"not_picked":["DemoMod:SAA+1","DemoMod:ZorGun+1"],"picked":"DemoMod:TripleGun+1","floor":45},{"not_picked":["DemoMod:DoubleSwitch","DemoMod:AWP+1"],"picked":"DemoMod:AbyssalTentacle+1","floor":48},{"not_picked":["DemoMod:StickyCrossBow+1","DemoMod:AC15+1"],"picked":"DemoMod:CombinedRifle+1","floor":48},{"not_picked":["DemoMod:TripleGun+1","DemoMod:Polaris+1"],"picked":"DemoMod:SkilledReload+1","floor":54}],"player_experience":3759636,"relics_obtained":[{"floor":6,"key":"DemoMod:Bottle"},{"floor":10,"key":"DemoMod:Metronome"},{"floor":13,"key":"Ancient Tea Set"},{"floor":20,"key":"Gremlin Horn"},{"floor":22,"key":"Red Mask"},{"floor":23,"key":"Molten Egg 2"},{"floor":26,"key":"Whetstone"},{"floor":28,"key":"Bottled Tornado"},{"floor":43,"key":"DemoMod:HoleyGrail"},{"floor":45,"key":"Torii"},{"floor":50,"key":"DemoMod:JetPack"},{"floor":54,"key":"DemoMod:MeltedRock"}],"event_choices":[{"cards_removed":["DemoMod:Strike_Huntress"],"damage_healed":0,"gold_gain":0,"player_choice":"Purged","damage_taken":0,"max_hp_gain":0,"max_hp_loss":0,"event_name":"Purifier","floor":2,"gold_loss":0},{"damage_healed":0,"gold_gain":0,"player_choice":"Fought Bandits","damage_taken":0,"max_hp_gain":0,"max_hp_loss":0,"event_name":"Masked Bandits","floor":22,"gold_loss":0},{"cards_removed":["DemoMod:Strike_Huntress"],"damage_healed":0,"gold_gain":0,"player_choice":"Purged","damage_taken":0,"max_hp_gain":0,"max_hp_loss":0,"event_name":"Purifier","floor":37,"gold_loss":0},{"damage_healed":19,"gold_gain":0,"player_choice":"Writhe","damage_taken":0,"max_hp_gain":0,"max_hp_loss":0,"event_name":"Winding Halls","floor":41,"gold_loss":0,"cards_obtained":["Writhe"]},{"damage_healed":0,"gold_gain":0,"player_choice":"Ignored","damage_taken":0,"max_hp_gain":0,"max_hp_loss":0,"event_name":"NoteForYourself","floor":44,"gold_loss":0}],"is_beta":false,"boss_relics":[{"not_picked":["Fusion Hammer","Snecko Eye"],"picked":"Tiny House"},{"not_picked":["SlaversCollar","Cursed Key"],"picked":"DemoMod:Wolf"}],"items_purged_floors":[],"is_endless":false,"potions_floor_spawned":[1,6,8,16,22,29,42,45],"ascension_level":0}}