{"host":"sxnl403xm2xmiyj1","time":1612694186,"event":{"mods":["AchievementEnabler","BaseMod","Colored Map","Keyboard Shortcuts","Minty Spire (QoL Compilation)","Quick Restart","StSLib","SuperFastMode"],"gold_per_floor":[118,130,48,61,80,80,110,123,147,147,161,161,161,161,161,282,282,301,301,315,330,344,344,344],"floor_reached":23,"language":"KOR","playtime":494,"items_purged":[],"score":273,"play_id":"fae8e6a1-8a1a-4f2e-aff0-a85d9e2f32db","local_time":"20210207193626","is_ascension_mode":true,"campfire_choices":[{"data":"Body Slam","floor":6.0,"key":"SMITH"},{"floor":15.0,"key":"REST"}],"circlet_count":0,"master_deck":["Strike_R","Strike_R","Strike_R","Strike_R","Strike_R","Defend_R","Defend_R","Defend_R","Defend_R","Bash","Wild Strike","True Grit","Metallicize","Body Slam+1","Body Slam+1","Rampage","Evolve","Pommel Strike","Impervious","Warcry+1","Power Through+1","Seeing Red","Fire Breathing"],"relics":["Burning Blood","NeowsBlessing","Regal Pillow","Happy Flower","Golden Idol","InkBottle","Black Star"],"acts_visited":["Exordium","TheCity"],"potions_floor_usage":[22],"damage_taken":[{"damage":0.0,"enemies":"2 Louse","floor":1.0,"turns":1.0},{"damage":0.0,"enemies":"Small Slimes","floor":2.0,"turns":1.0},{"damage":0.0,"enemies":"Jaw Worm","floor":4.0,"turns":1.0},{"damage":10.0,"enemies":"3 Louse","floor":5.0,"turns":5.0},{"damage":38.0,"enemies":"Gremlin Nob","floor":7.0,"turns":6.0},{"damage":7.0,"enemies":"2 Fungi Beasts","floor":8.0,"turns":4.0},{"damage":15.0,"enemies":"Gremlin Gang","floor":11.0,"turns":7.0},{"damage":52.0,"enemies":"Slime Boss","floor":16.0,"turns":11.0},{"damage":36.0,"enemies":"Shell Parasite","floor":18.0,"turns":9.0},{"damage":16.0,"enemies":"Chosen","floor":20.0,"turns":7.0},{"damage":8.0,"enemies":"Centurion and Healer","floor":21.0,"turns":10.0},{"damage":2,"enemies":"3 Cultists","floor":22,"turns":5},{"damage":29,"enemies":"Slavers","floor":23,"turns":1}],"seed_played":"7296028599885660865","potions_obtained":[{"floor":4.0,"key":"DuplicationPotion"},{"floor":8.0,"key":"Weak Potion"},{"floor":11.0,"key":"ElixirPotion"},{"floor":16.0,"key":"SpeedPotion"},{"floor":21.0,"key":"DistilledChaos"}],"is_trial":false,"path_per_floor":["M","M","$","M","M","R","E","M","T","?","M","?","T","?","R","B",null,"M","?","M","M","M","E"],"character_chosen":"IRONCLAD","items_purchased":["Metallicize"],"campfire_rested":1,"item_purchase_floors":[3],"current_hp_per_floor":[78,80,80,80,76,76,44,43,43,23,14,14,14,14,53,7,62,32,32,22,20,24,0,0],"gold":344,"neow_bonus":"THREE_ENEMY_KILL","is_daily":false,"chose_seed":false,"campfire_upgraded":1,"win_rate":0.0,"timestamp":1612694186,"path_taken":["M","M","$","M","M","R","E","M","T","?","M","?","?","?","R","BOSS","M","?","M","?","M","E"],"items_purchased_type":["Card"],"build_version":"2020-12-22","purchased_purges":0,"victory":false,"max_hp_per_floor":[80,80,80,80,80,80,80,80,80,80,80,80,80,80,80,80,80,80,80,80,80,80,80,80],"card_choices":[{"not_picked":["Flex","Thunderclap"],"picked":"Wild Strike","floor":1.0},{"not_picked":["Headbutt","Clothesline"],"picked":"True Grit","floor":2.0},{"not_picked":["True Grit","Anger"],"picked":"Body Slam","floor":4.0},{"not_picked":["Wild Strike","Whirlwind"],"picked":"Body Slam","floor":5.0},{"not_picked":["Iron Wave","Spot Weakness"],"picked":"Rampage","floor":7.0},{"not_picked":["Armaments","Havoc"],"picked":"Evolve","floor":8.0},{"not_picked":["Sever Soul","Headbutt"],"picked":"Pommel Strike","floor":11.0},{"not_picked":["Bludgeon","Limit Break"],"picked":"Impervious","floor":16.0},{"not_picked":["Headbutt","Cleave"],"picked":"Warcry+1","floor":18.0},{"not_picked":["Havoc","Perfected Strike"],"picked":"Power Through+1","floor":20.0},{"not_picked":["Pommel Strike","Pummel"],"picked":"Seeing Red","floor":21.0},{"not_picked":["Pummel","Body Slam"],"picked":"Fire Breathing","floor":22}],"player_experience":193158,"relics_obtained":[{"floor":7.0,"key":"Regal Pillow"},{"floor":9.0,"key":"Happy Flower"},{"floor":13.0,"key":"InkBottle"}],"event_choices":[{"damage_healed":0.0,"max_hp_gain":0.0,"max_hp_loss":0.0,"gold_gain":0.0,"event_name":"Golden Idol","player_choice":"Take Damage","floor":10.0,"gold_loss":0.0,"damage_taken":20.0,"relics_obtained":["Golden Idol"]},{"damage_healed":0.0,"max_hp_gain":0.0,"max_hp_loss":0.0,"gold_gain":0.0,"event_name":"Living Wall","player_choice":"Grow","floor":12.0,"gold_loss":0.0,"damage_taken":0.0,"cards_upgraded":["Body Slam"]},{"damage_healed":0.0,"max_hp_gain":0.0,"max_hp_loss":0.0,"gold_gain":0.0,"event_name":"Shining Light","player_choice":"Ignored","floor":14.0,"gold_loss":0.0,"damage_taken":0.0},{"damage_healed":0.0,"max_hp_gain":0.0,"max_hp_loss":0.0,"gold_gain":0.0,"event_name":"Transmorgrifier","player_choice":"Ignored","floor":19.0,"gold_loss":0.0,"damage_taken":0.0}],"is_beta":false,"boss_relics":[{"not_picked":["Fusion Hammer","SlaversCollar"],"picked":"Black Star"}],"items_purged_floors":[],"is_endless":false,"potions_floor_spawned":[4,8,11,16,21],"killed_by":"Slavers","ascension_level":8}}