{"host":"yhhyog5h1q67ienp","time":1612731654,"event":{"mods":["AchievementEnabler","BaseMod","Block Reminder","Colored Map","Colored Powertips","Minty Spire (QoL Compilation)","Quick Restart","Relic Stats","StSLib","ojb\u0027s Better Paths Mod","ojb\u0027s Info Mod"],"gold_per_floor":[115,0,0,13,29,57,76,76,149,181,197,231,245,245,245,322,322,340,340,351,361,376,376,406,424,424,424,453,368,403,89,89,167,167,183,183,195,212,18,51,51,51,51],"floor_reached":42,"language":"ENG","playtime":2994,"items_purged":["Pain","Strike_R"],"score":1066,"play_id":"27a6c625-21f4-472a-8a22-761e658c4199","local_time":"20210207180054","is_ascension_mode":true,"campfire_choices":[{"floor":8,"key":"REST"},{"data":"Armaments","floor":15,"key":"SMITH"},{"data":"Limit Break","floor":23,"key":"SMITH"},{"data":"Whirlwind","floor":27,"key":"SMITH"},{"data":"Demon Form","floor":32,"key":"SMITH"},{"data":"Fiend Fire","floor":41,"key":"SMITH"}],"circlet_count":0,"master_deck":["AscendersBane","Strike_R","Strike_R","Defend_R","Defend_R","Defend_R","Defend_R","Bash","True Grit","Uppercut","Shrug It Off","Perfected Strike","Armaments+1","Anger","Whirlwind+1","Battle Trance","Spot Weakness+1","Anger+1","Limit Break+1","Exhume","Impervious","Headbutt","Demon Form+1","Clothesline","Fiend Fire+1","Battle Trance","Impervious","Offering","Warcry+1","Disarm+1","True Grit","Feel No Pain+1"],"relics":["Burning Blood","WarpedTongs","Du-Vu Doll","The Courier","Bag of Marbles","Red Skull","Velvet Choker","Nloth\u0027s Gift","Boot","Torii","Nunchaku","Frozen Egg 2","Bag of Preparation","Toolbox","Empty Cage","Membership Card","Matryoshka"],"acts_visited":["Exordium","TheCity","TheBeyond"],"potions_floor_usage":[6,16,16,22,38,38],"damage_taken":[{"damage":0,"enemies":"Small Slimes","floor":1,"turns":1},{"damage":0,"enemies":"Cultist","floor":4,"turns":1},{"damage":2,"enemies":"2 Louse","floor":5,"turns":1},{"damage":53,"enemies":"Gremlin Nob","floor":6,"turns":6},{"damage":5,"enemies":"Looter","floor":7,"turns":2},{"damage":17,"enemies":"Lagavulin","floor":10,"turns":5},{"damage":11,"enemies":"Red Slaver","floor":11,"turns":3},{"damage":5,"enemies":"Gremlin Nob","floor":12,"turns":3},{"damage":1,"enemies":"3 Louse","floor":13,"turns":1},{"damage":17,"enemies":"The Guardian","floor":16,"turns":9},{"damage":15,"enemies":"Chosen","floor":18,"turns":3},{"damage":13,"enemies":"Shell Parasite","floor":20,"turns":4},{"damage":29,"enemies":"Shelled Parasite and Fungi","floor":21,"turns":4},{"damage":4,"enemies":"Snake Plant","floor":22,"turns":2},{"damage":22,"enemies":"Book of Stabbing","floor":24,"turns":4},{"damage":3,"enemies":"Centurion and Healer","floor":25,"turns":4},{"damage":1,"enemies":"Slavers","floor":28,"turns":1},{"damage":2,"enemies":"Book of Stabbing","floor":30,"turns":3},{"damage":11,"enemies":"Champ","floor":33,"turns":9},{"damage":0,"enemies":"3 Shapes","floor":35,"turns":6},{"damage":12,"enemies":"3 Darklings","floor":37,"turns":3},{"damage":0,"enemies":"Spire Growth","floor":38,"turns":2},{"damage":47,"enemies":"Nemesis","floor":40,"turns":5},{"damage":31,"enemies":"Maw","floor":42,"turns":4}],"seed_played":"-6747119785867295279","potions_obtained":[{"floor":5,"key":"Weak Potion"},{"floor":7,"key":"SpeedPotion"},{"floor":10,"key":"Strength Potion"},{"floor":16,"key":"Strength Potion"},{"floor":18,"key":"ColorlessPotion"},{"floor":21,"key":"SkillPotion"},{"floor":22,"key":"BloodPotion"},{"floor":28,"key":"SpeedPotion"},{"floor":33,"key":"DistilledChaos"},{"floor":35,"key":"Strength Potion"}],"is_trial":false,"path_per_floor":["M","$","?","M","M","E","M","R","T","E","M","E","M","?","R","B",null,"M","?","M","M","M","R","E","M","T","R","E","?","E","$","R","B",null,"M","?","M","M","$","E","R","M"],"character_chosen":"IRONCLAD","items_purchased":["Uppercut","Shrug It Off","Fiend Fire","Battle Trance","Toolbox","Membership Card","True Grit"],"campfire_rested":1,"item_purchase_floors":[2,2,31,31,31,39,39],"current_hp_per_floor":[74,74,74,75,75,28,29,51,51,40,35,36,41,18,18,7,58,49,49,42,19,36,36,20,23,23,23,28,28,32,32,32,27,63,69,69,63,69,69,28,28,0,0],"gold":51,"neow_bonus":"THREE_ENEMY_KILL","is_daily":false,"chose_seed":false,"campfire_upgraded":5,"win_rate":0.0,"timestamp":1612731654,"path_taken":["M","$","?","?","M","E","M","R","T","E","M","E","?","?","R","BOSS","M","?","M","?","M","R","E","M","T","R","E","?","E","$","R","BOSS","M","?","M","?","$","E","R","M"],"items_purchased_type":["Card","Card","Card","Card","Relic","Relic","Card"],"build_version":"2020-12-22","purchased_purges":2,"victory":false,"max_hp_per_floor":[75,75,75,75,75,75,75,75,75,75,75,75,75,75,75,75,75,75,75,75,75,75,75,75,75,75,75,75,75,75,75,75,75,75,75,75,75,75,75,75,75,75,75],"relic_stats":{"Nunchaku":[4],"Torii":15,"counters":[24,86],"Nloth\u0027s Gift":5,"Bag of Preparation":[12],"Boot":[8],"obtain_stats":[{"NeowsBlessing":0,"Torii":26,"Velvet Choker":17,"The Courier":9,"Bag of Preparation":30,"Frozen Egg 2":29,"Boot":24,"Empty Cage":34,"Burning Blood":0,"WarpedTongs":3,"Du-Vu Doll":6,"Nunchaku":28,"Matryoshka":40,"Toolbox":31,"Bag of Marbles":10,"Nloth\u0027s Gift":19,"Membership Card":39,"Red Skull":12},{"NeowsBlessing":0,"Torii":16,"Velvet Choker":10,"The Courier":5,"Bag of Preparation":18,"Frozen Egg 2":17,"Boot":15,"Empty Cage":19,"Burning Blood":0,"WarpedTongs":1,"Du-Vu Doll":4,"Nunchaku":17,"Matryoshka":23,"Toolbox":18,"Bag of Marbles":6,"Nloth\u0027s Gift":11,"Membership Card":22,"Red Skull":8},{"NeowsBlessing":0,"Torii":53,"Velvet Choker":32,"The Courier":11,"Bag of Preparation":57,"Frozen Egg 2":54,"Boot":49,"Empty Cage":66,"Burning Blood":0,"WarpedTongs":1,"Du-Vu Doll":9,"Nunchaku":54,"Matryoshka":82,"Toolbox":57,"Bag of Marbles":16,"Nloth\u0027s Gift":35,"Membership Card":77,"Red Skull":22}],"Burning Blood":129,"WarpedTongs":[85]},"card_choices":[{"not_picked":["Ghostly Armor","Flex"],"picked":"True Grit","floor":1},{"not_picked":["Combust","Pommel Strike"],"picked":"Perfected Strike","floor":4},{"not_picked":["Searing Blow","Flex"],"picked":"Armaments","floor":5},{"not_picked":["Searing Blow","Clothesline"],"picked":"Anger","floor":6},{"not_picked":["Second Wind","Combust"],"picked":"Whirlwind","floor":7},{"not_picked":["Ghostly Armor","Wild Strike"],"picked":"Battle Trance","floor":10},{"not_picked":["Reckless Charge","Warcry","Pommel Strike"],"picked":"SKIP","floor":11},{"not_picked":["Perfected Strike","Juggernaut"],"picked":"Spot Weakness","floor":12},{"not_picked":["Blood for Blood","Hemokinesis"],"picked":"Anger","floor":13},{"not_picked":["Corruption","Impervious"],"picked":"Limit Break","floor":16},{"not_picked":["Bloodletting","Clash+1","Evolve"],"picked":"SKIP","floor":18},{"not_picked":["Havoc","Flex","Searing Blow"],"picked":"SKIP","floor":20},{"not_picked":["Berserk","Hemokinesis","Havoc"],"picked":"SKIP","floor":21},{"not_picked":["Wild Strike","True Grit"],"picked":"Exhume","floor":22},{"not_picked":["Pommel Strike","Sword Boomerang"],"picked":"Impervious","floor":24},{"not_picked":["Double Tap","Perfected Strike"],"picked":"Headbutt","floor":25},{"not_picked":["Bludgeon","Hemokinesis"],"picked":"Demon Form","floor":28},{"not_picked":["Thunderclap","Power Through"],"picked":"Clothesline","floor":30},{"not_picked":["Brutality+1","Bludgeon"],"picked":"Impervious","floor":33},{"not_picked":["True Grit","Pommel Strike"],"picked":"Offering","floor":35},{"not_picked":["Sword Boomerang","Havoc"],"picked":"Warcry+1","floor":37},{"not_picked":["Wild Strike","Infernal Blade"],"picked":"Disarm+1","floor":38},{"not_picked":["Clothesline","Exhume"],"picked":"Feel No Pain+1","floor":40}],"player_experience":1421729,"relics_obtained":[{"floor":6,"key":"Du-Vu Doll"},{"floor":9,"key":"The Courier"},{"floor":10,"key":"Bag of Marbles"},{"floor":12,"key":"Red Skull"},{"floor":24,"key":"Boot"},{"floor":26,"key":"Torii"},{"floor":28,"key":"Nunchaku"},{"floor":30,"key":"Bag of Preparation"},{"floor":40,"key":"Matryoshka"}],"event_choices":[{"damage_healed":0,"gold_gain":0,"player_choice":"Rummage","damage_taken":0,"relics_obtained":["WarpedTongs"],"max_hp_gain":0,"max_hp_loss":0,"event_name":"Accursed Blacksmith","floor":3,"gold_loss":0,"cards_obtained":["Pain"]},{"damage_healed":0,"gold_gain":0,"player_choice":"Entered Light","damage_taken":23,"max_hp_gain":0,"max_hp_loss":0,"event_name":"Shining Light","floor":14,"gold_loss":0,"cards_upgraded":["Spot Weakness","Anger"]},{"damage_healed":0,"gold_gain":0,"player_choice":"Traded Relic","damage_taken":0,"relics_obtained":["Nloth\u0027s Gift"],"max_hp_gain":0,"max_hp_loss":0,"event_name":"N\u0027loth","floor":19,"relics_lost":["NeowsBlessing"],"gold_loss":0},{"damage_healed":0,"gold_gain":0,"player_choice":"Obtained Relic","damage_taken":0,"relics_obtained":["Frozen Egg 2"],"max_hp_gain":0,"max_hp_loss":0,"event_name":"Addict","floor":29,"gold_loss":85},{"damage_healed":0,"gold_gain":0,"player_choice":"Got Potions","damage_taken":0,"max_hp_gain":0,"max_hp_loss":0,"event_name":"Lab","floor":36,"gold_loss":0}],"is_beta":false,"boss_relics":[{"not_picked":["Pandora\u0027s Box","Ectoplasm"],"picked":"Velvet Choker"},{"not_picked":["Runic Dome","Runic Cube"],"picked":"Empty Cage"}],"items_purged_floors":[31,39],"is_endless":false,"potions_floor_spawned":[5,7,10,11,16,18,21,22,28,33,35,37],"killed_by":"Maw","ascension_level":20}}