{"host":"1c52r9kaxdyo25eq","time":1612669374,"event":{"mods":["AchievementEnabler","BaseMod","DeckTracker","Minty Spire (QoL Compilation)","Rare Cards Sparkle","SuperFastMode","everything is the same but u backflip on backflip"],"gold_per_floor":[310,326,69,69,69,69,79,114,114,114,114],"floor_reached":10,"language":"KOR","playtime":271,"items_purged":[],"score":125,"play_id":"e4a1b143-7b6b-466e-a934-2d6be6967b08","local_time":"20210207124254","is_ascension_mode":true,"campfire_choices":[{"data":"Blood for Blood","floor":6.0,"key":"SMITH"}],"circlet_count":0,"master_deck":["AscendersBane","Strike_R","Strike_R","Strike_R","Strike_R","Strike_R","Defend_R","Defend_R","Defend_R","Defend_R","Bash","Blood for Blood+1","Second Wind","Offering","Burning Pact","Pommel Strike"],"relics":["Burning Blood","Old Coin","Pantograph","Mercury Hourglass","Pear"],"acts_visited":["Exordium"],"potions_floor_usage":[],"damage_taken":[{"damage":1.0,"enemies":"Cultist","floor":1.0,"turns":3.0},{"damage":11.0,"enemies":"Jaw Worm","floor":2.0,"turns":4.0},{"damage":6.0,"enemies":"Small Slimes","floor":7.0,"turns":2.0},{"damage":34.0,"enemies":"3 Sentries","floor":8.0,"turns":8.0},{"damage":21,"enemies":"Lagavulin","floor":10,"turns":5}],"seed_played":"-4868233749568343441","potions_obtained":[{"floor":1.0,"key":"Ancient Potion"},{"floor":7.0,"key":"Block Potion"}],"is_trial":false,"path_per_floor":["M","M","$","?","?","R","M","E","T","E"],"character_chosen":"IRONCLAD","items_purchased":["Offering","Burning Pact"],"campfire_rested":0,"item_purchase_floors":[3,3],"current_hp_per_floor":[73,68,68,73,47,47,47,19,29,8,8],"gold":114,"neow_bonus":"ONE_RARE_RELIC","is_daily":false,"chose_seed":false,"campfire_upgraded":1,"win_rate":0.0,"timestamp":1612669374,"path_taken":["M","M","$","?","?","R","M","E","T","E"],"items_purchased_type":["Card","Card"],"build_version":"2020-12-22","purchased_purges":0,"victory":false,"max_hp_per_floor":[75,75,75,80,80,80,80,80,90,90,90],"card_choices":[{"not_picked":["Havoc","True Grit"],"picked":"Blood for Blood","floor":1.0},{"not_picked":["Flex","Armaments"],"picked":"Second Wind","floor":2.0},{"not_picked":["Whirlwind","Clothesline"],"picked":"Pommel Strike","floor":7.0},{"not_picked":["True Grit","Flame Barrier","Clothesline"],"picked":"SKIP","floor":8.0}],"player_experience":647409,"relics_obtained":[{"floor":8.0,"key":"Mercury Hourglass"},{"floor":9.0,"key":"Pear"}],"event_choices":[{"damage_healed":0.0,"max_hp_gain":5.0,"max_hp_loss":0.0,"gold_gain":0.0,"event_name":"Big Fish","player_choice":"Donut","floor":4.0,"gold_loss":0.0,"damage_taken":0.0},{"damage_healed":0.0,"max_hp_gain":0.0,"max_hp_loss":0.0,"gold_gain":0.0,"event_name":"Scrap Ooze","player_choice":"Success","floor":5.0,"gold_loss":0.0,"damage_taken":26.0,"relics_obtained":["Pantograph"]}],"is_beta":false,"boss_relics":[],"items_purged_floors":[],"is_endless":false,"potions_floor_spawned":[1,7],"killed_by":"Lagavulin","ascension_level":18}}