{"host":"w05x4i13f2m9joq1","time":1612665786,"event":{"mods":["100% Spire Juice","Act Like it!","Bard","BaseMod","Better Altar","Better Match","Better Note","Better Sensory Stone","Better Skull","Better Third Choice","BetterRewards","CapriCore","Colored Map","Colored Powertips","Decade(???)","Defective Defect","Duelist Mod","Gensokyo","GifTheSpireLib","Googly Eyes","Infinite Spire","Ironclad Rager","Lobotomy","LobotomyExtend","Marisa????????","Melee Mod","Minty Spire (QoL Compilation)","Morshu Shopkeeper - ENHANCED","MostiFishMod","Quick Restart","Rare Cards Sparkle","Reliquary","Replay The Spire","Shop Mod","Spicy Shops","Spire Birthday Party","StSLib","Td1madao Mod","The Construct","The IronCluck","TheBandit","Uncapped","everything is the same but u backflip on backflip","slay the spire mod where everything is the same but ironclad has a cowboy hat"],"gold_per_floor":[140,140,16,91,110,120,152,163,163,163,174,174,188,217,217,317,317,328,348,110,110,28,28,55,75,75,106,106,141,151,151,151],"floor_reached":31,"language":"ENG","playtime":2086,"items_purged":[],"score":437,"play_id":"3e15bc70-1178-4e8a-8c4e-73ec98f2fc7d","local_time":"20210206214306","is_ascension_mode":true,"campfire_choices":[{"data":"theDuelist:Invigoration","floor":12,"key":"SMITH"},{"floor":15,"key":"REST"},{"data":"theDuelist:HunterSpider","floor":23,"key":"SMITH"}],"circlet_count":0,"master_deck":["theDuelist:CastleWalls","theDuelist:CastleWalls","theDuelist:CrossSwordBeetle","theDuelist:EmpressMantis","theDuelist:InsectKnight","theDuelist:RazorLizard","theDuelist:RazorLizard","theDuelist:Sparks","theDuelist:Sparks","theDuelist:Sparks","theDuelist:Taotie","theDuelist:BiteBug","theDuelist:PinchHopper","theDuelist:PinchHopper","theDuelist:Parasite","theDuelist:ManEaterBug","theDuelist:HowlingInsect","Pot Of Greed","Pot Of Greed","theDuelist:Forest","theDuelist:Invigoration+1","theDuelist:Fissure","Dramatic Entrance","theDuelist:CobraJar","theDuelist:InsectKing","theDuelist:HunterSpider+1","Pot Of Greed","theDuelist:BugMatrix","theDuelist:PoisonMummy","theDuelist:BeakedSnake","theDuelist:BlockSpider","theDuelist:LabyrinthWall+1","theDuelist:SkullMarkLadybug+1","theDuelist:SpiderEgg","infinitespire:UltimateForm","theDuelist:PotGreed","theDuelist:RelinquishedSpider+1"],"relics":["theDuelist:MillenniumPuzzle","theDuelist:CardPoolRelic","theDuelist:CardPoolBasicRelic","theDuelist:BoosterPackPoolRelic","theDuelist:CardPoolAddRelic","theDuelist:CardPoolMinusRelic","theDuelist:CardPoolSaveRelic","theDuelist:CardPoolOptionsRelic","DaveBox","GreenFoldingFan","SynthV:TestCard","LetterFromLob","theDuelist:CursedHealer","Grinning Jar","Lantern","infinitespire:WardingShard","construct:ClawGrip","Centennial Puzzle","theDuelist:ZoneToken","Self Forming Clay","Gambling Chip","infinitespire:EmpoweringShard"],"acts_visited":["Exordium","TheCity"],"potions_floor_usage":[7,8,14,29,30],"damage_taken":[{"damage":7,"enemies":"2 Louse","floor":1,"turns":3},{"damage":22,"enemies":"Small Slimes","floor":5,"turns":3},{"damage":2,"enemies":"Cultist","floor":6,"turns":3},{"damage":9,"enemies":"Gremlin Nob","floor":7,"turns":4},{"damage":28,"enemies":"3 Louse","floor":8,"turns":3},{"damage":15,"enemies":"Looter","floor":11,"turns":2},{"damage":16,"enemies":"Lots of Slimes","floor":13,"turns":2},{"damage":25,"enemies":"Lagavulin","floor":14,"turns":5},{"damage":53,"enemies":"Fading Forest","floor":16,"turns":11},{"damage":18,"enemies":"Chosen","floor":18,"turns":3},{"damage":4,"enemies":"Spheric Guardian","floor":19,"turns":2},{"damage":7,"enemies":"theDuelist:KaibaA2","floor":24,"turns":3},{"damage":6,"enemies":"Cultist and Chosen","floor":25,"turns":3},{"damage":21,"enemies":"Slavers","floor":27,"turns":6},{"damage":21,"enemies":"Nightmare","floor":29,"turns":6},{"damage":24,"enemies":"Chosen and Byrds","floor":30,"turns":5},{"damage":29,"enemies":"3 Cultists","floor":31,"turns":3}],"seed_played":"1918183684151703442","potions_obtained":[{"floor":5,"key":"theDuelist:TributeBottle"},{"floor":6,"key":"SkillPotion"},{"floor":7,"key":"theDuelist:BurningPotion"},{"floor":11,"key":"Swift Potion"},{"floor":19,"key":"Explosive Potion"},{"floor":24,"key":"Cursed Concoction"},{"floor":29,"key":"theDuelist:VampireVial"}],"is_trial":false,"path_per_floor":["M","?","$","?","M","M","E","M","T","E","M","R","M","E","R","B",null,"M","M","$","?","$","R","E","M","T","E","?","NM","M","M"],"character_chosen":"THE_DUELIST","items_purchased":["theDuelist:PinchHopper","theDuelist:Parasite","theDuelist:PoisonMummy","Centennial Puzzle","theDuelist:BeakedSnake","theDuelist:BlockSpider"],"campfire_rested":1,"item_purchase_floors":[3,3,20,20,22,22],"current_hp_per_floor":[75,80,80,72,60,68,69,51,51,51,46,46,40,25,49,14,64,56,62,62,56,56,56,59,63,63,52,52,41,27,0,0],"gold":151,"neow_bonus":"ONE_RANDOM_RARE_CARD","is_daily":false,"chose_seed":false,"campfire_upgraded":2,"win_rate":0.0,"timestamp":1612665786,"path_taken":["M","?","$","?","M","M","E","M","T","E","?","R","M","E","R","BOSS","M","M","$","?","$","R","E","M","T","E","?","NM","?","M"],"items_purchased_type":["Card","Card","Card","Relic","Card","Card"],"build_version":"2020-12-22","purchased_purges":0,"victory":false,"max_hp_per_floor":[80,80,80,80,80,80,80,80,80,80,80,80,80,80,80,80,80,80,80,80,80,80,80,80,80,80,80,80,80,80,80,80],"card_choices":[{"not_picked":["theDuelist:JiraiGumo","theDuelist:HunterSpider","theDuelist:CrossSwordBeetle","theDuelist:NeoBug"],"picked":"theDuelist:BiteBug","floor":1},{"not_picked":["theDuelist:NeoBug","theDuelist:ZefraMetaltron","theDuelist:Gagagigo","theDuelist:MetalArmoredBug"],"picked":"theDuelist:ManEaterBug","floor":5},{"not_picked":["theDuelist:SkullMarkLadybug","theDuelist:PoisonousMayakashi"],"picked":"theDuelist:HowlingInsect","floor":6},{"not_picked":["theDuelist:Parasite","theDuelist:BugMatrix","theDuelist:Anteater"],"picked":"theDuelist:Forest","floor":7},{"not_picked":["theDuelist:BiteBug","theDuelist:AtomicFirefly","theDuelist:CobraJar","theDuelist:EmpressMantis"],"picked":"theDuelist:Invigoration","floor":8},{"not_picked":["theDuelist:WingedKuriboh","theDuelist:GoldenApples","theDuelist:BigKoala","theDuelist:UltimateOffering"],"picked":"theDuelist:Fissure","floor":11},{"not_picked":["Deep Breath","Magnetism","Mayhem"],"picked":"Dramatic Entrance","floor":13},{"not_picked":["theDuelist:EmpressMantis","theDuelist:CrossSwordBeetle","theDuelist:SpiderWeb","theDuelist:DrillBug"],"picked":"theDuelist:CobraJar","floor":14},{"not_picked":["theDuelist:WallThorns","theDuelist:PoisonFangs","theDuelist:Denglong","theDuelist:DarkBug"],"picked":"theDuelist:InsectKing","floor":16},{"not_picked":["theDuelist:Invigoration","theDuelist:PetitMoth","theDuelist:ArmoredBee","theDuelist:PoseidonBeetle"],"picked":"theDuelist:HunterSpider","floor":18},{"not_picked":["theDuelist:Parasite","theDuelist:CorrosiveScales","theDuelist:Anteater"],"picked":"theDuelist:BugMatrix","floor":19},{"not_picked":["theDuelist:HammerShot","theDuelist:Terraforming","theDuelist:PowerGiant","theDuelist:LightningVortex"],"picked":"theDuelist:LabyrinthWall+1","floor":24},{"not_picked":["theDuelist:Yazi","theDuelist:PinchHopper","theDuelist:CocoonUltraEvolution","theDuelist:Aztekipede"],"picked":"theDuelist:SkullMarkLadybug+1","floor":25},{"not_picked":["theDuelist:PoisonousWinds+1","theDuelist:DarkBug"],"picked":"theDuelist:SpiderEgg","floor":27},{"not_picked":["infinitespire:Menacing","ReplayTheSpireMod:Chaos Vortex"],"picked":"infinitespire:UltimateForm","floor":29},{"not_picked":["theDuelist:LightningVortex","theDuelist:ForbiddenChalice+1","theDuelist:PowerGiant+1","theDuelist:FuryFire"],"picked":"theDuelist:PotGreed","floor":29},{"not_picked":["theDuelist:BeeListSoldier+1","theDuelist:TornadoDragon","theDuelist:ResonanceInsect","theDuelist:CorrosiveScales+1"],"picked":"theDuelist:RelinquishedSpider+1","floor":30}],"player_experience":188766,"relics_obtained":[{"floor":1,"key":"SynthV:TestCard"},{"floor":1,"key":"LetterFromLob"},{"floor":7,"key":"Grinning Jar"},{"floor":9,"key":"Lantern"},{"floor":14,"key":"infinitespire:WardingShard"},{"floor":24,"key":"Girya"},{"floor":26,"key":"Self Forming Clay"},{"floor":27,"key":"Gambling Chip"},{"floor":29,"key":"infinitespire:EmpoweringShard"}],"event_choices":[{"damage_healed":0,"gold_gain":0,"player_choice":"Succumb - +25HP/Cursed Relic","duelist":true,"damage_taken":0,"max_hp_gain":0,"max_hp_loss":0,"event_name":"Tomb of the Nameless","floor":2,"gold_loss":0},{"damage_healed":0,"gold_gain":75,"player_choice":"Touch","damage_taken":8,"max_hp_gain":0,"max_hp_loss":0,"event_name":"FaceTrader","floor":4,"gold_loss":0},{"damage_healed":0,"gold_gain":0,"player_choice":"Dig - random Duelist relic","duelist":true,"damage_taken":0,"max_hp_gain":0,"max_hp_loss":0,"event_name":"Aknamkanon\u0027s Tomb","floor":21,"gold_loss":0},{"damage_healed":0,"gold_gain":0,"player_choice":"Scored: 1063","duelist":true,"damage_taken":0,"max_hp_gain":0,"max_hp_loss":0,"event_name":"Visit from Anubis","floor":28,"gold_loss":0}],"is_beta":false,"boss_relics":[{"not_picked":["infinitespire:Burning Sword","RhineFirstAidKit"],"picked":"construct:ClawGrip"}],"items_purged_floors":[],"is_endless":true,"potions_floor_spawned":[5,6,7,11,19,24,29],"killed_by":"3 Cultists","ascension_level":7}}