{"host":"3qkmyeoym75lj4wn","time":1612705074,"event":{"mods":["2.2 Compatiblity","BaseMod","Block Reminder","Colored Powertips","Highlight Path","Minty Spire (QoL Compilation)","Permanent Neow","Potion Indicator Mod","Rare Cards Sparkle","Relic Stats","StSLib","Unceasing Turn Reminder"],"gold_per_floor":[119,119,136,411,426,452,517,527,552,552,552,552,11,45,45,116,116,135,60,60,4,23,23,34,69,116,116,116,116],"floor_reached":28,"language":"ENG","playtime":862,"items_purged":["Regret"],"score":488,"play_id":"3d4926b6-4397-4544-bb09-f5350bc7f315","local_time":"20210207133754","is_ascension_mode":true,"campfire_choices":[{"floor":11,"key":"REST"},{"floor":15,"key":"REST"},{"floor":23,"key":"REST"},{"floor":27,"key":"DIG"}],"circlet_count":0,"master_deck":["AscendersBane","Strike_B","Strike_B","Strike_B","Strike_B","Defend_B","Defend_B","Defend_B","Defend_B","Zap+1","Dualcast","Go for the Eyes","Zap","All For One","Sweeping Beam","Coolheaded","Chaos","Cold Snap","Swift Strike","Defragment","Biased Cognition","Gash","Gash","Conserve Battery","Redo+1","Chill"],"relics":["Cracked Core","Ancient Tea Set","Bronze Scales","Bag of Marbles","Toolbox","Anchor","Inserter","Shovel","Smiling Mask"],"acts_visited":["Exordium","TheCity"],"potions_floor_usage":[6,8,14,24,25],"damage_taken":[{"damage":7.0,"enemies":"Small Slimes","floor":1.0,"turns":3.0},{"damage":0,"enemies":"Cultist","floor":3,"turns":3},{"damage":8,"enemies":"2 Louse","floor":5,"turns":3},{"damage":48,"enemies":"Gremlin Nob","floor":6,"turns":5},{"damage":0,"enemies":"Lots of Slimes","floor":8,"turns":2},{"damage":16,"enemies":"3 Sentries","floor":14,"turns":3},{"damage":24,"enemies":"Slime Boss","floor":16,"turns":7},{"damage":11,"enemies":"Spheric Guardian","floor":18,"turns":3},{"damage":13,"enemies":"3 Byrds","floor":22,"turns":3},{"damage":9,"enemies":"3 Cultists","floor":24,"turns":5},{"damage":15,"enemies":"Gremlin Leader","floor":25,"turns":7},{"damage":39,"enemies":"Cultist and Chosen","floor":28,"turns":5}],"seed_played":"-5368856232216222772","potions_obtained":[{"floor":3,"key":"AttackPotion"},{"floor":6,"key":"Fire Potion"},{"floor":8,"key":"ColorlessPotion"},{"floor":22,"key":"Block Potion"},{"floor":24,"key":"Weak Potion"}],"is_trial":false,"path_per_floor":["M","?","M","?","M","E","?","M","T","?","R","?","$","E","R","B",null,"M","$","?","$","M","R","M","E","T","R","M"],"character_chosen":"DEFECT","items_purchased":["Bag of Marbles","Chaos","Cold Snap","Swift Strike","Toolbox","Gash"],"campfire_rested":3,"item_purchase_floors":[13,13,13,13,13,21],"current_hp_per_floor":[57,57,57,57,49,1,1,1,1,1,22,45,45,29,50,26,60,49,49,49,49,36,57,48,33,33,33,0,0],"gold":116,"neow_bonus":"UPGRADE_CARD","is_daily":false,"chose_seed":false,"campfire_upgraded":0,"win_rate":0.0,"timestamp":1612705074,"path_taken":["M","?","?","?","?","E","?","M","T","?","R","?","$","E","R","BOSS","M","$","?","$","M","R","M","E","T","R","M"],"items_purchased_type":["Relic","Card","Card","Card","Relic","Card"],"build_version":"2020-12-22","purchased_purges":1,"victory":false,"max_hp_per_floor":[71,71,71,71,71,71,71,71,71,71,71,71,71,71,71,71,71,71,71,71,71,71,71,71,71,71,71,71,71],"relic_stats":{"Inserter":[11],"Shovel":1,"counters":[12,49],"Bronze Scales":[112],"Smiling Mask":0,"obtain_stats":[{"Anchor":14,"Inserter":17,"Shovel":25,"Bronze Scales":9,"Toolbox":13,"Bag of Marbles":13,"Cracked Core":0,"Ancient Tea Set":6,"Smiling Mask":27},{"Anchor":6,"Inserter":7,"Shovel":11,"Bronze Scales":5,"Toolbox":5,"Bag of Marbles":5,"Cracked Core":0,"Ancient Tea Set":4,"Smiling Mask":11},{"Anchor":19,"Inserter":26,"Shovel":44,"Bronze Scales":16,"Toolbox":16,"Bag of Marbles":16,"Cracked Core":0,"Ancient Tea Set":14,"Smiling Mask":44}]},"card_choices":[{"not_picked":["Barrage","Redo"],"picked":"Go for the Eyes","floor":1.0},{"not_picked":["Force Field","Stack","Reinforced Body"],"picked":"SKIP","floor":3},{"not_picked":["Rebound","Stack"],"picked":"Coolheaded","floor":5},{"not_picked":["Streamline","Turbo","Fusion"],"picked":"SKIP","floor":6},{"not_picked":["Hello World","Coolheaded","Sweeping Beam"],"picked":"SKIP","floor":8},{"not_picked":["Double Energy","Go for the Eyes"],"picked":"Defragment","floor":14},{"not_picked":["Creative AI","Hyperbeam"],"picked":"Biased Cognition","floor":16},{"not_picked":["Sweeping Beam","Go for the Eyes"],"picked":"Gash","floor":18},{"not_picked":["Cold Snap","Hologram"],"picked":"Conserve Battery","floor":22},{"not_picked":["Ball Lightning","Leap+1"],"picked":"Redo+1","floor":24},{"not_picked":["Scrape","Leap"],"picked":"Chill","floor":25}],"player_experience":1737743,"relics_obtained":[{"floor":6,"key":"Ancient Tea Set"},{"floor":9,"key":"Bronze Scales"},{"floor":14,"key":"Anchor"},{"floor":25,"key":"Shovel"},{"floor":27,"key":"Smiling Mask"}],"event_choices":[{"damage_healed":0,"gold_gain":0,"player_choice":"3 cards matched","damage_taken":0,"max_hp_gain":0,"max_hp_loss":0,"event_name":"Match and Keep!","floor":2,"gold_loss":0,"cards_obtained":["Zap","All For One","Sweeping Beam"]},{"damage_healed":0,"gold_gain":275,"player_choice":"Desecrate","damage_taken":0,"max_hp_gain":0,"max_hp_loss":0,"event_name":"Golden Shrine","floor":4,"gold_loss":0,"cards_obtained":["Regret"]},{"damage_healed":0,"gold_gain":65,"player_choice":"Gained Gold","damage_taken":0,"max_hp_gain":0,"max_hp_loss":0,"event_name":"Golden Wing","floor":7,"gold_loss":0},{"damage_healed":0,"gold_gain":0,"player_choice":"Searched \u00270\u0027 times","damage_taken":0,"max_hp_gain":0,"max_hp_loss":0,"event_name":"Dead Adventurer","floor":10,"gold_loss":0},{"damage_healed":23,"gold_gain":0,"player_choice":"Banana","damage_taken":0,"max_hp_gain":0,"max_hp_loss":0,"event_name":"Big Fish","floor":12,"gold_loss":0},{"damage_healed":0,"gold_gain":0,"player_choice":"Ignored","damage_taken":0,"max_hp_gain":0,"max_hp_loss":0,"event_name":"The Mausoleum","floor":20,"gold_loss":0}],"is_beta":false,"boss_relics":[{"not_picked":["Nuclear Battery","Coffee Dripper"],"picked":"Inserter"}],"items_purged_floors":[19],"is_endless":false,"potions_floor_spawned":[3,6,8,22,24],"killed_by":"Cultist and Chosen","ascension_level":20}}