{"host":"dlyy4wv9zatha4f7","time":1612724087,"event":{"mods":["BaseMod","Better Third Choice","Colored Map","GifTheSpireLib","Minty Spire (QoL Compilation)","Spicy Shops","StSLib","SuperFastMode","Unceasing Turn Reminder"],"gold_per_floor":[117,117,39,39,39,73,73,112,112,135,135,151,171,184,184,305,305,326,326,326,341,256,299,299,146,224,259,284,9,9,45,45,170,170,194,257,11,36,369,369,404,404,427,439,468,18,18,32,32,32,32],"floor_reached":50,"language":"ENG","playtime":2118,"items_purged":["Venomology","Strike_G+1","Neutralize","Strike_G+1","Defend_G+1"],"score":983,"play_id":"a484b2d1-243a-4f69-b32b-19cd1a835b86","local_time":"20210207205447","is_ascension_mode":true,"campfire_choices":[{"data":"Slice","floor":7.0,"key":"SMITH"},{"data":"Crippling Poison","floor":11.0,"key":"SMITH"},{"data":"Bouncing Flask","floor":15.0,"key":"SMITH"},{"data":"Doppelganger","floor":24,"key":"SMITH"},{"data":"Noxious Fumes","floor":32,"key":"SMITH"},{"data":"Wraith Form v2","floor":40,"key":"SMITH"},{"data":"Burst","floor":44,"key":"SMITH"},{"data":"Well Laid Plans","floor":47,"key":"SMITH"},{"data":"Leg Sweep","floor":49,"key":"SMITH"}],"circlet_count":0,"master_deck":["Strike_G+1","Strike_G+1","Strike_G+1","Defend_G+1","Defend_G+1","Defend_G+1","Defend_G+1","Survivor","Terror+1","Crippling Poison+1","Slice+1","Bouncing Flask+1","Dagger Throw","Backflip","Leg Sweep+1","Die Die Die","Quick Slash+1","Doppelganger+1","Well Laid Plans+1","Noxious Fumes+1","Wraith Form v2+1","Dash+1","Burst+1"],"relics":["Ring of the Snake","NeowsBlessing","Lantern","Strawberry","Letter Opener","Vajra","Sozu","Singing Bowl","Bottled Flame","Matryoshka","Orichalcum","Question Card","The Courier","Blood Vial","Snecko Eye","StoneCalendar","Membership Card","Juzu Bracelet","Bag of Preparation","Akabeko","MawBank","PreservedInsect","Pear","Bottled Tornado","TheAbacus","Toolbox"],"acts_visited":["Exordium","TheCity","TheBeyond"],"potions_floor_usage":[23],"damage_taken":[{"damage":0.0,"enemies":"Cultist","floor":1.0,"turns":1.0},{"damage":0.0,"enemies":"Lagavulin","floor":6.0,"turns":1.0},{"damage":0.0,"enemies":"Gremlin Nob","floor":8.0,"turns":1.0},{"damage":1.0,"enemies":"2 Louse","floor":10.0,"turns":2.0},{"damage":0.0,"enemies":"Small Slimes","floor":12.0,"turns":3.0},{"damage":0.0,"enemies":"2 Fungi Beasts","floor":13.0,"turns":2.0},{"damage":2.0,"enemies":"Blue Slaver","floor":14.0,"turns":3.0},{"damage":2.0,"enemies":"Hexaghost","floor":16.0,"turns":7.0},{"damage":8.0,"enemies":"Spheric Guardian","floor":18.0,"turns":3.0},{"damage":0,"enemies":"Chosen","floor":21,"turns":3},{"damage":5,"enemies":"Slavers","floor":23,"turns":4},{"damage":4,"enemies":"Book of Stabbing","floor":27,"turns":4},{"damage":21,"enemies":"Snake Plant","floor":28,"turns":4},{"damage":0,"enemies":"Gremlin Leader","floor":31,"turns":5},{"damage":35,"enemies":"Automaton","floor":33,"turns":11},{"damage":0,"enemies":"Orb Walker","floor":35,"turns":3},{"damage":0,"enemies":"Mind Bloom Boss Battle","floor":36,"turns":6},{"damage":0,"enemies":"3 Shapes","floor":38,"turns":2},{"damage":1,"enemies":"Giant Head","floor":41,"turns":7},{"damage":0,"enemies":"Maw","floor":45,"turns":6},{"damage":3,"enemies":"Writhing Mass","floor":48,"turns":6},{"damage":102,"enemies":"Time Eater","floor":50,"turns":10}],"seed_played":"9019066284398739184","potions_obtained":[{"floor":1.0,"key":"Dexterity Potion"},{"floor":10.0,"key":"BlessingOfTheForge"},{"floor":13.0,"key":"Energy Potion"}],"is_trial":false,"path_per_floor":["M","T","$","?","?","E","R","E","T","M","R","M","M","M","R","B",null,"M","?","?","M","?","E","R","$","T","E","M","$","T","E","R","B",null,"M","?","$","M","?","R","E","?","T","R","M","$","R","M","R","B"],"character_chosen":"THE_SILENT","items_purchased":["Crippling Poison","Well Laid Plans","Noxious Fumes","Membership Card","Juzu Bracelet","Bag of Preparation","Pear","Bottled Tornado","TheAbacus","Toolbox"],"campfire_rested":0,"item_purchase_floors":[3,25,29,37,37,37,46,46,46,46],"current_hp_per_floor":[63,63,63,63,46,53,53,53,53,52,52,52,52,50,50,48,70,62,62,62,62,62,57,57,57,57,55,36,36,36,38,38,5,64,68,70,70,74,74,74,75,75,75,75,79,89,89,90,90,0,0],"gold":32,"neow_bonus":"THREE_ENEMY_KILL","is_daily":false,"chose_seed":false,"campfire_upgraded":9,"win_rate":0.0,"timestamp":1612724087,"path_taken":["M","?","$","?","?","E","R","E","T","M","R","M","M","M","R","BOSS","M","?","?","M","?","E","R","$","T","E","M","$","?","E","R","BOSS","M","?","$","M","?","R","E","?","T","R","M","$","R","M","R","BOSS"],"items_purchased_type":["Card","Card","Card","Relic","Relic","Relic","Relic","Relic","Relic","Relic"],"build_version":"2020-12-22","purchased_purges":5,"victory":false,"max_hp_per_floor":[70,70,70,70,70,77,77,77,77,77,77,77,77,77,77,77,77,77,77,77,77,77,77,77,77,77,79,81,81,81,83,83,83,83,85,85,85,87,87,87,87,83,83,83,85,95,95,97,97,97,97],"card_choices":[{"not_picked":["Underhanded Strike","Blur"],"picked":"Terror","floor":1.0},{"not_picked":["Dodge and Roll","Eviscerate"],"picked":"Slice","floor":6.0},{"not_picked":["Acrobatics","Cloak And Dagger"],"picked":"Bouncing Flask","floor":8.0},{"not_picked":["Sucker Punch","Outmaneuver"],"picked":"Dagger Throw","floor":10.0},{"not_picked":["Acrobatics","Distraction"],"picked":"Backflip","floor":12.0},{"not_picked":["Skewer","Predator"],"picked":"Venomology","floor":13.0},{"not_picked":["Slice","Heel Hook"],"picked":"Leg Sweep","floor":14.0},{"not_picked":["Unload","Bullet Time"],"picked":"Die Die Die","floor":16.0},{"not_picked":["Underhanded Strike","Crippling Poison"],"picked":"Quick Slash+1","floor":18.0},{"not_picked":["Flying Knee","Dagger Throw","Dagger Spray"],"picked":"SKIP","floor":21},{"not_picked":["Terror","Caltrops"],"picked":"Doppelganger","floor":23},{"not_picked":["Deadly Poison","Quick Slash","Flying Knee"],"picked":"Singing Bowl","floor":27},{"not_picked":["Skewer","Dagger Spray","Underhanded Strike"],"picked":"Singing Bowl","floor":28},{"not_picked":["Noxious Fumes","Accuracy","Outmaneuver","Deflect"],"picked":"Singing Bowl","floor":31},{"not_picked":["Unload","Malaise","Venomology"],"picked":"Wraith Form v2","floor":33},{"not_picked":["Sucker Punch+1","Backstab","Backflip","Choke"],"picked":"Singing Bowl","floor":35},{"not_picked":["Blade Dance+1","Prepared+1","Sucker Punch"],"picked":"Dash+1","floor":36},{"not_picked":["Acrobatics","Accuracy","Heel Hook","Outmaneuver+1"],"picked":"Singing Bowl","floor":38},{"not_picked":["Dodge and Roll","Slice","Prepared"],"picked":"Burst","floor":41},{"not_picked":["Deadly Poison+1","Quick Slash","Reflex","Choke+1"],"picked":"Singing Bowl","floor":45},{"not_picked":["Underhanded Strike","Blade Dance+1","Choke","Eviscerate+1"],"picked":"Singing Bowl","floor":48}],"player_experience":2267350,"relics_obtained":[{"floor":2.0,"key":"Lantern"},{"floor":6.0,"key":"Strawberry"},{"floor":8.0,"key":"Letter Opener"},{"floor":9.0,"key":"Vajra"},{"floor":23,"key":"Bottled Flame"},{"floor":26,"key":"Matryoshka"},{"floor":27,"key":"Orichalcum"},{"floor":30,"key":"Question Card"},{"floor":30,"key":"The Courier"},{"floor":31,"key":"Blood Vial"},{"floor":36,"key":"StoneCalendar"},{"floor":41,"key":"Akabeko"},{"floor":43,"key":"MawBank"},{"floor":43,"key":"PreservedInsect"}],"event_choices":[{"damage_healed":0.0,"max_hp_gain":0.0,"max_hp_loss":0.0,"gold_gain":0.0,"event_name":"Living Wall","player_choice":"Grow","floor":4.0,"gold_loss":0.0,"damage_taken":0.0,"cards_upgraded":["Terror"]},{"damage_healed":0.0,"max_hp_gain":0.0,"max_hp_loss":0.0,"gold_gain":0.0,"event_name":"Golden Idol","player_choice":"Take Damage","floor":5.0,"gold_loss":0.0,"damage_taken":17.0,"relics_obtained":["Golden Idol"]},{"damage_healed":0.0,"max_hp_gain":0.0,"max_hp_loss":10.0,"gold_gain":0.0,"event_name":"betterThird:BetterWriting","player_choice":"Simplicity","floor":19.0,"gold_loss":0.0,"damage_taken":0.0},{"damage_healed":0,"gold_gain":0,"player_choice":"Ignored","damage_taken":0,"max_hp_gain":0,"max_hp_loss":0,"event_name":"Cursed Tome","floor":20,"gold_loss":0},{"damage_healed":0,"gold_gain":0,"player_choice":"Obtained Relic","damage_taken":0,"relics_obtained":["Singing Bowl"],"max_hp_gain":0,"max_hp_loss":0,"event_name":"Addict","floor":22,"gold_loss":85},{"damage_healed":0,"gold_gain":0,"player_choice":"Fight","damage_taken":0,"max_hp_gain":0,"max_hp_loss":0,"event_name":"MindBloom","floor":36,"gold_loss":0},{"damage_healed":0,"gold_gain":333,"player_choice":"Gave Idol","damage_taken":0,"max_hp_gain":0,"max_hp_loss":0,"event_name":"The Moai Head","floor":39,"relics_lost":["Golden Idol"],"gold_loss":0},{"damage_healed":0,"gold_gain":0,"player_choice":"Max HP","damage_taken":0,"max_hp_gain":0,"max_hp_loss":4,"event_name":"Winding Halls","floor":42,"gold_loss":0}],"is_beta":false,"boss_relics":[{"not_picked":["Velvet Choker","Ring of the Serpent"],"picked":"Sozu"},{"not_picked":["SacredBark","Runic Pyramid"],"picked":"Snecko Eye"}],"items_purged_floors":[25,29,29,46,46],"is_endless":false,"potions_floor_spawned":[1,10,13,21,27,31,36,38,41],"killed_by":"Time Eater","ascension_level":9}}