{"host":"v3qphhcqhwfpabne","time":1612705176,"event":{"mods":["100% Spire Juice","2.2 Compatiblity","BaseMod","CapriCore","KinomotoSakuraMod(ÙÊñýÜâ?)","Koishi","Marisa£¨Ùöéë¡¡Øª×âÞÞ£©","Minty Spire (QoL Compilation)","Permanent Neow","Prisma Mod","StSLib","Td1madao Mod","The Bug Knight","The Cursed","The Immortal","The Runesmith","WarShipGirlsR/??á´Ò³R mod"],"gold_per_floor":[115,125,135,135,155,0,0,0],"floor_reached":7,"language":"KOR","playtime":330,"items_purged":["Runesmith:Strike_RS"],"score":43,"play_id":"a89fe389-3b06-4b48-803e-5dbbf1b85b05","local_time":"20210207223936","is_ascension_mode":false,"campfire_choices":[],"circlet_count":0,"master_deck":["Runesmith:Strike_RS","Runesmith:Strike_RS","Runesmith:Strike_RS","Runesmith:Defend_RS","Runesmith:Defend_RS","Runesmith:Defend_RS","Runesmith:Defend_RS","Runesmith:CraftFirestone","Runesmith:Fortify","Writhe","Runesmith:MetallurgicalResearch","Runesmith:Attraction","Runesmith:PoweredAnvil"],"relics":["Runesmith:BrokenRuby","Golden Idol"],"acts_visited":["Exordium"],"potions_floor_usage":[7],"damage_taken":[{"damage":7,"enemies":"2 Louse","floor":1,"turns":4},{"damage":0,"enemies":"Jaw Worm","floor":2,"turns":4},{"damage":11,"enemies":"Small Slimes","floor":3,"turns":3},{"damage":22,"enemies":"3 Louse","floor":5,"turns":4},{"damage":14,"enemies":"Gremlin Nob","floor":7,"turns":2}],"seed_played":"-1789013418312962308","potions_obtained":[{"floor":2,"key":"DuplicationPotion"},{"floor":3,"key":"ColorlessPotion"}],"is_trial":false,"path_per_floor":["M","M","M","?","M","$","E"],"character_chosen":"RUNESMITH_CLASS","items_purchased":["Runesmith:PoweredAnvil"],"campfire_rested":0,"item_purchase_floors":[6],"current_hp_per_floor":[63,63,52,35,13,13,0,0],"gold":0,"neow_bonus":"THREE_RARE_CARDS","is_daily":false,"chose_seed":false,"campfire_upgraded":0,"win_rate":0.0,"timestamp":1612705176,"path_taken":["M","M","M","?","M","$","E"],"items_purchased_type":["Card"],"build_version":"2020-12-22","purchased_purges":1,"victory":false,"max_hp_per_floor":[70,70,70,70,70,70,70,70],"card_choices":[{"not_picked":["Runesmith:ArcReactor","Runesmith:CraftIndustria"],"picked":"Runesmith:MetallurgicalResearch","floor":0},{"not_picked":["Runesmith:Prism","Runesmith:StaticCage","Runesmith:BackupBattery"],"picked":"SKIP","floor":1},{"not_picked":["Runesmith:NegativeSpace","Runesmith:ShiftingStrike","Runesmith:BackupBattery"],"picked":"SKIP","floor":2},{"not_picked":["Runesmith:UnstableHammer","Runesmith:RuneHurl","Runesmith:HammerThrow"],"picked":"SKIP","floor":3},{"not_picked":["Runesmith:MakeshiftArmor","Runesmith:Firestorm"],"picked":"Runesmith:Attraction","floor":5}],"player_experience":94718,"relics_obtained":[],"event_choices":[{"damage_healed":0,"gold_gain":0,"player_choice":"Take Damage","damage_taken":17,"relics_obtained":["Golden Idol"],"max_hp_gain":0,"max_hp_loss":0,"event_name":"Golden Idol","floor":4,"gold_loss":0}],"is_beta":false,"boss_relics":[],"items_purged_floors":[6],"is_endless":false,"potions_floor_spawned":[2,3],"killed_by":"Gremlin Nob","ascension_level":0}}