{"host":"2tgyrzvaa7l04o2e","time":1612715603,"event":{"mods":["BaseMod","Highlight Path","Minty Spire (QoL Compilation)","Permanent Neow","Relic Stats"],"gold_per_floor":[109,124,137,153,173,173,173],"floor_reached":6,"language":"ENG","playtime":252,"items_purged":[],"score":72,"play_id":"f0be6cac-00e9-4e4b-abc2-72642899119e","local_time":"20210207173323","is_ascension_mode":true,"campfire_choices":[],"circlet_count":0,"master_deck":["AscendersBane","Strike_B","Strike_B","Strike_B","Strike_B","Defend_B","Defend_B","Defend_B","Defend_B","Zap","Dualcast","Sweeping Beam","Cold Snap","Gash","Hologram","Buffer","Coolheaded","Compile Driver","Gash","Glacier","Hologram"],"relics":["Cracked Core","Prayer Wheel"],"acts_visited":["Exordium"],"potions_floor_usage":[],"damage_taken":[{"damage":7,"enemies":"Jaw Worm","floor":1,"turns":3},{"damage":7,"enemies":"Small Slimes","floor":2,"turns":3},{"damage":0,"enemies":"Cultist","floor":3,"turns":3},{"damage":6,"enemies":"Blue Slaver","floor":4,"turns":4},{"damage":4,"enemies":"2 Fungi Beasts","floor":5,"turns":4},{"damage":24,"enemies":"Gremlin Nob","floor":6,"turns":4}],"seed_played":"-7026349648065760890","potions_obtained":[{"floor":3,"key":"FearPotion"}],"is_trial":false,"path_per_floor":["M","M","M","M","M","E"],"character_chosen":"DEFECT","items_purchased":[],"campfire_rested":0,"item_purchase_floors":[],"current_hp_per_floor":[39,32,32,26,22,0,0],"gold":173,"neow_bonus":"ONE_RARE_RELIC","is_daily":false,"chose_seed":false,"campfire_upgraded":0,"win_rate":0.0,"timestamp":1612715603,"path_taken":["M","M","M","M","M","E"],"items_purchased_type":[],"build_version":"2020-12-22","purchased_purges":0,"victory":false,"max_hp_per_floor":[71,71,71,71,71,71,71],"relic_stats":{"counters":[6,21],"Prayer Wheel":5,"obtain_stats":[{"Prayer Wheel":0,"Cracked Core":0},{"Prayer Wheel":0,"Cracked Core":0},{"Prayer Wheel":0,"Cracked Core":0}]},"card_choices":[{"not_picked":["Steam","Scrape"],"picked":"Sweeping Beam","floor":1},{"not_picked":["Turbo","Rebound"],"picked":"Cold Snap","floor":1},{"not_picked":["BootSequence","Reboot"],"picked":"Gash","floor":2},{"not_picked":["Turbo","Redo"],"picked":"Hologram","floor":2},{"not_picked":["Beam Cell","Leap"],"picked":"Buffer","floor":3},{"not_picked":["Tempest","Storm"],"picked":"Coolheaded","floor":3},{"not_picked":["Sweeping Beam","Auto Shields"],"picked":"Compile Driver","floor":4},{"not_picked":["Ball Lightning","Stack"],"picked":"Gash","floor":4},{"not_picked":["Gash","Compile Driver"],"picked":"Glacier","floor":5},{"not_picked":["Biased Cognition","Cold Snap"],"picked":"Hologram","floor":5}],"player_experience":702755,"relics_obtained":[],"event_choices":[],"is_beta":false,"boss_relics":[],"items_purged_floors":[],"is_endless":false,"potions_floor_spawned":[3],"killed_by":"Gremlin Nob","ascension_level":16}}