{"host":"5njoj2zap3ickz2y","time":1612711892,"event":{"mods":["BaseMod","Colored Map","Downfall","Minty Spire (QoL Compilation)","Permanent Neow","Quick Restart","Relic Stats","StSLib","Unceasing Turn Reminder"],"gold_per_floor":[86],"floor_reached":0,"language":"ENG","playtime":0,"items_purged":[],"score":0,"play_id":"9e4f4ac4-399e-41cd-b8ef-91f9a9d97332","local_time":"20210207073124","is_ascension_mode":false,"campfire_choices":[],"circlet_count":0,"master_deck":["Guardian:Defend_Guardian","Guardian:CurlUp","Guardian:TwinSlam+1","Flash of Steel","Guardian:SentryBeam+1","Guardian:MultiBeam+1","Guardian:TemporalShield","Guardian:EvasiveProtocol","Guardian:EvasiveProtocol","Guardian:Clone","Guardian:StasisStrike+1","Guardian:Harden+1","Guardian:RollAttack","Guardian:BronzeArmor+1","Guardian:ArmoredProtocol","Slimebound:Tackle+1","Slimebound:Tackle+1","Slimebound:Tackle+1","Guardian:StasisStrike+1","Guardian:TimeSifter+1","Guardian:DonusPower","Guardian:Incinerate+1","Guardian:Gem_White","Guardian:Gem_Lightblue"],"relics":[],"acts_visited":["Exordium","TheCity","TheBeyond"],"potions_floor_usage":[],"damage_taken":[],"seed_played":"-4006495322420066620","potions_obtained":[],"is_trial":false,"path_per_floor":[],"character_chosen":"GUARDIAN","items_purchased":[],"campfire_rested":0,"item_purchase_floors":[],"current_hp_per_floor":[56],"gold":86,"neow_bonus":"","is_daily":false,"chose_seed":false,"campfire_upgraded":0,"win_rate":0.0,"timestamp":1612711884,"path_taken":[],"items_purchased_type":[],"build_version":"2020-12-22","purchased_purges":0,"victory":false,"max_hp_per_floor":[94],"relic_stats":{"counters":[28,145],"obtain_stats":[{"Girya":31,"Lantern":24,"Lee\u0027s Waffle":25,"Guardian:ModeShifterPlus":17,"Gremlin Horn":24,"Torii":27,"Happy Flower":41,"Guardian:ModeShifter":0,"GremlinMask":8,"Thread and Needle":25,"downfall:HeartBlessingGreen":35,"Empty Cage":34,"Guardian:PickAxe":39,"Centennial Puzzle":46,"Matryoshka":23,"HornCleat":27,"Mummified Hand":13,"Strawberry":7},{"Girya":19,"Lantern":15,"Lee\u0027s Waffle":16,"Guardian:ModeShifterPlus":11,"Gremlin Horn":15,"Torii":17,"Happy Flower":25,"Guardian:ModeShifter":0,"GremlinMask":3,"Thread and Needle":16,"downfall:HeartBlessingGreen":21,"Empty Cage":21,"Guardian:PickAxe":24,"Centennial Puzzle":28,"Matryoshka":15,"HornCleat":17,"Mummified Hand":8,"Strawberry":3},{"Girya":94,"Lantern":71,"Lee\u0027s Waffle":75,"Guardian:ModeShifterPlus":49,"Gremlin Horn":71,"Torii":84,"Happy Flower":127,"Guardian:ModeShifter":0,"GremlinMask":10,"Thread and Needle":75,"downfall:HeartBlessingGreen":109,"Empty Cage":109,"Guardian:PickAxe":122,"Centennial Puzzle":145,"Matryoshka":71,"HornCleat":84,"Mummified Hand":30,"Strawberry":10}]},"card_choices":[],"player_experience":1786931,"relics_obtained":[],"event_choices":[],"is_beta":false,"boss_relics":[],"items_purged_floors":[],"is_endless":false,"potions_floor_spawned":[],"ascension_level":0}}