{"host":"6hzrz31j95f2y1pa","time":1612725431,"event":{"mods":["BaseMod","Colored Map","Downfall","Minty Spire (QoL Compilation)","StSLib"],"gold_per_floor":[99,112,112,127,144,144,194,220,239,258,258,278,278,309,325,422,422,322,341,360,360,73,73,73,89,122,122,122,153,53,68,87,183,183,183,199,215,215,226,441,441,457,357,385,535,549,549,563,582,582,582,607,0,0,0,0],"floor_reached":57,"language":"ENG","playtime":2961,"items_purged":["downfall:Icky","Guardian:Strike_Guardian","Guardian:Strike_Guardian"],"score":1533,"play_id":"eb05928b-a7a7-4849-a359-e3738997f408","local_time":"20210207141711","is_ascension_mode":true,"campfire_choices":[{"data":"Guardian:TwinSlam","floor":1.0,"key":"SMITH"},{"floor":11.0,"key":"REST"},{"data":"1","floor":13.0,"key":"LIFT"},{"data":"2","floor":18.0,"key":"LIFT"},{"floor":23.0,"key":"REST"},{"data":"3","floor":30.0,"key":"LIFT"},{"floor":35.0,"key":"RECALL"},{"floor":43.0,"key":"REST"},{"floor":47,"key":"REST"},{"floor":54,"key":"REST"}],"circlet_count":0,"master_deck":["Guardian:Defend_Guardian","Guardian:Defend_Guardian","Guardian:CurlUp+1","Guardian:TwinSlam+1","Guardian:VentSteam+1","Guardian:ChargeCore","Guardian:FloatingOrbs","Guardian:ChargeUp","Guardian:Reroute","Guardian:BaubleBeam","Guardian:ShieldCharger","Guardian:FastForward","Guardian:BronzeOrb","Guardian:CrystalBeam","Guardian:Gem_Synthetic","Guardian:TemporalShield+1","Guardian:Repulse+1","Guardian:BronzeArmor","Guardian:StasisEngine","Guardian:CrystalBeam"],"relics":["Guardian:ModeShifter","War Paint","PreservedInsect","Girya","Oddly Smooth Stone","Fusion Hammer","downfall:HeartBlessingGreen","Guardian:BottledAnomaly","Pantograph","Calipers","Centennial Puzzle","downfall:HeartBlessingBlue","Cursed Key","downfall:HeartBlessingRed","Nunchaku","TheAbacus","Ice Cream"],"acts_visited":["Exordium","TheCity","TheBeyond","TheEnding"],"potions_floor_usage":[50,56,56,56,56],"damage_taken":[{"damage":4.0,"enemies":"Jaw Worm","floor":2.0,"turns":4.0},{"damage":6.0,"enemies":"Small Slimes","floor":4.0,"turns":4.0},{"damage":1.0,"enemies":"Cultist","floor":5.0,"turns":3.0},{"damage":15.0,"enemies":"Lagavulin","floor":8.0,"turns":5.0},{"damage":4.0,"enemies":"Exordium Wildlife","floor":9.0,"turns":5.0},{"damage":8.0,"enemies":"Blue Slaver","floor":10.0,"turns":4.0},{"damage":6.0,"enemies":"Gremlin Gang","floor":12.0,"turns":6.0},{"damage":8.0,"enemies":"Gremlin Nob","floor":14.0,"turns":3.0},{"damage":4.0,"enemies":"3 Louse","floor":15.0,"turns":3.0},{"damage":20.0,"enemies":"DF_ARCHETYPE_STREAMLINE","floor":16.0,"turns":6.0},{"damage":12.0,"enemies":"Shell Parasite","floor":19.0,"turns":3.0},{"damage":1.0,"enemies":"Spheric Guardian","floor":20.0,"turns":3.0},{"damage":5.0,"enemies":"downfall:FleeingMerchant","floor":22.0,"turns":4.0},{"damage":0.0,"enemies":"Cultist and Chosen","floor":25.0,"turns":5.0},{"damage":7.0,"enemies":"Gremlin Leader","floor":26.0,"turns":4.0},{"damage":20.0,"enemies":"Slavers","floor":29.0,"turns":4.0},{"damage":2.0,"enemies":"Snecko","floor":31.0,"turns":3.0},{"damage":10.0,"enemies":"Snake Plant","floor":32.0,"turns":3.0},{"damage":13.0,"enemies":"IC_MUSHROOM_ARCHETYPE","floor":33.0,"turns":5.0},{"damage":5.0,"enemies":"3 Darklings","floor":36.0,"turns":4.0},{"damage":0.0,"enemies":"Orb Walker","floor":37.0,"turns":2.0},{"damage":0.0,"enemies":"Spire Growth","floor":39.0,"turns":4.0},{"damage":0.0,"enemies":"downfall:FleeingMerchant","floor":40.0,"turns":3.0},{"damage":2.0,"enemies":"4 Shapes","floor":42.0,"turns":4.0},{"damage":1.0,"enemies":"Giant Head","floor":44.0,"turns":4.0},{"damage":6,"enemies":"Writhing Mass","floor":46,"turns":5},{"damage":0,"enemies":"3 Darklings","floor":48,"turns":4},{"damage":0,"enemies":"4 Shapes","floor":49,"turns":4},{"damage":84,"enemies":"WA_ARCHETYPE_DIVINITY","floor":50,"turns":18},{"damage":12,"enemies":"downfall:CharBossMerchant","floor":52,"turns":8},{"damage":8,"enemies":"downfall:NeowBoss","floor":55,"turns":14},{"damage":28,"enemies":"downfall:NeowBossFinal","floor":56,"turns":10}],"seed_played":"6706430006881435026","potions_obtained":[{"floor":4.0,"key":"AttackPotion"},{"floor":9.0,"key":"Fruit Juice"},{"floor":14.0,"key":"CultistPotion"},{"floor":19.0,"key":"LiquidMemories"},{"floor":25.0,"key":"Slimebound:ThreeZeroPotion"},{"floor":29.0,"key":"Dexterity Potion"},{"floor":32.0,"key":"Weak Potion"},{"floor":33.0,"key":"Explosive Potion"},{"floor":42.0,"key":"Weak Potion"},{"floor":46,"key":"Dexterity Potion"},{"floor":48,"key":"Ancient Potion"}],"is_trial":false,"path_per_floor":["R","M","?","M","M","?","T","E","M","M","R","M","R","E","M","B",null,"R","M","M","?","$","R","T","M","E","T","?","E","R","M","M","B",null,"R","M","M","?","M","$","T","M","R","E","?","M","R","M","M","B",null,"E","$","R","B","B",null],"character_chosen":"GUARDIAN","items_purchased":["Guardian:Gem_Cyan","Guardian:BottledAnomaly","TheAbacus","Ice Cream","Guardian:CrystalBeam"],"campfire_rested":5,"item_purchase_floors":[22,22,53,53,53],"current_hp_per_floor":[72,68,61,55,54,54,54,39,40,32,57,51,51,43,39,19,69,69,57,56,40,35,62,62,62,55,55,55,35,45,43,33,45,86,86,81,81,87,87,87,87,85,87,86,86,80,87,87,87,3,66,54,54,80,79,59],"gold":0,"neow_bonus":"THREE_CARDS","is_daily":false,"chose_seed":false,"campfire_upgraded":1,"win_rate":0.0,"timestamp":1612725431,"path_taken":["R","M","?","M","M","?","T","E","M","M","R","M","R","E","M","BOSS","R","M","M","?","$","R","T","M","E","?","?","E","R","M","M","BOSS","R","M","M","?","M","$","T","M","R","E","?","M","R","M","M","BOSS","E","$","R","BOSS","BOSS"],"items_purchased_type":["Card","Relic","Relic","Relic","Card"],"build_version":"2020-12-22","purchased_purges":3,"victory":true,"max_hp_per_floor":[80,80,80,80,80,80,80,80,85,85,85,85,85,85,85,85,85,85,85,85,90,90,90,90,90,90,90,90,90,100,100,100,100,100,100,100,100,87,87,87,87,87,87,87,87,87,87,87,87,87,87,87,87,87,87,87],"card_choices":[{"not_picked":["Guardian:Gem_Red","Guardian:Gem_Green"],"picked":"Guardian:Gem_Crimson","floor":0.0},{"not_picked":["Guardian:Preprogram","Guardian:PrismaticBarrier"],"picked":"Guardian:VentSteam","floor":2.0},{"not_picked":["Guardian:Gem_Green","Guardian:TimeBomb"],"picked":"Guardian:Gem_Cyan","floor":4.0},{"not_picked":["Guardian:Reroute","Guardian:Orbwalk"],"picked":"Guardian:Gem_Red","floor":5.0},{"not_picked":["Guardian:RollAttack","Guardian:Gem_Green"],"picked":"Guardian:ChargeCore","floor":8.0},{"not_picked":["Guardian:WalkerClaw","Guardian:Gem_White"],"picked":"Guardian:FloatingOrbs","floor":9.0},{"not_picked":["Guardian:BodySlam","Guardian:SpikerProtocol","Guardian:ShieldCharger"],"picked":"SKIP","floor":10.0},{"not_picked":["Guardian:ShieldCharger","Guardian:TemporalStrike"],"picked":"Guardian:Gem_White","floor":12.0},{"not_picked":["Guardian:ChargeCore","Guardian:Planning"],"picked":"Guardian:ChargeUp","floor":14.0},{"not_picked":["Guardian:CrystalBeam","Guardian:ChargeCore"],"picked":"Guardian:Reroute","floor":15.0},{"not_picked":["Guardian:GatlingBeam","Guardian:StasisStrike"],"picked":"Guardian:BaubleBeam","floor":16.0},{"not_picked":["Guardian:Gem_Lightblue","Guardian:Suspension+1","Guardian:TemporalStrike+1"],"picked":"SKIP","floor":19.0},{"not_picked":["Guardian:WalkerClaw","Guardian:TemporalShield"],"picked":"Guardian:Gem_Red","floor":20.0},{"not_picked":["Guardian:Reroute","Guardian:Gem_Green"],"picked":"Guardian:ShieldCharger","floor":22.0},{"not_picked":["Guardian:RollAttack","Guardian:Planning"],"picked":"Guardian:Gem_Green","floor":25.0},{"not_picked":["Guardian:PiercingHide+1","Guardian:TemporalShield"],"picked":"Guardian:FastForward","floor":26.0},{"not_picked":["Guardian:FierceBash","Guardian:ChargeCore"],"picked":"Guardian:BronzeOrb","floor":29.0},{"not_picked":["Guardian:PrimingBeam","Guardian:Reroute","Guardian:TemporalStrike"],"picked":"SKIP","floor":31.0},{"not_picked":["Guardian:PrimingBeam","Guardian:Reroute","Guardian:TemporalStrike"],"picked":"SKIP","floor":31.0},{"not_picked":["Guardian:PiercingHide","Guardian:SentryBeam+1"],"picked":"Guardian:CrystalBeam","floor":32.0},{"not_picked":["Guardian:ExploitGems","Guardian:GatlingBeam"],"picked":"Guardian:Gem_Synthetic","floor":33.0},{"not_picked":["Guardian:Planning+1","Guardian:ShieldCharger","Guardian:Suspension+1"],"picked":"SKIP","floor":36.0},{"not_picked":["Guardian:Suspension","Guardian:WalkerClaw+1","Guardian:Planning+1"],"picked":"SKIP","floor":37.0},{"not_picked":["Guardian:TimeBomb+1","Guardian:Gem_Crimson","Guardian:ChargeCore+1"],"picked":"SKIP","floor":39.0},{"not_picked":["Guardian:SpikerProtocol+1","Guardian:ChargeUp+1"],"picked":"Guardian:TemporalShield+1","floor":40.0},{"not_picked":["Guardian:TemporalShield","Guardian:RollAttack","Guardian:Planning"],"picked":"SKIP","floor":42.0},{"not_picked":["Guardian:ShieldSpikes","Guardian:TimeBomb","Guardian:Harden+1"],"picked":"SKIP","floor":44.0},{"not_picked":["Guardian:GuardianWhirl","Guardian:GatlingBeam","Guardian:PiercingHide+1"],"picked":"SKIP","floor":46},{"not_picked":["Guardian:RefractedBeam","Guardian:PrimingBeam+1"],"picked":"Guardian:Repulse+1","floor":48},{"not_picked":["Guardian:Recover+1","Guardian:TemporalStrike+1"],"picked":"Guardian:BronzeArmor","floor":49},{"not_picked":["Guardian:DonusPower+1","Guardian:CrystalBeam+1"],"picked":"Guardian:StasisEngine","floor":52}],"player_experience":1408682,"relics_obtained":[{"floor":7.0,"key":"PreservedInsect"},{"floor":8.0,"key":"Girya"},{"floor":14.0,"key":"Oddly Smooth Stone"},{"floor":24.0,"key":"Pantograph"},{"floor":26.0,"key":"Calipers"},{"floor":29.0,"key":"Centennial Puzzle"},{"floor":44.0,"key":"Potion Belt"},{"floor":52,"key":"Nunchaku"}],"event_choices":[{"damage_healed":0.0,"max_hp_gain":0.0,"max_hp_loss":0.0,"gold_gain":0.0,"event_name":"Scrap Ooze","player_choice":"Success","floor":3.0,"gold_loss":0.0,"damage_taken":7.0,"relics_obtained":["War Paint"]}],"is_beta":false,"boss_relics":[{"not_picked":["SlaversCollar","SacredBark"],"picked":"Fusion Hammer"},{"not_picked":["Pandora\u0027s Box","Runic Dome"],"picked":"Cursed Key"}],"items_purged_floors":[22,40,53],"is_endless":false,"potions_floor_spawned":[4,9,14,19,25,29,32,33,39,42,46,48],"ascension_level":7}}