{"host":"sgot3i7m08vsvri4","time":1612731721,"event":{"mods":["AchievementEnabler","BaseMod","BetterRewards","Clockwork Mod","Colorless Booster Pack","Custom Start","DNKmod","Downfall","Duelist Mod","Friendly Minions","GifTheSpireLib","Gremlin Skip","Grow up Mod","Hubris","Infinite Spire","Mimic Mod","Minty Spire (QoL Compilation)","Relic Sorter","Remove Card Discount Mod","Replay The Spire","Shop Mod","StSLib","The Alterego","The Animator","The Construct","The Runesmith","The Saiyan","The Servant 0.9.4","The Vixen","Treasure Hunter"],"gold_per_floor":[10000,10016,10031,10045,10059,10059,10082,10102,10102,10118,10132,10232,10265,10284,10298,10398,10398,10398,9883,10083,10102,10102,8801,8825,8847,8076,8076,8093,8103,6060,6060,6080,6183,6183,6083,6099,6117,6137,6137,6237,6237,6254,6274,6274,6291,6309,6324,6343,6354,6354],"floor_reached":51,"language":"ENG","playtime":3989,"items_purged":[],"score":913,"play_id":"917f75db-2f5d-4c02-ac51-3a36807292fa","local_time":"20210207150201","is_ascension_mode":false,"campfire_choices":[{"floor":18,"key":"RECALL"},{"data":"Slimebound:Split","floor":27,"key":"SMITH"},{"floor":35,"key":"DIG"}],"circlet_count":0,"master_deck":["Slimebound:Strike_Slimebound","Slimebound:Strike_Slimebound","Slimebound:Strike_Slimebound","Slimebound:Tackle","Slimebound:Defend_Slimebound","Slimebound:Defend_Slimebound","Slimebound:Defend_Slimebound","Slimebound:Defend_Slimebound","Slimebound:Split+1","Slimebound:CorrosiveSpit","Slimebound:PressTheAttack","Slimebound:SplitMire","Slimebound:LivingWall","Slimebound:SplitAcid","TH:ElvenBoots","Slimebound:Schlurp","Slimebound:RallyTheTroops","Slimebound:GoopSpray","Slimebound:Gluttony","Slimebound:ProtectTheBoss","Slimebound:RollThrough","Slimebound:RollThrough","TH:EnergyPotion","Slimebound:SelfFormingGoo","ReplayTheSpireMod:Book of Names","Slimebound:SplitLeeching","Slimebound:GoopTackle+1","Slimebound:Gluttony","Slimebound:Replication","Slimebound:FinishingTackle","Slimebound:PressTheAttack","TH:DeckOfManyThings","Slimebound:Dissolve","TH:CursedSword","Slimebound:BestDefense","Slimebound:ComboTackle","Slimebound:ForwardTackle","Slimebound:SpikyOuterGoop","Slimebound:SplitBruiser","Slimebound:HauntingLick","Replay:SS_forest_2","Slimebound:GoopSpray","Slimebound:Repurpose","Slimebound:ViciousTackle","Slimebound:LeadByExample","Magnetism","Jack Of All Trades","Slimebound:RainOfGoop","Slimebound:GoopSpray","Slimebound:GoopSpray","Slimebound:LeechingTouch","Slimebound:FlameTackle","Slimebound:SplitMire+1","Slimebound:LevelUp+1","Slimebound:SlimeSpikes","Slimebound:SamplingLick+1","Slimebound:DouseInSlime","Slimebound:BestDefense","Slimebound:FinishingTackle","Secret Technique","Slimebound:Repurpose","Slimebound:SamplingLick","Slimebound:RollThrough","TH:DeckOfManyThings","Slimebound:OozeBath","Slimebound:LeadByExample","Slimebound:SplitLeeching+1","Slimebound:SplitLeeching+1","Slimebound:Repurpose+1","TH:DeckOfManyThings","Slimebound:SlimeBrawl+1","Slimebound:SplitLeeching","TH:Mimic","Slimebound:LevelUp+1","Slimebound:ComboTackle","Slimebound:ItLooksTasty+1","Slimebound:SpikyOuterGoop","Slimebound:GoopSpray+1"],"relics":["Slimebound:AbsorbEndCombat","Runesmith:AutoHammer","Toy Ornithopter","hubris:OldNail","SacredBark","Snack Pack","construct:ClawGrip","Pantograph","Replay:Lucky Slots","White Beast Statue","MerchantsRug","Orichalcum","Slimebound:AggressiveSlimeRelic","hubris:SlimyHat","Toolbox","ReplayTheSpireMod:TigerMarble","Blood Vial","Orrery","Medical Kit","hubris:ToyBattleship","Slimebound:MaxSlimesRelic","alterego_mod:SomeoneToFightFor","Runic Pyramid","downfall:HeartBlessingRed","infinitespire:Lucky Rock","hubris:Towel","Shuriken","construct:BoolHorns"],"acts_visited":["Exordium","TheCity","TheBeyond"],"potions_floor_usage":[12,12,13,15,33,33,36,42,43,50],"damage_taken":[{"damage":1.0,"enemies":"Jaw Worm","floor":2.0,"turns":3.0},{"damage":8.0,"enemies":"Small Slimes","floor":3.0,"turns":3.0},{"damage":0.0,"enemies":"Cultist","floor":4.0,"turns":2.0},{"damage":13.0,"enemies":"Large Slime","floor":5.0,"turns":5.0},{"damage":0.0,"enemies":"2 Fungi Beasts","floor":8.0,"turns":3.0},{"damage":5.0,"enemies":"Gremlin Gang","floor":10.0,"turns":5.0},{"damage":2,"enemies":"Lots of Slimes","floor":11,"turns":2},{"damage":11,"enemies":"downfall:LadyInBlue","floor":12,"turns":7},{"damage":10,"enemies":"Gremlin Nob","floor":13,"turns":4},{"damage":10,"enemies":"Exordium Thugs","floor":14,"turns":3},{"damage":0,"enemies":"Large Slime","floor":15,"turns":4},{"damage":6,"enemies":"DF_ARCHETYPE_STREAMLINE","floor":16,"turns":8},{"damage":33,"enemies":"Shell Parasite","floor":21,"turns":6},{"damage":7,"enemies":"downfall:FleeingMerchant","floor":23,"turns":4},{"damage":36,"enemies":"Snake Plant","floor":25,"turns":4},{"damage":8,"enemies":"downfall:FleeingMerchant","floor":26,"turns":4},{"damage":0,"enemies":"Snecko","floor":28,"turns":3},{"damage":16,"enemies":"Sentry and Sphere","floor":29,"turns":3},{"damage":11,"enemies":"downfall:FleeingMerchant","floor":30,"turns":4},{"damage":6,"enemies":"Centurion and Healer","floor":32,"turns":3},{"damage":2,"enemies":"IC_MUSHROOM_ARCHETYPE","floor":33,"turns":5},{"damage":15,"enemies":"3 Darklings","floor":36,"turns":3},{"damage":3,"enemies":"Orb Walker","floor":37,"turns":2},{"damage":10,"enemies":"4 Shapes","floor":38,"turns":3},{"damage":0,"enemies":"Maw","floor":42,"turns":5},{"damage":14,"enemies":"Jaw Worm Horde","floor":43,"turns":2},{"damage":25,"enemies":"Writhing Mass","floor":45,"turns":4},{"damage":24,"enemies":"Spire Growth","floor":46,"turns":3},{"damage":0,"enemies":"Sphere and 2 Shapes","floor":47,"turns":3},{"damage":23,"enemies":"3 Darklings","floor":48,"turns":2},{"damage":4,"enemies":"Jaw Worm Horde","floor":49,"turns":2},{"damage":30,"enemies":"SI_POISON_ARCHETYPE","floor":50,"turns":6}],"seed_played":"-7658936962645215621","potions_obtained":[{"floor":2.0,"key":"infinitespire:BlackPotion"},{"floor":8.0,"key":"Regen Potion"},{"floor":10.0,"key":"champ:CounterPotion"},{"floor":12,"key":"FairyPotion"},{"floor":12,"key":"construct:ShiftPotion"},{"floor":12,"key":"Adrenaline Potion"},{"floor":25,"key":"Slimebound:SlimyTonguePotion"},{"floor":26,"key":"Swift Potion"},{"floor":33,"key":"SteroidPotion"},{"floor":36,"key":"Fire Potion"},{"floor":37,"key":"Dexterity Potion"},{"floor":38,"key":"FairyPotion"},{"floor":42,"key":"Explosive Potion"},{"floor":43,"key":"DistilledChaos"}],"is_trial":false,"path_per_floor":["R","M","M","M","M","?","T","M","?","M","M","?","E","M","M","B",null,"R","?","?","M","AVR","$","T","M","$","R","M","M","$","?","M","B",null,"R","M","M","M","?","?","T","M","M","T","M","M","M","M","M","B",null],"character_chosen":"SLIMEBOUND","items_purchased":["Pantograph","Replay:Lucky Slots","Slimebound:Gluttony","Slimebound:Replication","Slimebound:FinishingTackle","Slimebound:PressTheAttack","TH:DeckOfManyThings","White Beast Statue","MerchantsRug","Slimebound:Dissolve","Slimebound:ForwardTackle","Slimebound:SpikyOuterGoop","Slimebound:SplitBruiser","Slimebound:AggressiveSlimeRelic","hubris:SlimyHat","Toolbox","Slimebound:HauntingLick","Replay:SS_forest_2","ReplayTheSpireMod:TigerMarble","Blood Vial","Slimebound:LeadByExample","Magnetism","Jack Of All Trades","Slimebound:RainOfGoop","Slimebound:GoopSpray","Slimebound:LeechingTouch","Slimebound:FlameTackle","Orrery","Medical Kit","hubris:ToyBattleship","Slimebound:MaxSlimesRelic","Slimebound:BestDefense","Slimebound:FinishingTackle","Secret Technique","Slimebound:Repurpose","Slimebound:SamplingLick"],"campfire_rested":0,"item_purchase_floors":[23,23,23,23,23,23,23,23,23,23,26,26,26,26,26,26,26,26,30,30,30,30,30,30,30,30,30,30,30,30,30,30,30,30,30,30],"current_hp_per_floor":[130,140,144,160,163,173,183,197,207,220,230,231,242,244,261,273,290,300,310,320,301,311,322,332,310,320,330,346,344,347,357,371,447,460,470,480,489,500,510,520,530,540,550,560,553,556,590,581,595,606],"gold":6354,"neow_bonus":"TEN_PERCENT_HP_BONUS","is_daily":false,"chose_seed":false,"campfire_upgraded":1,"win_rate":0.0,"timestamp":1612731721,"path_taken":["R","M","M","M","M","?","T","M","?","M","M","?","E","?","M","BOSS","R","?","?","?","AVR","?","T","M","?","R","?","M","$","?","M","BOSS","R","M","M","M","?","?","T","M","?","?","?","M","M","M","M","BOSS"],"items_purchased_type":["Relic","Relic","Card","Card","Card","Card","Card","Relic","Relic","Card","Card","Card","Card","Relic","Relic","Relic","Card","Card","Relic","Relic","Card","Card","Card","Card","Card","Card","Card","Relic","Relic","Relic","Relic","Card","Card","Card","Card","Card"],"build_version":"2020-12-22","purchased_purges":0,"victory":true,"max_hp_per_floor":[130,140,150,160,170,180,190,200,210,220,230,240,250,260,270,280,290,300,310,320,330,340,350,360,370,380,390,400,410,420,430,440,450,460,470,480,490,500,510,520,530,540,550,560,570,580,590,600,610,620],"card_choices":[{"not_picked":["Slimebound:LeechEnergy","Slimebound:SlimeTap"],"picked":"Slimebound:PressTheAttack","floor":2.0},{"not_picked":["Slimebound:SlimeBarrage","Slimebound:Equalize"],"picked":"Slimebound:SplitMire","floor":3.0},{"not_picked":["Slimebound:FormOfPuddle","Slimebound:Chomp"],"picked":"Slimebound:LivingWall","floor":4.0},{"not_picked":["Slimebound:ItLooksTasty","Slimebound:LeechingTouch"],"picked":"Slimebound:SplitAcid","floor":5.0},{"not_picked":["TH:BikiniMail"],"picked":"TH:ElvenBoots","floor":7.0},{"not_picked":["Slimebound:LeechEnergy","Slimebound:Nibble"],"picked":"Slimebound:Schlurp","floor":8.0},{"not_picked":["Slimebound:SplitLeeching","Slimebound:SlimeSpikes"],"picked":"Slimebound:RallyTheTroops","floor":10.0},{"not_picked":["Slimebound:PressTheAttack","Slimebound:SlimeSpikes"],"picked":"Slimebound:GoopSpray","floor":11},{"not_picked":["Slimebound:MegaLick","Slimebound:GrowthPunch"],"picked":"Slimebound:Gluttony","floor":12},{"not_picked":["Slimebound:HauntingLick","Slimebound:SlimeSpikes"],"picked":"Slimebound:ProtectTheBoss","floor":13},{"not_picked":["TH:Mimic","TH:BikiniMail"],"picked":"SKIP","floor":13},{"not_picked":["Slimebound:GoopTackle","Slimebound:SlimeSpikes"],"picked":"Slimebound:RollThrough","floor":14},{"not_picked":["Slimebound:GoopTackle","Slimebound:Prepare"],"picked":"Slimebound:RollThrough","floor":15},{"not_picked":["TH:ElvenBoots"],"picked":"TH:EnergyPotion","floor":16},{"not_picked":["Slimebound:LeechLife","Slimebound:Teamwork"],"picked":"Slimebound:SelfFormingGoo","floor":16},{"not_picked":["infinitespire:TheBestDefense","hubris:Fate"],"picked":"ReplayTheSpireMod:Book of Names","floor":19},{"not_picked":["Slimebound:Nibble","Slimebound:MegaLick"],"picked":"Slimebound:SplitLeeching","floor":21},{"not_picked":["Slimebound:LeechingTouch","Slimebound:LivingWall"],"picked":"Slimebound:GoopTackle+1","floor":23},{"not_picked":["TH:ArmorSpikes"],"picked":"TH:CursedSword","floor":24},{"not_picked":["Slimebound:SplitMire","Slimebound:HauntingLick"],"picked":"Slimebound:BestDefense","floor":25},{"not_picked":["Slimebound:FinishingTackle","Slimebound:Schlurp+1"],"picked":"Slimebound:ComboTackle","floor":26},{"not_picked":["Slimebound:LeechingTouch","Slimebound:Schlurp"],"picked":"Slimebound:GoopSpray","floor":28},{"not_picked":["Slimebound:SplitBruiser","Slimebound:SlimeSpikes+1"],"picked":"Slimebound:Repurpose","floor":29},{"not_picked":["Slimebound:MegaLick","Slimebound:SamplingLick"],"picked":"Slimebound:ViciousTackle","floor":30},{"not_picked":["Slimebound:Grow","Slimebound:RejuvenatingLick"],"picked":"Slimebound:SplitMire+1","floor":30},{"not_picked":["Slimebound:SlimeSpikes","Slimebound:SplitBruiser+1"],"picked":"Slimebound:LevelUp+1","floor":30},{"not_picked":["Slimebound:Grow+1","Slimebound:DouseInSlime"],"picked":"Slimebound:SlimeSpikes","floor":30},{"not_picked":["Slimebound:SplitAcid","Slimebound:LeechingTouch"],"picked":"Slimebound:SamplingLick+1","floor":30},{"not_picked":["Slimebound:RainOfGoop","Slimebound:Prepare"],"picked":"Slimebound:DouseInSlime","floor":30},{"not_picked":["Slimebound:GoopTackle","Slimebound:LeechingTouch+1"],"picked":"Slimebound:RollThrough","floor":32},{"not_picked":["TH:PixieDust"],"picked":"TH:DeckOfManyThings","floor":33},{"not_picked":["Slimebound:LeechLife","Slimebound:MassFeed"],"picked":"Slimebound:OozeBath","floor":33},{"not_picked":["Slimebound:FlameTackle","Slimebound:Dissolve+1"],"picked":"Slimebound:LeadByExample","floor":36},{"not_picked":["Slimebound:SlimeTap","Slimebound:GoopTackle"],"picked":"Slimebound:SplitLeeching+1","floor":36},{"not_picked":["Slimebound:LeechEnergy","Slimebound:PressTheAttack"],"picked":"Slimebound:SplitLeeching+1","floor":37},{"not_picked":["Slimebound:LeechEnergy","Slimebound:LevelUp"],"picked":"Slimebound:Repurpose+1","floor":38},{"not_picked":["TH:CursedSword"],"picked":"TH:DeckOfManyThings","floor":41},{"not_picked":["Slimebound:Overexert","Slimebound:Schlurp+1"],"picked":"Slimebound:SlimeBrawl+1","floor":42},{"not_picked":["Slimebound:SplitMire+1","Slimebound:Grow"],"picked":"Slimebound:SplitLeeching","floor":43},{"not_picked":["TH:ElvenBoots"],"picked":"TH:Mimic","floor":44},{"not_picked":["Slimebound:OneTwoCombo","Slimebound:SplitBruiser"],"picked":"Slimebound:LevelUp+1","floor":45},{"not_picked":["Slimebound:SplitBruiser","Slimebound:Repurpose"],"picked":"Slimebound:ComboTackle","floor":46},{"not_picked":["Slimebound:Schlurp+1","Slimebound:SplitMire"],"picked":"Slimebound:ItLooksTasty+1","floor":47},{"not_picked":["Slimebound:Prepare+1","Slimebound:HauntingLick"],"picked":"Slimebound:SpikyOuterGoop","floor":48},{"not_picked":["Slimebound:Overexert","Slimebound:Replication"],"picked":"Slimebound:GoopSpray+1","floor":49}],"player_experience":197545,"relics_obtained":[{"floor":7.0,"key":"Runesmith:AutoHammer"},{"floor":12,"key":"Toy Ornithopter"},{"floor":13,"key":"hubris:OldNail"},{"floor":24,"key":"Orichalcum"},{"floor":35,"key":"infinitespire:Lucky Rock"},{"floor":44,"key":"Shuriken"},{"floor":46,"key":"construct:BoolHorns"}],"event_choices":[{"damage_healed":0,"gold_gain":0,"player_choice":"Choice 2","damage_taken":0,"relics_obtained":["alterego_mod:SomeoneToFightFor"],"max_hp_gain":0,"max_hp_loss":0,"event_name":"Secret Garden","floor":31,"gold_loss":0}],"is_beta":false,"boss_relics":[{"not_picked":["hubris:ScarierMask","Velvet Choker"],"picked":"SacredBark"},{"not_picked":["Snecko Eye","Pandora\u0027s Box"],"picked":"Runic Pyramid"}],"items_purged_floors":[],"is_endless":false,"potions_floor_spawned":[2,8,10,11,25,26,28,29,30,32,33,36,37,38,42,43,45,46,47,48,49],"ascension_level":0}}