{"host":"c6xy0a74zz7y4nf6","time":1612672827,"event":{"mods":["BaseMod","Colored Map","Hermit","Minty Spire (QoL Compilation)","Replay The Spire","Robot Space Explorer","StSLib","The Cursed","The Death Knight","The Exalted","The Servant 0.9.4","The Wild Card"],"gold_per_floor":[117,133,148,4,179,207,227,227,227,237,237,237],"floor_reached":11,"language":"ENG","playtime":452,"items_purged":["DeathKnight:Strike_DeathKnight"],"score":75,"play_id":"e4656701-a244-4109-bbbb-fcebfaa6563d","local_time":"20210206224027","is_ascension_mode":false,"campfire_choices":[{"data":"DeathKnight:FesteringStrike","floor":8,"key":"SMITH"}],"circlet_count":0,"master_deck":["DeathKnight:Strike_DeathKnight","DeathKnight:Strike_DeathKnight","DeathKnight:Strike_DeathKnight","DeathKnight:Strike_DeathKnight","DeathKnight:Defend_DeathKnight","DeathKnight:Defend_DeathKnight","DeathKnight:Defend_DeathKnight","DeathKnight:Defend_DeathKnight","DeathKnight:Defend_DeathKnight","DeathKnight:RuneTap+1","DeathKnight:RuneStrike","DeathKnight:MutagenicPlague","DeathKnight:MutagenicPlague","DeathKnight:BloodStrike","DeathKnight:FesteringStrike+1","Doubt","DeathKnight:RuneShock","DeathKnight:Pestilence"],"relics":["DeathKnight:BrokenRuneblade","Torii","Incense Burner"],"acts_visited":["Exordium"],"potions_floor_usage":[6],"damage_taken":[{"damage":8,"enemies":"Cultist","floor":1,"turns":4},{"damage":0,"enemies":"Jaw Worm","floor":2,"turns":4},{"damage":0,"enemies":"2 Louse","floor":3,"turns":3},{"damage":24,"enemies":"Lagavulin","floor":6,"turns":5},{"damage":1,"enemies":"Looter","floor":7,"turns":3},{"damage":5,"enemies":"Lots of Slimes","floor":10,"turns":5},{"damage":58,"enemies":"Gremlin Nob","floor":11,"turns":4}],"seed_played":"4132264521543845233","potions_obtained":[{"floor":1,"key":"SteroidPotion"}],"is_trial":false,"path_per_floor":["M","M","M","$","?","E","M","R","T","M","E"],"character_chosen":"DEATH_KNIGHT","items_purchased":["DeathKnight:FesteringStrike"],"campfire_rested":0,"item_purchase_floors":[4],"current_hp_per_floor":[67,67,67,67,67,43,42,42,42,37,0,0],"gold":237,"neow_bonus":"RANDOM_EVENT","is_daily":false,"chose_seed":false,"campfire_upgraded":1,"win_rate":0.0,"timestamp":1612672827,"path_taken":["M","M","M","$","?","E","M","R","T","M","E"],"items_purchased_type":["Card"],"build_version":"2020-12-22","purchased_purges":1,"victory":false,"max_hp_per_floor":[75,75,75,75,75,75,75,75,75,75,75,75],"card_choices":[{"not_picked":["DeathKnight:BloodStrike","DeathKnight:DeathAndDecay"],"picked":"DeathKnight:MutagenicPlague","floor":1},{"not_picked":["DeathKnight:Parry","DeathKnight:BludPresence"],"picked":"DeathKnight:MutagenicPlague","floor":2},{"not_picked":["DeathKnight:RunicCorruption","DeathKnight:MutagenicPlague"],"picked":"DeathKnight:BloodStrike","floor":3},{"not_picked":["DeathKnight:FrosPresence","DeathKnight:Hemostasis"],"picked":"DeathKnight:RuneShock","floor":6},{"not_picked":["DeathKnight:ShatteringStrikes","DeathKnight:RuneShock","DeathKnight:BludPresence"],"picked":"SKIP","floor":7},{"not_picked":["DeathKnight:RuneShock","DeathKnight:UnholyFrenzy"],"picked":"DeathKnight:Pestilence","floor":10}],"player_experience":106747,"relics_obtained":[{"floor":6,"key":"Torii"},{"floor":9,"key":"Incense Burner"}],"event_choices":[{"damage_healed":0,"gold_gain":0,"player_choice":"Grow","damage_taken":0,"max_hp_gain":0,"max_hp_loss":0,"event_name":"Living Wall","floor":0,"gold_loss":0,"cards_upgraded":["DeathKnight:RuneTap"]},{"damage_healed":0,"gold_gain":175,"player_choice":"AGREE","damage_taken":0,"max_hp_gain":0,"max_hp_loss":0,"event_name":"Liars Game","floor":5,"gold_loss":0,"cards_obtained":["Doubt"]}],"is_beta":false,"boss_relics":[],"items_purged_floors":[4],"is_endless":false,"potions_floor_spawned":[1],"killed_by":"Gremlin Nob","ascension_level":0}}