{"host":"w5o3iglp98qr199u","time":1612693325,"event":{"mods":["AchievementEnabler","BaseMod","Bestiary","Colored Map","Colored Powertips","Minty Spire (QoL Compilation)","Relic Stats","StSLib","SuperFastMode"],"gold_per_floor":[117,217,237,70,88,88,114,125,151,182,182,208,208,223,223,223,223],"floor_reached":16,"language":"ENG","playtime":720,"items_purged":[],"score":163,"play_id":"3965dc46-522d-473f-a32f-cd0e4e1fa939","local_time":"20210207112205","is_ascension_mode":true,"campfire_choices":[{"data":"Tactician","floor":6,"key":"SMITH"},{"floor":11,"key":"REST"},{"data":"Neutralize","floor":13,"key":"SMITH"},{"floor":15,"key":"REST"}],"circlet_count":0,"master_deck":["Strike_G","Strike_G","Strike_G","Strike_G","Strike_G","Defend_G","Defend_G","Defend_G","Defend_G","Defend_G","Survivor","Neutralize+1","Dagger Throw","Dagger Throw","Tactician+1","PiercingWail","Dagger Spray","Backstab","Endless Agony"],"relics":["Ring of the Snake","Lantern","Smiling Mask","Bag of Marbles","Pear"],"acts_visited":["Exordium"],"potions_floor_usage":[10,10,16,16,16],"damage_taken":[{"damage":1,"enemies":"Jaw Worm","floor":1,"turns":3},{"damage":0,"enemies":"Cultist","floor":3,"turns":3},{"damage":0,"enemies":"Small Slimes","floor":5,"turns":3},{"damage":43,"enemies":"Lagavulin","floor":7,"turns":9},{"damage":0,"enemies":"Looter","floor":8,"turns":3},{"damage":6,"enemies":"3 Sentries","floor":10,"turns":8},{"damage":24,"enemies":"Gremlin Nob","floor":12,"turns":4},{"damage":16,"enemies":"Large Slime","floor":14,"turns":4},{"damage":49,"enemies":"Slime Boss","floor":16,"turns":9}],"seed_played":"-194324994342509031","potions_obtained":[{"floor":5,"key":"PowerPotion"},{"floor":12,"key":"Fire Potion"},{"floor":14,"key":"Weak Potion"}],"is_trial":false,"path_per_floor":["M","?","M","$","M","R","E","M","T","E","R","E","R","M","R","B"],"character_chosen":"THE_SILENT","items_purchased":["Tactician","Energy Potion","SteroidPotion"],"campfire_rested":2,"item_purchase_floors":[4,4,4],"current_hp_per_floor":[76,76,76,76,76,76,33,33,33,27,50,36,36,20,46,0,0],"gold":223,"neow_bonus":"TEN_PERCENT_HP_BONUS","is_daily":false,"chose_seed":false,"campfire_upgraded":2,"win_rate":0.0,"timestamp":1612693325,"path_taken":["M","?","M","$","M","R","E","M","T","E","R","E","R","M","R","BOSS"],"items_purchased_type":["Card","Potion","Potion"],"build_version":"2020-12-22","purchased_purges":0,"victory":false,"max_hp_per_floor":[77,77,77,77,77,77,77,77,77,77,77,87,87,87,87,87,87],"relic_stats":{"counters":[9,46],"Smiling Mask":0,"obtain_stats":[{"Lantern":7,"Pear":12,"Bag of Marbles":10,"Smiling Mask":9,"Ring of the Snake":0},{"Lantern":4,"Pear":7,"Bag of Marbles":6,"Smiling Mask":5,"Ring of the Snake":0},{"Lantern":18,"Pear":33,"Bag of Marbles":29,"Smiling Mask":21,"Ring of the Snake":0}],"Ring of the Snake":[18]},"card_choices":[{"not_picked":["Bane","Flying Knee"],"picked":"Dagger Throw","floor":1},{"not_picked":["Flying Knee","Footwork"],"picked":"Dagger Throw","floor":3},{"not_picked":["Infinite Blades","Predator","Catalyst"],"picked":"SKIP","floor":5},{"not_picked":["Slice","A Thousand Cuts"],"picked":"PiercingWail","floor":7},{"not_picked":["Dash","Calculated Gamble"],"picked":"Dagger Spray","floor":8},{"not_picked":["Deflect","Flying Knee","Quick Slash"],"picked":"SKIP","floor":10},{"not_picked":["Bane","Slice"],"picked":"Backstab","floor":12},{"not_picked":["Finisher","Dash"],"picked":"Endless Agony","floor":14}],"player_experience":83456,"relics_obtained":[{"floor":7,"key":"Lantern"},{"floor":9,"key":"Smiling Mask"},{"floor":10,"key":"Bag of Marbles"},{"floor":12,"key":"Pear"}],"event_choices":[{"damage_healed":0,"gold_gain":100,"player_choice":"Pray","damage_taken":0,"max_hp_gain":0,"max_hp_loss":0,"event_name":"Golden Shrine","floor":2,"gold_loss":0}],"is_beta":false,"boss_relics":[],"items_purged_floors":[],"is_endless":false,"potions_floor_spawned":[5,7,12,14],"killed_by":"Slime Boss","ascension_level":3}}