{"host":"5s7sm4h73jkd9266","time":1612635699,"event":{"mods":["AchievementEnabler","Bartender","BaseMod","Better Vampires","BetterRewards","Colored Map","Colored Powertips","Conspire","Downfall","Energized Spire","Hermit","Hubris","Magitek Elite","Minty Spire (QoL Compilation)","Potion Indicator Mod","Rare Cards Sparkle","Shop Mod","StSLib","The Blue Laboratory","The Necromancer","The Witch","Virulent Crown","everything is the same but u backflip on backflip","slay the spire mod where everything is the same but ironclad has a cowboy hat"],"gold_per_floor":[109,109,26,94,113,142,157,157,157,27,27,27,42,53,53,127,127,140,45,45,56,75,75,93,93,120,120,120,120,120,136,136,136,136],"floor_reached":33,"language":"ENG","playtime":2128,"items_purged":[],"score":663,"play_id":"89d3c774-f7c5-4755-bd86-36571230d146","local_time":"20210206132139","is_ascension_mode":true,"campfire_choices":[{"floor":8,"key":"REST"},{"floor":12,"key":"REST"},{"floor":15,"key":"REST"},{"floor":23,"key":"REST"},{"floor":28,"key":"REST"},{"floor":30,"key":"REST"},{"floor":32,"key":"REST"}],"circlet_count":0,"master_deck":["AscendersBane","Strike_B","Strike_B","Strike_B","Strike_B","Defend_B","Defend_B","Defend_B","Defend_B","Zap","Dualcast","Panache","Loop","Creative AI","Capacitor","Electrodynamics","Double Energy","Chrysalis","Sunder+1","Self Repair","Rebound","Gash","Rainbow","hubris:DuctTapeCard","Jack Of All Trades","Leap","Capacitor","Melter","Amplify","Auto Shields+1","Coolheaded","Rip and Tear","Gash","Darkness","Steam","RitualDagger","downfall:Bewildered","Compile Driver"],"relics":["Cracked Core","Orrery","Tintinnabulum","FossilizedHelix","PreservedInsect","hubris:DuctTape","hubris:Towel","Velvet Choker","Guard_Bracelet","sneckomod:BabySnecko"],"acts_visited":["Exordium","TheCity"],"potions_floor_usage":[22,24,24,31],"damage_taken":[{"damage":0.0,"enemies":"Small Slimes","floor":1.0,"turns":4.0},{"damage":0,"enemies":"Jaw Worm","floor":5,"turns":2},{"damage":16,"enemies":"Gremlin Nob","floor":6,"turns":4},{"damage":7,"enemies":"2 Louse","floor":7,"turns":3},{"damage":6,"enemies":"2 Fungi Beasts","floor":13,"turns":3},{"damage":22,"enemies":"Large Slime","floor":14,"turns":6},{"damage":57,"enemies":"Hexaghost","floor":16,"turns":10},{"damage":28,"enemies":"2 Thieves","floor":18,"turns":3},{"damage":9,"enemies":"Chosen","floor":21,"turns":6},{"damage":11,"enemies":"Sentry and Sphere","floor":22,"turns":5},{"damage":28,"enemies":"Centurion and Healer","floor":24,"turns":4},{"damage":43,"enemies":"Snake Plant","floor":31,"turns":5},{"damage":65,"enemies":"Collector","floor":33,"turns":7}],"seed_played":"-3479325388358136410","potions_obtained":[{"floor":7,"key":"blueLaboratory:BottleOfRum"},{"floor":16,"key":"blueLaboratory:BubblePotion"},{"floor":18,"key":"Energy Potion"},{"floor":22,"key":"sneckomod:MuddlingPotion"},{"floor":31,"key":"Fruit Juice"}],"is_trial":false,"path_per_floor":["M","?","$","?","M","E","M","R","T","$","?","R","M","M","R","B",null,"M","$","?","M","M","R","M","?","T","?","R","?","R","M","R","B"],"character_chosen":"DEFECT","items_purchased":["Panache","Loop","Orrery","Chrysalis","Defragment","Tintinnabulum","FossilizedHelix","Self Repair","Jack Of All Trades","Leap","Coolheaded","Rip and Tear"],"campfire_rested":7,"item_purchase_floors":[0,0,0,0,0,0,0,3,10,10,19,19],"current_hp_per_floor":[25,26,27,28,29,14,15,37,38,39,40,62,64,50,71,21,59,32,33,34,33,30,52,32,33,34,29,51,52,71,40,63,0,0],"gold":136,"neow_bonus":"","is_daily":false,"chose_seed":false,"campfire_upgraded":0,"win_rate":0.0,"timestamp":1612635699,"path_taken":["M","?","$","?","M","E","M","R","T","?","?","R","M","M","R","BOSS","M","$","?","M","M","R","M","?","T","?","R","?","R","M","R","BOSS"],"items_purchased_type":["Card","Card","Relic","Card","Card","Relic","Relic","Card","Card","Card","Card","Card"],"build_version":"2020-12-22","purchased_purges":0,"victory":false,"max_hp_per_floor":[71,71,71,71,71,71,71,71,71,71,71,71,71,71,71,71,71,71,71,71,71,71,71,71,71,71,71,71,71,71,76,76,76,76],"card_choices":[{"not_picked":["Scrape","Steam Power"],"picked":"Creative AI","floor":0.0},{"not_picked":["Turbo","Rebound"],"picked":"Capacitor","floor":0.0},{"not_picked":["Leap","Go for the Eyes"],"picked":"Defragment","floor":0.0},{"not_picked":["White Noise","Hologram"],"picked":"Electrodynamics","floor":0.0},{"not_picked":["Reprogram","Streamline"],"picked":"Double Energy","floor":0.0},{"not_picked":["Turbo","Leap"],"picked":"Sunder","floor":1.0},{"not_picked":["Double Energy","hubris:PowerSurge"],"picked":"Rebound","floor":5},{"not_picked":["Stack","Turbo"],"picked":"Gash","floor":6},{"not_picked":["Barrage","Self Repair"],"picked":"Rainbow","floor":7},{"not_picked":["Cold Snap","Compile Driver"],"picked":"Capacitor","floor":13},{"not_picked":["Coolheaded","Cold Snap"],"picked":"Melter","floor":14},{"not_picked":["Creative AI","hubris:DoWhile"],"picked":"Amplify","floor":16},{"not_picked":["BootSequence","Defragment"],"picked":"Auto Shields+1","floor":18},{"not_picked":["Leap","Hologram"],"picked":"Gash","floor":21},{"not_picked":["Skim+1","Melter"],"picked":"Darkness","floor":22},{"not_picked":["Barrage","Multi-Cast"],"picked":"Steam","floor":24},{"not_picked":["FTL","Beam Cell"],"picked":"Compile Driver","floor":31}],"player_experience":5543598,"relics_obtained":[{"floor":6,"key":"PreservedInsect"},{"floor":9,"key":"hubris:DuctTape"},{"floor":26,"key":"Guard_Bracelet"}],"event_choices":[{"damage_healed":0.0,"max_hp_gain":0.0,"max_hp_loss":0.0,"gold_gain":68.0,"event_name":"Golden Wing","player_choice":"Gained Gold","floor":4.0,"gold_loss":0.0,"damage_taken":0.0},{"damage_healed":0,"gold_gain":0,"player_choice":"Ignored","damage_taken":0,"max_hp_gain":0,"max_hp_loss":0,"event_name":"Vampires","floor":20,"gold_loss":0},{"damage_healed":0,"gold_gain":0,"player_choice":"Joined the Cult","damage_taken":6,"max_hp_gain":0,"max_hp_loss":0,"event_name":"Nest","floor":27,"gold_loss":0,"cards_obtained":["RitualDagger"]}],"is_beta":false,"boss_relics":[{"not_picked":["energizedSpire:OgreHead","Coffee Dripper"],"picked":"Velvet Choker"}],"items_purged_floors":[],"is_endless":false,"potions_floor_spawned":[7,16,18,22,31],"killed_by":"Collector","ascension_level":17}}