{"host":"6p0attdrtjqaih7v","time":1612680543,"event":{"mods":["2.2 Compatiblity","AchievementEnabler","Bard","BaseMod","Better Skull","Better Third Choice","Colored Powertips","Hermit","Highlight Path","Key Reminder","Minty Spire (QoL Compilation)","Permanent Neow","Quick Restart","Random Character Button","Relic Stats","Reliquary","Replay The Spire","Robot Space Explorer","StSLib","The Hayseed","The Witch"],"gold_per_floor":[113,310,10,30,50,50,76,76,152,185,201,201,201,33,33,135,135,148,161,99,115,131,131,165,175,199,199,231,241,43,69,69,172,172,189,42,57,57,76,101,101,101,151,165,165,183,214,232,232,132],"floor_reached":51,"language":"ENG","playtime":3817,"items_purged":["Strike_Witch","Strike_Witch","Strike_Witch"],"score":1148,"play_id":"fc832860-04a8-4187-9b23-e493c5e06b67","local_time":"20210207014903","is_ascension_mode":true,"campfire_choices":[{"data":"MortusClaw","floor":6,"key":"SMITH"},{"data":"Athame","floor":8,"key":"SMITH"},{"data":"SummonToadFamiliar","floor":12,"key":"SMITH"},{"data":"BoneCarving","floor":15,"key":"SMITH"},{"floor":23,"key":"REST"},{"data":"FatalRay","floor":27,"key":"SMITH"},{"floor":32,"key":"REST"},{"data":"MortusClaw","floor":41,"key":"SMITH"},{"data":"BloodSabbath","floor":45,"key":"SMITH"},{"data":"UnnaturalEnergy","floor":49,"key":"SMITH"}],"circlet_count":0,"master_deck":["AscendersBane","Strike_Witch","Defend_Witch","Defend_Witch","Defend_Witch","Defend_Witch","Hexguard","ZombieSpit+1","SkullFlask","ReplayTheSpireMod:Splinters","Athame+1","MortusClaw+1","BoneCarving+1","BlackBolt","TrollsBlood","Malady","SummonToadFamiliar+1","Shrooms","TrollsBlood","Athame+1","MortusClaw+1","FatalRay+1","Intelligence","Shrooms","KarmaDrain+1","BoneCarving","UnnaturalEnergy+1","StrangeBrew","GnarledBody+1","BloodSabbath+1","Schadenfreude+1","Good Instincts","GnarledBody+1","UnnaturalEnergy","PlagueSpreader+1","BlackShield+1"],"relics":["BlackCat","Pet Ghost","Replay:Baseball","Mirror","Turnip","Replay:Bronze Core","Thread and Needle","Oddly Smooth Stone","reliquary:ExpiredCoupon","Red Mask","Runic Pyramid","reliquary:PrincelyHelmet","Bronze Scales","reliquary:OuijaBoard"],"acts_visited":["Exordium","TheCity","TheBeyond"],"potions_floor_usage":[7,10,21,24,24,28,29,31,33,40,40,44],"damage_taken":[{"damage":6,"enemies":"Jaw Worm","floor":1,"turns":5},{"damage":0,"enemies":"Small Slimes","floor":4,"turns":2},{"damage":0,"enemies":"2 Louse","floor":5,"turns":2},{"damage":16,"enemies":"Gremlin Nob","floor":7,"turns":3},{"damage":4,"enemies":"Lagavulin","floor":10,"turns":3},{"damage":0,"enemies":"Blue Slaver","floor":11,"turns":3},{"damage":35,"enemies":"Hexaghost","floor":16,"turns":7},{"damage":16,"enemies":"Chosen","floor":18,"turns":6},{"damage":6,"enemies":"2 Thieves","floor":19,"turns":3},{"damage":6,"enemies":"Centurion and Healer","floor":21,"turns":10},{"damage":35,"enemies":"Snake Plant","floor":22,"turns":4},{"damage":26,"enemies":"Slavers","floor":24,"turns":9},{"damage":0,"enemies":"Snecko","floor":25,"turns":5},{"damage":1,"enemies":"Gremlin Leader","floor":28,"turns":6},{"damage":20,"enemies":"3 Cultists","floor":29,"turns":5},{"damage":0,"enemies":"Masked Bandits","floor":31,"turns":4},{"damage":54,"enemies":"Automaton","floor":33,"turns":9},{"damage":0,"enemies":"Orb Walker","floor":35,"turns":3},{"damage":3,"enemies":"3 Darklings","floor":37,"turns":9},{"damage":0,"enemies":"Maw","floor":39,"turns":11},{"damage":22,"enemies":"Reptomancer","floor":40,"turns":8},{"damage":0,"enemies":"Spire Growth","floor":44,"turns":5},{"damage":2,"enemies":"Jaw Worm Horde","floor":46,"turns":6},{"damage":0,"enemies":"Giant Head","floor":47,"turns":9},{"damage":0,"enemies":"4 Shapes","floor":48,"turns":5},{"damage":32,"enemies":"Donu and Deca","floor":50,"turns":13}],"seed_played":"-2645139072271521252","potions_obtained":[{"floor":4,"key":"DistilledChaos"},{"floor":7,"key":"Reflective Coating"},{"floor":11,"key":"Reflective Coating"},{"floor":18,"key":"LiquidMemories"},{"floor":22,"key":"LiquidMemories"},{"floor":28,"key":"Explosive Potion"},{"floor":31,"key":"Flashbang"},{"floor":33,"key":"LifebloodPotion"},{"floor":39,"key":"PowerPotion"},{"floor":40,"key":"Weak Potion"}],"is_trial":false,"path_per_floor":["M","?","$","M","M","R","E","R","T","E","M","R","?","$","R","B",null,"M","M","?","M","M","R","E","M","T","R","E","M","$","?","R","B",null,"M","$","M","?","M","E","R","?","T","M","R","M","E","M","R","B",null],"character_chosen":"WITCH","items_purchased":["MortusClaw","BlessingOfTheForge","Explosive Potion","BoneCarving","Shrooms","BoneCarving","Energy Potion","BloodSabbath"],"campfire_rested":2,"item_purchase_floors":[3,3,3,3,14,30,30,36],"current_hp_per_floor":[54,54,54,54,54,54,38,38,38,36,38,38,48,48,48,18,55,44,38,58,60,27,47,32,38,38,38,42,26,26,26,46,3,51,51,51,56,56,63,52,52,56,56,59,59,63,67,67,67,48],"gold":132,"neow_bonus":"RANDOM_COMMON_RELIC","is_daily":false,"chose_seed":false,"campfire_upgraded":8,"win_rate":0.0,"timestamp":1612680543,"path_taken":["M","?","$","M","M","R","E","R","T","E","M","R","?","$","R","BOSS","M","M","?","M","M","R","E","M","T","R","E","M","$","?","R","BOSS","M","$","M","?","M","E","R","?","T","?","R","M","E","M","R","BOSS"],"items_purchased_type":["Card","Potion","Potion","Card","Card","Card","Potion","Card"],"build_version":"2020-12-22","purchased_purges":3,"victory":true,"max_hp_per_floor":[67,67,67,67,67,67,67,67,67,67,67,67,67,67,67,67,67,67,67,67,67,67,67,67,67,67,67,67,67,67,67,67,67,67,67,67,67,67,67,67,67,67,67,67,67,67,67,67,67,67],"relic_stats":{"counters":[26,155],"Bronze Scales":[88],"Turnip":[13],"obtain_stats":[{"reliquary:OuijaBoard":47,"reliquary:PrincelyHelmet":40,"Oddly Smooth Stone":26,"Thread and Needle":24,"BlackCat":0,"Pet Ghost":0,"reliquary:ExpiredCoupon":28,"Replay:Baseball":7,"Replay:Bronze Core":17,"Bronze Scales":43,"Turnip":10,"Red Mask":31,"Mirror":9,"Runic Pyramid":34},{"reliquary:OuijaBoard":24,"reliquary:PrincelyHelmet":21,"Oddly Smooth Stone":13,"Thread and Needle":12,"BlackCat":0,"Pet Ghost":0,"reliquary:ExpiredCoupon":14,"Replay:Baseball":4,"Replay:Bronze Core":7,"Bronze Scales":21,"Turnip":5,"Red Mask":16,"Mirror":4,"Runic Pyramid":17},{"reliquary:OuijaBoard":137,"reliquary:PrincelyHelmet":117,"Oddly Smooth Stone":62,"Thread and Needle":57,"BlackCat":0,"Pet Ghost":0,"reliquary:ExpiredCoupon":68,"Replay:Baseball":12,"Replay:Bronze Core":25,"Bronze Scales":117,"Turnip":15,"Red Mask":77,"Mirror":12,"Runic Pyramid":86}]},"card_choices":[{"not_picked":["GnarledBody","Bewitch"],"picked":"SkullFlask","floor":1},{"not_picked":["WretchedNails","RiteOfWinter"],"picked":"Athame","floor":2},{"not_picked":["IllOmen","Demonfyre","Foresight"],"picked":"SKIP","floor":4},{"not_picked":["DarkProcession","BlackShield"],"picked":"BlackBolt","floor":5},{"not_picked":["Foresight","IllOmen"],"picked":"TrollsBlood","floor":7},{"not_picked":["RoilingBarrier","GrimVengeance"],"picked":"Malady","floor":10},{"not_picked":["Thundercloud","WickedThoughts"],"picked":"SummonToadFamiliar","floor":11},{"not_picked":["Graveburst","UnnaturalEnergy"],"picked":"TrollsBlood","floor":16},{"not_picked":["Atonement","Thundercloud+1"],"picked":"Athame+1","floor":18},{"not_picked":["SummonBatFamiliar","RiteOfSpring"],"picked":"MortusClaw","floor":19},{"not_picked":["Malady+1","UnnaturalEnergy"],"picked":"FatalRay","floor":21},{"not_picked":["RiteOfSpring","KarmaDrain","Atonement"],"picked":"SKIP","floor":22},{"not_picked":["Boline","StrangeBrew"],"picked":"Intelligence","floor":24},{"not_picked":["IllusionOfStrength","ChosenOfTheMoon","BlackBolt"],"picked":"SKIP","floor":25},{"not_picked":["DireShriek","TwistedMind"],"picked":"Shrooms","floor":28},{"not_picked":["BlackShield+1","ChosenOfTheMoon"],"picked":"KarmaDrain+1","floor":29},{"not_picked":["PlagueSpreader","DarkProcession"],"picked":"UnnaturalEnergy","floor":31},{"not_picked":["ChosenOfTheMoon","RustWall"],"picked":"StrangeBrew","floor":33},{"not_picked":["RoilingBarrier","WickedThoughts+1"],"picked":"GnarledBody+1","floor":35},{"not_picked":["TrollsBlood","SummonCatFamiliar"],"picked":"Schadenfreude+1","floor":37},{"not_picked":["Master of Strategy","Jack Of All Trades"],"picked":"Good Instincts","floor":38},{"not_picked":["MercuryWand","Thundercloud+1"],"picked":"GnarledBody+1","floor":39},{"not_picked":["SummonToadFamiliar","LivingBomb","MortusClaw"],"picked":"SKIP","floor":40},{"not_picked":["Athame","SaltCircle","GnarledBody"],"picked":"SKIP","floor":44},{"not_picked":["EvilEye","RoilingBarrier"],"picked":"UnnaturalEnergy","floor":46},{"not_picked":["Broomstick+1","BleedOut+1"],"picked":"PlagueSpreader+1","floor":47},{"not_picked":["Puncture","MercuryWand+1"],"picked":"BlackShield+1","floor":48}],"player_experience":1061493,"relics_obtained":[{"floor":7,"key":"Replay:Baseball"},{"floor":9,"key":"Mirror"},{"floor":10,"key":"Turnip"},{"floor":24,"key":"Thread and Needle"},{"floor":26,"key":"Oddly Smooth Stone"},{"floor":28,"key":"reliquary:ExpiredCoupon"},{"floor":31,"key":"Red Mask"},{"floor":40,"key":"reliquary:PrincelyHelmet"},{"floor":43,"key":"Bronze Scales"},{"floor":47,"key":"reliquary:OuijaBoard"}],"event_choices":[{"damage_healed":0,"gold_gain":0,"player_choice":"Fought Bandits","damage_taken":0,"max_hp_gain":0,"max_hp_loss":0,"event_name":"Masked Bandits","floor":31,"gold_loss":0},{"damage_healed":0,"gold_gain":0,"player_choice":"Memory 1","damage_taken":0,"max_hp_gain":0,"max_hp_loss":0,"event_name":"SensoryStone","floor":38,"gold_loss":0},{"damage_healed":4,"gold_gain":0,"player_choice":"LEAVE ","damage_taken":0,"relics_obtained":[],"max_hp_gain":0,"max_hp_loss":0,"event_name":"betterSkull:BetterSkull","floor":42,"gold_loss":0,"cards_upgraded":[]}],"is_beta":false,"boss_relics":[{"not_picked":["Replay:Wanted Poster","Pandora\u0027s Box"],"picked":"Replay:Bronze Core"},{"not_picked":["Calling Bell","ChewingGum"],"picked":"Runic Pyramid"}],"items_purged_floors":[3,14,30],"is_endless":false,"potions_floor_spawned":[4,7,11,18,22,28,31,33,39,40],"ascension_level":10}}