{"host":"5s7sm4h73jkd9266","time":1612633458,"event":{"mods":["AchievementEnabler","Bartender","BaseMod","Better Vampires","BetterRewards","Colored Map","Colored Powertips","Conspire","Downfall","Energized Spire","Hermit","Hubris","Magitek Elite","Minty Spire (QoL Compilation)","Potion Indicator Mod","Rare Cards Sparkle","Shop Mod","StSLib","The Blue Laboratory","The Necromancer","The Witch","Virulent Crown","everything is the same but u backflip on backflip","slay the spire mod where everything is the same but ironclad has a cowboy hat"],"gold_per_floor":[132,211,243,278,312,312,312,312,335,335,335,345,7,7,7,86,86,54,54,54,69,69,69,69,69],"floor_reached":24,"language":"ENG","playtime":3417,"items_purged":[],"score":525,"play_id":"68394737-6894-46f5-af5a-da781599f37b","local_time":"20210206124418","is_ascension_mode":true,"campfire_choices":[{"floor":6.0,"key":"REST"},{"floor":8.0,"key":"REST"},{"floor":10.0,"key":"REST"},{"data":"hubris:EnhanceAbility","floor":15.0,"key":"SMITH"},{"floor":23,"key":"REST"}],"circlet_count":0,"master_deck":["AscendersBane","Strike_B+1","Strike_B+1","Strike_B","Strike_B","Defend_B","Defend_B","Defend_B","Zap+1","Dualcast","Conserve Battery","HandOfGreed","Self Repair","hubris:EnhanceAbility+1","Conserve Battery","Cold Snap","Creative AI","Pain","Genetic Algorithm","Self Repair","Sweeping Beam","Hologram","Thunder Strike","Cold Snap","Aggregate","Leap","Shame"],"relics":["Cracked Core","Whetstone","Chemical X","HandDrill","Juzu Bracelet","Blood Vial","WarpedTongs","Runic Capacitor","Meat on the Bone"],"acts_visited":["Exordium","TheCity"],"potions_floor_usage":[21],"damage_taken":[{"damage":0.0,"enemies":"Small Slimes","floor":1.0,"turns":3.0},{"damage":7.0,"enemies":"Jaw Worm","floor":3.0,"turns":2.0},{"damage":0.0,"enemies":"Cultist","floor":4.0,"turns":5.0},{"damage":41.0,"enemies":"Gremlin Gang","floor":5.0,"turns":6.0},{"damage":3.0,"enemies":"Looter","floor":12.0,"turns":3.0},{"damage":43.0,"enemies":"Hexaghost","floor":16.0,"turns":11.0},{"damage":16.0,"enemies":"2 Thieves","floor":18.0,"turns":5.0},{"damage":20,"enemies":"Shell Parasite","floor":21,"turns":5},{"damage":90,"enemies":"Slavers","floor":24,"turns":4}],"seed_played":"-8533438867836712280","potions_obtained":[{"floor":1.0,"key":"Regen Potion"},{"floor":4.0,"key":"SkillPotion"},{"floor":12.0,"key":"ColorlessPotion"},{"floor":16.0,"key":"hexamod:SoulburnPotion"}],"is_trial":false,"path_per_floor":["M","?","M","M","M","R","?","R","T","R","?","M","$","?","R","B",null,"M","?","?","M","?","R","E"],"character_chosen":"DEFECT","items_purchased":["Conserve Battery","Whetstone","Chemical X","HandOfGreed","Self Repair","hubris:EnhanceAbility","HandDrill","Juzu Bracelet","Self Repair","Runic Capacitor","Sweeping Beam","Hologram"],"campfire_rested":4,"item_purchase_floors":[0,0,0,0,0,0,0,0,13,13,13,13],"current_hp_per_floor":[31,31,24,45,11,32,32,53,53,71,71,71,71,71,71,42,64,70,50,50,52,52,74,0,0],"gold":69,"neow_bonus":"","is_daily":false,"chose_seed":false,"campfire_upgraded":1,"win_rate":0.0,"timestamp":1612633458,"path_taken":["M","?","M","M","M","R","?","R","T","R","?","M","$","?","R","BOSS","M","?","?","M","?","R","E"],"items_purchased_type":["Card","Relic","Relic","Card","Card","Card","Relic","Relic","Card","Relic","Card","Card"],"build_version":"2020-12-22","purchased_purges":0,"victory":false,"max_hp_per_floor":[71,71,71,71,71,71,71,71,71,71,71,71,71,71,71,71,71,71,76,76,76,76,76,76,76],"card_choices":[{"not_picked":["Turbo","Barrage"],"picked":"Steam","floor":1.0},{"not_picked":["Steam","Storm"],"picked":"Conserve Battery","floor":3.0},{"not_picked":["Beam Cell","Redo"],"picked":"Cold Snap","floor":4.0},{"not_picked":["Undo","Lockon"],"picked":"Creative AI","floor":5.0},{"not_picked":["Coolheaded","Barrage"],"picked":"Genetic Algorithm","floor":12.0},{"not_picked":["hubris:DoWhile","All For One"],"picked":"Thunder Strike","floor":16.0},{"not_picked":["Coolheaded","Stack"],"picked":"Cold Snap","floor":18.0},{"not_picked":["Recycle","Beam Cell"],"picked":"Leap","floor":21}],"player_experience":5540181,"relics_obtained":[{"floor":9.0,"key":"Blood Vial"}],"event_choices":[{"damage_healed":0.0,"max_hp_gain":0.0,"max_hp_loss":0.0,"gold_gain":79.0,"event_name":"Golden Wing","player_choice":"Gained Gold","floor":2.0,"gold_loss":0.0,"damage_taken":0.0},{"damage_healed":0.0,"max_hp_gain":0.0,"max_hp_loss":0.0,"gold_gain":0.0,"event_name":"Living Wall","player_choice":"Grow","floor":7.0,"gold_loss":0.0,"damage_taken":0.0,"cards_upgraded":["Zap"]},{"damage_healed":0.0,"max_hp_gain":0.0,"max_hp_loss":0.0,"gold_gain":0.0,"event_name":"Accursed Blacksmith","player_choice":"Rummage","floor":11.0,"gold_loss":0.0,"damage_taken":0.0,"relics_obtained":["WarpedTongs"],"cards_obtained":["Pain"]},{"cards_removed":["Defend_B"],"damage_healed":0.0,"max_hp_gain":0.0,"max_hp_loss":0.0,"gold_gain":0.0,"event_name":"Bonfire Elementals","player_choice":"Offered Basic","floor":14.0,"gold_loss":0.0,"damage_taken":0.0},{"damage_healed":0.0,"max_hp_gain":5.0,"max_hp_loss":0.0,"gold_gain":0.0,"event_name":"Forgotten Altar","player_choice":"Shed Blood","floor":19.0,"gold_loss":0.0,"damage_taken":25.0},{"damage_healed":0.0,"max_hp_gain":0.0,"max_hp_loss":0.0,"gold_gain":0.0,"cards_transformed":["Steam"],"event_name":"Transmorgrifier","player_choice":"Transformed","floor":20.0,"gold_loss":0.0,"damage_taken":0.0,"cards_obtained":["Aggregate"]},{"damage_healed":0,"gold_gain":0,"player_choice":"Stole Relic","damage_taken":0,"relics_obtained":["Meat on the Bone"],"max_hp_gain":0,"max_hp_loss":0,"event_name":"Addict","floor":22,"gold_loss":0,"cards_obtained":["Shame"]}],"is_beta":false,"boss_relics":[{"not_picked":["energizedSpire:DeadBattery","energizedSpire:MagnifyingGlass","hubris:VirtuousBlindfold"]}],"items_purged_floors":[],"is_endless":false,"potions_floor_spawned":[1,4,12,16],"killed_by":"Slavers","ascension_level":17}}