{"host":"2yqfi47fogfu1ic4","time":1612692072,"event":{"mods":["AchievementEnabler","BaseMod","Colored Map","Colored Powertips","Highlight Path","Minty Spire (QoL Compilation)","Permanent Neow","Relic Stats","StSLib"],"gold_per_floor":[111,111,122,137,137,137,173,248,248,83,83,121,121,464,464,558,558,573,596,521,521,546,159,174,174,201,217,237,237,237,288,288,382,382,400,413,426,426,301,301,301,335,358,358,358,393,393,408,408,408,408,408],"floor_reached":51,"language":"DEU","playtime":4537,"items_purged":["Riddle With Holes","Distraction","Backstab"],"score":1421,"play_id":"1bf958e4-bd94-4e0b-8677-10fed5f24eaf","local_time":"20210207110112","is_ascension_mode":true,"campfire_choices":[{"data":"Dagger Spray","floor":6.0,"key":"SMITH"},{"floor":13.0,"key":"REST"},{"data":"Crippling Poison","floor":15.0,"key":"SMITH"},{"floor":25.0,"key":"REST"},{"data":"Adrenaline","floor":29.0,"key":"SMITH"},{"data":"Well Laid Plans","floor":32.0,"key":"SMITH"},{"data":"Reflex","floor":40,"key":"SMITH"},{"floor":44,"key":"REST"},{"floor":47,"key":"RECALL"},{"data":"Bouncing Flask","floor":49,"key":"SMITH"}],"circlet_count":0,"master_deck":["AscendersBane","Survivor","Neutralize","Dagger Spray+1","Quick Slash","Dash","Dagger Spray","Acrobatics","Crippling Poison+1","Dash","Deadly Poison","Adrenaline+1","Corpse Explosion","After Image","Dagger Throw","Bouncing Flask+1","Underhanded Strike","Corpse Explosion","All Out Attack","Dodge and Roll","Reflex+1","Acrobatics","Blur","Dodge and Roll+1","Riddle With Holes","Acrobatics","PiercingWail+1","Backflip"],"relics":["SlaversCollar","Golden Idol","Tough Bandages","Orrery","Matryoshka","Old Coin","Pandora\u0027s Box","Pantograph","Eternal Feather","Anchor","Boot","Pen Nib","Snecko Eye","Nunchaku","Art of War","Singing Bowl"],"acts_visited":["Exordium","TheCity","TheBeyond"],"potions_floor_usage":[50,50],"damage_taken":[{"damage":8.0,"enemies":"2 Louse","floor":1.0,"turns":3.0},{"damage":4.0,"enemies":"Small Slimes","floor":3.0,"turns":5.0},{"damage":0.0,"enemies":"Jaw Worm","floor":4.0,"turns":5.0},{"damage":2.0,"enemies":"Lagavulin","floor":7.0,"turns":6.0},{"damage":0.0,"enemies":"Gremlin Gang","floor":11.0,"turns":3.0},{"damage":12.0,"enemies":"Gremlin Nob","floor":12.0,"turns":4.0},{"damage":9.0,"enemies":"3 Sentries","floor":14.0,"turns":7.0},{"damage":4.0,"enemies":"Hexaghost","floor":16.0,"turns":8.0},{"damage":9.0,"enemies":"Chosen","floor":18.0,"turns":4.0},{"damage":12.0,"enemies":"3 Byrds","floor":19.0,"turns":2.0},{"damage":0.0,"enemies":"3 Cultists","floor":22.0,"turns":2.0},{"damage":20.0,"enemies":"Chosen and Byrds","floor":24.0,"turns":6.0},{"damage":3.0,"enemies":"Snecko","floor":27.0,"turns":4.0},{"damage":21.0,"enemies":"Sentry and Sphere","floor":28.0,"turns":7.0},{"damage":41.0,"enemies":"Automaton","floor":33.0,"turns":10.0},{"damage":0.0,"enemies":"Orb Walker","floor":35.0,"turns":4.0},{"damage":0.0,"enemies":"3 Darklings","floor":36.0,"turns":2.0},{"damage":24.0,"enemies":"Maw","floor":37.0,"turns":7.0},{"damage":32,"enemies":"Giant Head","floor":42,"turns":6},{"damage":11,"enemies":"Reptomancer","floor":46,"turns":5},{"damage":19,"enemies":"Transient","floor":48,"turns":6},{"damage":51,"enemies":"Awakened One","floor":50,"turns":13},{"damage":58,"enemies":"Time Eater","floor":51,"turns":4}],"seed_played":"-8417254348709085921","potions_obtained":[{"floor":1.0,"key":"SteroidPotion"},{"floor":4.0,"key":"SmokeBomb"},{"floor":12.0,"key":"Dexterity Potion"},{"floor":14.0,"key":"CultistPotion"},{"floor":21.0,"key":"GhostInAJar"},{"floor":27.0,"key":"LiquidMemories"},{"floor":33.0,"key":"DistilledChaos"},{"floor":36.0,"key":"DistilledChaos"},{"floor":46,"key":"CultistPotion"},{"floor":48,"key":"Poison Potion"}],"is_trial":false,"path_per_floor":["M","?","M","M","?","R","E","?","T","$","M","E","R","E","R","B",null,"M","M","$","?","M","$","M","R","T","M","M","R","?","T","R","B",null,"M","M","M","?","$","R","?","E","T","R","?","E","R","M","R","B","B"],"character_chosen":"THE_SILENT","items_purchased":["Orrery","Pantograph"],"campfire_rested":3,"item_purchase_floors":[10,23],"current_hp_per_floor":[51,51,47,47,47,47,45,34,34,34,34,22,40,31,31,27,52,43,31,31,31,31,31,11,29,29,26,5,20,20,20,35,19,50,50,50,26,26,26,41,41,9,9,42,42,31,46,27,42,6,0,0],"gold":408,"neow_bonus":"BOSS_RELIC","is_daily":false,"chose_seed":false,"campfire_upgraded":6,"win_rate":0.0,"timestamp":1612692072,"path_taken":["M","?","M","M","?","R","E","?","T","$","?","E","R","E","R","BOSS","M","?","$","?","?","?","M","R","T","M","M","R","?","?","R","BOSS","M","M","M","?","$","R","?","E","T","R","?","E","R","M","R","BOSS","BOSS"],"items_purchased_type":["Relic","Relic"],"build_version":"2020-12-22","purchased_purges":3,"victory":false,"max_hp_per_floor":[66,66,66,66,60,60,60,60,60,60,60,60,60,60,60,60,60,60,60,60,60,60,60,60,60,60,60,60,60,60,60,60,60,60,60,60,60,60,60,60,60,60,60,60,57,57,57,57,57,57,57,57],"relic_stats":{"Singing Bowl":0,"counters":[23,123],"Golden Idol":137,"Eternal Feather":90,"Pen Nib":[11],"Boot":[101],"Tough Bandages":[228],"Nunchaku":[5],"Pantograph":65,"Snecko Eye":[115,103,100,115],"Pandora\u0027s Box":["Distraction","Backstab","Riddle With Holes","After Image","Dagger Throw","Bouncing Flask","Underhanded Strike","Corpse Explosion","All Out Attack","Dodge and Roll"],"Art of War":[3],"obtain_stats":[{"Singing Bowl":46,"Golden Idol":5,"Eternal Feather":26,"Pen Nib":31,"Boot":31,"Old Coin":14,"SlaversCollar":0,"Tough Bandages":7,"Anchor":26,"Nunchaku":42,"Matryoshka":12,"Pantograph":23,"Orrery":10,"Snecko Eye":34,"Pandora\u0027s Box":17,"Art of War":43,"Ring of the Snake":0},{"Singing Bowl":20,"Golden Idol":3,"Eternal Feather":12,"Pen Nib":14,"Boot":14,"Old Coin":7,"SlaversCollar":0,"Tough Bandages":4,"Anchor":12,"Nunchaku":19,"Matryoshka":6,"Pantograph":11,"Orrery":4,"Snecko Eye":15,"Pandora\u0027s Box":8,"Art of War":19,"Ring of the Snake":0},{"Singing Bowl":100,"Golden Idol":13,"Eternal Feather":55,"Pen Nib":66,"Boot":66,"Old Coin":33,"SlaversCollar":0,"Tough Bandages":19,"Anchor":55,"Nunchaku":95,"Matryoshka":26,"Pantograph":49,"Orrery":19,"Snecko Eye":76,"Pandora\u0027s Box":41,"Art of War":95,"Ring of the Snake":0}]},"card_choices":[{"not_picked":["Deflect","Footwork"],"picked":"Dagger Spray","floor":1.0},{"not_picked":["Bane","Heel Hook"],"picked":"Quick Slash","floor":3.0},{"not_picked":["Slice","Prepared"],"picked":"Dash","floor":4.0},{"not_picked":["Dodge and Roll","Bane"],"picked":"Well Laid Plans","floor":7.0},{"not_picked":["Poisoned Stab","Bane"],"picked":"Dagger Spray","floor":10.0},{"not_picked":["Blur","Skewer"],"picked":"Acrobatics","floor":10.0},{"not_picked":["Riddle With Holes","Cloak And Dagger"],"picked":"Crippling Poison","floor":10.0},{"not_picked":["Dodge and Roll","Flying Knee"],"picked":"Dash","floor":10.0},{"not_picked":["Expertise","Sucker Punch"],"picked":"Deadly Poison","floor":10.0},{"not_picked":["Choke","Backstab","Cloak And Dagger"],"picked":"SKIP","floor":12.0},{"not_picked":["Predator","Dagger Throw"],"picked":"Adrenaline","floor":14.0},{"not_picked":["Adrenaline","Envenom"],"picked":"Corpse Explosion","floor":16.0},{"not_picked":["Dagger Spray","Quick Slash"],"picked":"Reflex","floor":18.0},{"not_picked":["Slice","Well Laid Plans","Expertise"],"picked":"SKIP","floor":19.0},{"not_picked":["Quick Slash","Deadly Poison","Deflect"],"picked":"SKIP","floor":22.0},{"not_picked":["Leg Sweep","Slice"],"picked":"Acrobatics","floor":24.0},{"not_picked":["Dash","Dodge and Roll","Expertise"],"picked":"SKIP","floor":27.0},{"not_picked":["Dash","Dodge and Roll","Expertise"],"picked":"SKIP","floor":27.0},{"not_picked":["Infinite Blades","Expertise"],"picked":"Blur","floor":28.0},{"not_picked":["Flying Knee+1","Bane","Sucker Punch"],"picked":"SKIP","floor":35.0},{"not_picked":["Masterful Stab","Backstab"],"picked":"Dodge and Roll+1","floor":36.0},{"not_picked":["Acrobatics","Prepared"],"picked":"Riddle With Holes","floor":37},{"not_picked":["Caltrops","Flechettes+1"],"picked":"Acrobatics","floor":42},{"not_picked":["Deflect+1","Prepared+1"],"picked":"PiercingWail+1","floor":46},{"not_picked":["Doppelganger","Flying Knee"],"picked":"Backflip","floor":48}],"player_experience":1708114,"relics_obtained":[{"floor":7.0,"key":"Tough Bandages"},{"floor":12.0,"key":"Matryoshka"},{"floor":14.0,"key":"Old Coin"},{"floor":26.0,"key":"Eternal Feather"},{"floor":26.0,"key":"Anchor"},{"floor":31.0,"key":"Boot"},{"floor":31.0,"key":"Pen Nib"},{"floor":42,"key":"Nunchaku"},{"floor":43,"key":"Art of War"},{"floor":46,"key":"Singing Bowl"}],"event_choices":[{"damage_healed":0.0,"max_hp_gain":0.0,"max_hp_loss":0.0,"gold_gain":0.0,"event_name":"The Cleric","player_choice":"Leave","floor":2.0,"gold_loss":0.0,"damage_taken":0.0},{"damage_healed":0.0,"max_hp_gain":0.0,"max_hp_loss":6.0,"gold_gain":0.0,"event_name":"Golden Idol","player_choice":"Lose Max HP","floor":5.0,"gold_loss":0.0,"damage_taken":0.0,"relics_obtained":["Golden Idol"]},{"damage_healed":0.0,"max_hp_gain":0.0,"max_hp_loss":0.0,"gold_gain":75.0,"event_name":"World of Goop","player_choice":"Gather Gold","floor":8.0,"gold_loss":0.0,"damage_taken":11.0},{"damage_healed":0.0,"max_hp_gain":0.0,"max_hp_loss":0.0,"gold_gain":0.0,"event_name":"Lab","player_choice":"Got Potions","floor":21.0,"gold_loss":0.0,"damage_taken":0.0},{"damage_healed":0.0,"max_hp_gain":0.0,"max_hp_loss":0.0,"gold_gain":0.0,"event_name":"Back to Basics","player_choice":"Simplicity","floor":30.0,"gold_loss":0.0,"damage_taken":0.0,"cards_upgraded":[]},{"cards_removed":["Well Laid Plans"],"damage_healed":0,"gold_gain":0,"player_choice":"Removed Power","damage_taken":0,"max_hp_gain":0,"max_hp_loss":0,"event_name":"Falling","floor":38,"gold_loss":0},{"damage_healed":0,"gold_gain":0,"player_choice":"Memory 1","damage_taken":0,"max_hp_gain":0,"max_hp_loss":0,"event_name":"SensoryStone","floor":41,"gold_loss":0},{"damage_healed":0,"gold_gain":0,"player_choice":"Max HP","damage_taken":0,"max_hp_gain":0,"max_hp_loss":3,"event_name":"Winding Halls","floor":45,"gold_loss":0}],"is_beta":false,"boss_relics":[{"not_picked":["Calling Bell","WristBlade"],"picked":"Pandora\u0027s Box"},{"not_picked":["Black Star","HoveringKite"],"picked":"Snecko Eye"}],"items_purged_floors":[20,23,39],"is_endless":false,"potions_floor_spawned":[1,4,12,14,22,27,33,36,46,48],"killed_by":"Time Eater","ascension_level":20}}