{"host":"nia1zwr35jsu5y7h","time":1612689340,"event":{"mods":["2.2 Compatiblity","Abigail Mod","Bard","BaseMod","Colored Map","Conspire","Downfall","Friendly Minions","Hermit","Highlight Path","Hubris","Infinite Spire","Kiyohime????","Koishi","Marisa????????","Minty Spire (QoL Compilation)","Quick Restart","Replay The Spire","Shade Mod","Shop Mod","StSLib","The Administrix","The Animator","The Construct","The Cursed","The Disciple","The Mystic","The Necromancer","The Servant 0.9.4"],"gold_per_floor":[119,59,2,16,16,41,58,89,89,69,69,85,110,120,120,192,192,164,89,89,89,89,118,118,153,179,210,210,210],"floor_reached":28,"language":"ENG","playtime":1049,"items_purged":["mysticmod:Strike_Mystic"],"score":634,"play_id":"a8ded07d-ba89-477c-b2e1-c6694423c1f4","local_time":"20210207011540","is_ascension_mode":true,"campfire_choices":[{"data":"mysticmod:ClosingBarrage","floor":11,"key":"SMITH"},{"floor":15,"key":"REST"},{"data":"mysticmod:Haste","floor":24,"key":"SMITH"}],"circlet_count":0,"master_deck":["AscendersBane","mysticmod:Strike_Mystic","mysticmod:Strike_Mystic","mysticmod:Defend_Mystic","mysticmod:Defend_Mystic","mysticmod:Defend_Mystic","mysticmod:ArcaneDodge","mysticmod:ShockingGrasp","mysticmod:HunkerDown","mysticmod:Feint+1","mysticmod:MirrorStrike","mysticmod:PunishingArmor+1","mysticmod:ArcaneAccuracy","mysticmod:ClosingBarrage+1","mysticmod:FiveFootStep","mysticmod:SuddenClarity","mysticmod:Haste+1","AbeCurse","mysticmod:EbbAndFlow","mysticmod:EnergizedRift","mysticmod:KeenEdge"],"relics":["mysticmod:SpellBook","NeowsBlessing","infinitespire:Beetle Shell","HornCleat","Shuriken","Bottled Lightning","Tiny Chest","Abe\u0027s Treasure","Quantum Egg","infinitespire:EmpoweringShard","ReplayFunnel","Darkstone Periapt","Replay:Baseball","conspire:GlowingRock"],"acts_visited":["Exordium","TheCity"],"potions_floor_usage":[8,13,13,16],"damage_taken":[{"damage":0,"enemies":"Small Slimes","floor":1,"turns":1},{"damage":0,"enemies":"Cultist","floor":4,"turns":1},{"damage":0,"enemies":"Lagavulin","floor":6,"turns":1},{"damage":0,"enemies":"Jaw Worm","floor":7,"turns":3},{"damage":46,"enemies":"Gremlin Nob","floor":8,"turns":5},{"damage":0,"enemies":"3 Louse","floor":12,"turns":3},{"damage":14,"enemies":"3 Sentries","floor":13,"turns":8},{"damage":0,"enemies":"Large Slime","floor":14,"turns":3},{"damage":16,"enemies":"The Guardian","floor":16,"turns":12},{"damage":4,"enemies":"2 Thieves","floor":18,"turns":4},{"damage":11,"enemies":"Gremlin Leader","floor":23,"turns":7},{"damage":24,"enemies":"Book of Stabbing","floor":25,"turns":4},{"damage":9,"enemies":"Replay:Snechameleon","floor":27,"turns":4},{"damage":0,"enemies":"Chosen","floor":28,"turns":5}],"seed_played":"-3195230786656295640","potions_obtained":[{"floor":6,"key":"Block Potion"},{"floor":7,"key":"Energy Potion"},{"floor":10,"key":"Explosive Potion"},{"floor":13,"key":"BlessingOfTheForge"},{"floor":27,"key":"Energy Potion"}],"is_trial":false,"path_per_floor":["M","?","$","M","?","E","M","E","T","?","R","M","E","M","R","B",null,"M","?","AVR","T","T","E","R","E","T","E","M"],"character_chosen":"MYSTIC_CLASS","items_purchased":["mysticmod:Feint+1"],"campfire_rested":1,"item_purchase_floors":[3],"current_hp_per_floor":[65,65,65,65,65,65,65,19,19,19,19,19,5,5,26,10,57,53,53,53,53,53,42,42,18,18,9,9,9],"gold":210,"neow_bonus":"THREE_ENEMY_KILL","is_daily":false,"chose_seed":false,"campfire_upgraded":2,"win_rate":0.0,"timestamp":1612689340,"path_taken":["M","?","?","M","?","E","M","E","T","?","R","M","E","?","R","BOSS","M","?","AVR","?","?","E","R","E","T","E","M"],"items_purchased_type":["Card"],"build_version":"2020-12-22","purchased_purges":1,"victory":false,"max_hp_per_floor":[72,72,72,72,72,72,72,72,72,72,72,72,72,72,72,72,72,72,72,72,72,72,72,72,72,72,72,72,72],"card_choices":[{"not_picked":["mysticmod:TomeOfSpells","mysticmod:RapidCaster"],"picked":"mysticmod:HunkerDown","floor":1},{"not_picked":["mysticmod:Alacrity","mysticmod:PowerSlash"],"picked":"mysticmod:MirrorStrike","floor":4},{"not_picked":["mysticmod:CorrosiveTouch","mysticmod:DiviningBlow","mysticmod:Probe"],"picked":"SKIP","floor":6},{"not_picked":["mysticmod:Dedication","mysticmod:PowerSlash"],"picked":"mysticmod:ArcaneAccuracy","floor":7},{"not_picked":["mysticmod:SuddenClarity","mysticmod:Daze"],"picked":"mysticmod:ClosingBarrage","floor":8},{"not_picked":["mysticmod:Shield","mysticmod:Sideswipe"],"picked":"mysticmod:FiveFootStep","floor":12},{"not_picked":["mysticmod:PureInstinct","mysticmod:DiviningBlow"],"picked":"mysticmod:SuddenClarity","floor":13},{"not_picked":["mysticmod:Sideswipe","mysticmod:CorrosiveTouch","mysticmod:Disengage"],"picked":"SKIP","floor":14},{"not_picked":["mysticmod:Discipline","mysticmod:SpontaneousCaster"],"picked":"mysticmod:Haste","floor":16},{"not_picked":["mysticmod:AllIn","mysticmod:Shield"],"picked":"mysticmod:EbbAndFlow","floor":18},{"not_picked":["mysticmod:CorrosiveTouch","mysticmod:HeavyStrike"],"picked":"mysticmod:EnergizedRift","floor":23},{"not_picked":["mysticmod:MirrorStrike","mysticmod:Sideswipe","mysticmod:PowerSlash"],"picked":"SKIP","floor":25},{"not_picked":["mysticmod:Alacrity","mysticmod:Snowball"],"picked":"mysticmod:KeenEdge","floor":27}],"player_experience":2322926,"relics_obtained":[{"floor":6,"key":"HornCleat"},{"floor":8,"key":"Shuriken"},{"floor":9,"key":"Bottled Lightning"},{"floor":13,"key":"Tiny Chest"},{"floor":21,"key":"Quantum Egg"},{"floor":22,"key":"infinitespire:EmpoweringShard"},{"floor":23,"key":"ReplayFunnel"},{"floor":25,"key":"Darkstone Periapt"},{"floor":26,"key":"Replay:Baseball"},{"floor":27,"key":"conspire:GlowingRock"}],"event_choices":[{"damage_healed":0,"gold_gain":0,"player_choice":"Paid Gold","damage_taken":0,"relics_obtained":["infinitespire:Beetle Shell"],"max_hp_gain":0,"max_hp_loss":0,"event_name":"WeMeetAgain","floor":2,"gold_loss":60},{"damage_healed":0,"gold_gain":0,"player_choice":"Bought 1 Potion","damage_taken":0,"max_hp_gain":0,"max_hp_loss":0,"event_name":"The Woman in Blue","floor":10,"gold_loss":0},{"cards_removed":["mysticmod:Strike_Mystic"],"damage_healed":0,"gold_gain":0,"player_choice":"Gave Gold","damage_taken":0,"max_hp_gain":0,"max_hp_loss":0,"event_name":"Beggar","floor":19,"gold_loss":75}],"is_beta":false,"boss_relics":[{"not_picked":["Cursed Key","Replay:Drink Me"],"picked":"Abe\u0027s Treasure"}],"items_purged_floors":[20],"is_endless":false,"potions_floor_spawned":[6,7,12,13,27],"killed_by":"Chosen","ascension_level":20}}