{"host":"xp27heuvanyklt0b","time":1612711904,"event":{"mods":["BaseMod","CapriCore","Koishi","Minty Spire (QoL Compilation)","StSLib"],"gold_per_floor":[109,122,142,195,195,228,228,228,307,307,326,336,336,365,365,466,466,480,480,480,480,39,39,58,58,58,58,92,110,124,142,142,243,243,257,257,280,293,2,2,2],"floor_reached":40,"language":"KOR","playtime":2077,"items_purged":["Koishi:BasicStrike"],"score":486,"play_id":"4b83c0c8-3530-4f35-abdf-96ef9c71db1c","local_time":"20210208003144","is_ascension_mode":true,"campfire_choices":[{"floor":8,"key":"REST"},{"data":"Koishi:PredatoryInstincts","floor":13,"key":"SMITH"},{"floor":15,"key":"REST"},{"data":"Koishi:ImGoingToCallYouNow","floor":23,"key":"SMITH"},{"data":"Koishi:MindStellarRelief","floor":25,"key":"SMITH"},{"floor":32,"key":"RECALL"}],"circlet_count":0,"master_deck":["Koishi:BasicDefend","Koishi:BasicDefend+1","Koishi:BasicDefend","Koishi:BasicDefend","Koishi:Provoke","Koishi:HauntingSlash","Koishi:CatchAndRose","Koishi:PhantomStrike","Koishi:PredatoryInstincts+1","Koishi:MindStellarRelief+1","Koishi:EmbryosDream","Koishi:Catatonia","Koishi:ImGoingToCallYouNow+1","Koishi:FreudianInstinct+1","Koishi:JumpScare+1","Koishi:PhilosophyOfTheDespised+1","Koishi:DreadfulBlow","Koishi:TremblingHands","J.A.X.+1","Writhe","Koishi:ParalyzingFear","Koishi:DanmakuParanoia","Koishi:MentalBreakdown+1","Koishi:RacingHeart","Koishi:HeartStoppingHorror"],"relics":["Koishi:ImaginaryFriend","Tiny Chest","Pen Nib","Shuriken","Singing Bowl","Koishi:TeethAndClaws","Astrolabe","Bottled Flame","War Paint","Nunchaku","Medical Kit","Darkstone Periapt","WingedGreaves","Happy Flower","Black Star","Anchor","Strawberry"],"acts_visited":["Exordium","TheCity","TheBeyond"],"potions_floor_usage":[28,28,38,38],"damage_taken":[{"damage":1,"enemies":"Cultist","floor":1,"turns":5},{"damage":0,"enemies":"Small Slimes","floor":2,"turns":4},{"damage":1,"enemies":"Jaw Worm","floor":3,"turns":5},{"damage":46,"enemies":"Lagavulin","floor":6,"turns":10},{"damage":2,"enemies":"Blue Slaver","floor":11,"turns":6},{"damage":10,"enemies":"3 Louse","floor":12,"turns":4},{"damage":38,"enemies":"Gremlin Nob","floor":14,"turns":6},{"damage":31,"enemies":"The Guardian","floor":16,"turns":15},{"damage":30,"enemies":"3 Byrds","floor":18,"turns":7},{"damage":13,"enemies":"2 Thieves","floor":24,"turns":7},{"damage":59,"enemies":"Gremlin Leader","floor":28,"turns":10},{"damage":0,"enemies":"Snecko","floor":29,"turns":5},{"damage":4,"enemies":"Snake Plant","floor":30,"turns":5},{"damage":11,"enemies":"3 Cultists","floor":31,"turns":5},{"damage":35,"enemies":"Champ","floor":33,"turns":12},{"damage":4,"enemies":"Orb Walker","floor":35,"turns":5},{"damage":46,"enemies":"3 Darklings","floor":38,"turns":12},{"damage":81,"enemies":"Reptomancer","floor":40,"turns":3}],"seed_played":"3789803152037442877","potions_obtained":[{"floor":6,"key":"Fire Potion"},{"floor":12,"key":"Energy Potion"},{"floor":14,"key":"SteroidPotion"},{"floor":30,"key":"SneckoOil"},{"floor":31,"key":"SpeedPotion"},{"floor":38,"key":"GamblersBrew"}],"is_trial":false,"path_per_floor":["M","M","M","T","?","E","?","R","T","T","M","M","R","E","R","B",null,"M","?","?","T","$","R","M","R","T","?","E","M","M","M","R","B",null,"M","?","T","M","$","E"],"character_chosen":"KOISHI","items_purchased":["War Paint","Nunchaku","Medical Kit","Koishi:HeartStoppingHorror","Strawberry"],"campfire_rested":2,"item_purchase_floors":[22,22,22,39,39],"current_hp_per_floor":[60,60,60,60,65,26,26,45,45,45,48,53,53,23,43,19,67,67,67,67,67,67,67,69,69,69,75,73,75,77,79,79,79,79,81,81,81,54,61,0,0],"gold":2,"neow_bonus":"RANDOM_COMMON_RELIC","is_daily":false,"chose_seed":false,"campfire_upgraded":3,"win_rate":0.0,"timestamp":1612711904,"path_taken":["M","M","M","?","?","E","?","R","T","?","?","M","R","E","R","BOSS","M","?","?","?","?","R","M","R","T","?","E","M","M","M","R","BOSS","M","?","?","M","$","E"],"items_purchased_type":["Relic","Relic","Relic","Card","Relic"],"build_version":"2020-12-22","purchased_purges":1,"victory":false,"max_hp_per_floor":[60,60,60,60,65,65,65,65,65,65,65,67,67,67,67,67,67,67,67,67,67,67,67,69,69,69,75,75,75,77,79,79,79,79,81,81,81,81,88,88,88],"card_choices":[{"not_picked":["Koishi:UnansweredLove","Koishi:Possession"],"picked":"Koishi:CatchAndRose","floor":1},{"not_picked":["Koishi:SubterraneanRose","Koishi:FleetingPhantom"],"picked":"Koishi:PhantomStrike","floor":2},{"not_picked":["Koishi:CatchAndRose","Koishi:TraumaticStroke"],"picked":"Koishi:PredatoryInstincts","floor":3},{"not_picked":["Koishi:UnseenTerror","Koishi:DNAsFlaw"],"picked":"Koishi:MindStellarRelief","floor":6},{"not_picked":["Koishi:SubterraneanRose","Koishi:UnansweredLove"],"picked":"Koishi:EmbryosDream","floor":11},{"not_picked":["Koishi:Jaunt","Koishi:SubconsciousSweep","Koishi:Whimsy"],"picked":"Singing Bowl","floor":12},{"not_picked":["Koishi:ReleaseOfTheId","Koishi:BramblyRoseGarden"],"picked":"Koishi:Catatonia","floor":14},{"not_picked":["Koishi:RollingInRichesHeart","Koishi:FadingMemory"],"picked":"Koishi:ImGoingToCallYouNow","floor":16},{"not_picked":["Koishi:VengefulSpirit","Koishi:CatchAndRose+1"],"picked":"Koishi:DreadfulBlow","floor":18},{"not_picked":["Koishi:DNAsFlaw","Koishi:SubconsciousSweep","Koishi:StingingMind+1"],"picked":"Singing Bowl","floor":24},{"not_picked":["Koishi:Prune","Koishi:BramblyRoseGarden"],"picked":"Koishi:ParalyzingFear","floor":28},{"not_picked":["Koishi:EmbersOfLove","Koishi:UnansweredLove"],"picked":"Koishi:DanmakuParanoia","floor":29},{"not_picked":["Koishi:Prune","Koishi:JumpScare+1","Koishi:UnseenTerror"],"picked":"Singing Bowl","floor":30},{"not_picked":["Koishi:Prune","Koishi:FleetingPhantom+1","Koishi:JumpScare+1"],"picked":"Singing Bowl","floor":31},{"not_picked":["Koishi:RollingInRichesHeart","Koishi:ConditionedTeleport"],"picked":"Koishi:MentalBreakdown","floor":33},{"not_picked":["Koishi:SubterraneanRose","Koishi:PhantomStrike+1","Koishi:JumpScare"],"picked":"Singing Bowl","floor":35},{"not_picked":["Koishi:Prune","Koishi:ReflexRadar+1"],"picked":"Koishi:RacingHeart","floor":38}],"player_experience":161951,"relics_obtained":[{"floor":4,"key":"Pen Nib"},{"floor":6,"key":"Shuriken"},{"floor":9,"key":"Singing Bowl"},{"floor":14,"key":"Koishi:TeethAndClaws"},{"floor":21,"key":"Bottled Flame"},{"floor":26,"key":"Darkstone Periapt"},{"floor":28,"key":"Happy Flower"},{"floor":37,"key":"Anchor"}],"event_choices":[{"damage_healed":0,"gold_gain":0,"player_choice":"Donut","damage_taken":0,"max_hp_gain":5,"max_hp_loss":0,"event_name":"Big Fish","floor":5,"gold_loss":0},{"damage_healed":0,"gold_gain":0,"player_choice":"Ignored","damage_taken":0,"max_hp_gain":0,"max_hp_loss":0,"event_name":"Shining Light","floor":7,"gold_loss":0},{"damage_healed":0,"gold_gain":0,"player_choice":"Read","damage_taken":0,"max_hp_gain":0,"max_hp_loss":0,"event_name":"The Library","floor":19,"gold_loss":0,"cards_obtained":["Koishi:TremblingHands"]},{"damage_healed":0,"gold_gain":0,"player_choice":"Obtain J.A.X.","damage_taken":0,"max_hp_gain":0,"max_hp_loss":0,"event_name":"Drug Dealer","floor":20,"gold_loss":0,"cards_obtained":["J.A.X."]},{"damage_healed":0,"gold_gain":0,"player_choice":"Opened","damage_taken":0,"relics_obtained":["WingedGreaves"],"max_hp_gain":0,"max_hp_loss":0,"event_name":"The Mausoleum","floor":27,"gold_loss":0,"cards_obtained":["Writhe"]},{"damage_healed":0,"gold_gain":0,"player_choice":"Forge","damage_taken":0,"max_hp_gain":0,"max_hp_loss":0,"event_name":"Accursed Blacksmith","floor":36,"gold_loss":0,"cards_upgraded":["Koishi:MentalBreakdown"]}],"is_beta":false,"boss_relics":[{"not_picked":["Tiny House","Busted Crown"],"picked":"Astrolabe"},{"not_picked":["Sozu","Empty Cage"],"picked":"Black Star"}],"items_purged_floors":[39],"is_endless":false,"potions_floor_spawned":[6,12,14,16,18,24,30,31,38],"killed_by":"Reptomancer","ascension_level":1}}