{"host":"dn6kke80v5f7isus","time":1612665840,"event":{"mods":["AchievementEnabler","Act Like it!","BaseMod","Colored Powertips","Custom Start","Defuse TimeMaze Blight","Gremlin Skip","Highlight Path","Hubris","Infinite Spire","Marisa????????","Minty Spire (QoL Compilation)","Rare Cards Sparkle","Reliquary","Replay The Spire","StSLib","The Servant 0.9.4","Uncapped","Unceasing Turn Reminder"],"gold_per_floor":[119,119,133,133,151,151,176,176,176,80328,80328,80328,80353,80368,80368,80469,80469,80484,80484,80518,80032,79212,79212,79212,79253,79301,79326,79326,79326,79326,79351,79351,79455,79455,79455],"floor_reached":34,"language":"ENG","playtime":961,"items_purged":["Strike_S","ReturningBlade"],"score":470,"play_id":"c3cfbb86-768d-4c2f-819f-cdbe81c67ae2","local_time":"20210206214400","is_ascension_mode":true,"campfire_choices":[{"data":"Orbit","floor":6.0,"key":"SMITH"},{"data":"SurpressingFire","floor":8.0,"key":"SMITH"},{"data":"KidneyShot","floor":12.0,"key":"SMITH"},{"floor":15.0,"key":"REST"},{"data":"SpecialFormula","floor":23.0,"key":"SMITH"},{"data":"infinitespire:FutureSight","floor":32,"key":"SMITH"}],"circlet_count":0,"master_deck":["KidneyShot+1","Exchange","SurpressingFire+1","Orbit+1","MoonPhase","BottledTime","BottledTime","MurderousAura","Shuttle","Moondial","BestPractice","ShiftingGears","DancingSilver","Shuttle","MoonPhase","infinitespire:FutureSight+1","SpecialFormula+1","Luminosity","BottledTime","Orbit","Rearm","Advance+1","TheWorld"],"relics":["Uniform","NeowsBlessing","FaceOfCleric","hubris:Icosahedron","Replay:Wax Seal","hubris:Metronome","Pan","WingedGreaves","ReplayTheSpireMod:Ninjato","reliquary:Aerogel","Pandora\u0027s Box","Honey Jar","hubris:SlimyHat","Red Mask","reliquary:Stiletto","infinitespire:EmpoweringShard","hubris:CuriousFeather","CeramicFish","TheAbacus","Unceasing Top","Toy Ornithopter","Fusion Hammer"],"acts_visited":["Exordium","TheCity","TheBeyond"],"potions_floor_usage":[31,31,33],"damage_taken":[{"damage":0.0,"enemies":"Small Slimes","floor":1.0,"turns":1.0},{"damage":0.0,"enemies":"Cultist","floor":3.0,"turns":1.0},{"damage":0.0,"enemies":"2 Louse","floor":5.0,"turns":1.0},{"damage":9.0,"enemies":"Gremlin Nob","floor":7.0,"turns":5.0},{"damage":16.0,"enemies":"3 Sentries","floor":13.0,"turns":4.0},{"damage":0.0,"enemies":"2 Fungi Beasts","floor":14.0,"turns":3.0},{"damage":6.0,"enemies":"The Guardian","floor":16.0,"turns":7.0},{"damage":20.0,"enemies":"2 Thieves","floor":18.0,"turns":3.0},{"damage":0.0,"enemies":"Masked Bandits","floor":20.0,"turns":1.0},{"damage":6.0,"enemies":"Replay:Snechameleon","floor":25.0,"turns":4.0},{"damage":0.0,"enemies":"Spheric Guardian","floor":27.0,"turns":1.0},{"damage":0,"enemies":"Shelled Parasite and Fungi","floor":31,"turns":2},{"damage":0,"enemies":"Collector","floor":33,"turns":2}],"seed_played":"-8533497681264877153","potions_obtained":[{"floor":3.0,"key":"Energy Potion"},{"floor":11.0,"key":"PowerPotion"},{"floor":11.0,"key":"Elixir"},{"floor":14.0,"key":"Reflective Coating"},{"floor":20.0,"key":"SmokeBomb"},{"floor":31,"key":"ColorlessPotion"},{"floor":33,"key":"Fire Potion"}],"is_trial":false,"path_per_floor":["M","?","M","?","M","R","E","R","T","$","?","R","E","M","R","B",null,"M","AVR","?","$","$","R","?","E","T","M","?","?","?","M","R","B",null],"character_chosen":"THE_SERVANT","items_purchased":["Pan","WingedGreaves","ReplayTheSpireMod:Ninjato","MoonPhase","reliquary:Stiletto","infinitespire:EmpoweringShard","Luminosity","BottledTime","hubris:CuriousFeather","CeramicFish","TheAbacus","LiquidMemories","SteroidPotion","SkillPotion"],"campfire_rested":1,"item_purchase_floors":[10,10,10,10,21,21,21,22,22,22,22,22,22,22],"current_hp_per_floor":[65,65,66,66,67,67,59,59,59,59,59,59,44,45,66,61,71,52,52,53,53,53,53,53,56,56,57,57,43,43,62,62,76,82,82],"gold":79455,"neow_bonus":"THREE_ENEMY_KILL","is_daily":false,"chose_seed":false,"campfire_upgraded":5,"win_rate":0.0,"timestamp":1612665840,"path_taken":["M","?","?","?","M","R","E","R","T","$","?","R","E","?","R","BOSS","M","AVR","?","$","$","R","?","E","T","M","?","?","?","M","R","BOSS"],"items_purchased_type":["Relic","Relic","Relic","Card","Relic","Relic","Card","Card","Relic","Relic","Relic","Potion","Potion","Potion"],"build_version":"2020-12-22","purchased_purges":2,"victory":false,"max_hp_per_floor":[65,65,66,66,67,67,68,68,68,68,68,68,69,70,70,71,71,72,72,73,73,73,73,73,74,74,75,75,80,80,81,81,82,82,82],"card_choices":[{"not_picked":["Rearm","TimeWarp"],"picked":"SurpressingFire","floor":1.0},{"not_picked":["Unruled","DoubleEdge"],"picked":"Orbit","floor":3.0},{"not_picked":["Advance","Gouge","Defy"],"picked":"SKIP","floor":5.0},{"not_picked":["Replace","Potential","Barrier"],"picked":"SKIP","floor":7.0},{"not_picked":["Moondial","RealityMarble"],"picked":"BottledTime","floor":13.0},{"not_picked":["Rewind","MoonPhase"],"picked":"BottledTime","floor":14.0},{"not_picked":["LightFlow","FlawlessForm"],"picked":"MurderousAura","floor":16.0},{"not_picked":["WasteNot","Hightail"],"picked":"MoonPhase","floor":18.0},{"not_picked":["Rewind","Revamp+1","Collapse"],"picked":"SpecialFormula","floor":20.0},{"not_picked":["Alleviate","Collapse","Advance+1"],"picked":"Orbit","floor":25.0},{"not_picked":["ShatteredReality+1","DoubleEdge","TimeWarp"],"picked":"Rearm","floor":27.0},{"not_picked":["TimeTheft","Contraction","Reset"],"picked":"Advance+1","floor":31},{"not_picked":["FloweringNight","Sunlight","PendulumOfEternity"],"picked":"TheWorld","floor":33}],"player_experience":426543,"relics_obtained":[{"floor":7.0,"key":"Replay:Wax Seal"},{"floor":9.0,"key":"hubris:Metronome"},{"floor":13.0,"key":"reliquary:Aerogel"},{"floor":20.0,"key":"Red Mask"},{"floor":25.0,"key":"Unceasing Top"},{"floor":26.0,"key":"Toy Ornithopter"}],"event_choices":[{"damage_healed":0.0,"max_hp_gain":0.0,"max_hp_loss":0.0,"gold_gain":0.0,"event_name":"FaceTrader","player_choice":"Trade","floor":2.0,"gold_loss":0.0,"damage_taken":0.0,"relics_obtained":["FaceOfCleric"]},{"damage_healed":0.0,"max_hp_gain":0.0,"max_hp_loss":0.0,"gold_gain":0.0,"event_name":"Lab","player_choice":"Got Potions","floor":11.0,"gold_loss":0.0,"damage_taken":0.0},{"damage_healed":0.0,"max_hp_gain":0.0,"max_hp_loss":0.0,"gold_gain":0.0,"event_name":"Masked Bandits","player_choice":"Fought Bandits","floor":20.0,"gold_loss":0.0,"damage_taken":0.0},{"damage_healed":0.0,"max_hp_gain":0.0,"max_hp_loss":0.0,"gold_gain":0.0,"event_name":"Vampires","player_choice":"Ignored","floor":28.0,"gold_loss":0.0,"damage_taken":0.0},{"damage_healed":0.0,"max_hp_gain":5.0,"max_hp_loss":0.0,"gold_gain":0.0,"event_name":"Forgotten Altar","player_choice":"Shed Blood","floor":29.0,"gold_loss":0.0,"damage_taken":19.0}],"is_beta":false,"boss_relics":[{"not_picked":["Replay:Ancient Bell","Abe\u0027s Treasure"],"picked":"Pandora\u0027s Box"},{"not_picked":["hubris:GrandSneckoEye","hubris:RunicObelisk"],"picked":"Fusion Hammer"}],"items_purged_floors":[10,19],"is_endless":false,"potions_floor_spawned":[3,14,20,31,33],"ascension_level":1}}