{"host":"kda2p2afd6bvz6qo","time":1612661494,"event":{"mods":["BaseMod","Colored Map","Minty Spire (QoL Compilation)","Relic Stats"],"gold_per_floor":[113,125,140,18,32,32,58,58,58,76,109,184,213,60,60,162,162,173,190,190,190,204,204,231,106,106,106,123,153,153,168,168,266,266,276,296,196,206,222,247,247,272,272,301,45,56,67,67,67,67,67,67,18,47,47,47],"floor_reached":55,"language":"ENG","playtime":3349,"items_purged":["Strike_R","Doubt","Parasite"],"score":940,"play_id":"94d5d6d1-16d0-44a8-bd12-1fe56f1b0dd2","local_time":"20210207013134","is_ascension_mode":true,"campfire_choices":[{"data":"Carnage","floor":6,"key":"SMITH"},{"data":"True Grit","floor":8,"key":"SMITH"},{"data":"Disarm","floor":15,"key":"SMITH"},{"data":"Demon Form","floor":23,"key":"SMITH"},{"data":"Bash","floor":27,"key":"SMITH"},{"floor":30,"key":"REST"},{"data":"True Grit","floor":32,"key":"SMITH"},{"data":"Pommel Strike","floor":41,"key":"SMITH"},{"floor":49,"key":"RECALL"},{"data":"Burning Pact","floor":52,"key":"SMITH"}],"circlet_count":0,"master_deck":["Strike_R","Defend_R","Defend_R","Defend_R","Defend_R","Bash+1","Pommel Strike+1","Pommel Strike+1","Carnage+1","True Grit+1","Cleave+1","Disarm+1","Demon Form+1","Ghostly Armor+1","Warcry+1","Inflame+1","Sword Boomerang+1","True Grit+1","Reaper","Demon Form+1","Iron Wave+1","Ghostly Armor+1","Heavy Blade+1","True Grit+1","Shrug It Off","Burning Pact+1","Pummel","Flash of Steel"],"relics":["Philosopher\u0027s Stone","Whetstone","Orichalcum","Paper Frog","Shuriken","ClockworkSouvenir","Cursed Key","Happy Flower","Bottled Tornado","Question Card","Meat on the Bone","Astrolabe","Mummified Hand","Vajra","Gremlin Horn","Membership Card","Boot"],"acts_visited":["Exordium","TheCity","TheBeyond","TheEnding"],"potions_floor_usage":[11,13,22,24,24,29,36,36,39,42,50,54,54],"damage_taken":[{"damage":3,"enemies":"Jaw Worm","floor":1,"turns":3},{"damage":4,"enemies":"2 Louse","floor":2,"turns":3},{"damage":0,"enemies":"Cultist","floor":3,"turns":3},{"damage":0,"enemies":"Looter","floor":5,"turns":2},{"damage":11,"enemies":"3 Sentries","floor":7,"turns":6},{"damage":1,"enemies":"2 Fungi Beasts","floor":10,"turns":2},{"damage":0,"enemies":"Gremlin Nob","floor":11,"turns":2},{"damage":12,"enemies":"3 Sentries","floor":13,"turns":7},{"damage":3,"enemies":"Hexaghost","floor":16,"turns":6},{"damage":14,"enemies":"2 Thieves","floor":18,"turns":3},{"damage":4,"enemies":"Chosen","floor":19,"turns":3},{"damage":5,"enemies":"3 Cultists","floor":22,"turns":4},{"damage":20,"enemies":"Slavers","floor":24,"turns":5},{"damage":13,"enemies":"Snake Plant","floor":28,"turns":3},{"damage":30,"enemies":"Book of Stabbing","floor":29,"turns":5},{"damage":9,"enemies":"Cultist and Chosen","floor":31,"turns":5},{"damage":13,"enemies":"Champ","floor":33,"turns":6},{"damage":0,"enemies":"3 Shapes","floor":35,"turns":3},{"damage":16,"enemies":"3 Darklings","floor":36,"turns":6},{"damage":36,"enemies":"Transient","floor":38,"turns":5},{"damage":13,"enemies":"Writhing Mass","floor":39,"turns":3},{"damage":10,"enemies":"Nemesis","floor":40,"turns":5},{"damage":11,"enemies":"Reptomancer","floor":42,"turns":6},{"damage":11,"enemies":"Giant Head","floor":44,"turns":6},{"damage":47,"enemies":"3 Darklings","floor":46,"turns":4},{"damage":18,"enemies":"Sphere and 2 Shapes","floor":47,"turns":6},{"damage":71,"enemies":"Donu and Deca","floor":50,"turns":8},{"damage":66,"enemies":"Shield and Spear","floor":54,"turns":5},{"damage":43,"enemies":"The Heart","floor":55,"turns":3}],"seed_played":"2587520085037991323","potions_obtained":[{"floor":3,"key":"Fire Potion"},{"floor":10,"key":"FearPotion"},{"floor":11,"key":"LiquidMemories"},{"floor":13,"key":"ColorlessPotion"},{"floor":16,"key":"ColorlessPotion"},{"floor":24,"key":"GamblersBrew"},{"floor":31,"key":"Ancient Potion"},{"floor":33,"key":"DistilledChaos"},{"floor":38,"key":"LiquidMemories"},{"floor":39,"key":"ColorlessPotion"},{"floor":40,"key":"LiquidMemories"},{"floor":44,"key":"ElixirPotion"}],"is_trial":false,"path_per_floor":["M","M","M","$","M","R","E","R","T","M","E","?","E","$","R","B",null,"M","M","?","?","M","R","E","$","T","R","M","E","R","M","R","B",null,"M","M","$","M","M","E","R","E","T","E","$","M","M","?","R","B",null,"R","$","E","B"],"character_chosen":"IRONCLAD","items_purchased":["Carnage","True Grit","ClockworkSouvenir","BloodPotion","Membership Card","Burning Pact","SteroidPotion","ColorlessPotion"],"campfire_rested":1,"item_purchase_floors":[4,4,14,25,45,45,53,53],"current_hp_per_floor":[77,73,73,73,73,73,62,62,62,61,61,50,38,38,38,35,80,66,62,62,62,57,57,37,37,37,37,24,10,34,37,37,36,80,80,67,67,55,42,44,44,69,69,58,58,42,45,45,45,20,77,77,77,41,0,0],"gold":47,"neow_bonus":"BOSS_RELIC","is_daily":false,"chose_seed":false,"campfire_upgraded":8,"win_rate":0.0,"timestamp":1612661494,"path_taken":["M","M","M","$","M","R","E","R","T","M","E","?","E","$","R","BOSS","M","M","?","?","M","R","E","$","T","R","?","E","R","M","R","BOSS","M","M","$","M","M","E","R","E","T","E","$","M","M","?","R","BOSS","R","$","E","BOSS"],"items_purchased_type":["Card","Card","Relic","Potion","Relic","Card","Potion","Potion"],"build_version":"2020-12-22","purchased_purges":3,"victory":false,"max_hp_per_floor":[80,80,80,80,80,80,80,80,80,80,80,80,80,80,80,80,80,80,80,80,80,80,80,80,80,80,80,80,80,80,80,80,80,80,80,80,80,80,80,80,80,80,80,80,77,77,77,77,77,77,77,77,77,77,77,77],"relic_stats":{"Happy Flower":[29],"Gremlin Horn":[6,6],"counters":[29,128],"Astrolabe":["Demon Form","Iron Wave","Ghostly Armor"],"Whetstone":["Pommel Strike","Cleave"],"Orichalcum":[120],"Cursed Key":2,"Question Card":15,"Boot":[0],"Shuriken":[29],"Mummified Hand":[19],"obtain_stats":[{"Happy Flower":20,"Gremlin Horn":44,"Astrolabe":34,"Vajra":42,"Whetstone":7,"Orichalcum":9,"Bottled Tornado":24,"Cursed Key":17,"Question Card":26,"Boot":54,"Burning Blood":0,"ClockworkSouvenir":14,"Shuriken":13,"Mummified Hand":40,"Philosopher\u0027s Stone":0,"Membership Card":45,"Paper Frog":11,"Meat on the Bone":29},{"Happy Flower":11,"Gremlin Horn":24,"Astrolabe":17,"Vajra":23,"Whetstone":5,"Orichalcum":5,"Bottled Tornado":13,"Cursed Key":9,"Question Card":13,"Boot":28,"Burning Blood":0,"ClockworkSouvenir":8,"Shuriken":8,"Mummified Hand":22,"Philosopher\u0027s Stone":0,"Membership Card":24,"Paper Frog":7,"Meat on the Bone":15},{"Happy Flower":40,"Gremlin Horn":102,"Astrolabe":68,"Vajra":96,"Whetstone":17,"Orichalcum":17,"Bottled Tornado":49,"Cursed Key":34,"Question Card":49,"Boot":125,"Burning Blood":0,"ClockworkSouvenir":28,"Shuriken":28,"Mummified Hand":90,"Philosopher\u0027s Stone":0,"Membership Card":102,"Paper Frog":21,"Meat on the Bone":57}],"Meat on the Bone":72},"card_choices":[{"not_picked":["Body Slam","Clash","Headbutt"],"picked":"SKIP","floor":1},{"not_picked":["Clothesline","Iron Wave"],"picked":"Pommel Strike","floor":2},{"not_picked":["Flex","Headbutt"],"picked":"Pommel Strike","floor":3},{"not_picked":["Pummel","Dual Wield","Wild Strike"],"picked":"SKIP","floor":5},{"not_picked":["Pommel Strike","Wild Strike"],"picked":"Cleave","floor":7},{"not_picked":["Seeing Red","Rampage"],"picked":"Disarm","floor":10},{"not_picked":["Entrench","Rage","Heavy Blade"],"picked":"SKIP","floor":11},{"not_picked":["Body Slam","Twin Strike","Warcry"],"picked":"SKIP","floor":13},{"not_picked":["Reaper","Bludgeon"],"picked":"Demon Form","floor":16},{"not_picked":["Pummel","Dropkick"],"picked":"Ghostly Armor+1","floor":18},{"not_picked":["Wild Strike","Reckless Charge+1","Headbutt"],"picked":"SKIP","floor":19},{"not_picked":["Intimidate+1","Searing Blow+1"],"picked":"Warcry+1","floor":22},{"not_picked":["Sword Boomerang","Rampage"],"picked":"Inflame+1","floor":24},{"not_picked":["Carnage","Wild Strike+1","Clothesline"],"picked":"Sword Boomerang+1","floor":28},{"not_picked":["Iron Wave","Barricade","Inflame"],"picked":"True Grit","floor":29},{"not_picked":["Headbutt+1","Anger","Clash","Fire Breathing+1"],"picked":"SKIP","floor":31},{"not_picked":["Barricade","Feed","Brutality"],"picked":"Reaper","floor":33},{"not_picked":["Perfected Strike","Dual Wield","Twin Strike+1","Cleave+1"],"picked":"SKIP","floor":35},{"not_picked":["Evolve+1","Clash+1","Combust","Seeing Red+1"],"picked":"SKIP","floor":36},{"not_picked":["Twin Strike","Headbutt+1","Seeing Red"],"picked":"Heavy Blade+1","floor":38},{"not_picked":["Bludgeon","Headbutt+1","Blood for Blood+1"],"picked":"True Grit+1","floor":39},{"not_picked":["Combust+1","Warcry","Second Wind","Ghostly Armor"],"picked":"SKIP","floor":40},{"not_picked":["Wild Strike","Clash","Double Tap"],"picked":"Shrug It Off","floor":42},{"not_picked":["Perfected Strike","Rampage+1","Armaments","Entrench+1"],"picked":"SKIP","floor":44},{"not_picked":["Headbutt+1","Clothesline","Whirlwind+1","Body Slam"],"picked":"SKIP","floor":46},{"not_picked":["Armaments+1","Pommel Strike","Clash+1"],"picked":"Pummel","floor":47},{"not_picked":["Good Instincts","The Bomb","HandOfGreed"],"picked":"Flash of Steel","floor":48},{"not_picked":["Twin Strike","Cleave+1","Seeing Red+1","Wild Strike"],"picked":"SKIP","floor":54}],"player_experience":213420,"relics_obtained":[{"floor":7,"key":"Whetstone"},{"floor":9,"key":"Orichalcum"},{"floor":11,"key":"Paper Frog"},{"floor":13,"key":"Shuriken"},{"floor":24,"key":"Bottled Tornado"},{"floor":26,"key":"Question Card"},{"floor":29,"key":"Meat on the Bone"},{"floor":40,"key":"Mummified Hand"},{"floor":42,"key":"Vajra"},{"floor":44,"key":"Gremlin Horn"},{"floor":54,"key":"Boot"}],"event_choices":[{"damage_healed":0,"gold_gain":75,"player_choice":"Gather Gold","damage_taken":11,"max_hp_gain":0,"max_hp_loss":0,"event_name":"World of Goop","floor":12,"gold_loss":0},{"damage_healed":0,"gold_gain":0,"player_choice":"Opened","damage_taken":0,"relics_obtained":["Happy Flower"],"max_hp_gain":0,"max_hp_loss":0,"event_name":"The Mausoleum","floor":20,"gold_loss":0,"cards_obtained":["Writhe"]},{"cards_removed":["Writhe"],"damage_healed":0,"gold_gain":0,"player_choice":"Card Removal","damage_taken":0,"max_hp_gain":0,"max_hp_loss":0,"event_name":"Wheel of Change","floor":21,"gold_loss":0},{"damage_healed":0,"gold_gain":0,"player_choice":"Memory 1","damage_taken":0,"max_hp_gain":0,"max_hp_loss":0,"event_name":"SensoryStone","floor":48,"gold_loss":0}],"is_beta":false,"boss_relics":[{"not_picked":["Sozu","Runic Cube"],"picked":"Cursed Key"},{"not_picked":["Busted Crown","Velvet Choker"],"picked":"Astrolabe"}],"items_purged_floors":[25,37,45],"is_endless":false,"potions_floor_spawned":[3,10,11,13,16,19,24,31,33,38,39,40,44,47],"killed_by":"The Heart","ascension_level":3}}