{"host":"cxvb37eaaiijvrl4","time":1612673844,"event":{"mods":["ATMod(°¢èªMod)","BaseMod","Better Third Choice","Minty Spire (QoL Compilation)","MostiFishMod","Quick Restart","Rare Cards Sparkle","Shop Mod","Spicy Shops","StSLib","TestMod","Uncapped","²ÐÁôÖ®Îï"],"gold_per_floor":[117,117,131,56,56,56,85,102,129,129,140,173,193,9,9,86,86,103,120,120,35,46,46,58,58,58,58,58,72,122,141,141,213,213,226,240,28,44,44,44,75,89,112,112,112,112,141,154,154,154,154,154,154,0,34,34],"floor_reached":57,"language":"ZHS","playtime":1858,"items_purged":["Strike_R","Bash","Rampage+1","Strike_R"],"score":3294,"play_id":"fdb2a334-7665-4dda-a888-db6906eca872","local_time":"20210206205724","is_ascension_mode":true,"campfire_choices":[{"data":"Berserk","floor":6.0,"key":"SMITH"},{"data":"Rampage","floor":10.0,"key":"SMITH"},{"data":"MostiFishMod:RainCloud","floor":15.0,"key":"SMITH"},{"data":"MostiFishMod:OrdinaryWorld","floor":23.0,"key":"SMITH"},{"data":"AT_BodySlamDance","floor":25.0,"key":"SMITH"},{"data":"Dark Embrace","floor":32.0,"key":"SMITH"},{"data":"Second Wind","floor":40.0,"key":"SMITH"},{"data":"MostiFishMod:ChineseTea","floor":44.0,"key":"SMITH"},{"data":"Power Through","floor":46.0,"key":"SMITH"},{"floor":49.0,"key":"RECALL"},{"data":"AT_ShrugMaster","floor":53.0,"key":"SMITH"}],"circlet_count":0,"master_deck":["AscendersBane","Strike_R","Strike_R","Defend_R","Defend_R","Defend_R","Defend_R","Berserk+1","Shrug It Off","MostiFishMod:RainCloud+1","MostiFishMod:OrdinaryWorld+1","Dark Embrace+1","AT_ShrugMaster+1","AT_BodySlamDance+1","MostiFishMod:ChineseTea+1","Feel No Pain+1","Second Wind+1","Evolve+1","Power Through+1","Dark Embrace"],"relics":["Burning Blood","testmod-TestBox","DaveBox","AT_ATBox","MetatronsCube","testmod-Justice","NeowsBlessing","SynthV:TestCard","AT_SunfireAegis","Sundial","testmod-BatchProcessingSystem","AT_DeathDance","InkBottle","Matryoshka","xbg","AT_ForceNature","AT_BellowingDragoncrestRing","PlaceholderMod:DaolothFragment","The Courier","AT_ChloranthyRing","Nunchaku","testmod-ArcanaOfDestiny"],"acts_visited":["Exordium","TheCity","TheBeyond","TheEnding"],"potions_floor_usage":[],"damage_taken":[{"damage":0.0,"enemies":"Jaw Worm","floor":1.0,"turns":1.0},{"damage":0.0,"enemies":"Cultist","floor":3.0,"turns":1.0},{"damage":0.0,"enemies":"Gremlin Nob","floor":7.0,"turns":1.0},{"damage":0.0,"enemies":"Small Slimes","floor":8.0,"turns":2.0},{"damage":30.0,"enemies":"Gremlin Gang","floor":11.0,"turns":4.0},{"damage":7.0,"enemies":"Lagavulin","floor":12.0,"turns":4.0},{"damage":4.0,"enemies":"Red Slaver","floor":13.0,"turns":2.0},{"damage":0.0,"enemies":"Slime Boss","floor":16.0,"turns":7.0},{"damage":0.0,"enemies":"3 Byrds","floor":18.0,"turns":2.0},{"damage":3.0,"enemies":"Spheric Guardian","floor":19.0,"turns":3.0},{"damage":17.0,"enemies":"Snecko","floor":22.0,"turns":3.0},{"damage":0.0,"enemies":"Sentry and Sphere","floor":24.0,"turns":2.0},{"damage":20.0,"enemies":"Shelled Parasite and Fungi","floor":29.0,"turns":3.0},{"damage":0.0,"enemies":"Chosen and Byrds","floor":31.0,"turns":3.0},{"damage":8.0,"enemies":"Champ","floor":33.0,"turns":3.0},{"damage":0.0,"enemies":"3 Darklings","floor":35.0,"turns":1.0},{"damage":0.0,"enemies":"3 Shapes","floor":36.0,"turns":1.0},{"damage":0.0,"enemies":"Spire Growth","floor":38.0,"turns":2.0},{"damage":0.0,"enemies":"Reptomancer","floor":41.0,"turns":2.0},{"damage":0.0,"enemies":"Maw","floor":42.0,"turns":2.0},{"damage":0.0,"enemies":"Giant Head","floor":47.0,"turns":2.0},{"damage":0.0,"enemies":"Writhing Mass","floor":48.0,"turns":3.0},{"damage":0.0,"enemies":"Awakened One","floor":50.0,"turns":2.0},{"damage":0.0,"enemies":"Donu and Deca","floor":51.0,"turns":1.0},{"damage":0.0,"enemies":"Shield and Spear","floor":55.0,"turns":2.0},{"damage":0,"enemies":"The Heart","floor":56,"turns":4}],"seed_played":"692874652753221410","potions_obtained":[{"floor":7.0,"key":"SteroidPotion"},{"floor":8.0,"key":"testmod-SpacePotion"},{"floor":13.0,"key":"BlessingOfTheForge"},{"floor":16.0,"key":"Swift Potion"},{"floor":29.0,"key":"EssenceOfSteel"},{"floor":31.0,"key":"Dexterity Potion"},{"floor":33.0,"key":"AttackPotion"}],"is_trial":false,"path_per_floor":["M","?","M","$","?","R","E","M","T","R","M","E","M","$","R","B",null,"M","M","$","?","M","R","M","R","T","T","?","M","?","M","R","B",null,"M","M","$","M","T","R","E","M","T","R","?","R","E","M","R","B","B",null,"R","$","E","B",null],"character_chosen":"IRONCLAD","items_purchased":["testmod-SpacePotion","Second Wind","Dark Embrace"],"campfire_rested":0,"item_purchase_floors":[14,37,54],"current_hp_per_floor":[74,74,75,75,75,75,75,75,75,75,51,50,52,52,52,58,71,75,75,75,75,64,64,70,70,70,70,70,56,56,62,62,60,71,75,75,75,75,75,75,75,75,75,75,71,71,71,71,71,71,71,71,71,71,71,71],"gold":34,"neow_bonus":"THREE_ENEMY_KILL","is_daily":false,"chose_seed":false,"campfire_upgraded":10,"win_rate":0.0,"timestamp":1612673844,"path_taken":["M","?","?","?","?","R","E","M","T","R","?","E","M","?","R","BOSS","M","M","$","?","M","R","M","R","T","?","?","?","?","M","R","BOSS","M","M","$","M","?","R","E","M","T","R","?","R","E","M","R","BOSS","BOSS","R","$","E","BOSS"],"items_purchased_type":["Potion","Card","Card"],"build_version":"2020-12-22","purchased_purges":4,"victory":true,"max_hp_per_floor":[75,75,75,75,75,75,75,75,75,75,75,75,75,75,75,75,75,75,75,75,75,75,75,75,75,75,75,75,75,75,75,75,75,75,75,75,75,75,75,75,75,75,75,75,71,71,71,71,71,71,71,71,71,71,71,71],"card_choices":[{"not_picked":["Iron Wave","AT_DrawKnifeCut","Reckless Charge"],"picked":"SKIP","floor":1.0},{"not_picked":["Shockwave","Heavy Blade","Clash","Bloodletting"],"picked":"Rampage","floor":3.0},{"not_picked":["Hemokinesis","Shockwave","AT_CaressingTears","Dual Wield","MostiFishMod:BrandingRite"],"picked":"SKIP","floor":7.0},{"not_picked":["Clothesline","Pummel","Flame Barrier","Armaments","Wild Strike"],"picked":"SKIP","floor":8.0},{"not_picked":["Sword Boomerang","Inflame","Twin Strike","Second Wind"],"picked":"MostiFishMod:RainCloud","floor":11.0},{"not_picked":["MostiFishMod:BrandingRite","Sentinel","Seeing Red","Clothesline","Reckless Charge"],"picked":"SKIP","floor":12.0},{"not_picked":["Thunderclap","True Grit","Armaments","Perfected Strike","Dual Wield"],"picked":"SKIP","floor":13.0},{"not_picked":["MostiFishMod:DoubleSword","Fiend Fire","MostiFishMod:Mania","AT_Dispersion"],"picked":"MostiFishMod:OrdinaryWorld","floor":16.0},{"not_picked":["Flame Barrier","Body Slam","Havoc","Power Through"],"picked":"Dark Embrace","floor":18.0},{"not_picked":["Rage","Cleave","Wild Strike","Perfected Strike"],"picked":"AT_ShrugMaster","floor":19.0},{"not_picked":["Twin Strike","MostiFishMod:OrdinaryWorld","Infernal Blade","Thunderclap","Iron Wave"],"picked":"SKIP","floor":22.0},{"not_picked":["Rupture","Clothesline","Clash+1","Battle Trance"],"picked":"AT_BodySlamDance","floor":24.0},{"not_picked":["Double Tap","Fire Breathing","Rampage","Reckless Charge","AT_DiedThrough"],"picked":"SKIP","floor":29.0},{"not_picked":["Body Slam+1","Intimidate+1","Shrug It Off","Flex","Clothesline+1"],"picked":"SKIP","floor":31.0},{"not_picked":["Double Tap","MostiFishMod:FlyOverUtopia","MostiFishMod:UltimateDefense","Reaper"],"picked":"MostiFishMod:ChineseTea","floor":33.0},{"not_picked":["Cleave","Body Slam","Twin Strike+1","AT_IchimonjiDouble","Rupture"],"picked":"SKIP","floor":35.0},{"not_picked":["Flex","Warcry","Pommel Strike","AT_BodySlamDance"],"picked":"Feel No Pain+1","floor":36.0},{"not_picked":["Heavy Blade","Rage","Body Slam","True Grit"],"picked":"Evolve+1","floor":38.0},{"not_picked":["MostiFishMod:KnuckleDown","Pummel","Warcry","Pommel Strike"],"picked":"Power Through","floor":41.0},{"not_picked":["Clash+1","AT_IchimonjiDouble","True Grit","Heavy Blade","Twin Strike+1"],"picked":"SKIP","floor":42.0},{"not_picked":["Metallicize","Burning Pact","Clothesline","MostiFishMod:Mania","Bloodletting+1"],"picked":"SKIP","floor":47.0},{"not_picked":["Cleave+1","Flex","Anger","Shrug It Off","Warcry"],"picked":"SKIP","floor":48.0},{"not_picked":["True Grit+1","AT_IchimonjiDouble","Body Slam+1","Corruption","Metallicize"],"picked":"SKIP","floor":55.0}],"player_experience":752783,"relics_obtained":[{"floor":1.0,"key":"SynthV:TestCard"},{"floor":7.0,"key":"AT_SunfireAegis"},{"floor":12.0,"key":"Sundial"},{"floor":26.0,"key":"InkBottle"},{"floor":27.0,"key":"Matryoshka"},{"floor":39.0,"key":"AT_ForceNature"},{"floor":39.0,"key":"AT_BellowingDragoncrestRing"},{"floor":41.0,"key":"PlaceholderMod:DaolothFragment"},{"floor":43.0,"key":"The Courier"},{"floor":43.0,"key":"AT_ChloranthyRing"},{"floor":47.0,"key":"Nunchaku"},{"floor":55.0,"key":"testmod-ArcanaOfDestiny"}],"event_choices":[{"damage_healed":0.0,"max_hp_gain":0.0,"max_hp_loss":0.0,"gold_gain":0.0,"event_name":"Match and Keep!","player_choice":"1 cards matched","floor":2.0,"gold_loss":0.0,"damage_taken":0.0,"cards_obtained":["Berserk"]},{"damage_healed":0.0,"max_hp_gain":0.0,"max_hp_loss":0.0,"gold_gain":0.0,"cards_transformed":["Strike_R"],"event_name":"Transmorgrifier","player_choice":"Transformed","floor":5.0,"gold_loss":0.0,"damage_taken":0.0,"cards_obtained":["Shrug It Off"]},{"damage_healed":0.0,"max_hp_gain":0.0,"max_hp_loss":0.0,"gold_gain":0.0,"event_name":"Addict","player_choice":"Obtained Relic","floor":21.0,"gold_loss":85.0,"damage_taken":0.0,"relics_obtained":["AT_DeathDance"]},{"damage_healed":0.0,"max_hp_gain":0.0,"max_hp_loss":0.0,"gold_gain":0.0,"event_name":"Vampires","player_choice":"Ignored","floor":28.0,"gold_loss":0.0,"damage_taken":0.0},{"damage_healed":0.0,"max_hp_gain":0.0,"max_hp_loss":0.0,"gold_gain":50.0,"event_name":"Golden Shrine","player_choice":"Pray","floor":30.0,"gold_loss":0.0,"damage_taken":0.0},{"damage_healed":0.0,"max_hp_gain":0.0,"max_hp_loss":4.0,"gold_gain":0.0,"event_name":"Winding Halls","player_choice":"Max HP","floor":45.0,"gold_loss":0.0,"damage_taken":0.0}],"is_beta":false,"boss_relics":[{"not_picked":["FixedStarFall","testmod-KeyOfTheVoid"],"picked":"testmod-BatchProcessingSystem"},{"not_picked":["Cursed Key","Astrolabe"],"picked":"xbg"}],"items_purged_floors":[4,14,37,54],"is_endless":false,"potions_floor_spawned":[7,8,13,16,24,29,31,33,41,42],"ascension_level":20}}