{"host":"ijf4uk0u2tt2bygg","time":1612709678,"event":{"mods":["2.2 Compatiblity","AchievementEnabler","BaseMod","BetterRewards","Block Reminder","Colored Map","Colored Powertips","Curses Come First","DeckTracker","Hermit","Highlight Path","Minty Spire (QoL Compilation)","Permanent Neow","Quick Restart","Relic Stats","StSLib","SuperFastMode","The Bug Knight","The Cursed","The Hierophant","The Necromancer","The Servant 0.9.4","Unknown Chances"],"gold_per_floor":[119,130,110,122,136,164,164,181,205,215,215,240,7,26,26,130,130,141,141,153,78,177,202,202,219,266,366,384,417,417,436,436,532,532,548,548,568,31,49,77,77,97,121,32,32,32,32,32,32],"floor_reached":48,"language":"ENG","playtime":6143,"items_purged":["Strike_B","Defend_B"],"score":587,"play_id":"de645bd6-34bd-4e8c-94a0-e9470dcbb2eb","local_time":"20210207165438","is_ascension_mode":false,"campfire_choices":[{"floor":7.0,"key":"REST"},{"floor":11.0,"key":"REST"},{"data":"Defragment","floor":15.0,"key":"SMITH"},{"data":"Consume","floor":24.0,"key":"SMITH"},{"data":"Echo Form","floor":30.0,"key":"SMITH"},{"floor":32.0,"key":"REST"},{"data":"Loop","floor":41.0,"key":"SMITH"},{"data":"Bandage Up","floor":46,"key":"SMITH"}],"circlet_count":0,"master_deck":["Strike_B+1","Strike_B+1","Defend_B","Zap","Dualcast","Loop","Chaos","Sweeping Beam","Loop+1","Glacier","Blizzard","White Noise","Defragment+1","Cold Snap","Rainbow","Leap+1","Consume+1","White Noise","Conserve Battery","Echo Form+1","Coolheaded+1","Buffer","Buffer+1","Scrape+1","Stack+1","Beam Cell+1","Rebound+1","Parasite","Sweeping Beam+1","Fusion+1","Bandage Up+1","Pain"],"relics":["Black Star","Anchor","Oddly Smooth Stone","Boot","Whetstone","MawBank","Toy Ornithopter","Inserter","Nilry\u0027s Codex","Orichalcum","White Beast Statue","Bag of Preparation","Vajra","Centennial Puzzle","Astrolabe","Lantern","Ginger","Nunchaku","Gremlin Horn","Blood Vial","WarpedTongs"],"acts_visited":["Exordium","TheCity","TheBeyond"],"potions_floor_usage":[],"damage_taken":[{"damage":4.0,"enemies":"Small Slimes","floor":1.0,"turns":4.0},{"damage":3.0,"enemies":"Cultist","floor":2.0,"turns":5.0},{"damage":7.0,"enemies":"2 Louse","floor":4.0,"turns":4.0},{"damage":12.0,"enemies":"2 Fungi Beasts","floor":5.0,"turns":5.0},{"damage":26.0,"enemies":"3 Sentries","floor":6.0,"turns":6.0},{"damage":4.0,"enemies":"3 Louse","floor":8.0,"turns":3.0},{"damage":5.0,"enemies":"Gremlin Gang","floor":10.0,"turns":6.0},{"damage":50.0,"enemies":"Gremlin Nob","floor":12.0,"turns":6.0},{"damage":1.0,"enemies":"Red Slaver","floor":14.0,"turns":8.0},{"damage":21.0,"enemies":"The Guardian","floor":16.0,"turns":11.0},{"damage":11.0,"enemies":"Spheric Guardian","floor":18.0,"turns":5.0},{"damage":0.0,"enemies":"Chosen","floor":20.0,"turns":10.0},{"damage":33.0,"enemies":"Gremlin Leader","floor":23.0,"turns":12.0},{"damage":8.0,"enemies":"Snecko","floor":25.0,"turns":8.0},{"damage":0.0,"enemies":"Snake Plant","floor":28.0,"turns":8.0},{"damage":1.0,"enemies":"Book of Stabbing","floor":29.0,"turns":7.0},{"damage":0.0,"enemies":"Chosen and Byrds","floor":31.0,"turns":7.0},{"damage":0.0,"enemies":"Automaton","floor":33.0,"turns":13.0},{"damage":22.0,"enemies":"3 Shapes","floor":35.0,"turns":6.0},{"damage":16.0,"enemies":"3 Darklings","floor":37.0,"turns":10.0},{"damage":8.0,"enemies":"Writhing Mass","floor":39.0,"turns":9.0},{"damage":5.0,"enemies":"Giant Head","floor":40.0,"turns":10.0},{"damage":14.0,"enemies":"Sphere and 2 Shapes","floor":42.0,"turns":8.0},{"damage":19,"enemies":"Reptomancer","floor":48,"turns":2}],"seed_played":"1170351400650246489","potions_obtained":[{"floor":1.0,"key":"Block Potion"},{"floor":2.0,"key":"AttackPotion"},{"floor":3.0,"key":"SteroidPotion"},{"floor":4.0,"key":"DuplicationPotion"},{"floor":10.0,"key":"Regen Potion"},{"floor":14.0,"key":"SpeedPotion"},{"floor":16.0,"key":"LiquidMemories"},{"floor":18.0,"key":"Dexterity Potion"},{"floor":23.0,"key":"BlessingOfTheForge"},{"floor":25.0,"key":"EssenceOfSteel"},{"floor":28.0,"key":"SmokeBomb"},{"floor":29.0,"key":"Explosive Potion"},{"floor":31.0,"key":"Energy Potion"},{"floor":33.0,"key":"Strength Potion"},{"floor":35.0,"key":"Energy Potion"},{"floor":37.0,"key":"GamblersBrew"}],"is_trial":false,"path_per_floor":["M","M","?","M","M","E","R","M","T","M","R","E","$","M","R","B",null,"M","?","M","$","?","E","R","M","T","?","M","E","R","M","R","B",null,"M","?","M","$","M","E","R","M","T","$","?","R","$","E"],"character_chosen":"DEFECT","items_purchased":["Toy Ornithopter","BlessingOfTheForge","BlessingOfTheForge","Lantern","Ginger","Bandage Up"],"campfire_rested":3,"item_purchase_floors":[13,13,13,38,38,44],"current_hp_per_floor":[71,68,68,61,49,23,45,41,41,36,58,8,8,32,32,21,75,64,48,48,48,48,25,25,22,22,22,22,26,26,26,48,53,75,53,53,42,42,34,29,29,15,15,15,15,15,15,0,0],"gold":32,"neow_bonus":"BOSS_RELIC","is_daily":false,"chose_seed":false,"campfire_upgraded":5,"win_rate":0.0,"timestamp":1612709678,"path_taken":["M","M","?","M","M","E","R","M","T","?","R","E","$","M","R","BOSS","M","?","M","$","?","E","R","M","T","?","?","E","R","M","R","BOSS","M","?","M","$","?","E","R","M","T","$","?","R","?","E"],"items_purchased_type":["Relic","Potion","Potion","Relic","Relic","Card"],"build_version":"2020-12-22","purchased_purges":2,"victory":false,"max_hp_per_floor":[75,75,75,75,75,75,75,75,75,75,75,75,75,75,75,75,75,75,75,75,75,75,75,75,75,75,75,75,75,75,75,75,75,75,75,75,75,75,75,75,75,75,75,75,75,75,75,75,75],"relic_stats":{"Inserter":[57],"Gremlin Horn":[4,4],"counters":[24,171],"Astrolabe":["Buffer","Scrape","Stack"],"Bag of Preparation":[20],"Whetstone":["Strike_B","Strike_B"],"Ginger":[9],"Orichalcum":[72],"Boot":[80],"MawBank":12,"WarpedTongs":[2],"Blood Vial":2,"Centennial Puzzle":[18],"Nunchaku":[1],"Black Star":5,"obtain_stats":[{"Lantern":38,"Inserter":17,"Gremlin Horn":40,"Nilry\u0027s Codex":19,"Astrolabe":34,"Oddly Smooth Stone":6,"Vajra":29,"Bag of Preparation":26,"Whetstone":12,"Ginger":38,"Orichalcum":23,"Boot":9,"MawBank":12,"White Beast Statue":23,"WarpedTongs":45,"Blood Vial":43,"Anchor":6,"Centennial Puzzle":29,"Nunchaku":40,"Black Star":0,"Cracked Core":0,"Toy Ornithopter":13,"Runic Pyramid":0},{"Lantern":20,"Inserter":10,"Gremlin Horn":22,"Nilry\u0027s Codex":11,"Astrolabe":18,"Oddly Smooth Stone":5,"Vajra":16,"Bag of Preparation":14,"Whetstone":8,"Ginger":20,"Orichalcum":13,"Boot":6,"MawBank":8,"White Beast Statue":13,"WarpedTongs":23,"Blood Vial":23,"Anchor":5,"Centennial Puzzle":16,"Nunchaku":22,"Black Star":0,"Cracked Core":0,"Toy Ornithopter":8,"Runic Pyramid":0},{"Lantern":142,"Inserter":58,"Gremlin Horn":161,"Nilry\u0027s Codex":63,"Astrolabe":126,"Oddly Smooth Stone":24,"Vajra":107,"Bag of Preparation":93,"Whetstone":39,"Ginger":142,"Orichalcum":85,"Boot":27,"MawBank":39,"White Beast Statue":85,"WarpedTongs":169,"Blood Vial":169,"Anchor":24,"Centennial Puzzle":107,"Nunchaku":161,"Black Star":0,"Cracked Core":0,"Toy Ornithopter":39,"Runic Pyramid":0}],"Toy Ornithopter":45},"card_choices":[{"not_picked":["Sweeping Beam","Stack"],"picked":"Loop","floor":1.0},{"not_picked":["Skim","Stack"],"picked":"Chaos","floor":2.0},{"not_picked":["Skim","Beam Cell"],"picked":"Sweeping Beam","floor":4.0},{"not_picked":["Reprogram","Undo"],"picked":"Loop","floor":5.0},{"not_picked":["Defragment","Hologram"],"picked":"Glacier","floor":6.0},{"not_picked":["Sunder","Compile Driver"],"picked":"Blizzard","floor":8.0},{"not_picked":["Sunder","Leap"],"picked":"White Noise","floor":10.0},{"not_picked":["Biased Cognition","Coolheaded"],"picked":"Defragment","floor":12.0},{"not_picked":["Gash","Rebound"],"picked":"Cold Snap","floor":14.0},{"not_picked":["Thunder Strike","All For One"],"picked":"Rainbow","floor":16.0},{"not_picked":["Ball Lightning","Sweeping Beam"],"picked":"Leap+1","floor":18.0},{"not_picked":["Redo","Barrage"],"picked":"Consume","floor":20.0},{"not_picked":["Lockon","Cold Snap"],"picked":"White Noise","floor":23.0},{"not_picked":["Sweeping Beam","Multi-Cast"],"picked":"Conserve Battery","floor":25.0},{"not_picked":["Sunder","Compile Driver","Double Energy"],"picked":"SKIP","floor":28.0},{"not_picked":["Steam","Barrage"],"picked":"Echo Form","floor":29.0},{"not_picked":["Scrape","Leap"],"picked":"Coolheaded+1","floor":31.0},{"not_picked":["Fission","Reboot"],"picked":"Buffer","floor":33.0},{"not_picked":["Darkness+1","Go for the Eyes+1"],"picked":"Beam Cell+1","floor":35.0},{"not_picked":["Barrage","Redo+1"],"picked":"Rebound+1","floor":37.0},{"not_picked":["Consume+1","FTL+1","Gash"],"picked":"SKIP","floor":39.0},{"not_picked":["Redo+1","Steam"],"picked":"Sweeping Beam+1","floor":40.0},{"not_picked":["Conserve Battery","Rebound+1"],"picked":"Fusion+1","floor":42.0}],"player_experience":20555,"relics_obtained":[{"floor":6.0,"key":"Anchor"},{"floor":6.0,"key":"Oddly Smooth Stone"},{"floor":9.0,"key":"Boot"},{"floor":12.0,"key":"Whetstone"},{"floor":12.0,"key":"MawBank"},{"floor":19.0,"key":"Nilry\u0027s Codex"},{"floor":23.0,"key":"Orichalcum"},{"floor":23.0,"key":"White Beast Statue"},{"floor":26.0,"key":"Bag of Preparation"},{"floor":29.0,"key":"Vajra"},{"floor":29.0,"key":"Centennial Puzzle"},{"floor":40.0,"key":"Nunchaku"},{"floor":40.0,"key":"Gremlin Horn"},{"floor":43.0,"key":"Blood Vial"}],"event_choices":[{"damage_healed":0.0,"max_hp_gain":0.0,"max_hp_loss":0.0,"gold_gain":0.0,"event_name":"The Woman in Blue","player_choice":"Bought 1 Potion","floor":3.0,"gold_loss":0.0,"damage_taken":0.0},{"damage_healed":0.0,"max_hp_gain":0.0,"max_hp_loss":0.0,"gold_gain":0.0,"event_name":"Cursed Tome","player_choice":"Obtained Book","floor":19.0,"gold_loss":0.0,"damage_taken":16.0},{"damage_healed":0.0,"max_hp_gain":0.0,"max_hp_loss":0.0,"gold_gain":99.0,"event_name":"Nest","player_choice":"Stole From Cult","floor":22.0,"gold_loss":0.0,"damage_taken":0.0},{"damage_healed":0.0,"max_hp_gain":0.0,"max_hp_loss":0.0,"gold_gain":100.0,"event_name":"Golden Shrine","player_choice":"Pray","floor":27.0,"gold_loss":0.0,"damage_taken":0.0},{"damage_healed":0.0,"max_hp_gain":0.0,"max_hp_loss":0.0,"gold_gain":0.0,"event_name":"SecretPortal","player_choice":"Ignored","floor":36.0,"gold_loss":0.0,"damage_taken":0.0},{"damage_healed":0,"gold_gain":0,"player_choice":"Rummage","damage_taken":0,"relics_obtained":["WarpedTongs"],"max_hp_gain":0,"max_hp_loss":0,"event_name":"Accursed Blacksmith","floor":45,"gold_loss":0,"cards_obtained":["Pain"]}],"is_beta":false,"boss_relics":[{"not_picked":["Calling Bell","Sozu"],"picked":"Inserter"},{"not_picked":["Tiny House","Runic Dome"],"picked":"Astrolabe"}],"items_purged_floors":[21,38],"is_endless":false,"potions_floor_spawned":[1,2,4,10,14,16,18,23,25,28,29,31,33,35,37,39,40,42],"killed_by":"Reptomancer","ascension_level":0}}