{"host":"mnpd8gh7cwxsn5kh","time":1612719351,"event":{"mods":["BaseMod","Bestiary","Block Reminder","Colored Map","Colored Powertips","Highlight Path","Minty Spire (QoL Compilation)","Relic Sorter","Relic Stats"],"gold_per_floor":[112,82,100,112,131,162,173,173,173],"floor_reached":8,"language":"ENG","playtime":889,"items_purged":[],"score":93,"play_id":"9014eac8-041a-456f-b866-684c66685532","local_time":"20210207183551","is_ascension_mode":true,"campfire_choices":[],"circlet_count":0,"master_deck":["AscendersBane","Strike_P","Strike_P","Strike_P","Strike_P","Defend_P","Defend_P","Defend_P","Defend_P","Eruption","Vigilance","BowlingBash","Protect","Consecrate","Halt","EmptyMind","DeceiveReality"],"relics":["PureWater","Orichalcum","Happy Flower"],"acts_visited":["Exordium"],"potions_floor_usage":[5,6,8,8],"damage_taken":[{"damage":0,"enemies":"Small Slimes","floor":1,"turns":3},{"damage":0,"enemies":"Cultist","floor":3,"turns":3},{"damage":0,"enemies":"2 Louse","floor":4,"turns":1},{"damage":0,"enemies":"Blue Slaver","floor":5,"turns":5},{"damage":19,"enemies":"3 Sentries","floor":6,"turns":11},{"damage":0,"enemies":"Looter","floor":7,"turns":3},{"damage":72,"enemies":"Lagavulin","floor":8,"turns":14}],"seed_played":"-6205365651829707843","potions_obtained":[{"floor":2,"key":"Ambrosia"},{"floor":2,"key":"Regen Potion"},{"floor":6,"key":"FearPotion"},{"floor":7,"key":"GamblersBrew"}],"is_trial":false,"path_per_floor":["M","?","M","M","M","E","M","E"],"character_chosen":"WATCHER","items_purchased":[],"campfire_rested":0,"item_purchase_floors":[],"current_hp_per_floor":[65,65,65,65,65,61,61,0,0],"gold":173,"neow_bonus":"RANDOM_COMMON_RELIC","is_daily":false,"chose_seed":false,"campfire_upgraded":0,"win_rate":0.0,"timestamp":1612719351,"path_taken":["M","?","M","?","M","E","M","E"],"items_purchased_type":[],"build_version":"2020-12-22","purchased_purges":0,"victory":false,"max_hp_per_floor":[72,72,72,72,72,72,72,72,72],"relic_stats":{"Happy Flower":[5],"counters":[7,40],"Orichalcum":[72],"obtain_stats":[{"Happy Flower":6,"PureWater":0,"Orichalcum":0},{"Happy Flower":5,"PureWater":0,"Orichalcum":0},{"Happy Flower":23,"PureWater":0,"Orichalcum":0}]},"card_choices":[{"not_picked":["Collect","ClearTheMind"],"picked":"BowlingBash","floor":1},{"not_picked":["Perseverance","SashWhip"],"picked":"Protect","floor":3},{"not_picked":["Wallop","EmptyFist"],"picked":"Consecrate","floor":4},{"not_picked":["FlyingSleeves","CarveReality"],"picked":"Halt","floor":5},{"not_picked":["Pray","Fasting2"],"picked":"EmptyMind","floor":6},{"not_picked":["EmptyBody","Prostrate"],"picked":"DeceiveReality","floor":7}],"player_experience":386518,"relics_obtained":[{"floor":6,"key":"Happy Flower"}],"event_choices":[{"damage_healed":0,"gold_gain":0,"player_choice":"Bought 2 Potions","damage_taken":0,"max_hp_gain":0,"max_hp_loss":0,"event_name":"The Woman in Blue","floor":2,"gold_loss":0}],"is_beta":false,"boss_relics":[],"items_purged_floors":[],"is_endless":false,"potions_floor_spawned":[3,4,6,7],"killed_by":"Lagavulin","ascension_level":11}}