{"host":"cijhj3091wf4aho3","time":1612668614,"event":{"mods":["BaseMod","Colored Map","Colored Powertips","Downfall","Friendly Minions","GifTheSpireLib","Highlight Path","Minty Spire (QoL Compilation)","Permanent Neow","Random Character Button","Relic Sorter","Relic Stats","StSLib","everything is the same but u backflip on backflip","slay the spire mod where everything is the same but ironclad has a cowboy hat"],"gold_per_floor":[99,117,23,33,33,67,67,52,37,54,106,138,38,48,62,62,62,62],"floor_reached":16,"language":"ENG","playtime":1020,"items_purged":[],"score":187,"play_id":"7fc0aa9e-d1f6-45b4-8739-12f1ba1ace86","local_time":"20210206193014","is_ascension_mode":true,"campfire_choices":[{"data":"Guardian:GatlingBeam","floor":1.0,"key":"SMITH"},{"data":"Guardian:Strike_Guardian","floor":13,"key":"PURGE"}],"circlet_count":0,"master_deck":["AscendersBane","Guardian:Strike_Guardian","Guardian:Strike_Guardian","Guardian:Strike_Guardian","Guardian:Defend_Guardian","Guardian:Defend_Guardian","Guardian:Defend_Guardian","Guardian:Defend_Guardian","Guardian:CurlUp","Guardian:TwinSlam","Guardian:GatlingBeam+1","Guardian:Incinerate","Guardian:Suspension","Guardian:Recover","Guardian:TimeSifter","Guardian:TimeBomb","Guardian:TemporalShield","Guardian:Gem_White"],"relics":["Guardian:ModeShifter","Peace Pipe","Bag of Preparation","Eternal Feather","downfall:HeartBlessingBlue"],"acts_visited":["Exordium"],"potions_floor_usage":[6,10,16],"damage_taken":[{"damage":0.0,"enemies":"Cultist","floor":2.0,"turns":5.0},{"damage":5.0,"enemies":"downfall:FleeingMerchant","floor":3.0,"turns":4.0},{"damage":0.0,"enemies":"2 Louse","floor":4.0,"turns":4.0},{"damage":10,"enemies":"Gremlin Nob","floor":6,"turns":3},{"damage":5,"enemies":"downfall:FleeingMerchant","floor":8,"turns":4},{"damage":5,"enemies":"downfall:FleeingMerchant","floor":9,"turns":4},{"damage":0,"enemies":"Jaw Worm","floor":10,"turns":3},{"damage":17,"enemies":"3 Sentries","floor":12,"turns":5},{"damage":1,"enemies":"Red Slaver","floor":14,"turns":4},{"damage":11,"enemies":"Exordium Wildlife","floor":15,"turns":4},{"damage":22,"enemies":"WA_ARCHETYPE_RETAIN","floor":16,"turns":10}],"seed_played":"4116691949918589951","potions_obtained":[{"floor":4.0,"key":"hexamod:SoulburnPotion"},{"floor":6,"key":"Fire Potion"},{"floor":10,"key":"SneckoOil"},{"floor":12,"key":"Weak Potion"}],"is_trial":false,"path_per_floor":["R","M","$","M","?","E","T","$","$","M","T","E","R","M","M","B"],"character_chosen":"GUARDIAN","items_purchased":["Guardian:Gem_Yellow"],"campfire_rested":0,"item_purchase_floors":[3],"current_hp_per_floor":[65,65,60,60,60,50,50,45,40,40,40,23,42,41,30,8,8,8],"gold":62,"neow_bonus":"ONE_RANDOM_RARE_CARD","is_daily":false,"chose_seed":false,"campfire_upgraded":1,"win_rate":0.0,"timestamp":1612668614,"path_taken":["R","M","?","?","?","E","T","?","$","M","?","E","R","M","M","BOSS"],"items_purchased_type":["Card"],"build_version":"2020-12-22","purchased_purges":0,"victory":false,"max_hp_per_floor":[72,72,72,72,72,72,72,72,72,72,72,72,82,82,82,82,82,82],"relic_stats":{"Peace Pipe":1,"counters":[11,48],"Eternal Feather":9,"Bag of Preparation":[8],"obtain_stats":[{"Peace Pipe":6,"downfall:HeartBlessingBlue":13,"Guardian:ModeShifter":0,"Eternal Feather":12,"Bag of Preparation":11},{"Peace Pipe":4,"downfall:HeartBlessingBlue":8,"Guardian:ModeShifter":0,"Eternal Feather":8,"Bag of Preparation":7},{"Peace Pipe":15,"downfall:HeartBlessingBlue":31,"Guardian:ModeShifter":0,"Eternal Feather":31,"Bag of Preparation":26}]},"card_choices":[{"not_picked":["Guardian:PrimingBeam","Guardian:Suspension"],"picked":"Guardian:Incinerate","floor":2.0},{"not_picked":["Guardian:CrystalBeam","Guardian:Planning"],"picked":"Guardian:Suspension","floor":3.0},{"not_picked":["Guardian:EvasiveProtocol","Guardian:PiercingHide"],"picked":"Guardian:Recover","floor":4.0},{"not_picked":["Guardian:Emergency","Guardian:Incinerate"],"picked":"Guardian:TimeSifter","floor":6},{"not_picked":["Guardian:Preprogram","Guardian:Gem_Lightblue","Guardian:Gem_Cyan"],"picked":"SKIP","floor":8},{"not_picked":["Guardian:SentryBeam","Guardian:Incinerate"],"picked":"Guardian:TimeBomb","floor":9},{"not_picked":["Guardian:PiercingHide","Guardian:TimeBomb"],"picked":"Guardian:TemporalShield","floor":10},{"not_picked":["Guardian:Gem_Fragmented","Guardian:RollAttack","Guardian:FloatingOrbs"],"picked":"SKIP","floor":12},{"not_picked":["Guardian:PiercingHide","Guardian:Recover"],"picked":"Guardian:Gem_White","floor":14},{"not_picked":["Guardian:Gem_Crimson","Guardian:ShieldSpikes","Guardian:WalkerClaw"],"picked":"SKIP","floor":15}],"player_experience":568268,"relics_obtained":[{"floor":6,"key":"Peace Pipe"},{"floor":11,"key":"Bag of Preparation"},{"floor":12,"key":"Eternal Feather"}],"event_choices":[],"is_beta":false,"boss_relics":[],"items_purged_floors":[],"is_endless":false,"potions_floor_spawned":[4,6,10,12,15],"killed_by":"WA_ARCHETYPE_RETAIN","ascension_level":14}}