{"host":"mqhvlr3kpxebko0t","time":1612702544,"event":{"mods":["AchievementEnabler","BaseMod","Colored Map","Colored Powertips","KOR Keyword Fix","Keyboard Shortcuts","Minty Spire (QoL Compilation)","StSLib","SuperFastMode"],"gold_per_floor":[110,110,110,128,53,79,79,99,123,134,59,77,77,91,91,163,163,178,78,78,78],"floor_reached":20,"language":"KOR","playtime":193,"items_purged":["Defend_P","Strike_P"],"score":498,"play_id":"0ad47bdb-3dd5-4df1-bd58-9c474290e9f3","local_time":"20210207215544","is_ascension_mode":true,"campfire_choices":[{"data":"Eruption","floor":7.0,"key":"SMITH"},{"floor":13.0,"key":"REST"},{"data":"EmptyFist","floor":15.0,"key":"SMITH"}],"circlet_count":0,"master_deck":["AscendersBane","Strike_P","Defend_P+1","Defend_P+1","Defend_P","Eruption+1","Vigilance","EmptyFist+1","FearNoEvil","Vault"],"relics":["PureWater","NeowsBlessing","Boot","Centennial Puzzle"],"acts_visited":["Exordium","TheCity"],"potions_floor_usage":[16,16,16,16,16],"damage_taken":[{"damage":0.0,"enemies":"Small Slimes","floor":1.0,"turns":1.0},{"damage":0.0,"enemies":"2 Louse","floor":4.0,"turns":2.0},{"damage":0.0,"enemies":"3 Sentries","floor":6.0,"turns":2.0},{"damage":0.0,"enemies":"Cultist","floor":8.0,"turns":3.0},{"damage":20.0,"enemies":"Gremlin Gang","floor":10.0,"turns":4.0},{"damage":5.0,"enemies":"Blue Slaver","floor":12.0,"turns":2.0},{"damage":0.0,"enemies":"2 Fungi Beasts","floor":14.0,"turns":3.0},{"damage":0,"enemies":"Slime Boss","floor":16,"turns":3},{"damage":6,"enemies":"2 Thieves","floor":18,"turns":4},{"damage":0,"enemies":"3 Byrds","floor":20,"turns":1}],"seed_played":"-7932245594551700509","potions_obtained":[{"floor":10.0,"key":"Ancient Potion"},{"floor":12.0,"key":"EntropicBrew"},{"floor":16,"key":"SkillPotion"}],"is_trial":false,"path_per_floor":["M","?","?","M","$","E","R","M","T","M","?","M","R","M","R","B",null,"M","$","M"],"character_chosen":"WATCHER","items_purchased":[],"campfire_rested":1,"item_purchase_floors":[],"current_hp_per_floor":[61,41,41,41,41,41,41,41,41,21,21,16,36,36,36,36,60,54,54,54,54],"gold":78,"neow_bonus":"THREE_ENEMY_KILL","is_daily":false,"chose_seed":false,"campfire_upgraded":2,"win_rate":0.0,"timestamp":1612702544,"path_taken":["M","?","?","M","$","E","R","?","T","?","?","M","R","M","R","BOSS","M","$","M"],"items_purchased_type":[],"build_version":"2020-12-22","purchased_purges":2,"victory":false,"max_hp_per_floor":[68,68,68,68,68,68,68,68,68,68,68,68,68,68,68,68,68,68,68,68,68],"card_choices":[{"not_picked":["JustLucky","SashWhip","LikeWater"],"picked":"SKIP","floor":1.0},{"not_picked":["FlyingSleeves","JustLucky","LikeWater"],"picked":"SKIP","floor":4.0},{"not_picked":["Crescendo","CarveReality"],"picked":"EmptyFist","floor":6.0},{"not_picked":["EmptyFist","Pray","Crescendo"],"picked":"SKIP","floor":8.0},{"not_picked":["DeceiveReality","Collect","ThirdEye"],"picked":"SKIP","floor":10.0},{"not_picked":["TalkToTheHand","Swivel"],"picked":"FearNoEvil","floor":12.0},{"not_picked":["BowlingBash","Crescendo","Evaluate"],"picked":"SKIP","floor":14.0},{"not_picked":["Brilliance","ConjureBlade"],"picked":"Vault","floor":16},{"not_picked":["Study","BowlingBash","FollowUp"],"picked":"SKIP","floor":18}],"player_experience":695947,"relics_obtained":[{"floor":6.0,"key":"Boot"},{"floor":9.0,"key":"Centennial Puzzle"}],"event_choices":[{"damage_healed":0.0,"max_hp_gain":0.0,"max_hp_loss":0.0,"gold_gain":0.0,"event_name":"Shining Light","player_choice":"Entered Light","floor":2.0,"gold_loss":0.0,"damage_taken":20.0,"cards_upgraded":["Defend_P","Defend_P"]},{"cards_removed":["Strike_P"],"damage_healed":0.0,"max_hp_gain":0.0,"max_hp_loss":0.0,"gold_gain":0.0,"event_name":"Bonfire Elementals","player_choice":"Offered Basic","floor":3.0,"gold_loss":0.0,"damage_taken":0.0},{"cards_removed":["Strike_P"],"damage_healed":0.0,"max_hp_gain":0.0,"max_hp_loss":0.0,"gold_gain":0.0,"event_name":"The Cleric","player_choice":"Card Removal","floor":11.0,"gold_loss":75.0,"damage_taken":0.0}],"is_beta":false,"boss_relics":[{"not_picked":["Runic Dome","Snecko Eye","Ectoplasm"]}],"items_purged_floors":[5,19],"is_endless":false,"potions_floor_spawned":[10,12,14,16],"killed_by":"3 Byrds","ascension_level":20}}