{"host":"r6jigiblrojhp6xe","time":1612687645,"event":{"mods":["AchievementEnabler","BaseMod","DeckTracker","Hermit","Minty Spire (QoL Compilation)","Quick Restart","Rare Cards Sparkle","Relic Stats","StSLib","SuperFastMode","everything is the same but u backflip on backflip"],"gold_per_floor":[112,126,201,126,126,157,68,68,68,68,78,89,89,108,108,207,207,228,253,253,253],"floor_reached":20,"language":"KOR","playtime":639,"items_purged":[],"score":448,"play_id":"296d5b26-e804-4055-9827-be2803f596d2","local_time":"20210207174725","is_ascension_mode":true,"campfire_choices":[{"data":"Noxious Fumes","floor":10.0,"key":"SMITH"},{"data":"Malaise","floor":15.0,"key":"SMITH"}],"circlet_count":0,"master_deck":["AscendersBane","Strike_G","Strike_G","Strike_G","Defend_G","Defend_G","Defend_G","Defend_G","Survivor","Neutralize","Dagger Throw","Crippling Poison","Malaise+1","Noxious Fumes+1","Blade Dance","Well Laid Plans","Blade Dance","After Image","PiercingWail"],"relics":["Ring of the Snake","NeowsBlessing","Gambling Chip","Incense Burner","Shuriken","Golden Idol","Empty Cage"],"acts_visited":["Exordium","TheCity"],"potions_floor_usage":[],"damage_taken":[{"damage":0.0,"enemies":"2 Louse","floor":1.0,"turns":1.0},{"damage":0.0,"enemies":"Small Slimes","floor":2.0,"turns":1.0},{"damage":0.0,"enemies":"3 Sentries","floor":6.0,"turns":1.0},{"damage":0.0,"enemies":"Jaw Worm","floor":11.0,"turns":4.0},{"damage":1.0,"enemies":"2 Fungi Beasts","floor":12.0,"turns":4.0},{"damage":12.0,"enemies":"Large Slime","floor":14.0,"turns":7.0},{"damage":26.0,"enemies":"The Guardian","floor":16.0,"turns":11.0},{"damage":21.0,"enemies":"Spheric Guardian","floor":18.0,"turns":6.0},{"damage":23.0,"enemies":"2 Thieves","floor":19.0,"turns":4.0}],"seed_played":"-8131981123346467701","potions_obtained":[{"floor":6.0,"key":"GamblersBrew"},{"floor":14.0,"key":"Strength Potion"}],"is_trial":false,"path_per_floor":["M","M","?","?","?","E","$","T","T","R","M","M","?","M","R","B",null,"M","M","?"],"character_chosen":"THE_SILENT","items_purchased":["Noxious Fumes"],"campfire_rested":0,"item_purchase_floors":[7],"current_hp_per_floor":[59,59,48,48,53,53,53,53,53,53,53,52,52,40,40,14,52,31,8,8,8],"gold":253,"neow_bonus":"THREE_ENEMY_KILL","is_daily":false,"chose_seed":false,"campfire_upgraded":2,"win_rate":0.0,"timestamp":1612687645,"path_taken":["M","M","?","?","?","E","$","?","T","R","M","M","?","M","R","BOSS","M","M","?"],"items_purchased_type":["Card"],"build_version":"2020-12-22","purchased_purges":0,"victory":false,"max_hp_per_floor":[66,66,66,66,71,71,71,71,71,71,71,71,64,64,64,64,64,64,64,64,64],"relic_stats":{"counters":[9,39],"Shuriken":[15],"Golden Idol":33,"Gambling Chip":[16],"obtain_stats":[{"NeowsBlessing":0,"Shuriken":9,"Golden Idol":13,"Gambling Chip":6,"Incense Burner":8,"Empty Cage":17,"Ring of the Snake":0},{"NeowsBlessing":0,"Shuriken":3,"Golden Idol":5,"Gambling Chip":3,"Incense Burner":3,"Empty Cage":7,"Ring of the Snake":0},{"NeowsBlessing":0,"Shuriken":3,"Golden Idol":11,"Gambling Chip":3,"Incense Burner":3,"Empty Cage":29,"Ring of the Snake":0}],"Ring of the Snake":[18]},"card_choices":[{"not_picked":["Deflect","Slice"],"picked":"Dagger Throw","floor":1.0},{"not_picked":["Dagger Spray","Backflip"],"picked":"Crippling Poison","floor":2.0},{"not_picked":["Distraction","Riddle With Holes"],"picked":"Malaise","floor":6.0},{"not_picked":["Dodge and Roll","Backflip"],"picked":"Blade Dance","floor":11.0},{"not_picked":["Expertise","Dagger Spray"],"picked":"Well Laid Plans","floor":12.0},{"not_picked":["Distraction","Tactician"],"picked":"Blade Dance","floor":14.0},{"not_picked":["Bullet Time","Die Die Die"],"picked":"After Image","floor":16.0},{"not_picked":["All Out Attack","Heel Hook"],"picked":"PiercingWail","floor":18.0},{"not_picked":["Sucker Punch","Dagger Spray","Tactician"],"picked":"SKIP","floor":19.0}],"player_experience":606651,"relics_obtained":[{"floor":6.0,"key":"Gambling Chip"},{"floor":8.0,"key":"Incense Burner"},{"floor":9.0,"key":"Shuriken"}],"event_choices":[{"damage_healed":0.0,"max_hp_gain":0.0,"max_hp_loss":0.0,"gold_gain":75.0,"event_name":"World of Goop","player_choice":"Gather Gold","floor":3.0,"gold_loss":0.0,"damage_taken":11.0},{"cards_removed":["Defend_G"],"damage_healed":0.0,"max_hp_gain":0.0,"max_hp_loss":0.0,"gold_gain":0.0,"event_name":"The Cleric","player_choice":"Card Removal","floor":4.0,"gold_loss":75.0,"damage_taken":0.0},{"damage_healed":0.0,"max_hp_gain":5.0,"max_hp_loss":0.0,"gold_gain":0.0,"event_name":"Big Fish","player_choice":"Donut","floor":5.0,"gold_loss":0.0,"damage_taken":0.0},{"damage_healed":0.0,"max_hp_gain":0.0,"max_hp_loss":7.0,"gold_gain":0.0,"event_name":"Golden Idol","player_choice":"Lose Max HP","floor":13.0,"gold_loss":0.0,"damage_taken":0.0,"relics_obtained":["Golden Idol"]}],"is_beta":false,"boss_relics":[{"not_picked":["Black Star","Calling Bell"],"picked":"Empty Cage"}],"items_purged_floors":[],"is_endless":false,"potions_floor_spawned":[6,14,16,19],"ascension_level":20}}