{"host":"kq5z4hx2798lxd5l","time":1612713446,"event":{"mods":["BaseMod","Better Note","BetterRewards","Colored Map","Colored Powertips","Downfall","Hermit","Hubris","Infinite Spire","Jorbs\u0027s Wanderer Trilogy","Marisa????????","Minty Spire (QoL Compilation)","Rare Cards Sparkle","Reliquary","Replay The Spire","StSLib","The Cursed","The Disciple","The Hierophant","The Necromancer","The Runesmith","The Servant 0.9.4"],"gold_per_floor":[110,121,121,121,121,135,145,145,156,58,82,82,110,173,207,207,207,308,308,328,347,347,16,32,58,58,58,84,101,133,185,223,262,262,300,300],"floor_reached":35,"language":"SPA","playtime":1453,"items_purged":["Strike_R","Strike_R"],"score":409,"play_id":"d7269739-7b6c-46fc-8389-4e7ef6f2ebf7","local_time":"20210207155726","is_ascension_mode":false,"campfire_choices":[{"data":"Spot Weakness","floor":8,"key":"SMITH"},{"data":"Sword Boomerang","floor":12,"key":"SMITH"},{"data":"Heavy Blade","floor":17,"key":"SMITH"},{"data":"Apotheosis","floor":26,"key":"SMITH"},{"data":"Double Tap","floor":34,"key":"SMITH"}],"circlet_count":0,"master_deck":["Strike_R+1","Strike_R","Strike_R","Defend_R","Defend_R","Defend_R","Defend_R+1","Bash","Flex","Spot Weakness+1","Sword Boomerang+1","Seeing Red","Shockwave","Shrug It Off","ReplayTheSpireMod:Limb From Limb","ReplayTheSpireMod:Muscle Training","Replay:Undeath\u0027s Touch","Heavy Blade+1","Feed+1","Rage+1","ReplayTheSpireMod:LeadingStrike","Apotheosis+1","Inflame+1","Double Tap+1","Pummel+1","ReplayTheSpireMod:Corrosion Curse"],"relics":["Burning Blood","StoneCalendar","reliquary:SharkskinSheath","Du-Vu Doll","reliquary:TridentHead","reliquary:PartyBalloon","Coffee Dripper","reliquary:RoseTintedGlasses","Bag of Preparation","Replay:Bandana"],"acts_visited":["Exordium","TheCity"],"potions_floor_usage":[13,18,25,35,35,35],"damage_taken":[{"damage":1,"enemies":"2 Louse","floor":1,"turns":2},{"damage":15,"enemies":"Small Slimes","floor":2,"turns":4},{"damage":6,"enemies":"Jaw Worm","floor":6,"turns":2},{"damage":6,"enemies":"3 Louse","floor":7,"turns":3},{"damage":0,"enemies":"Large Slime","floor":9,"turns":5},{"damage":18,"enemies":"Gremlin Nob","floor":13,"turns":4},{"damage":9,"enemies":"Lagavulin Event","floor":14,"turns":3},{"damage":1,"enemies":"Replay:BlueRogue","floor":15,"turns":4},{"damage":1,"enemies":"Slime Boss","floor":18,"turns":5},{"damage":1,"enemies":"Chosen","floor":20,"turns":3},{"damage":9,"enemies":"2 Thieves","floor":21,"turns":3},{"damage":3,"enemies":"Cultist and Chosen","floor":24,"turns":4},{"damage":1,"enemies":"Gremlin Leader","floor":25,"turns":4},{"damage":3,"enemies":"Centurion and Healer","floor":29,"turns":3},{"damage":25,"enemies":"Nightmare","floor":30,"turns":6},{"damage":22,"enemies":"Snake Plant","floor":31,"turns":4},{"damage":11,"enemies":"Shelled Parasite and Fungi","floor":32,"turns":2},{"damage":21,"enemies":"Sentry and Sphere","floor":33,"turns":4},{"damage":40,"enemies":"Automaton","floor":35,"turns":6}],"seed_played":"-7712077476632485959","potions_obtained":[{"floor":2,"key":"Explosive Potion"},{"floor":7,"key":"Weak Potion"},{"floor":9,"key":"SteroidPotion"},{"floor":15,"key":"Dexterity Potion"},{"floor":18,"key":"BlessingOfTheForge"},{"floor":25,"key":"Dexterity Potion"}],"is_trial":false,"path_per_floor":["M","M","?","PTL","PTL","M","M","R","M","$","T","R","E","?","E","?","R","B",null,"M","M","?","$","M","E","R","$","T","M","NM","M","M","M","R","B"],"character_chosen":"IRONCLAD","items_purchased":["Shrug It Off","ReplayTheSpireMod:LeadingStrike","Apotheosis"],"campfire_rested":0,"item_purchase_floors":[10,23,23],"current_hp_per_floor":[61,52,36,36,36,36,36,36,42,42,42,42,30,27,32,32,32,37,80,80,77,77,77,80,80,80,80,80,80,61,45,40,25,25,0,0],"gold":300,"neow_bonus":"ONE_RARE_RELIC","is_daily":false,"chose_seed":false,"campfire_upgraded":5,"win_rate":0.0,"timestamp":1612713446,"path_taken":["M","M","?","PTL","PTL","M","M","R","M","$","T","R","E","?","E","?","R","BOSS","M","M","?","?","M","E","R","$","T","M","NM","?","M","M","R","BOSS"],"items_purchased_type":["Card","Card","Card"],"build_version":"2020-12-22","purchased_purges":2,"victory":false,"max_hp_per_floor":[80,80,80,80,80,80,80,80,80,80,80,80,80,80,80,80,80,80,80,80,80,80,80,80,80,80,80,80,80,80,80,80,80,80,80,80],"card_choices":[{"not_picked":["Life Link","Anger"],"picked":"Flex","floor":1},{"not_picked":["Body Slam","Ghostly Armor"],"picked":"Spot Weakness","floor":2},{"not_picked":["Metallicize","Burning Pact"],"picked":"Sword Boomerang","floor":6},{"not_picked":["Hemogenesis","Clash"],"picked":"Seeing Red","floor":7},{"not_picked":["ReplayTheSpireMod:Muscle Training","ReplayTheSpireMod:Strike From Hell"],"picked":"Shockwave","floor":9},{"not_picked":["Cleave","Dropkick"],"picked":"ReplayTheSpireMod:Limb From Limb","floor":13},{"not_picked":["Armaments","Clothesline"],"picked":"ReplayTheSpireMod:Muscle Training","floor":14},{"not_picked":["Perfected Strike","Brutality"],"picked":"Replay:Undeath\u0027s Touch","floor":15},{"not_picked":["Impervious","Offering"],"picked":"Feed","floor":18},{"not_picked":["Ghostly Armor+1","hubris:SharpeningStone"],"picked":"Rage+1","floor":20},{"not_picked":["Sword Boomerang","True Grit","Dual Wield+1"],"picked":"SKIP","floor":21},{"not_picked":["Hemokinesis","Rupture"],"picked":"Inflame+1","floor":24},{"not_picked":["Anger+1","Fire Breathing"],"picked":"Double Tap","floor":25},{"not_picked":["Uppercut+1","ReplayTheSpireMod:Strike From Hell","Sword Boomerang+1"],"picked":"SKIP","floor":29},{"not_picked":["Hemokinesis","Warcry"],"picked":"Pummel+1","floor":30},{"not_picked":["Pummel","Intimidate"],"picked":"ReplayTheSpireMod:Corrosion Curse","floor":31},{"not_picked":["Searing Blow","Clothesline","Shrug It Off"],"picked":"SKIP","floor":32},{"not_picked":["True Grit","Replay:Undeath\u0027s Touch","Iron Wave"],"picked":"SKIP","floor":33}],"player_experience":511800,"relics_obtained":[{"floor":11,"key":"reliquary:SharkskinSheath"},{"floor":13,"key":"Du-Vu Doll"},{"floor":14,"key":"reliquary:TridentHead"},{"floor":15,"key":"reliquary:PartyBalloon"},{"floor":25,"key":"reliquary:RoseTintedGlasses"},{"floor":28,"key":"Bag of Preparation"},{"floor":30,"key":"Replay:Bandana"}],"event_choices":[{"damage_healed":0,"gold_gain":0,"player_choice":"Entered Light","damage_taken":16,"max_hp_gain":0,"max_hp_loss":0,"event_name":"Shining Light","floor":3,"gold_loss":0,"cards_upgraded":["Defend_R","Strike_R"]},{"damage_healed":0,"gold_gain":0,"player_choice":"Searched \u00271\u0027 times","damage_taken":0,"max_hp_gain":0,"max_hp_loss":0,"event_name":"Dead Adventurer","floor":14,"gold_loss":0},{"damage_healed":0,"gold_gain":0,"player_choice":"Upgraded","damage_taken":0,"max_hp_gain":0,"max_hp_loss":0,"event_name":"Upgrade Shrine","floor":22,"gold_loss":0,"cards_upgraded":["Feed"]}],"is_beta":false,"boss_relics":[{"not_picked":["SlaversCollar","Snecko Eye"],"picked":"Coffee Dripper"}],"items_purged_floors":[10,23],"is_endless":true,"potions_floor_spawned":[2,7,9,15,18,20,25,29],"killed_by":"Automaton","ascension_level":0}}