{"host":"vumwfieg2b2mnrfl","time":1612735421,"event":{"mods":["AchievementEnabler","BaseMod","Minty Spire (QoL Compilation)","Rare Cards Sparkle","Relic Stats"],"gold_per_floor":[112,262,275,54,64,64,64,64,112,112,137,137,180,180,180,275,275,294,54,73,88,128,128,162,162,162,62,98,112,112,151,151,151,151],"floor_reached":33,"language":"ENG","playtime":1060,"items_purged":["Injury","Defend_G"],"score":752,"play_id":"7cec391a-a727-4abf-a043-e22306c8c6f1","local_time":"20210207160341","is_ascension_mode":true,"campfire_choices":[{"data":"Catalyst","floor":6.0,"key":"SMITH"},{"data":"Burst","floor":8.0,"key":"SMITH"},{"floor":10.0,"key":"REST"},{"data":"Neutralize","floor":15.0,"key":"SMITH"},{"data":"Malaise","floor":23,"key":"SMITH"},{"floor":32,"key":"REST"}],"circlet_count":0,"master_deck":["AscendersBane","Strike_G","Strike_G","Strike_G","Strike_G","Defend_G","Defend_G","Defend_G","Defend_G","Survivor","Neutralize+1","Burst+1","Deadly Poison","Catalyst+1","Corpse Explosion","Noxious Fumes","Noxious Fumes","Crippling Poison","Malaise+1","Predator","Eviscerate+1","Dash","Wraith Form v2"],"relics":["Ring of the Snake","Golden Idol","Bag of Preparation","Matryoshka","Snecko Eye","Lee\u0027s Waffle","Red Mask","Sundial","Bottled Tornado","Snake Skull","Ornamental Fan","Art of War","Orichalcum","Toxic Egg 2"],"acts_visited":["Exordium","TheCity"],"potions_floor_usage":[33],"damage_taken":[{"damage":1.0,"enemies":"2 Louse","floor":1.0,"turns":3.0},{"damage":12.0,"enemies":"Small Slimes","floor":3.0,"turns":5.0},{"damage":3.0,"enemies":"Jaw Worm","floor":5.0,"turns":3.0},{"damage":12.0,"enemies":"Exordium Wildlife","floor":11.0,"turns":2.0},{"damage":0.0,"enemies":"3 Sentries","floor":13.0,"turns":2.0},{"damage":40.0,"enemies":"Slime Boss","floor":16.0,"turns":11.0},{"damage":33.0,"enemies":"2 Thieves","floor":18.0,"turns":4.0},{"damage":0,"enemies":"3 Byrds","floor":20,"turns":1},{"damage":3,"enemies":"Centurion and Healer","floor":21,"turns":4},{"damage":1,"enemies":"Masked Bandits","floor":22,"turns":2},{"damage":21,"enemies":"Book of Stabbing","floor":24,"turns":7},{"damage":0,"enemies":"Gremlin Leader","floor":28,"turns":4},{"damage":0,"enemies":"3 Cultists","floor":29,"turns":2},{"damage":10,"enemies":"Book of Stabbing","floor":31,"turns":5},{"damage":53,"enemies":"Automaton","floor":33,"turns":6}],"seed_played":"-8688863566174921461","potions_obtained":[{"floor":5.0,"key":"EssenceOfSteel"},{"floor":11.0,"key":"LiquidMemories"},{"floor":13.0,"key":"Fire Potion"},{"floor":16.0,"key":"Fire Potion"},{"floor":20,"key":"FearPotion"},{"floor":21,"key":"CultistPotion"}],"is_trial":false,"path_per_floor":["M","?","M","$","M","R","?","R","T","R","M","?","E","?","R","B",null,"M","$","M","M","?","R","E","T","T","$","E","M","?","E","R","B"],"character_chosen":"THE_SILENT","items_purchased":["Corpse Explosion","Noxious Fumes","Lee\u0027s Waffle"],"campfire_rested":2,"item_purchase_floors":[4,4,19],"current_hp_per_floor":[58,58,46,46,43,43,43,43,43,60,48,41,41,41,41,1,45,12,67,67,64,63,63,42,42,42,42,42,42,42,32,52,0,0],"gold":151,"neow_bonus":"THREE_RARE_CARDS","is_daily":false,"chose_seed":false,"campfire_upgraded":4,"win_rate":0.0,"timestamp":1612735421,"path_taken":["M","?","M","$","M","R","?","R","T","R","M","?","E","?","R","BOSS","M","$","M","M","?","R","E","?","T","?","E","M","?","E","R","BOSS"],"items_purchased_type":["Card","Card","Relic"],"build_version":"2020-12-22","purchased_purges":2,"victory":false,"max_hp_per_floor":[60,60,60,60,60,60,60,60,60,60,60,60,60,60,60,60,60,60,67,67,67,67,67,67,67,67,67,67,67,67,67,67,67,67],"relic_stats":{"Lee\u0027s Waffle":55,"counters":[15,61],"Golden Idol":81,"Sundial":[2],"Ornamental Fan":[8],"Snecko Eye":[63,54,62,75],"Snake Skull":[37],"Bag of Preparation":[15],"Art of War":[7],"Orichalcum":[24],"obtain_stats":[{"Lee\u0027s Waffle":19,"Golden Idol":7,"Snake Skull":25,"Bag of Preparation":9,"Bottled Tornado":25,"Orichalcum":28,"Matryoshka":13,"Sundial":24,"Ornamental Fan":26,"Snecko Eye":17,"Red Mask":22,"Art of War":26,"Toxic Egg 2":31,"Ring of the Snake":0},{"Lee\u0027s Waffle":7,"Golden Idol":3,"Snake Skull":11,"Bag of Preparation":3,"Bottled Tornado":11,"Orichalcum":12,"Matryoshka":5,"Sundial":11,"Ornamental Fan":11,"Snecko Eye":6,"Red Mask":10,"Art of War":11,"Toxic Egg 2":14,"Ring of the Snake":0},{"Lee\u0027s Waffle":30,"Golden Idol":11,"Snake Skull":44,"Bag of Preparation":11,"Bottled Tornado":44,"Orichalcum":48,"Matryoshka":15,"Sundial":44,"Ornamental Fan":44,"Snecko Eye":26,"Red Mask":37,"Art of War":44,"Toxic Egg 2":55,"Ring of the Snake":0}],"Ring of the Snake":[30]},"card_choices":[{"not_picked":["Tools of the Trade","Die Die Die"],"picked":"Burst","floor":0.0},{"not_picked":["Dagger Throw","Eviscerate"],"picked":"Deadly Poison","floor":1.0},{"not_picked":["Blade Dance","Sucker Punch"],"picked":"Catalyst","floor":3.0},{"not_picked":["Distraction","Cloak And Dagger"],"picked":"Noxious Fumes","floor":5.0},{"not_picked":["Backstab","Blade Dance","Poisoned Stab"],"picked":"SKIP","floor":11.0},{"not_picked":["Poisoned Stab","Backflip"],"picked":"Crippling Poison","floor":13.0},{"not_picked":["Phantasmal Killer","Corpse Explosion"],"picked":"Malaise","floor":16.0},{"not_picked":["Sucker Punch","Prepared+1","Dagger Throw"],"picked":"SKIP","floor":18},{"not_picked":["Blade Dance","Dagger Throw"],"picked":"Predator","floor":20},{"not_picked":["Glass Knife","Underhanded Strike"],"picked":"Eviscerate+1","floor":21},{"not_picked":["Slice","Deadly Poison"],"picked":"Dash","floor":22},{"not_picked":["Prepared","Dagger Throw","After Image"],"picked":"SKIP","floor":24},{"not_picked":["Backflip","Blade Dance"],"picked":"Wraith Form v2","floor":28},{"not_picked":["Prepared","Slice","Dash"],"picked":"SKIP","floor":29},{"not_picked":["Dagger Spray","PiercingWail+1","Choke+1"],"picked":"SKIP","floor":31}],"player_experience":533512,"relics_obtained":[{"floor":9.0,"key":"Bag of Preparation"},{"floor":13.0,"key":"Matryoshka"},{"floor":22,"key":"Red Mask"},{"floor":24,"key":"Sundial"},{"floor":25,"key":"Bottled Tornado"},{"floor":25,"key":"Snake Skull"},{"floor":26,"key":"Ornamental Fan"},{"floor":26,"key":"Art of War"},{"floor":28,"key":"Orichalcum"},{"floor":31,"key":"Toxic Egg 2"}],"event_choices":[{"damage_healed":0.0,"max_hp_gain":0.0,"max_hp_loss":0.0,"gold_gain":150.0,"event_name":"Liars Game","player_choice":"AGREE","floor":2.0,"gold_loss":0.0,"damage_taken":0.0,"cards_obtained":["Doubt"]},{"damage_healed":0.0,"max_hp_gain":0.0,"max_hp_loss":0.0,"gold_gain":0.0,"event_name":"Golden Idol","player_choice":"Take Wound","floor":7.0,"gold_loss":0.0,"damage_taken":0.0,"relics_obtained":["Golden Idol"],"cards_obtained":["Injury"]},{"cards_removed":["Strike_G"],"damage_healed":0.0,"max_hp_gain":0.0,"max_hp_loss":0.0,"gold_gain":0.0,"event_name":"Golden Wing","player_choice":"Card Removal","floor":12.0,"gold_loss":0.0,"damage_taken":7.0},{"cards_removed":["Doubt"],"damage_healed":0.0,"max_hp_gain":0.0,"max_hp_loss":0.0,"gold_gain":0.0,"event_name":"Living Wall","player_choice":"Forget","floor":14.0,"gold_loss":0.0,"damage_taken":0.0},{"damage_healed":0,"gold_gain":0,"player_choice":"Fought Bandits","damage_taken":0,"max_hp_gain":0,"max_hp_loss":0,"event_name":"Masked Bandits","floor":22,"gold_loss":0},{"damage_healed":0,"gold_gain":0,"player_choice":"Ignored","damage_taken":0,"max_hp_gain":0,"max_hp_loss":0,"event_name":"Cursed Tome","floor":30,"gold_loss":0}],"is_beta":false,"boss_relics":[{"not_picked":["Tiny House","WristBlade"],"picked":"Snecko Eye"}],"items_purged_floors":[19,27],"is_endless":false,"potions_floor_spawned":[5,11,13,16,20,21,28],"killed_by":"Automaton","ascension_level":20}}