{"host":"ggy1mjjy92c62u6a","time":1612677548,"event":{"mods":["10 clothes from DAL","ATMod(∞¢Ë™Mod)","Act Like it!","BaseMod","Colored Powertips","GifTheSpireLib","Library of Ruina","Library of Ruina Extra","Lobotomy","LobotomyExtend","Minty Spire (QoL Compilation)","Quick Restart","Relic Filter Mod","Relic Stats","Shop Mod","Spicy Shops","StSLib","TestMod","°æπ¶ƒ‹Mod°øªÏ„Á÷Æª∑–ﬁ∏¥≤π∂°","°æ“≈ŒÔMod°øÀ¿¡È∑® ¶NEW","°æ“≈ŒÔø®≈∆°øREMEMod"],"gold_per_floor":[112,112,112,122,47,81,81,81,104,121,121,146,0,19,19,121,121,134,232,232,243,283,312,135,135,158,169,238,12,45,45,45,45,45],"floor_reached":33,"language":"ZHS","playtime":984,"items_purged":["LightAttack","LightAttack"],"score":466,"play_id":"b8a96b3a-c459-4790-993e-e1f45561fcf2","local_time":"20210207135908","is_ascension_mode":false,"campfire_choices":[{"data":"RagingStorm","floor":7.0,"key":"SMITH"},{"data":"Unlock1","floor":11.0,"key":"SMITH"},{"floor":15.0,"key":"REST"},{"data":"UnforgettableMelody","floor":32,"key":"SMITH"}],"circlet_count":0,"master_deck":["Dodge","LightDefense","LightDefense","ChargeAndCover","FocusedStrikes","Ecstasy","AT_TwilightShroud","FrontalAssault","RagingStorm+1","Murderer","Unlock1+1","FrontalAssault","ShyLook","UnforgettableMelody+1","FormingStorm","PreparedMind","HighKick","Rampage_lor","GutHarvesting","SingingMachine","FrontalAssault","FrontalAssault+1"],"relics":["PageOfLibrarian","REME_ComplimentaryCards","AT_ATBox","testmod-TestBox","testmod-Charity","CogitoBucket","LetterFromLob","Pantograph","AT_ChloranthyRing","AT_ArcaneBoots","AT_SunfireAegis","ChangeAnything","Runic Pyramid","testmod-IndustrialRevolution","ClockworkSouvenir","Tiny Chest","testmod-OneHitWonder","PageOfAlriune","Membership Card","AT_BladeRuinedKing","Ornamental Fan"],"acts_visited":["Exordium","TheCity"],"potions_floor_usage":[],"damage_taken":[{"damage":2.0,"enemies":"Jaw Worm","floor":1.0,"turns":2.0},{"damage":0.0,"enemies":"2 Louse","floor":4.0,"turns":7.0},{"damage":0.0,"enemies":"Gremlin Nob","floor":6.0,"turns":3.0},{"damage":32.0,"enemies":"Cultist","floor":10.0,"turns":5.0},{"damage":16.0,"enemies":"Lagavulin","floor":12.0,"turns":3.0},{"damage":0.0,"enemies":"Exordium Thugs","floor":14.0,"turns":2.0},{"damage":0.0,"enemies":"Slime Boss","floor":16.0,"turns":5.0},{"damage":11.0,"enemies":"Chosen","floor":18.0,"turns":3.0},{"damage":0.0,"enemies":"Shell Parasite","floor":21.0,"turns":3.0},{"damage":13.0,"enemies":"3 Cultists","floor":22.0,"turns":4.0},{"damage":5.0,"enemies":"REME_1_Revenger","floor":23.0,"turns":4.0},{"damage":44,"enemies":"Snake Plant","floor":27,"turns":6},{"damage":0,"enemies":"Gremlin Leader","floor":30,"turns":2},{"damage":38,"enemies":"RedHoodMercenary","floor":33,"turns":4}],"seed_played":"-4166874528094472200","potions_obtained":[{"floor":4.0,"key":"REME_GoldPotion"},{"floor":12.0,"key":"DuplicationPotion"},{"floor":14.0,"key":"Weak Potion"},{"floor":27,"key":"SteroidPotion"}],"is_trial":false,"path_per_floor":["M","?","?","M","$","E","R","?","T","M","R","E","$","M","R","B",null,"M","?","?","M","M","E","$","?","T","M","T","$","E","?","R","B"],"character_chosen":"Librarian","items_purchased":["AT_SunfireAegis","ClockworkSouvenir","Membership Card","AT_BladeRuinedKing"],"campfire_rested":1,"item_purchase_floors":[13,24,29,29],"current_hp_per_floor":[59,59,59,60,60,61,61,61,62,31,31,16,16,17,39,65,87,77,78,78,79,68,64,64,64,65,22,23,23,24,24,24,11,11],"gold":45,"neow_bonus":"","is_daily":false,"chose_seed":false,"campfire_upgraded":3,"win_rate":0.0,"timestamp":1612677548,"path_taken":["M","?","?","M","?","E","R","?","T","?","R","E","$","M","R","BOSS","M","?","?","M","M","E","$","?","T","?","?","$","E","?","R","BOSS"],"items_purchased_type":["Relic","Relic","Relic","Relic"],"build_version":"2020-12-22","purchased_purges":2,"victory":false,"max_hp_per_floor":[69,69,69,70,70,71,71,71,72,73,73,74,74,75,75,87,87,88,89,89,90,92,93,93,93,94,95,96,96,97,97,97,97,97],"relic_stats":{"counters":[16,55],"Ornamental Fan":[4],"Pantograph":50,"Tiny Chest":0,"obtain_stats":[{"AT_ChloranthyRing":9,"AT_ATBox":0,"testmod-TestBox":0,"AT_ArcaneBoots":23,"PageOfAlriune":28,"AT_BladeRuinedKing":29,"testmod-IndustrialRevolution":23,"testmod-Charity":0,"ClockworkSouvenir":24,"PageOfLibrarian":0,"Yang_Lob":4,"CogitoBucket":0,"AT_SpeedBoots":12,"Ornamental Fan":30,"Pantograph":6,"Tiny Chest":25,"LetterFromLob":1,"Membership Card":29,"AT_SunfireAegis":13,"ChangeAnything":14,"testmod-OneHitWonder":26,"REME_ComplimentaryCards":0,"Runic Pyramid":17},{"AT_ChloranthyRing":3,"AT_ATBox":0,"testmod-TestBox":0,"AT_ArcaneBoots":12,"PageOfAlriune":14,"AT_BladeRuinedKing":14,"testmod-IndustrialRevolution":12,"testmod-Charity":0,"ClockworkSouvenir":12,"PageOfLibrarian":0,"Yang_Lob":2,"CogitoBucket":0,"AT_SpeedBoots":5,"Ornamental Fan":15,"Pantograph":3,"Tiny Chest":12,"LetterFromLob":1,"Membership Card":14,"AT_SunfireAegis":5,"ChangeAnything":7,"testmod-OneHitWonder":12,"REME_ComplimentaryCards":0,"Runic Pyramid":8},{"AT_ChloranthyRing":12,"AT_ATBox":0,"testmod-TestBox":0,"AT_ArcaneBoots":42,"PageOfAlriune":49,"AT_BladeRuinedKing":49,"testmod-IndustrialRevolution":42,"testmod-Charity":0,"ClockworkSouvenir":42,"PageOfLibrarian":0,"Yang_Lob":9,"CogitoBucket":0,"AT_SpeedBoots":20,"Ornamental Fan":51,"Pantograph":12,"Tiny Chest":42,"LetterFromLob":2,"Membership Card":49,"AT_SunfireAegis":20,"ChangeAnything":23,"testmod-OneHitWonder":42,"REME_ComplimentaryCards":0,"Runic Pyramid":28}]},"card_choices":[{"not_picked":["OSAHOGD","FairyFestival"],"picked":"Yin","floor":1.0},{"not_picked":["PinpointShot","Riposte","GrazeTheGrass","HighKick","Collision","Reload","Rampage_lor","Outburst"],"picked":"FrontalAssault","floor":1.0},{"not_picked":["ChopItOff","EnergyCycle","MultiHit","PreemptiveStrike","Pound","SharpSwipe","EnergyShield","EnergyStrike"],"picked":"RagingStorm","floor":4.0},{"not_picked":["Scorched","PunishingBird"],"picked":"Murderer","floor":6.0},{"not_picked":["SummaryJudgment","SteelKnuckles","Tttonst","Standoff","DarkCloud","DefenseOrder","UpbeatPerformance","InkOver"],"picked":"Unlock1","floor":6.0},{"not_picked":["OSAHOGD","PunishingBird"],"picked":"RedShoes","floor":10.0},{"not_picked":["Struggle","DesperateStruggle","Crush","TendonChords","EndlessBattle","Retaliate","GaleKick","SuppressingShot"],"picked":"FrontalAssault","floor":10.0},{"not_picked":["MeatLantern","OldLady"],"picked":"ShyLook","floor":12.0},{"not_picked":["Wallop_lor","Pound","Rampage_lor","UndertakePrescript","ClassAndRespect","InnerArdor","Outburst","Parry","EndlessBattle"],"picked":"SKIP","floor":12.0},{"not_picked":["HighSpeedStabbing","TimeForALittleTest","Unlock1","DarkCloud","Quickness","Pound","Overpower","SteelKnuckles"],"picked":"UnforgettableMelody","floor":14.0},{"not_picked":["TieShanKao","Punishment"],"picked":"FormingStorm","floor":16.0},{"not_picked":["DimensionalRift","StructuralAnalysis","SpearedSweep+1","QuickAttack","MultiBlock","Tttonst","Wallop_lor+1","SkitterAway+1"],"picked":"PreparedMind","floor":18.0},{"not_picked":["SteelKnuckles+1","ViolentFlame","Parry","HandleRequest","Thrust","Crush+1","FleetEdge","Faith+1"],"picked":"GutHarvesting","floor":21.0},{"not_picked":["PinpointShot","DefenseOrder","MultiBlock+1","IllEndYou","SinglePointStab","UnavoidableGaze","AsThePrescriptOrders","Pound+1","RepressedFlesh"],"picked":"SKIP","floor":22.0},{"not_picked":["Alriune","LaLuna"],"picked":"SingingMachine","floor":23.0},{"not_picked":["Thrust","ExtremeEdge","DeepDrag","QuickAttack","Quickness","ForcefulGesture","ShrineToMusic","SharpSwipe","DarkCloud"],"picked":"SKIP","floor":23.0},{"not_picked":["Thrust","ExtremeEdge","DeepDrag","QuickAttack","Quickness","ForcefulGesture","ShrineToMusic","SharpSwipe","DarkCloud"],"picked":"SKIP","floor":23.0},{"not_picked":["GuardingStance+1","QuickAttack","Pound","UnavoidableGaze+1","Leap_lor","HiddenBlade","TendonChords","Diversion"],"picked":"FrontalAssault","floor":27},{"not_picked":["RapidGashes+1","Feast","Thrust","DevastatingThrash","StructuralAnalysis+1","EnergyStrike","DeepDrag+1","YoureAHindrance"],"picked":"FrontalAssault+1","floor":30}],"player_experience":103937,"relics_obtained":[{"floor":1.0,"key":"LetterFromLob"},{"floor":6.0,"key":"Pantograph"},{"floor":9.0,"key":"AT_ChloranthyRing"},{"floor":12.0,"key":"AT_SpeedBoots"},{"floor":23.0,"key":"testmod-IndustrialRevolution"},{"floor":26.0,"key":"testmod-OneHitWonder"},{"floor":28,"key":"PageOfAlriune"},{"floor":30,"key":"Ornamental Fan"}],"event_choices":[{"cards_removed":["LightDefense"],"damage_healed":0.0,"max_hp_gain":0.0,"max_hp_loss":0.0,"gold_gain":0.0,"event_name":"Living Wall","player_choice":"Forget","floor":3.0,"gold_loss":0.0,"damage_taken":0.0},{"damage_healed":0.0,"max_hp_gain":0.0,"max_hp_loss":0.0,"gold_gain":0.0,"event_name":"NoteForYourself","player_choice":"Ignored","floor":8.0,"gold_loss":0.0,"damage_taken":0.0},{"damage_healed":0.0,"max_hp_gain":0.0,"max_hp_loss":0.0,"gold_gain":99.0,"event_name":"Nest","player_choice":"Stole From Cult","floor":19.0,"gold_loss":0.0,"damage_taken":0.0},{"damage_healed":0.0,"max_hp_gain":0.0,"max_hp_loss":0.0,"gold_gain":0.0,"cards_transformed":["LightAttack","LightDefense"],"event_name":"Drug Dealer","player_choice":"Became Test Subject","floor":20.0,"gold_loss":0.0,"damage_taken":0.0,"cards_obtained":["HighKick","Rampage_lor"]},{"cards_removed":["RedShoes"],"damage_healed":0.0,"max_hp_gain":0.0,"max_hp_loss":0.0,"gold_gain":0.0,"event_name":"WeMeetAgain","player_choice":"Gave Card","floor":25.0,"gold_loss":0.0,"damage_taken":0.0,"relics_obtained":["Tiny Chest"]},{"damage_healed":0,"gold_gain":0,"player_choice":"Ignored","damage_taken":0,"max_hp_gain":0,"max_hp_loss":0,"event_name":"Vampires","floor":31,"gold_loss":0}],"is_beta":false,"boss_relics":[{"not_picked":["Cursed Key","REME_DemonsWealth"],"picked":"Runic Pyramid"}],"items_purged_floors":[5,24],"is_endless":false,"potions_floor_spawned":[4,12,14,16,18,27],"killed_by":"RedHoodMercenary","ascension_level":0}}