{"host":"p0hktren06injwdf","time":1612723637,"event":{"mods":["AchievementEnabler","BaseMod","Colored Map","DeckTracker","Minty Spire (QoL Compilation)","Permanent Neow","StSLib","SuperFastMode"],"gold_per_floor":[115,134,149,249,265,265,296,312,335,335,127,127,141,155,155,234,234,253,267,284,297,307,307,307,307,307,327,327,375,389,400,400,471,471,484,494,394,394,406,406,420,420,445,445,157,207,237,248,248,248,248],"floor_reached":50,"language":"KOR","playtime":1150,"items_purged":["Strike_G","Normality","Normality"],"score":960,"play_id":"91678d95-baae-4cc9-85b0-de79329121e2","local_time":"20210208034717","is_ascension_mode":true,"campfire_choices":[{"data":"Glass Knife","floor":6,"key":"SMITH"},{"floor":10,"key":"REST"},{"data":"Accuracy","floor":12,"key":"SMITH"},{"data":"Finisher","floor":15,"key":"SMITH"},{"floor":23,"key":"REST"},{"floor":28,"key":"REST"},{"floor":32,"key":"REST"},{"floor":40,"key":"REST"},{"data":"After Image","floor":42,"key":"SMITH"},{"floor":44,"key":"REST"},{"floor":49,"key":"REST"}],"circlet_count":0,"master_deck":["AscendersBane","Strike_G","Strike_G","Strike_G","Defend_G","Defend_G","Defend_G","Defend_G","Defend_G","Survivor","Neutralize","Dagger Throw","Noxious Fumes","Blade Dance","Glass Knife+1","Backstab","Blade Dance","Accuracy+1","Blade Dance","Finisher+1","Bullet Time+1","PiercingWail","Dagger Spray+1","Cloak And Dagger+1","Injury","After Image+1","Malaise","Footwork"],"relics":["Ring of the Snake","Bag of Preparation","Tiny Chest","Anchor","Cursed Key","Dead Branch","Vajra","Busted Crown","Pen Nib","War Paint"],"acts_visited":["Exordium","TheCity","TheBeyond"],"potions_floor_usage":[7,7,50],"damage_taken":[{"damage":1,"enemies":"Small Slimes","floor":1,"turns":4},{"damage":6,"enemies":"Cultist","floor":2,"turns":4},{"damage":1,"enemies":"Jaw Worm","floor":3,"turns":3},{"damage":6,"enemies":"Exordium Wildlife","floor":5,"turns":3},{"damage":34,"enemies":"Lagavulin","floor":7,"turns":8},{"damage":4,"enemies":"Blue Slaver","floor":8,"turns":3},{"damage":0,"enemies":"Lots of Slimes","floor":13,"turns":3},{"damage":0,"enemies":"Looter","floor":14,"turns":1},{"damage":38,"enemies":"Hexaghost","floor":16,"turns":8},{"damage":0,"enemies":"Chosen","floor":18,"turns":2},{"damage":7,"enemies":"Shell Parasite","floor":19,"turns":3},{"damage":4,"enemies":"3 Cultists","floor":20,"turns":4},{"damage":21,"enemies":"Snake Plant","floor":21,"turns":3},{"damage":0,"enemies":"Chosen and Byrds","floor":22,"turns":3},{"damage":7,"enemies":"Shelled Parasite and Fungi","floor":27,"turns":4},{"damage":20,"enemies":"3 Cultists","floor":30,"turns":5},{"damage":1,"enemies":"Cultist and Chosen","floor":31,"turns":3},{"damage":29,"enemies":"Automaton","floor":33,"turns":8},{"damage":10,"enemies":"3 Shapes","floor":35,"turns":5},{"damage":0,"enemies":"Orb Walker","floor":36,"turns":2},{"damage":19,"enemies":"Spire Growth","floor":39,"turns":4},{"damage":13,"enemies":"Maw","floor":41,"turns":6},{"damage":23,"enemies":"Reptomancer","floor":47,"turns":4},{"damage":4,"enemies":"Writhing Mass","floor":48,"turns":4},{"damage":50,"enemies":"Donu and Deca","floor":50,"turns":7}],"seed_played":"-1847354903088809277","potions_obtained":[{"floor":2,"key":"Regen Potion"},{"floor":3,"key":"ColorlessPotion"},{"floor":16,"key":"BlessingOfTheForge"},{"floor":18,"key":"Poison Potion"},{"floor":22,"key":"Dexterity Potion"},{"floor":30,"key":"FearPotion"}],"is_trial":false,"path_per_floor":["M","M","M","?","M","R","E","M","T","R","$","R","M","M","R","B",null,"M","M","M","M","M","R","?","T","T","M","R","T","M","M","R","B",null,"M","M","$","?","M","R","M","R","T","R","$","?","E","M","R","B"],"character_chosen":"THE_SILENT","items_purchased":["Accuracy","Blade Dance","Pen Nib"],"campfire_rested":7,"item_purchase_floors":[11,11,45],"current_hp_per_floor":[58,52,51,51,45,45,26,22,22,41,41,41,41,41,41,3,50,50,43,39,18,18,37,19,19,19,12,33,33,13,12,33,4,54,44,44,44,44,25,46,33,33,33,54,54,54,31,27,48,0,0],"gold":248,"neow_bonus":"RANDOM_COMMON_RELIC","is_daily":false,"chose_seed":false,"campfire_upgraded":4,"win_rate":0.0,"timestamp":1612723637,"path_taken":["M","M","M","?","M","R","E","M","T","R","?","R","M","M","R","BOSS","M","M","M","M","M","R","?","?","T","M","R","?","M","M","R","BOSS","M","?","$","?","M","R","M","R","T","R","$","?","E","M","R","BOSS"],"items_purchased_type":["Card","Card","Relic"],"build_version":"2020-12-22","purchased_purges":3,"victory":false,"max_hp_per_floor":[66,66,66,66,66,66,66,66,66,66,66,66,66,66,66,66,66,66,66,66,66,66,66,71,71,71,71,71,71,71,71,71,71,71,71,71,71,71,71,71,71,71,71,71,71,71,71,71,71,71,71],"card_choices":[{"not_picked":["Prepared","Underhanded Strike"],"picked":"Dagger Throw","floor":1},{"not_picked":["Well Laid Plans","Cloak And Dagger"],"picked":"Noxious Fumes","floor":2},{"not_picked":["Predator","Backflip"],"picked":"Blade Dance","floor":3},{"not_picked":["Heel Hook","Masterful Stab"],"picked":"Glass Knife","floor":5},{"not_picked":["Skewer","Blur"],"picked":"Backstab","floor":7},{"not_picked":["Catalyst","Sucker Punch"],"picked":"Blade Dance","floor":8},{"not_picked":["Dagger Throw","Poisoned Stab","Acrobatics"],"picked":"SKIP","floor":13},{"not_picked":["Catalyst","Accuracy"],"picked":"Finisher","floor":14},{"not_picked":["Venomology","Tools of the Trade"],"picked":"Bullet Time","floor":16},{"not_picked":["Dodge and Roll","Backstab"],"picked":"PiercingWail","floor":18},{"not_picked":["Prepared","Outmaneuver","Well Laid Plans"],"picked":"SKIP","floor":19},{"not_picked":["Backflip","Cloak And Dagger"],"picked":"Dagger Spray+1","floor":20},{"not_picked":["Bouncing Flask","Slice","Poisoned Stab"],"picked":"SKIP","floor":21},{"not_picked":["Deadly Poison","Tactician"],"picked":"Cloak And Dagger","floor":22},{"not_picked":["Heel Hook","Acrobatics","Predator"],"picked":"SKIP","floor":27},{"not_picked":["Predator","Reflex"],"picked":"After Image","floor":30},{"not_picked":["Noxious Fumes","Backstab","Backflip"],"picked":"SKIP","floor":31},{"not_picked":["Night Terror","Tools of the Trade"],"picked":"Malaise","floor":33},{"not_picked":["Slice+1"],"picked":"SKIP","floor":35},{"not_picked":["Underhanded Strike"],"picked":"SKIP","floor":36},{"not_picked":[],"picked":"Footwork","floor":39},{"not_picked":["Catalyst"],"picked":"SKIP","floor":41},{"not_picked":["Predator"],"picked":"SKIP","floor":47},{"not_picked":["Catalyst"],"picked":"SKIP","floor":48}],"player_experience":1029466,"relics_obtained":[{"floor":7,"key":"Tiny Chest"},{"floor":9,"key":"Anchor"},{"floor":25,"key":"Dead Branch"},{"floor":29,"key":"Vajra"},{"floor":47,"key":"War Paint"}],"event_choices":[{"damage_healed":0,"gold_gain":100,"player_choice":"Gold","damage_taken":0,"max_hp_gain":0,"max_hp_loss":0,"event_name":"Wheel of Change","floor":4,"gold_loss":0},{"damage_healed":0,"gold_gain":0,"player_choice":"Shed Blood","damage_taken":23,"max_hp_gain":5,"max_hp_loss":0,"event_name":"Forgotten Altar","floor":24,"gold_loss":0},{"cards_removed":["Strike_G"],"damage_healed":0,"gold_gain":0,"player_choice":"Removed Attack","damage_taken":0,"max_hp_gain":0,"max_hp_loss":0,"event_name":"Falling","floor":38,"gold_loss":0},{"damage_healed":0,"gold_gain":50,"player_choice":"Pray","damage_taken":0,"max_hp_gain":0,"max_hp_loss":0,"event_name":"Golden Shrine","floor":46,"gold_loss":0}],"is_beta":false,"boss_relics":[{"not_picked":["Empty Cage","Snecko Eye"],"picked":"Cursed Key"},{"not_picked":["SacredBark","Velvet Choker"],"picked":"Busted Crown"}],"items_purged_floors":[11,37,45],"is_endless":false,"potions_floor_spawned":[2,3,5,16,18,20,21,22,30,31,39,41,47],"killed_by":"Donu and Deca","ascension_level":20}}