{"host":"6q94iy5iz6612v89","time":1612696217,"event":{"mods":["2.2 Compatiblity","AchievementEnabler","BaseMod","Colored Map","DeckTracker","Keyboard Shortcuts","Minty Spire (QoL Compilation)","Permanent Neow","StSLib","SuperFastMode"],"gold_per_floor":[99,117,42,42,56,56,81,96,96,96,112,112,112],"floor_reached":12,"language":"KOR","playtime":257,"items_purged":[],"score":160,"play_id":"925a7c9c-45d1-45b1-aa16-65317b87edbf","local_time":"20210207201017","is_ascension_mode":true,"campfire_choices":[{"data":"Predator","floor":6,"key":"SMITH"},{"data":"Deadly Poison","floor":10,"key":"SMITH"}],"circlet_count":0,"master_deck":["AscendersBane","Strike_G","Strike_G","Strike_G","Strike_G","Defend_G","Defend_G","Defend_G","Defend_G","Defend_G","Survivor","Neutralize","Predator+1","Cloak And Dagger","Deadly Poison+1","Masterful Stab","Leg Sweep","Blur"],"relics":["Ring of the Snake","Kunai"],"acts_visited":["Exordium"],"potions_floor_usage":[7,11],"damage_taken":[{"damage":3,"enemies":"Jaw Worm","floor":1,"turns":4},{"damage":3,"enemies":"Small Slimes","floor":2,"turns":4},{"damage":0,"enemies":"Cultist","floor":5,"turns":4},{"damage":14,"enemies":"Lagavulin","floor":7,"turns":6},{"damage":0,"enemies":"Blue Slaver","floor":8,"turns":3},{"damage":14,"enemies":"Lots of Slimes","floor":11,"turns":6},{"damage":40,"enemies":"Gremlin Nob","floor":12,"turns":4}],"seed_played":"-8490374111111222412","potions_obtained":[{"floor":2,"key":"CultistPotion"},{"floor":8,"key":"ColorlessPotion"}],"is_trial":false,"path_per_floor":["M","M","?","?","M","R","E","M","T","R","M","E"],"character_chosen":"THE_SILENT","items_purchased":[],"campfire_rested":0,"item_purchase_floors":[],"current_hp_per_floor":[56,53,53,53,53,53,39,39,39,39,25,0,0],"gold":112,"neow_bonus":"THREE_CARDS","is_daily":false,"chose_seed":false,"campfire_upgraded":2,"win_rate":0.0,"timestamp":1612696217,"path_taken":["M","M","?","?","M","R","E","?","T","R","M","E"],"items_purchased_type":[],"build_version":"2020-12-22","purchased_purges":0,"victory":false,"max_hp_per_floor":[66,66,66,66,66,66,66,66,66,66,66,66,66],"card_choices":[{"not_picked":["PiercingWail","Well Laid Plans"],"picked":"Predator","floor":0},{"not_picked":["Flying Knee","Slice"],"picked":"Cloak And Dagger","floor":1},{"not_picked":["Cloak And Dagger","Concentrate"],"picked":"Deadly Poison","floor":2},{"not_picked":["Cloak And Dagger","Storm of Steel"],"picked":"Masterful Stab","floor":5},{"not_picked":["Heel Hook","Caltrops"],"picked":"Leg Sweep","floor":7},{"not_picked":["Poisoned Stab","Prepared"],"picked":"Blur","floor":8},{"not_picked":["Distraction","Prepared","Backstab"],"picked":"SKIP","floor":11}],"player_experience":1471092,"relics_obtained":[{"floor":7,"key":"Kunai"}],"event_choices":[{"cards_removed":["Strike_G"],"damage_healed":0,"gold_gain":0,"player_choice":"Card Removal","damage_taken":0,"max_hp_gain":0,"max_hp_loss":0,"event_name":"The Cleric","floor":3,"gold_loss":75},{"damage_healed":0,"gold_gain":0,"player_choice":"0 cards matched","damage_taken":0,"max_hp_gain":0,"max_hp_loss":0,"event_name":"Match and Keep!","floor":4,"gold_loss":0,"cards_obtained":[]}],"is_beta":false,"boss_relics":[],"items_purged_floors":[],"is_endless":false,"potions_floor_spawned":[2,8],"killed_by":"Gremlin Nob","ascension_level":20}}