{"host":"o4p7qgaf1xspajzr","time":1612660945,"event":{"mods":["BaseMod","Block Reminder","Colored Map","Infinite Spire","Minty Spire (QoL Compilation)","Replay The Spire","StSLib","The Jungle"],"gold_per_floor":[116,76,1,21,40,40,70,70,96,129,142,152,152,117,117,222,222,240,37,37,37,56,83,101,112,161,173,203,203,216,278,278,383,383,396,396,396,396],"floor_reached":37,"language":"ENG","playtime":1143,"items_purged":["Defend_R","Strike_R","Strike_R"],"score":482,"play_id":"9b2a03cc-365c-44a1-92d2-036bb3cb3939","local_time":"20210207012225","is_ascension_mode":true,"campfire_choices":[{"data":"Replay:Undeath\u0027s Touch","floor":6,"key":"SMITH"},{"data":"Cleave","floor":8,"key":"SMITH"},{"data":"Fire Breathing","floor":15,"key":"SMITH"},{"floor":32,"key":"REST"}],"circlet_count":0,"master_deck":["Strike_R","Strike_R","Defend_R","Defend_R","Defend_R","Bash","Ghostly Armor","Replay:Undeath\u0027s Touch+1","Feel No Pain","Cleave+1","Fire Breathing+1","Wild Strike","Reckless Charge","Immolate+1","Reckless Charge","Armaments","Wild Strike","infinitespire:Starlight","Rampage+1","Fire Breathing+1","Battle Trance","Offering","Evolve"],"relics":["Burning Blood","NeowsBlessing","Omamori","ReplayFunnel","Replay:Rubber Ducky","Philosopher\u0027s Stone","HandDrill","Kunai","Whetstone","Champion Belt","Smiling Mask","Replay:Fungal Core"],"acts_visited":["Exordium","TheCity","TheBeyond"],"potions_floor_usage":[10,12,16,23,24,27,30,33,33,37],"damage_taken":[{"damage":0,"enemies":"Small Slimes","floor":1,"turns":1},{"damage":0,"enemies":"Cultist","floor":4,"turns":1},{"damage":0,"enemies":"Jaw Worm","floor":5,"turns":1},{"damage":58,"enemies":"Lagavulin","floor":7,"turns":8},{"damage":23,"enemies":"Gremlin Nob","floor":10,"turns":4},{"damage":7,"enemies":"Looter","floor":11,"turns":4},{"damage":8,"enemies":"3 Louse","floor":12,"turns":2},{"damage":21,"enemies":"Slime Boss","floor":16,"turns":6},{"damage":36,"enemies":"Shell Parasite","floor":18,"turns":6},{"damage":23,"enemies":"2 Thieves","floor":22,"turns":4},{"damage":63,"enemies":"Slavers","floor":23,"turns":3},{"damage":0,"enemies":"Cultist and Chosen","floor":24,"turns":5},{"damage":44,"enemies":"Snake Plant","floor":25,"turns":5},{"damage":12,"enemies":"Centurion and Healer","floor":27,"turns":4},{"damage":9,"enemies":"Gremlin Leader","floor":28,"turns":5},{"damage":0,"enemies":"Shelled Parasite and Fungi","floor":30,"turns":1},{"damage":39,"enemies":"Automaton","floor":33,"turns":7},{"damage":41,"enemies":"3 Darklings","floor":35,"turns":4},{"damage":34,"enemies":"infinitespire:Three Voidlings","floor":37,"turns":3},{"damage":53,"enemies":"Nightmare_Alpha","floor":37,"turns":4}],"seed_played":"-2349312584051349247","potions_obtained":[{"floor":2,"key":"LiquidMemories"},{"floor":2,"key":"Strength Potion"},{"floor":2,"key":"FairyPotion"},{"floor":11,"key":"Milkshake"},{"floor":12,"key":"Explosive Potion"},{"floor":16,"key":"Weak Potion"},{"floor":18,"key":"Toxic Potion"},{"floor":23,"key":"Milkshake"},{"floor":25,"key":"SkillPotion"},{"floor":27,"key":"BlessingOfTheForge"},{"floor":28,"key":"AttackPotion"},{"floor":31,"key":"Block Potion"}],"is_trial":false,"path_per_floor":["M","?","$","M","M","R","E","R","T","E","M","M","?","?","R","B",null,"M","$","?","AVR","M","E","M","M","T","M","E","?","M","?","R","B",null,"M","?","?"],"character_chosen":"IRONCLAD","items_purchased":["Armaments","Wild Strike"],"campfire_rested":1,"item_purchase_floors":[19,19],"current_hp_per_floor":[80,80,80,80,80,80,28,28,28,11,10,8,8,28,28,13,80,50,50,50,50,43,37,53,25,25,29,36,21,27,27,52,29,85,53,53,0,0],"gold":396,"neow_bonus":"THREE_ENEMY_KILL","is_daily":false,"chose_seed":false,"campfire_upgraded":3,"win_rate":0.0,"timestamp":1612660945,"path_taken":["M","?","$","?","M","R","E","R","T","E","M","M","?","?","R","BOSS","M","$","?","AVR","M","E","M","?","T","M","E","?","M","?","R","BOSS","M","?","?"],"items_purchased_type":["Card","Card"],"build_version":"2020-12-22","purchased_purges":3,"victory":false,"max_hp_per_floor":[80,80,80,80,80,80,80,80,80,80,80,80,80,80,80,80,80,80,80,80,80,80,80,80,80,80,80,80,85,85,85,85,85,85,85,85,85,85],"card_choices":[{"not_picked":["Warcry","Clothesline"],"picked":"Ghostly Armor","floor":1},{"not_picked":["Pommel Strike","Dual Wield"],"picked":"Replay:Undeath\u0027s Touch","floor":4},{"not_picked":["Second Wind","Dropkick"],"picked":"Feel No Pain","floor":5},{"not_picked":["Havoc","Iron Wave"],"picked":"Cleave","floor":7},{"not_picked":["Cleave","ReplayTheSpireMod:Corrosion Curse"],"picked":"Fire Breathing","floor":10},{"not_picked":["Sword Boomerang","Warcry"],"picked":"Wild Strike","floor":11},{"not_picked":["Juggernaut","Run Through"],"picked":"Reckless Charge","floor":12},{"not_picked":["Brutality","Berserk"],"picked":"Immolate","floor":16},{"not_picked":["Clothesline","ReplayReversal+1"],"picked":"Reckless Charge","floor":18},{"not_picked":["Iron Wave","Pommel Strike"],"picked":"Rampage","floor":22},{"not_picked":["Dropkick","Heavy Blade"],"picked":"Fire Breathing+1","floor":23},{"not_picked":["Sword Boomerang","Iron Wave"],"picked":"Battle Trance","floor":24},{"not_picked":["ReplayTheSpireMod:Strike From Hell+1","Rupture"],"picked":"Offering","floor":25},{"not_picked":["Flex","Heavy Blade","Clothesline+1"],"picked":"SKIP","floor":27},{"not_picked":["Run Through","Heavy Blade"],"picked":"Evolve","floor":28},{"not_picked":["Cleave","Armaments","Flex"],"picked":"SKIP","floor":30},{"not_picked":["ReplayTheSpireMod:Corrosion Curse","Thunderclap","Flex+1"],"picked":"SKIP","floor":35}],"player_experience":221781,"relics_obtained":[{"floor":7,"key":"Omamori"},{"floor":9,"key":"ReplayFunnel"},{"floor":10,"key":"Replay:Rubber Ducky"},{"floor":23,"key":"Kunai"},{"floor":26,"key":"Whetstone"},{"floor":28,"key":"Champion Belt"},{"floor":31,"key":"Smiling Mask"}],"event_choices":[{"damage_healed":0,"gold_gain":0,"player_choice":"Bought 3 Potions","damage_taken":0,"max_hp_gain":0,"max_hp_loss":0,"event_name":"The Woman in Blue","floor":2,"gold_loss":0},{"damage_healed":20,"gold_gain":0,"player_choice":"Healed","damage_taken":0,"max_hp_gain":0,"max_hp_loss":0,"event_name":"The Cleric","floor":14,"gold_loss":35},{"damage_healed":0,"gold_gain":0,"player_choice":"0 cards matched","damage_taken":0,"max_hp_gain":0,"max_hp_loss":0,"event_name":"Match and Keep!","floor":20,"gold_loss":0,"cards_obtained":[]},{"damage_healed":0,"gold_gain":0,"player_choice":"Shed Blood","damage_taken":20,"max_hp_gain":5,"max_hp_loss":0,"event_name":"Forgotten Altar","floor":29,"gold_loss":0},{"cards_removed":["Strike_R"],"damage_healed":0,"gold_gain":0,"player_choice":"Removed Attack","damage_taken":0,"max_hp_gain":0,"max_hp_loss":0,"event_name":"Falling","floor":36,"gold_loss":0}],"is_beta":false,"boss_relics":[{"not_picked":["Cursed Key","Replay:Bronze Core"],"picked":"Philosopher\u0027s Stone"},{"not_picked":["Black Blood","Ooze Armor"],"picked":"Replay:Fungal Core"}],"items_purged_floors":[3,19,21],"is_endless":false,"potions_floor_spawned":[4,7,11,12,16,18,23,25,27,28,37],"killed_by":"Nightmare_Alpha","ascension_level":3}}