{"host":"pe7ycb8t2t906so2","time":1612739385,"event":{"mods":["BaseMod","Colored Map","Highlight Path","Minty Spire (QoL Compilation)"],"gold_per_floor":[115,115,131,143,153,153,186,200,247,247,247,96,96,111,111,111,111],"floor_reached":16,"language":"FRA","playtime":630,"items_purged":["Strike_B"],"score":184,"play_id":"50f179d9-2514-495d-b18f-e6d6a2040017","local_time":"20210207180945","is_ascension_mode":true,"campfire_choices":[{"floor":6,"key":"REST"},{"data":"Zap","floor":13,"key":"SMITH"},{"data":"Storm","floor":15,"key":"SMITH"}],"circlet_count":0,"master_deck":["AscendersBane","Strike_B+1","Strike_B","Strike_B","Defend_B","Defend_B","Defend_B","Defend_B","Zap+1","Dualcast","Defragment","Storm+1","Ball Lightning+1","Steam","Electrodynamics","Self Repair","Defragment"],"relics":["Cracked Core","FossilizedHelix","Tiny Chest","Symbiotic Virus","Whetstone","Bag of Preparation"],"acts_visited":["Exordium"],"potions_floor_usage":[7,7,8],"damage_taken":[{"damage":0,"enemies":"2 Louse","floor":1,"turns":2},{"damage":0,"enemies":"Small Slimes","floor":3,"turns":4},{"damage":2,"enemies":"Jaw Worm","floor":4,"turns":3},{"damage":8,"enemies":"Exordium Thugs","floor":5,"turns":4},{"damage":15,"enemies":"3 Sentries","floor":7,"turns":6},{"damage":0,"enemies":"Red Slaver","floor":8,"turns":4},{"damage":0,"enemies":"2 Fungi Beasts","floor":14,"turns":2},{"damage":35,"enemies":"The Guardian","floor":16,"turns":8}],"seed_played":"-3625731334134995463","potions_obtained":[{"floor":3,"key":"FocusPotion"},{"floor":4,"key":"Explosive Potion"},{"floor":8,"key":"Fruit Juice"}],"is_trial":false,"path_per_floor":["M","?","M","M","M","R","E","M","T","?","T","$","R","M","R","B"],"character_chosen":"DEFECT","items_purchased":["Self Repair"],"campfire_rested":1,"item_purchase_floors":[12],"current_hp_per_floor":[46,20,20,18,10,31,16,21,21,21,21,21,21,28,28,0,0],"gold":111,"neow_bonus":"ONE_RARE_RELIC","is_daily":false,"chose_seed":false,"campfire_upgraded":2,"win_rate":0.0,"timestamp":1612739385,"path_taken":["M","?","M","M","M","R","E","M","T","?","?","$","R","M","R","BOSS"],"items_purchased_type":["Card"],"build_version":"2020-12-22","purchased_purges":1,"victory":false,"max_hp_per_floor":[71,71,71,71,71,71,71,76,76,76,76,76,76,76,76,76,76],"card_choices":[{"not_picked":["Beam Cell","Reprogram"],"picked":"Defragment","floor":1},{"not_picked":["Hologram","Gash"],"picked":"Storm","floor":3},{"not_picked":["Go for the Eyes","Compile Driver"],"picked":"Ball Lightning","floor":4},{"not_picked":["Beam Cell","Melter"],"picked":"Steam","floor":5},{"not_picked":["Streamline","Buffer"],"picked":"Electrodynamics","floor":7},{"not_picked":["Aggregate","Barrage","Steam Power"],"picked":"SKIP","floor":8},{"not_picked":["Compile Driver","Beam Cell"],"picked":"Defragment","floor":14}],"player_experience":1004486,"relics_obtained":[{"floor":7,"key":"Symbiotic Virus"},{"floor":9,"key":"Whetstone"},{"floor":11,"key":"Bag of Preparation"}],"event_choices":[{"damage_healed":0,"gold_gain":0,"player_choice":"Success","damage_taken":26,"relics_obtained":["Tiny Chest"],"max_hp_gain":0,"max_hp_loss":0,"event_name":"Scrap Ooze","floor":2,"gold_loss":0},{"damage_healed":0,"gold_gain":0,"player_choice":"Ignored","damage_taken":0,"max_hp_gain":0,"max_hp_loss":0,"event_name":"Shining Light","floor":10,"gold_loss":0}],"is_beta":false,"boss_relics":[],"items_purged_floors":[12],"is_endless":false,"potions_floor_spawned":[3,4,8],"killed_by":"The Guardian","ascension_level":16}}