{"host":"7qoz5gmva6til3yp","time":1612710737,"event":{"mods":["2.2 Compatiblity","Astrologer","BaseMod","Marisa£¨Ùöéë¡¡Øª×âÞÞ£©","Minty Spire (QoL Compilation)","StSLib","SuperFastMode","The Poker Player"],"gold_per_floor":[115,129,52,52,52,95,95,109,178,219,15,31,31,56,56,181,181,197,217,233,247,267,267,300,300,323,356,456,489,504,504,504,634,634,649,663,423,437,458,458,102,102,102,158,158,108,108,167,167,167],"floor_reached":51,"language":"KOR","playtime":1300,"items_purged":["PokerPlayerMod:Diamond5","PokerPlayerMod:Diamond2","PokerPlayerMod:Spade2","Writhe"],"score":905,"play_id":"43869b68-812c-4a86-a26a-adf13475f2e4","local_time":"20210208001217","is_ascension_mode":true,"metric_token":542,"campfire_choices":[{"data":"PokerPlayerMod:Diamond3","floor":7.0,"key":"SMITH"},{"floor":15.0,"key":"REST"},{"data":"PokerPlayerMod:Spade3","floor":23.0,"key":"SMITH"},{"floor":25.0,"key":"REST"},{"data":"PokerPlayerMod:WildCard","floor":32.0,"key":"SMITH"},{"data":"Apotheosis","floor":40.0,"key":"SMITH"},{"data":"PokerPlayerMod:Duplicate","floor":42.0,"key":"SMITH"},{"floor":49.0,"key":"REST"}],"circlet_count":0,"master_deck":["PokerPlayerMod:Diamond1","PokerPlayerMod:Diamond4","PokerPlayerMod:Diamond4","PokerPlayerMod:Spade1","PokerPlayerMod:Spade4","PokerPlayerMod:Spade4","PokerPlayerMod:Club1","PokerPlayerMod:Club2","PokerPlayerMod:Heart2","PokerPlayerMod:TrumpStrike+1","PokerPlayerMod:BadJoker","PokerPlayerMod:Mulligan","PokerPlayerMod:ClubStrike","PokerPlayerMod:DiamondStrike","PokerPlayerMod:Club9","PokerPlayerMod:Diamond4","PokerPlayerMod:Diamond4","PokerPlayerMod:CloakAndDiamond","PokerPlayerMod:SecondChance","PokerPlayerMod:WildCard+1","PokerPlayerMod:Club4","PokerPlayerMod:Club4","PokerPlayerMod:CardBurn+1","PokerPlayerMod:SpadeStrike+1","PokerPlayerMod:FillThePot","PokerPlayerMod:JackOfSpades+1","PokerPlayerMod:Duplicate+1","PokerPlayerMod:Sharpen+1","PokerPlayerMod:Diamond4","Apotheosis+1","PokerPlayerMod:Club4","PokerPlayerMod:Diamond1","Writhe"],"relics":["PokerPlayerMod:DeckCase","NeowsBlessing","Golden Idol","Smiling Mask","Bronze Scales","PokerPlayerMod:Splitter","PokerPlayerMod:AceCard","Pen Nib","Whetstone","Blood Vial","PreservedInsect","Cursed Key","Calipers","Mummified Hand","CatCart","Vajra","Du-Vu Doll"],"acts_visited":["Exordium","TheCity","TheBeyond"],"potions_floor_usage":[],"damage_taken":[{"damage":0.0,"enemies":"Jaw Worm","floor":1.0,"turns":1.0},{"damage":0.0,"enemies":"2 Louse","floor":2.0,"turns":1.0},{"damage":0.0,"enemies":"Lagavulin","floor":6.0,"turns":1.0},{"damage":0.0,"enemies":"Cultist","floor":8.0,"turns":2.0},{"damage":12.0,"enemies":"3 Sentries","floor":10.0,"turns":3.0},{"damage":0.0,"enemies":"Blue Slaver","floor":12.0,"turns":1.0},{"damage":2.0,"enemies":"Lots of Slimes","floor":14.0,"turns":2.0},{"damage":38.0,"enemies":"The Guardian","floor":16.0,"turns":6.0},{"damage":0.0,"enemies":"3 Byrds","floor":18.0,"turns":1.0},{"damage":0.0,"enemies":"Shell Parasite","floor":19.0,"turns":2.0},{"damage":19.0,"enemies":"Snake Plant","floor":20.0,"turns":3.0},{"damage":7.0,"enemies":"Snecko","floor":21.0,"turns":3.0},{"damage":0.0,"enemies":"3 Cultists","floor":22.0,"turns":2.0},{"damage":6.0,"enemies":"Gremlin Leader","floor":24.0,"turns":4.0},{"damage":0.0,"enemies":"Book of Stabbing","floor":27.0,"turns":3.0},{"damage":0.0,"enemies":"Gremlin Leader","floor":29.0,"turns":3.0},{"damage":6.0,"enemies":"Centurion and Healer","floor":30.0,"turns":3.0},{"damage":0.0,"enemies":"Collector","floor":33.0,"turns":5.0},{"damage":0.0,"enemies":"3 Darklings","floor":35.0,"turns":2.0},{"damage":0.0,"enemies":"Orb Walker","floor":36.0,"turns":2.0},{"damage":8.0,"enemies":"Spire Growth","floor":38.0,"turns":3.0},{"damage":0.0,"enemies":"3 Darklings","floor":39.0,"turns":2.0},{"damage":12.0,"enemies":"Orin","floor":44.0,"turns":5.0},{"damage":40.0,"enemies":"2 Orb Walkers","floor":48.0,"turns":3.0},{"damage":114,"enemies":"Donu and Deca","floor":50,"turns":8}],"seed_played":"3400453842656895142","potions_obtained":[{"floor":1.0,"key":"FearPotion"},{"floor":6.0,"key":"SteroidPotion"},{"floor":12.0,"key":"SteroidPotion"},{"floor":16.0,"key":"LiquidMemories"},{"floor":38.0,"key":"Explosive Potion"}],"is_trial":false,"path_per_floor":["M","M","$","?","?","E","R","M","T","E","$","M","$","M","R","B",null,"M","M","M","M","M","R","E","R","T","E","?","E","M","?","R","B",null,"M","M","$","M","M","R","$","R","T","?","T","$","?","?","R","B",null],"character_chosen":"THE_POKER_PLAYER","items_purchased":["PokerPlayerMod:Club9","PokerPlayerMod:Splitter","Apotheosis","Calipers"],"campfire_rested":3,"item_purchase_floors":[3,11,37,41],"current_hp_per_floor":[52,52,52,57,53,53,53,53,53,41,41,41,41,39,53,19,53,53,53,34,32,32,32,30,45,45,51,51,53,47,47,47,49,53,53,53,53,45,47,47,47,47,47,37,37,37,37,4,19,18],"gold":167,"neow_bonus":"THREE_ENEMY_KILL","is_daily":false,"chose_seed":false,"campfire_upgraded":5,"win_rate":0.0,"timestamp":1612710737,"path_taken":["M","M","$","?","?","E","R","M","T","E","?","M","$","?","R","BOSS","M","M","?","M","M","R","E","R","T","E","?","E","?","?","R","BOSS","M","M","$","M","M","R","$","R","T","?","?","$","?","?","R","BOSS"],"items_purchased_type":["Card","Relic","Card","Relic"],"build_version":"2020-12-22","purchased_purges":4,"victory":true,"max_hp_per_floor":[52,52,52,57,53,53,53,53,53,53,53,53,53,53,53,53,53,53,53,53,53,53,53,53,53,53,53,53,53,53,53,53,53,53,53,53,53,53,53,53,53,53,53,53,53,53,50,50,50,50],"card_choices":[{"not_picked":["PokerPlayerMod:Diamond4","PokerPlayerMod:Diamond1"],"picked":"PokerPlayerMod:ClubStrike","floor":1.0},{"not_picked":["PokerPlayerMod:CardPrinter","PokerPlayerMod:FillThePot"],"picked":"PokerPlayerMod:DiamondStrike","floor":2.0},{"not_picked":["PokerPlayerMod:Diamond3","PokerPlayerMod:Trickery"],"picked":"PokerPlayerMod:Diamond4","floor":6.0},{"not_picked":["PokerPlayerMod:Manipulation","PokerPlayerMod:Club1"],"picked":"PokerPlayerMod:Diamond4","floor":8.0},{"not_picked":["PokerPlayerMod:GamblerForm","PokerPlayerMod:HiddenCard"],"picked":"PokerPlayerMod:CloakAndDiamond","floor":10.0},{"not_picked":["PokerPlayerMod:Heart2","PokerPlayerMod:Manipulation","PokerPlayerMod:Heart3"],"picked":"SKIP","floor":12.0},{"not_picked":["PokerPlayerMod:ClubDance","PokerPlayerMod:Trickery"],"picked":"PokerPlayerMod:SecondChance","floor":14.0},{"not_picked":["PokerPlayerMod:Spade10+","PokerPlayerMod:Spade8"],"picked":"PokerPlayerMod:WildCard","floor":16.0},{"not_picked":["PokerPlayerMod:Trickery","PokerPlayerMod:Configure"],"picked":"PokerPlayerMod:Club4","floor":18.0},{"not_picked":["PokerPlayerMod:Spade2","PokerPlayerMod:Diamond5","PokerPlayerMod:Diamond3"],"picked":"SKIP","floor":19.0},{"not_picked":["PokerPlayerMod:Club3","PokerPlayerMod:Spade5"],"picked":"PokerPlayerMod:Club4","floor":20.0},{"not_picked":["PokerPlayerMod:Heart6","PokerPlayerMod:Spade8"],"picked":"PokerPlayerMod:CardBurn+1","floor":21.0},{"not_picked":["PokerPlayerMod:Diamond2","PokerPlayerMod:RiskyBet"],"picked":"PokerPlayerMod:SpadeStrike","floor":22.0},{"not_picked":["PokerPlayerMod:WasteCollection","PokerPlayerMod:Heart7"],"picked":"PokerPlayerMod:FillThePot","floor":24.0},{"not_picked":["PokerPlayerMod:ClubShade","PokerPlayerMod:Diamond5","PokerPlayerMod:DartThrow"],"picked":"SKIP","floor":27.0},{"not_picked":["PokerPlayerMod:Raise","PokerPlayerMod:CloakAndDiamond","PokerPlayerMod:Club8"],"picked":"SKIP","floor":29.0},{"not_picked":["PokerPlayerMod:SpadeStrike","PokerPlayerMod:Spade5"],"picked":"PokerPlayerMod:JackOfSpades+1","floor":30.0},{"not_picked":["PokerPlayerMod:Heart9","PokerPlayerMod:Diamond9"],"picked":"PokerPlayerMod:Duplicate","floor":33.0},{"not_picked":["PokerPlayerMod:Diamond2","PokerPlayerMod:HotShotCut"],"picked":"PokerPlayerMod:Sharpen+1","floor":35.0},{"not_picked":["PokerPlayerMod:Fold","PokerPlayerMod:Spade3"],"picked":"PokerPlayerMod:Diamond4","floor":36.0},{"not_picked":["PokerPlayerMod:DiamondStrike+1","PokerPlayerMod:Heart2","PokerPlayerMod:CardPrinter"],"picked":"SKIP","floor":38.0},{"not_picked":["PokerPlayerMod:SpadeStrike+1","PokerPlayerMod:Diamond1"],"picked":"PokerPlayerMod:Club4","floor":39.0},{"not_picked":["PokerPlayerMod:Extraction+1","PokerPlayerMod:Fold+1"],"picked":"PokerPlayerMod:Diamond1","floor":44.0}],"player_experience":496577,"relics_obtained":[{"floor":6.0,"key":"Smiling Mask"},{"floor":10.0,"key":"Bronze Scales"},{"floor":24.0,"key":"Pen Nib"},{"floor":26.0,"key":"Whetstone"},{"floor":27.0,"key":"Blood Vial"},{"floor":29.0,"key":"PreservedInsect"},{"floor":43.0,"key":"Mummified Hand"},{"floor":44.0,"key":"CatCart"},{"floor":45.0,"key":"Vajra"},{"floor":48.0,"key":"Du-Vu Doll"}],"event_choices":[{"damage_healed":0.0,"max_hp_gain":5.0,"max_hp_loss":0.0,"gold_gain":0.0,"event_name":"Big Fish","player_choice":"Donut","floor":4.0,"gold_loss":0.0,"damage_taken":0.0},{"damage_healed":0.0,"max_hp_gain":0.0,"max_hp_loss":4.0,"gold_gain":0.0,"event_name":"Golden Idol","player_choice":"Lose Max HP","floor":5.0,"gold_loss":0.0,"damage_taken":0.0,"relics_obtained":["Golden Idol"]},{"damage_healed":0.0,"max_hp_gain":0.0,"max_hp_loss":0.0,"gold_gain":100.0,"event_name":"Golden Shrine","player_choice":"Pray","floor":28.0,"gold_loss":0.0,"damage_taken":0.0},{"damage_healed":0.0,"max_hp_gain":0.0,"max_hp_loss":0.0,"gold_gain":0.0,"event_name":"Transmorgrifier","player_choice":"Ignored","floor":31.0,"gold_loss":0.0,"damage_taken":0.0},{"damage_healed":0.0,"max_hp_gain":0.0,"max_hp_loss":0.0,"gold_gain":0.0,"event_name":"OrinTheCat","player_choice":"Fight","floor":44.0,"gold_loss":0.0,"damage_taken":0.0},{"damage_healed":0.0,"max_hp_gain":0.0,"max_hp_loss":3.0,"gold_gain":0.0,"event_name":"Winding Halls","player_choice":"Max HP","floor":47.0,"gold_loss":0.0,"damage_taken":0.0},{"damage_healed":0.0,"max_hp_gain":0.0,"max_hp_loss":0.0,"gold_gain":0.0,"event_name":"Mysterious Sphere","player_choice":"Fight","floor":48.0,"gold_loss":0.0,"damage_taken":0.0}],"is_beta":false,"boss_relics":[{"not_picked":["SlaversCollar","Ectoplasm"],"picked":"PokerPlayerMod:AceCard"},{"not_picked":["SacredBark","Tiny House"],"picked":"Cursed Key"}],"items_purged_floors":[11,37,41,46],"is_endless":false,"potions_floor_spawned":[1,6,12,14,16,20,21,22,30,36,38,39,48],"ascension_level":1}}