{"host":"bgyhjzqafgkxdxsh","time":1612684308,"event":{"mods":["BaseMod","Colored Map","Minty Spire (QoL Compilation)","Relic Stats","StSLib","everything is the same but u backflip on backflip"],"gold_per_floor":[213,213,224,43,61,88,88,119,144,144,159,159,176,176,176,273,273,287,287,306,306,41,41,74,74,97,196,21,53,72,104,104,205,205,225,225,243,253,0,35,35,35],"floor_reached":41,"language":"ENG","playtime":1995,"items_purged":["Fusion","Normality"],"score":696,"play_id":"069b0d5a-2e82-4978-8f7e-650b1707ab97","local_time":"20210207175148","is_ascension_mode":true,"campfire_choices":[{"data":"Dualcast","floor":7,"key":"SMITH"},{"data":"Genetic Algorithm","floor":10,"key":"SMITH"},{"floor":15,"key":"REST"},{"data":"Static Discharge","floor":23,"key":"SMITH"},{"data":"Defragment","floor":32,"key":"SMITH"}],"circlet_count":0,"master_deck":["Defend_B","Defend_B","Zap","Dualcast+1","Melter+1","Sweeping Beam","Leap","Static Discharge+1","Cold Snap+1","Genetic Algorithm+1","Chill","White Noise","Multi-Cast","Turbo+1","Bite","Bite","Bite","Bite","Cold Snap+1","Blizzard","Coolheaded","Tempest","Scrape+1","Defragment+1","Hologram","Barrage+1","Conserve Battery","Redo","Defragment","Echo Form","Skim+1","Skim","Parasite","Cold Snap"],"relics":["Cracked Core","Pen Nib","DataDisk","MealTicket","Anchor","Juzu Bracelet","Cursed Key","Membership Card","Prayer Wheel","Runic Capacitor","Whetstone","Happy Flower","Runic Dome","Red Mask","Pocketwatch"],"acts_visited":["Exordium","TheCity","TheBeyond"],"potions_floor_usage":[11,16,31,33],"damage_taken":[{"damage":3,"enemies":"Jaw Worm","floor":1,"turns":5},{"damage":0,"enemies":"2 Louse","floor":3,"turns":2},{"damage":0,"enemies":"Cultist","floor":5,"turns":2},{"damage":25,"enemies":"Gremlin Nob","floor":6,"turns":4},{"damage":20,"enemies":"Lagavulin","floor":8,"turns":5},{"damage":0,"enemies":"3 Louse","floor":11,"turns":3},{"damage":0,"enemies":"Blue Slaver","floor":13,"turns":3},{"damage":0,"enemies":"Slime Boss","floor":16,"turns":7},{"damage":5,"enemies":"3 Byrds","floor":18,"turns":3},{"damage":13,"enemies":"Chosen","floor":20,"turns":5},{"damage":15,"enemies":"Slavers","floor":24,"turns":5},{"damage":21,"enemies":"Gremlin Leader","floor":29,"turns":7},{"damage":1,"enemies":"Centurion and Healer","floor":30,"turns":6},{"damage":10,"enemies":"Slavers","floor":31,"turns":5},{"damage":67,"enemies":"Collector","floor":33,"turns":6},{"damage":8,"enemies":"3 Shapes","floor":35,"turns":5},{"damage":0,"enemies":"Orb Walker","floor":37,"turns":2},{"damage":7,"enemies":"Writhing Mass","floor":38,"turns":5},{"damage":69,"enemies":"Reptomancer","floor":40,"turns":8},{"damage":22,"enemies":"Jaw Worm Horde","floor":41,"turns":2}],"seed_played":"-4086049747377282267","potions_obtained":[{"floor":1,"key":"Fruit Juice"},{"floor":6,"key":"Weak Potion"},{"floor":8,"key":"Block Potion"},{"floor":11,"key":"AttackPotion"},{"floor":13,"key":"SkillPotion"},{"floor":20,"key":"PotionOfCapacity"},{"floor":31,"key":"FocusPotion"},{"floor":37,"key":"Weak Potion"}],"is_trial":false,"path_per_floor":["M","?","M","$","M","E","R","E","T","R","M","?","M","?","R","B",null,"M","?","M","?","$","R","E","?","T","?","$","E","M","E","R","B",null,"M","?","M","M","?","E","M"],"character_chosen":"DEFECT","items_purchased":["DataDisk","Leap","Membership Card","DuplicationPotion","Coolheaded","Tempest","Defragment","Runic Capacitor","Hologram"],"campfire_rested":1,"item_purchase_floors":[4,4,22,22,22,22,28,28,28],"current_hp_per_floor":[72,69,69,69,69,44,44,24,24,24,29,13,13,13,37,39,70,67,67,66,66,80,80,73,73,73,73,80,59,64,60,60,1,60,60,60,62,65,65,8,0,0],"gold":35,"neow_bonus":"HUNDRED_GOLD","is_daily":false,"chose_seed":false,"campfire_upgraded":4,"win_rate":0.0,"timestamp":1612684308,"path_taken":["M","?","M","$","M","E","R","E","T","R","M","?","M","?","R","BOSS","M","?","M","?","$","R","E","?","T","?","?","E","M","E","R","BOSS","M","?","M","M","?","E","M"],"items_purchased_type":["Relic","Card","Relic","Potion","Card","Card","Card","Relic","Card"],"build_version":"2020-12-22","purchased_purges":2,"victory":false,"max_hp_per_floor":[75,75,75,75,75,75,75,75,75,75,80,80,80,80,80,80,80,80,80,80,80,80,80,80,80,80,80,80,80,80,80,80,80,80,80,76,76,76,76,76,76,76],"relic_stats":{"Happy Flower":[9],"counters":[20,90],"MealTicket":21,"Prayer Wheel":4,"Pen Nib":[15],"Juzu Bracelet":1,"Whetstone":["Cold Snap","Barrage"],"Cursed Key":1,"obtain_stats":[{"Happy Flower":31,"Pen Nib":2,"Juzu Bracelet":9,"Runic Capacitor":28,"Whetstone":29,"Cursed Key":17,"Blood Vial":14,"Runic Dome":34,"DataDisk":4,"Anchor":8,"MealTicket":6,"Prayer Wheel":24,"Red Mask":39,"Membership Card":22,"Cracked Core":0,"Pocketwatch":40},{"Happy Flower":14,"Pen Nib":1,"Juzu Bracelet":5,"Runic Capacitor":11,"Whetstone":12,"Cursed Key":8,"Blood Vial":7,"Runic Dome":15,"DataDisk":2,"Anchor":5,"MealTicket":4,"Prayer Wheel":11,"Red Mask":18,"Membership Card":10,"Cracked Core":0,"Pocketwatch":19},{"Happy Flower":62,"Pen Nib":5,"Juzu Bracelet":18,"Runic Capacitor":44,"Whetstone":51,"Cursed Key":31,"Blood Vial":24,"Runic Dome":68,"DataDisk":7,"Anchor":18,"MealTicket":13,"Prayer Wheel":44,"Red Mask":80,"Membership Card":39,"Cracked Core":0,"Pocketwatch":88}],"Pocketwatch":[0]},"card_choices":[{"not_picked":["Consume","Hello World"],"picked":"Melter","floor":1},{"not_picked":["Recycle","Defragment"],"picked":"Sweeping Beam","floor":3},{"not_picked":["FTL","Lockon"],"picked":"Static Discharge","floor":5},{"not_picked":["Tempest","Reprogram"],"picked":"Cold Snap","floor":6},{"not_picked":["Beam Cell","Go for the Eyes"],"picked":"Genetic Algorithm","floor":8},{"not_picked":["Storm","Hologram"],"picked":"Chill","floor":11},{"not_picked":["Rip and Tear","Aggregate"],"picked":"White Noise","floor":13},{"not_picked":["Reboot","Meteor Strike"],"picked":"Multi-Cast","floor":16},{"not_picked":["White Noise","Stack"],"picked":"Turbo+1","floor":18},{"not_picked":["Gash","Leap"],"picked":"Cold Snap+1","floor":20},{"not_picked":["Melter","Darkness"],"picked":"Scrape+1","floor":24},{"not_picked":["Steam","Loop+1"],"picked":"Barrage","floor":29},{"not_picked":["Gash+1","Ball Lightning"],"picked":"Conserve Battery","floor":30},{"not_picked":["Conserve Battery+1","FTL"],"picked":"Redo","floor":30},{"not_picked":["Turbo","Steam Power"],"picked":"Defragment","floor":31},{"not_picked":["Fission","Core Surge"],"picked":"Echo Form","floor":33},{"not_picked":["Hologram+1","Turbo+1"],"picked":"Skim+1","floor":35},{"not_picked":["Rebound","Tempest"],"picked":"Skim","floor":35},{"not_picked":["Reprogram","Aggregate","Compile Driver"],"picked":"SKIP","floor":37},{"not_picked":["Cold Snap","Capacitor+1","Sweeping Beam"],"picked":"SKIP","floor":37},{"not_picked":["Multi-Cast","Hologram+1","Rebound+1"],"picked":"SKIP","floor":38},{"not_picked":["Coolheaded","Hologram+1","Turbo+1"],"picked":"SKIP","floor":38},{"not_picked":["Streamline+1","Beam Cell"],"picked":"Cold Snap","floor":40}],"player_experience":468441,"relics_obtained":[{"floor":6,"key":"MealTicket"},{"floor":8,"key":"Anchor"},{"floor":9,"key":"Juzu Bracelet"},{"floor":24,"key":"Prayer Wheel"},{"floor":29,"key":"Whetstone"},{"floor":31,"key":"Happy Flower"},{"floor":40,"key":"Pocketwatch"}],"event_choices":[{"damage_healed":0,"gold_gain":0,"player_choice":"Success","damage_taken":3,"relics_obtained":["Pen Nib"],"max_hp_gain":0,"max_hp_loss":0,"event_name":"Scrap Ooze","floor":2,"gold_loss":0},{"damage_healed":0,"gold_gain":0,"player_choice":"Entered Light","damage_taken":16,"max_hp_gain":0,"max_hp_loss":0,"event_name":"Shining Light","floor":12,"gold_loss":0,"cards_upgraded":["Strike_B","Melter"]},{"damage_healed":0,"gold_gain":0,"player_choice":"Gave Potion","damage_taken":0,"relics_obtained":["Blood Vial"],"max_hp_gain":0,"max_hp_loss":0,"event_name":"WeMeetAgain","floor":14,"gold_loss":0},{"damage_healed":0,"gold_gain":0,"player_choice":"Became a vampire (Vial)","damage_taken":0,"max_hp_gain":0,"max_hp_loss":0,"event_name":"Vampires","floor":19,"relics_lost":["Blood Vial"],"gold_loss":0,"cards_obtained":["Bite","Bite","Bite","Bite","Bite"]},{"damage_healed":0,"gold_gain":0,"cards_transformed":["Defend_B","Defend_B"],"player_choice":"Became Test Subject","damage_taken":0,"max_hp_gain":0,"max_hp_loss":0,"event_name":"Drug Dealer","floor":21,"gold_loss":0,"cards_obtained":["Blizzard","Fusion"]},{"cards_removed":["Bite"],"damage_healed":0,"gold_gain":0,"player_choice":"Elegance","damage_taken":0,"max_hp_gain":0,"max_hp_loss":0,"event_name":"Back to Basics","floor":25,"gold_loss":0},{"damage_healed":0,"gold_gain":99,"player_choice":"Stole From Cult","damage_taken":0,"max_hp_gain":0,"max_hp_loss":0,"event_name":"Nest","floor":27,"gold_loss":0},{"damage_healed":0,"gold_gain":0,"player_choice":"Max HP","damage_taken":0,"max_hp_gain":0,"max_hp_loss":4,"event_name":"Winding Halls","floor":36,"gold_loss":0},{"damage_healed":0,"gold_gain":0,"player_choice":"Paid","damage_taken":0,"relics_obtained":["Red Mask"],"max_hp_gain":0,"max_hp_loss":0,"event_name":"Tomb of Lord Red Mask","floor":39,"gold_loss":253}],"is_beta":false,"boss_relics":[{"not_picked":["Nuclear Battery","Busted Crown"],"picked":"Cursed Key"},{"not_picked":["Inserter","Runic Pyramid"],"picked":"Runic Dome"}],"items_purged_floors":[22,28],"is_endless":false,"potions_floor_spawned":[1,6,8,11,13,20,24,31,37,38],"killed_by":"Jaw Worm Horde","ascension_level":5}}