{"host":"gjwzgdilc53yxmt0","time":1612708651,"event":{"mods":["2.2 Compatiblity","BaseMod","Bestiary","Highlight Path","Minty Spire (QoL Compilation)","Relic Stats","StSLib","ojb\u0027s Info Mod"],"gold_per_floor":[113,130,202,202,221,247,22,53,80,106,128,128,128,143,143,219,219,233,259,285,12,14,14,48,63,63,83,83,117,127,140,140,212,212,228,243,243,253,272,304,304,332,332,332,332,346,373,595,595,595,595,595,595,118,150,150,150],"floor_reached":56,"language":"ENG","playtime":3835,"items_purged":["Strike_G+1"],"score":2140,"play_id":"f18384aa-ad2a-456d-8519-7726d33d9943","local_time":"20210207093731","is_ascension_mode":true,"campfire_choices":[{"floor":13.0,"key":"REST"},{"data":"Footwork","floor":15.0,"key":"SMITH"},{"data":"Malaise","floor":23.0,"key":"SMITH"},{"data":"Well Laid Plans","floor":32.0,"key":"SMITH"},{"floor":41.0,"key":"RECALL"},{"data":"Cloak And Dagger","floor":44.0,"key":"SMITH"},{"floor":49.0,"key":"REST"},{"floor":53,"key":"REST"}],"circlet_count":0,"master_deck":["AscendersBane","Strike_G+1","Strike_G+1","Strike_G+1","Strike_G+1","Defend_G+1","Defend_G+1","Defend_G+1","Defend_G+1","Defend_G+1","Survivor","Neutralize+1","Backstab","Well Laid Plans+1","Blade Dance","Footwork+1","Footwork","Terror","Backstab","Malaise+1","Cloak And Dagger+1","Predator","Phantasmal Killer","CurseOfTheBell","Blade Dance","Deflect","Cloak And Dagger","Backflip","Blade Dance","Blur+1","Acrobatics","Predator","Night Terror","Heel Hook+1","Adrenaline","Dodge and Roll","Cloak And Dagger","Tactician+1","Backflip","Choke","Parasite","Infinite Blades","Outmaneuver","Deflect","PanicButton","Outmaneuver"],"relics":["Ring of the Snake","NeowsBlessing","Happy Flower","Tiny Chest","Peace Pipe","Blood Vial","Whetstone","Odd Mushroom","Calling Bell","Bag of Preparation","Kunai","Ginger","Red Mask","Toy Ornithopter","Lee\u0027s Waffle","Lantern","Centennial Puzzle","Du-Vu Doll","WristBlade","Bottled Lightning","PreservedInsect","Blue Candle","MealTicket","Oddly Smooth Stone","Orichalcum"],"acts_visited":["Exordium","TheCity","TheBeyond","TheEnding"],"potions_floor_usage":[55,56,56],"damage_taken":[{"damage":0.0,"enemies":"Jaw Worm","floor":1.0,"turns":1.0},{"damage":0.0,"enemies":"Cultist","floor":2.0,"turns":1.0},{"damage":0.0,"enemies":"2 Louse","floor":5.0,"turns":1.0},{"damage":29.0,"enemies":"Gremlin Nob","floor":6.0,"turns":4.0},{"damage":8.0,"enemies":"3 Sentries","floor":8.0,"turns":9.0},{"damage":11.0,"enemies":"Gremlin Nob","floor":10.0,"turns":4.0},{"damage":12.0,"enemies":"The Mushroom Lair","floor":11.0,"turns":5.0},{"damage":0.0,"enemies":"Looter","floor":14.0,"turns":2.0},{"damage":0.0,"enemies":"The Guardian","floor":16.0,"turns":12.0},{"damage":14.0,"enemies":"Shell Parasite","floor":18.0,"turns":4.0},{"damage":30.0,"enemies":"Masked Bandits","floor":19.0,"turns":5.0},{"damage":8.0,"enemies":"2 Thieves","floor":22.0,"turns":4.0},{"damage":25.0,"enemies":"Slavers","floor":24.0,"turns":8.0},{"damage":7.0,"enemies":"Snake Plant","floor":25.0,"turns":3.0},{"damage":0.0,"enemies":"Centurion and Healer","floor":27.0,"turns":6.0},{"damage":12.0,"enemies":"Gremlin Leader","floor":29.0,"turns":8.0},{"damage":0.0,"enemies":"Cultist and Chosen","floor":30.0,"turns":2.0},{"damage":1.0,"enemies":"Snake Plant","floor":31.0,"turns":5.0},{"damage":26.0,"enemies":"Collector","floor":33.0,"turns":13.0},{"damage":0.0,"enemies":"3 Shapes","floor":35.0,"turns":4.0},{"damage":2.0,"enemies":"Orb Walker","floor":36.0,"turns":2.0},{"damage":0.0,"enemies":"Sphere and 2 Shapes","floor":38.0,"turns":5.0},{"damage":0.0,"enemies":"Maw","floor":39.0,"turns":2.0},{"damage":3.0,"enemies":"Giant Head","floor":40.0,"turns":6.0},{"damage":23.0,"enemies":"Nemesis","floor":42.0,"turns":7.0},{"damage":1.0,"enemies":"Writhing Mass","floor":46.0,"turns":6.0},{"damage":29.0,"enemies":"Giant Head","floor":47.0,"turns":5.0},{"damage":37.0,"enemies":"Donu and Deca","floor":50.0,"turns":14.0},{"damage":8,"enemies":"Awakened One","floor":51,"turns":20},{"damage":47,"enemies":"Shield and Spear","floor":55,"turns":12},{"damage":39,"enemies":"The Heart","floor":56,"turns":9}],"seed_played":"-1223124326620901726","potions_obtained":[{"floor":5.0,"key":"Fire Potion"},{"floor":8.0,"key":"GhostInAJar"},{"floor":11.0,"key":"PowerPotion"},{"floor":14.0,"key":"BlessingOfTheForge"},{"floor":18.0,"key":"SmokeBomb"},{"floor":19.0,"key":"Block Potion"},{"floor":24.0,"key":"Fire Potion"},{"floor":27.0,"key":"AttackPotion"},{"floor":33.0,"key":"LiquidMemories"},{"floor":38.0,"key":"AttackPotion"},{"floor":39.0,"key":"SpeedPotion"},{"floor":40.0,"key":"Explosive Potion"},{"floor":47.0,"key":"DistilledChaos"},{"floor":55,"key":"LiquidMemories"}],"is_trial":false,"path_per_floor":["M","M","?","T","M","E","$","E","T","E","?","?","R","M","R","B",null,"M","?","T","$","M","R","E","M","T","M","?","E","M","M","R","B",null,"M","M","?","M","M","E","R","E","T","R","T","M","E","?","R","B","B",null,"R","$","E","B"],"character_chosen":"THE_SILENT","items_purchased":["Footwork","Terror","Explosive Potion","Lee\u0027s Waffle","Cloak And Dagger","Backflip","Oddly Smooth Stone","Outmaneuver","Deflect","Swift Potion","PanicButton"],"campfire_rested":3,"item_purchase_floors":[7,7,7,21,21,21,54,54,54,54,54],"current_hp_per_floor":[59,59,59,59,59,30,30,22,22,13,3,3,22,24,24,26,56,44,16,16,73,65,65,47,42,42,44,44,39,41,42,42,18,59,61,61,61,63,69,69,69,51,51,51,51,52,25,25,45,15,9,54,69,69,22,0,0],"gold":150,"neow_bonus":"THREE_ENEMY_KILL","is_daily":false,"chose_seed":false,"campfire_upgraded":4,"win_rate":0.0,"timestamp":1612708651,"path_taken":["M","M","?","?","?","E","$","E","T","E","?","?","R","M","R","BOSS","M","?","?","?","M","R","E","M","T","M","?","E","M","M","R","BOSS","M","M","?","M","M","E","R","E","T","R","?","?","E","?","R","BOSS","BOSS","R","$","E","BOSS"],"items_purchased_type":["Card","Card","Potion","Relic","Card","Card","Relic","Card","Card","Potion","Card"],"build_version":"2020-12-22","purchased_purges":1,"victory":false,"max_hp_per_floor":[66,66,66,66,66,66,66,66,66,66,66,66,66,66,66,66,66,66,66,66,73,73,73,73,73,73,73,73,73,73,73,73,73,73,73,73,69,69,69,69,69,69,69,69,69,69,69,69,69,69,69,69,69,69,69,69,69],"relic_stats":{"Lee\u0027s Waffle":57,"Happy Flower":[62],"counters":[31,189],"Blue Candle":[0],"PreservedInsect":207,"Bag of Preparation":[44],"Whetstone":["Neutralize","Strike_G"],"Ginger":[27],"Orichalcum":[12],"Peace Pipe":0,"Blood Vial":44,"Centennial Puzzle":[36],"Tiny Chest":2,"MealTicket":0,"Kunai":[107],"obtain_stats":[{"Lantern":24,"Bag of Preparation":17,"Whetstone":10,"Ginger":17,"Blood Vial":9,"Centennial Puzzle":26,"WristBlade":34,"Tiny Chest":6,"MealTicket":47,"Red Mask":19,"Kunai":17,"Ring of the Snake":0,"Lee\u0027s Waffle":21,"NeowsBlessing":0,"Happy Flower":4,"Blue Candle":45,"Oddly Smooth Stone":54,"PreservedInsect":42,"Odd Mushroom":11,"Orichalcum":55,"Peace Pipe":8,"Calling Bell":17,"Du-Vu Doll":29,"Bottled Lightning":40,"Toy Ornithopter":20},{"Lantern":13,"Bag of Preparation":9,"Whetstone":6,"Ginger":9,"Blood Vial":5,"Centennial Puzzle":14,"WristBlade":19,"Tiny Chest":4,"MealTicket":27,"Red Mask":11,"Kunai":9,"Ring of the Snake":0,"Lee\u0027s Waffle":11,"NeowsBlessing":0,"Happy Flower":2,"Blue Candle":25,"Oddly Smooth Stone":29,"PreservedInsect":25,"Odd Mushroom":7,"Orichalcum":30,"Peace Pipe":5,"Calling Bell":9,"Du-Vu Doll":16,"Bottled Lightning":24,"Toy Ornithopter":11},{"Lantern":60,"Bag of Preparation":39,"Whetstone":20,"Ginger":39,"Blood Vial":16,"Centennial Puzzle":63,"WristBlade":97,"Tiny Chest":7,"MealTicket":134,"Red Mask":48,"Kunai":39,"Ring of the Snake":0,"Lee\u0027s Waffle":48,"NeowsBlessing":0,"Happy Flower":2,"Blue Candle":123,"Oddly Smooth Stone":168,"PreservedInsect":123,"Odd Mushroom":25,"Orichalcum":180,"Peace Pipe":16,"Calling Bell":39,"Du-Vu Doll":77,"Bottled Lightning":116,"Toy Ornithopter":48}],"Toy Ornithopter":37,"Ring of the Snake":[62]},"card_choices":[{"not_picked":["Backflip","Skewer"],"picked":"Backstab","floor":1.0},{"not_picked":["Bane","Acrobatics"],"picked":"Well Laid Plans","floor":2.0},{"not_picked":["Deflect","Dash"],"picked":"Blade Dance","floor":5.0},{"not_picked":["Quick Slash","Finisher"],"picked":"Footwork","floor":6.0},{"not_picked":["Dagger Spray","Deadly Poison"],"picked":"Backstab","floor":8.0},{"not_picked":["Poisoned Stab","Slice"],"picked":"Malaise","floor":10.0},{"not_picked":["Deflect","Acrobatics"],"picked":"Cloak And Dagger","floor":11.0},{"not_picked":["Slice","Caltrops"],"picked":"Predator","floor":14.0},{"not_picked":["A Thousand Cuts","Bullet Time"],"picked":"Phantasmal Killer","floor":16.0},{"not_picked":["Dodge and Roll","Poisoned Stab"],"picked":"Blade Dance","floor":18.0},{"not_picked":["Quick Slash","Outmaneuver"],"picked":"Deflect","floor":19.0},{"not_picked":["Riddle With Holes","Prepared"],"picked":"Blade Dance","floor":22.0},{"not_picked":["Dagger Throw","Sucker Punch"],"picked":"Blur+1","floor":24.0},{"not_picked":["Storm of Steel","Footwork"],"picked":"Acrobatics","floor":25.0},{"not_picked":["Underhanded Strike","Bane"],"picked":"Predator","floor":27.0},{"not_picked":["Distraction","Underhanded Strike"],"picked":"Night Terror","floor":29.0},{"not_picked":["Quick Slash","Underhanded Strike","All Out Attack"],"picked":"SKIP","floor":30.0},{"not_picked":["Poisoned Stab","PiercingWail"],"picked":"Heel Hook+1","floor":31.0},{"not_picked":["Night Terror","Tools of the Trade"],"picked":"Adrenaline","floor":33.0},{"not_picked":["Infinite Blades","Eviscerate"],"picked":"Dodge and Roll","floor":35.0},{"not_picked":["Sucker Punch+1","Dagger Spray+1","Acrobatics"],"picked":"SKIP","floor":36.0},{"not_picked":["Acrobatics+1","Bane"],"picked":"Cloak And Dagger","floor":38.0},{"not_picked":["Slice","Underhanded Strike+1"],"picked":"Tactician+1","floor":39.0},{"not_picked":["Flying Knee","Deadly Poison"],"picked":"Backflip","floor":40.0},{"not_picked":["Bane+1","Sucker Punch"],"picked":"Choke","floor":42.0},{"not_picked":["Backflip","Acrobatics+1"],"picked":"Infinite Blades","floor":46.0},{"not_picked":["A Thousand Cuts","Flechettes","Prepared"],"picked":"SKIP","floor":47.0},{"not_picked":["Deadly Poison","All Out Attack"],"picked":"Outmaneuver","floor":55}],"player_experience":4901284,"relics_obtained":[{"floor":4.0,"key":"Happy Flower"},{"floor":6.0,"key":"Tiny Chest"},{"floor":8.0,"key":"Peace Pipe"},{"floor":9.0,"key":"Blood Vial"},{"floor":10.0,"key":"Whetstone"},{"floor":11.0,"key":"Odd Mushroom"},{"floor":17.0,"key":"Bag of Preparation"},{"floor":17.0,"key":"Kunai"},{"floor":17.0,"key":"Ginger"},{"floor":19.0,"key":"Red Mask"},{"floor":20.0,"key":"Toy Ornithopter"},{"floor":24.0,"key":"Lantern"},{"floor":26.0,"key":"Centennial Puzzle"},{"floor":29.0,"key":"Du-Vu Doll"},{"floor":40.0,"key":"Bottled Lightning"},{"floor":42.0,"key":"PreservedInsect"},{"floor":45.0,"key":"Blue Candle"},{"floor":47.0,"key":"MealTicket"},{"floor":55,"key":"Orichalcum"}],"event_choices":[{"damage_healed":0.0,"max_hp_gain":0.0,"max_hp_loss":0.0,"gold_gain":72.0,"event_name":"Golden Wing","player_choice":"Gained Gold","floor":3.0,"gold_loss":0.0,"damage_taken":0.0},{"damage_healed":0.0,"max_hp_gain":0.0,"max_hp_loss":0.0,"gold_gain":0.0,"event_name":"Mushrooms","player_choice":"Fought Mushrooms","floor":11.0,"gold_loss":0.0,"damage_taken":0.0},{"damage_healed":0.0,"max_hp_gain":0.0,"max_hp_loss":0.0,"gold_gain":0.0,"event_name":"Scrap Ooze","player_choice":"Fled","floor":12.0,"gold_loss":0.0,"damage_taken":0.0},{"damage_healed":0.0,"max_hp_gain":0.0,"max_hp_loss":0.0,"gold_gain":0.0,"event_name":"Masked Bandits","player_choice":"Fought Bandits","floor":19.0,"gold_loss":0.0,"damage_taken":0.0},{"damage_healed":0.0,"max_hp_gain":0.0,"max_hp_loss":0.0,"gold_gain":0.0,"event_name":"Back to Basics","player_choice":"Simplicity","floor":28.0,"gold_loss":0.0,"damage_taken":0.0,"cards_upgraded":["Strike_G","Strike_G","Strike_G","Strike_G","Defend_G","Defend_G","Defend_G","Defend_G","Defend_G"]},{"damage_healed":0.0,"max_hp_gain":0.0,"max_hp_loss":4.0,"gold_gain":0.0,"event_name":"Winding Halls","player_choice":"Max HP","floor":37.0,"gold_loss":0.0,"damage_taken":0.0},{"damage_healed":0.0,"max_hp_gain":0.0,"max_hp_loss":0.0,"gold_gain":222.0,"event_name":"Tomb of Lord Red Mask","player_choice":"Wore Mask","floor":48.0,"gold_loss":0.0,"damage_taken":0.0}],"is_beta":false,"boss_relics":[{"not_picked":["Busted Crown","Runic Dome"],"picked":"Calling Bell"},{"not_picked":["Empty Cage","Black Star"],"picked":"WristBlade"}],"items_purged_floors":[54],"is_endless":false,"potions_floor_spawned":[5,8,11,14,18,19,24,27,33,38,39,40,47,55],"killed_by":"The Heart","ascension_level":20}}