{"host":"52lujqhsyicpcskq","time":1612724873,"event":{"mods":["BaseMod","Colored Map","Minty Spire (QoL Compilation)","Permanent Neow","StSLib","SuperFastMode","everything is the same but u backflip on backflip"],"gold_per_floor":[111,10,22,32,52,52,84,84,84,84,84,84,118,132,132,211,211,229,229,240,140,159,159,194,194,194,194,194],"floor_reached":27,"language":"KOR","playtime":1173,"items_purged":["Strike_G","Defend_G"],"score":398,"play_id":"c22e750a-7637-49c1-9467-9226131743c6","local_time":"20210208040753","is_ascension_mode":true,"campfire_choices":[{"data":"Venomology","floor":6,"key":"SMITH"},{"floor":8,"key":"REST"},{"data":"Neutralize","floor":12,"key":"SMITH"},{"floor":15,"key":"REST"},{"data":"Poisoned Stab","floor":23,"key":"SMITH"}],"circlet_count":0,"master_deck":["AscendersBane","Strike_G","Strike_G","Strike_G","Defend_G","Defend_G","Defend_G","Defend_G","Survivor","Neutralize+1","Poisoned Stab+1","PiercingWail","Slice","Quick Slash","Venomology+1","Leg Sweep","Adrenaline","Blur","Adrenaline","Underhanded Strike","PiercingWail","Dodge and Roll","Prepared+1"],"relics":["Ring of the Snake","Bag of Preparation","Vajra","Question Card","FossilizedHelix","Girya","Runic Pyramid","Torii","InkBottle"],"acts_visited":["Exordium","TheCity"],"potions_floor_usage":[7,7,14,16,16,18,22,24,24,27,27],"damage_taken":[{"damage":3,"enemies":"Jaw Worm","floor":1,"turns":6},{"damage":7,"enemies":"Small Slimes","floor":3,"turns":5},{"damage":0,"enemies":"2 Louse","floor":4,"turns":2},{"damage":18,"enemies":"Exordium Thugs","floor":5,"turns":7},{"damage":31,"enemies":"Lagavulin","floor":7,"turns":8},{"damage":20,"enemies":"3 Sentries","floor":13,"turns":11},{"damage":0,"enemies":"Exordium Wildlife","floor":14,"turns":3},{"damage":3,"enemies":"The Guardian","floor":16,"turns":12},{"damage":0,"enemies":"3 Byrds","floor":18,"turns":8},{"damage":0,"enemies":"Chosen","floor":20,"turns":7},{"damage":6,"enemies":"Snecko","floor":22,"turns":10},{"damage":3,"enemies":"Book of Stabbing","floor":24,"turns":8},{"damage":64,"enemies":"Gremlin Leader","floor":27,"turns":12}],"seed_played":"-7637845718755413096","potions_obtained":[{"floor":5,"key":"Ancient Potion"},{"floor":7,"key":"SkillPotion"},{"floor":13,"key":"CultistPotion"},{"floor":24,"key":"PowerPotion"}],"is_trial":false,"path_per_floor":["M","$","M","M","M","R","E","R","T","?","?","R","E","M","R","B",null,"M","?","M","$","M","R","E","?","T","E"],"character_chosen":"THE_SILENT","items_purchased":["PiercingWail"],"campfire_rested":2,"item_purchase_floors":[2],"current_hp_per_floor":[60,60,53,53,35,35,4,25,25,48,45,45,25,25,46,43,63,63,63,63,63,57,57,54,54,54,21,21],"gold":194,"neow_bonus":"RANDOM_COMMON_RELIC","is_daily":false,"chose_seed":false,"campfire_upgraded":3,"win_rate":0.0,"timestamp":1612724873,"path_taken":["M","$","M","M","M","R","E","R","T","?","?","R","E","M","R","BOSS","M","?","M","$","M","R","E","?","T","E"],"items_purchased_type":["Card"],"build_version":"2020-12-22","purchased_purges":2,"victory":false,"max_hp_per_floor":[70,70,70,70,70,70,70,70,70,70,70,70,70,70,70,70,70,70,70,70,70,70,70,70,70,70,70,70],"card_choices":[{"not_picked":["Outmaneuver","Slice"],"picked":"Poisoned Stab","floor":1},{"not_picked":["Backflip","Outmaneuver"],"picked":"Slice","floor":3},{"not_picked":["Eviscerate","Choke"],"picked":"Quick Slash","floor":4},{"not_picked":["Skewer","Deadly Poison"],"picked":"Venomology","floor":5},{"not_picked":["Flechettes","Dagger Throw"],"picked":"Leg Sweep","floor":7},{"not_picked":["Bane","Flechettes","Sucker Punch"],"picked":"Adrenaline","floor":13},{"not_picked":["Cloak And Dagger","Choke","Dagger Throw"],"picked":"Blur","floor":14},{"not_picked":["Phantasmal Killer","Bullet Time","Doppelganger"],"picked":"Adrenaline","floor":16},{"not_picked":["Sucker Punch","Endless Agony","Slice"],"picked":"Underhanded Strike","floor":18},{"not_picked":["Well Laid Plans+1","Dagger Throw","Choke"],"picked":"PiercingWail","floor":20},{"not_picked":["Quick Slash","Leg Sweep","Dagger Throw"],"picked":"Dodge and Roll","floor":22},{"not_picked":["Accuracy","Choke","Infinite Blades"],"picked":"Prepared+1","floor":24}],"player_experience":767822,"relics_obtained":[{"floor":7,"key":"Vajra"},{"floor":9,"key":"Question Card"},{"floor":13,"key":"Girya"},{"floor":24,"key":"Torii"},{"floor":26,"key":"InkBottle"}],"event_choices":[{"damage_healed":23,"gold_gain":0,"player_choice":"Banana","damage_taken":0,"max_hp_gain":0,"max_hp_loss":0,"event_name":"Big Fish","floor":10,"gold_loss":0},{"damage_healed":0,"gold_gain":0,"player_choice":"Success","damage_taken":3,"relics_obtained":["FossilizedHelix"],"max_hp_gain":0,"max_hp_loss":0,"event_name":"Scrap Ooze","floor":11,"gold_loss":0},{"cards_removed":["Strike_G"],"damage_healed":0,"gold_gain":0,"player_choice":"Elegance","damage_taken":0,"max_hp_gain":0,"max_hp_loss":0,"event_name":"Back to Basics","floor":19,"gold_loss":0},{"damage_healed":0,"gold_gain":0,"player_choice":"Bought 0 Potions","damage_taken":0,"max_hp_gain":0,"max_hp_loss":0,"event_name":"The Woman in Blue","floor":25,"gold_loss":0}],"is_beta":false,"boss_relics":[{"not_picked":["Runic Dome","Busted Crown"],"picked":"Runic Pyramid"}],"items_purged_floors":[2,21],"is_endless":false,"potions_floor_spawned":[5,7,13,14,20,22,24],"killed_by":"Gremlin Leader","ascension_level":13}}