{"host":"rolltorest","time":1612666430,"event":{"mods":["BaseMod","Minty Spire (QoL Compilation)","Relic Stats","Slay the Relics Exporter","StSLib"],"gold_per_floor":[118,131,131,149,73,105,105,162,217,234,309,309,309],"floor_reached":12,"language":"ENG","playtime":339,"items_purged":[],"score":156,"play_id":"11cb5ca8-0e4f-4c9d-8c3b-2448020cbb4a","local_time":"20210206185350","is_ascension_mode":true,"campfire_choices":[{"floor":7,"key":"REST"}],"circlet_count":0,"master_deck":["AscendersBane","Strike_R","Strike_R","Strike_R","Strike_R","Strike_R","Defend_R","Defend_R","Defend_R","Defend_R","Bash","Feel No Pain","Perfected Strike","Carnage","Spot Weakness","Shrug It Off","Battle Trance"],"relics":["Burning Blood","NeowsBlessing","White Beast Statue","Self Forming Clay","Paper Frog","Vajra"],"acts_visited":["Exordium"],"potions_floor_usage":[12],"damage_taken":[{"damage":0,"enemies":"Cultist","floor":1,"turns":1},{"damage":0,"enemies":"Jaw Worm","floor":2,"turns":1},{"damage":0,"enemies":"Small Slimes","floor":4,"turns":1},{"damage":54,"enemies":"Lagavulin","floor":6,"turns":10},{"damage":23,"enemies":"3 Sentries","floor":8,"turns":6},{"damage":10,"enemies":"Blue Slaver","floor":10,"turns":4},{"damage":0,"enemies":"Gremlin Nob","floor":12,"turns":3}],"seed_played":"3004272677452982615","potions_obtained":[{"floor":4,"key":"BlessingOfTheForge"},{"floor":6,"key":"SmokeBomb"},{"floor":8,"key":"Strength Potion"},{"floor":10,"key":"Strength Potion"}],"is_trial":false,"path_per_floor":["M","M","T","M","$","E","R","?","T","M","?","E"],"character_chosen":"IRONCLAD","items_purchased":["Carnage"],"campfire_rested":1,"item_purchase_floors":[5],"current_hp_per_floor":[74,75,75,75,75,27,49,32,32,28,17,17,17],"gold":309,"neow_bonus":"THREE_ENEMY_KILL","is_daily":false,"chose_seed":false,"campfire_upgraded":0,"win_rate":0.0,"timestamp":1612666430,"path_taken":["M","M","?","M","$","E","R","?","T","M","?","E"],"items_purchased_type":["Card"],"build_version":"2020-12-18","purchased_purges":0,"victory":false,"max_hp_per_floor":[75,75,75,75,75,75,75,75,75,75,75,75,75],"relic_stats":{"counters":[7,26],"Self Forming Clay":[18],"obtain_stats":[{"NeowsBlessing":0,"Self Forming Clay":6,"Vajra":9,"Burning Blood":0,"White Beast Statue":3,"Paper Frog":8},{"NeowsBlessing":0,"Self Forming Clay":4,"Vajra":5,"Burning Blood":0,"White Beast Statue":2,"Paper Frog":5},{"NeowsBlessing":0,"Self Forming Clay":13,"Vajra":19,"Burning Blood":0,"White Beast Statue":2,"Paper Frog":19}],"Burning Blood":25},"card_choices":[{"not_picked":["Heavy Blade","Iron Wave","Thunderclap"],"picked":"SKIP","floor":1},{"not_picked":["True Grit","Combust"],"picked":"Feel No Pain","floor":2},{"not_picked":["Ghostly Armor","Heavy Blade"],"picked":"Perfected Strike","floor":4},{"not_picked":["Sword Boomerang","Inflame"],"picked":"Spot Weakness","floor":6},{"not_picked":["Wild Strike","Iron Wave"],"picked":"Shrug It Off","floor":8},{"not_picked":["Entrench","Warcry"],"picked":"Battle Trance","floor":10}],"player_experience":1902269,"relics_obtained":[{"floor":3,"key":"White Beast Statue"},{"floor":6,"key":"Self Forming Clay"},{"floor":8,"key":"Paper Frog"},{"floor":9,"key":"Vajra"}],"event_choices":[{"damage_healed":0,"gold_gain":0,"player_choice":"Searched \u00271\u0027 times","damage_taken":0,"max_hp_gain":0,"max_hp_loss":0,"event_name":"Dead Adventurer","floor":8,"gold_loss":0},{"damage_healed":0,"gold_gain":75,"player_choice":"Gather Gold","damage_taken":11,"max_hp_gain":0,"max_hp_loss":0,"event_name":"World of Goop","floor":11,"gold_loss":0}],"is_beta":true,"boss_relics":[],"items_purged_floors":[],"is_endless":false,"potions_floor_spawned":[4,6,8,10],"killed_by":"Gremlin Nob","ascension_level":20}}