{"host":"y9jgkjnf95sujozk","time":1612696339,"event":{"mods":["2.2 Compatiblity","AchievementEnabler","Act Like it!","BaseMod","BetterRewards","Block Reminder","Colored Map","Colored Powertips","Friendly Minions","Gensokyo","GifTheSpireLib","Hallownest","Hermit","Highlight Path","HololiveMod","Hubris","Infinite Spire","Jorbs\u0027s Wanderer Trilogy","Koishi","Marisa（霧雨　魔理沙）","Minty Spire (QoL Compilation)","Quick Restart","Random Character Button","Rare Cards Sparkle","Reimu（博??梦）","Remilia（蕾米莉?）","Replay The Spire","Shop Mod","StSLib","SuperFastMode","The Bug Knight","The Cursed","The Disciple","The Hierophant","The Jungle","The Runesmith","The Senshi","The Servant 0.9.4"],"gold_per_floor":[112,112,60,60,60,60,70,70,70,70,81,91,91,105,105,201,201,214,46,46,60,60,92,92,126,151,151,151],"floor_reached":27,"language":"ENG","playtime":608,"items_purged":[],"score":381,"play_id":"6fe09e9f-8c3b-4f75-8ba3-04b3b3872ead","local_time":"20210207121219","is_ascension_mode":true,"campfire_choices":[{"floor":8,"key":"REST"},{"data":"Koishi:FreudianInstinct","floor":10,"key":"SMITH"},{"floor":13,"key":"REST"},{"floor":15,"key":"REST"},{"floor":24,"key":"REST"}],"circlet_count":0,"master_deck":["Koishi:BasicStrike+1","Koishi:BasicStrike","Koishi:BasicStrike+1","Koishi:BasicStrike","Koishi:Provoke","Koishi:HauntingSlash","Koishi:LastRemote+1","Metamorphosis","Koishi:ParalyzingFear+1","Koishi:UnconsciousUprising","Hallownest:skillSlugHide","Hallownest:skillSlugHide","Hallownest:skillSlugHide","Hallownest:skillSlugHide","Hallownest:skillSlugHide","Koishi:FreudianInstinct+1","Koishi:SubconsciousSweep","Koishi:IdleWhim","Koishi:UnconsciousUprising","Koishi:ConfinedInnocent","Koishi:SubconsciousSweep+1","Koishi:ReleaseOfTheId","Dramatic Entrance","Koishi:Prune","RitualDagger","Koishi:Vanish+1","Koishi:MassHysteria+1"],"relics":["Koishi:ImaginaryFriend","hubris:MedicalManual","Guide Book","Hallownest:DreamNailRelic","infinitespire:EmpoweringShard","Sozu","Matryoshka","Runic Dome","infinitespire:Bottled Soul","Iron Hammer","Strawberry","Whetstone"],"acts_visited":["Exordium","TheCity"],"potions_floor_usage":[16,16,23],"damage_taken":[{"damage":12,"enemies":"Hallownest:2_Tiktiks_and_1_Crawlid","floor":1,"turns":3},{"damage":2,"enemies":"Hallownest:2_Baldur","floor":7,"turns":4},{"damage":0,"enemies":"Hallownest:monsterHuskWarrior","floor":11,"turns":4},{"damage":4,"enemies":"Hallownest:MossCreep_and_Mosskin","floor":12,"turns":6},{"damage":7,"enemies":"Hallownest:monsterFoolEater","floor":14,"turns":3},{"damage":28,"enemies":"Hallownest:BossFalseKnight","floor":16,"turns":11},{"damage":9,"enemies":"Shell Parasite","floor":18,"turns":6},{"damage":11,"enemies":"Snecko","floor":21,"turns":5},{"damage":13,"enemies":"HollowMod:Nosk","floor":23,"turns":7},{"damage":36,"enemies":"Book of Stabbing","floor":25,"turns":6},{"damage":24,"enemies":"Shelled Parasite and Fungi","floor":27,"turns":2}],"seed_played":"8946120402346165768","potions_obtained":[{"floor":11,"key":"Swift Potion"},{"floor":14,"key":"SpeedPotion"},{"floor":16,"key":"ZuzhouPotion:ReiMu"}],"is_trial":false,"path_per_floor":["M","?","$","?","?","?","M","R","T","R","M","M","R","M","R","B",null,"M","$","AVR","M","?","E","R","E","T","M"],"character_chosen":"KOISHI","items_purchased":["Koishi:LastRemote","Guide Book","Metamorphosis","Koishi:UnconsciousUprising","Koishi:ReleaseOfTheId","Dramatic Entrance"],"campfire_rested":4,"item_purchase_floors":[0,0,0,3,19,19],"current_hp_per_floor":[48,48,48,48,48,48,47,60,60,60,60,56,60,54,60,33,60,53,53,53,43,37,24,42,7,14,0,0],"gold":151,"neow_bonus":"","is_daily":false,"chose_seed":false,"campfire_upgraded":1,"win_rate":0.0,"timestamp":1612696339,"path_taken":["M","?","$","?","?","?","?","R","T","R","M","M","R","M","R","BOSS","M","?","AVR","M","?","E","R","E","T","M"],"items_purchased_type":["Card","Relic","Card","Card","Card","Card"],"build_version":"2020-12-22","purchased_purges":0,"victory":false,"max_hp_per_floor":[60,60,60,60,60,60,60,60,60,60,60,60,60,60,60,60,60,60,60,60,60,60,60,60,60,67,67,67],"card_choices":[{"not_picked":["Koishi:BramblyRoseGarden","Koishi:TremblingHands"],"picked":"Koishi:ParalyzingFear","floor":1},{"not_picked":["Koishi:SubconsciousSweep","Koishi:Jaunt"],"picked":"Koishi:FreudianInstinct","floor":7},{"not_picked":["Koishi:DreadfulBlow","Koishi:ReflexRadar"],"picked":"Koishi:SubconsciousSweep","floor":11},{"not_picked":["Koishi:BloodcurdlingScream","Koishi:DreadfulBlow"],"picked":"Koishi:IdleWhim","floor":12},{"not_picked":["Koishi:MentalBreakdown","Koishi:SubterraneanRose"],"picked":"Koishi:UnconsciousUprising","floor":14},{"not_picked":["Koishi:MentalBreakdown","Koishi:TerrifyingSpectre"],"picked":"Koishi:ConfinedInnocent","floor":16},{"not_picked":["Koishi:TremblingHands","Koishi:UnansweredLove"],"picked":"Koishi:SubconsciousSweep","floor":18},{"not_picked":["Koishi:BloodcurdlingScream","Koishi:UnconsciousUprising+1"],"picked":"Koishi:Prune","floor":21},{"not_picked":["Koishi:JumpScare","Koishi:HeartfeltFancy+1"],"picked":"Koishi:Vanish+1","floor":23},{"not_picked":["Koishi:MindStellarRelief","Koishi:StrangeCloudFist+1"],"picked":"Koishi:MassHysteria+1","floor":25}],"player_experience":130135,"relics_obtained":[{"floor":9,"key":"infinitespire:EmpoweringShard"},{"floor":23,"key":"infinitespire:Bottled Soul"},{"floor":25,"key":"Iron Hammer"},{"floor":26,"key":"Strawberry"},{"floor":26,"key":"Whetstone"}],"event_choices":[{"damage_healed":0,"gold_gain":0,"player_choice":"Joined the Cult","damage_taken":6,"max_hp_gain":0,"max_hp_loss":0,"event_name":"Nest","floor":22,"gold_loss":0,"cards_obtained":["RitualDagger"]}],"is_beta":false,"boss_relics":[{"not_picked":["hubris:CrackedHourglass","Black Star"],"picked":"Sozu"}],"items_purged_floors":[],"is_endless":false,"potions_floor_spawned":[11,14,16,21,23],"killed_by":"Shelled Parasite and Fungi","ascension_level":1}}