{"host":"6nqy62k7v1jh46lb","time":1612726470,"event":{"mods":["AchievementEnabler","BaseMod","Bestiary","Colored Powertips","Highlight Path","Minty Spire (QoL Compilation)","Relic Stats"],"gold_per_floor":[111,126,144,158,172,172,202,202,202,228,228,240,240,253,253,350,350,369,284,299,299,299],"floor_reached":21,"language":"ENG","playtime":2884,"items_purged":[],"score":218,"play_id":"37d2a1a0-82ad-4899-9c8d-d9caa772896b","local_time":"20210207203430","is_ascension_mode":false,"campfire_choices":[{"floor":6,"key":"REST"},{"floor":8,"key":"REST"},{"floor":15,"key":"REST"}],"circlet_count":0,"master_deck":["Strike_P","Defend_P","Defend_P","Defend_P","Defend_P","Eruption","Vigilance","Worship","Worship","EmptyFist","Protect","Wireheading","FlurryOfBlows","TalkToTheHand","Parasite","InnerPeace","Crescendo","Establishment","Evaluate+1","CrushJoints+1","Worship+1","Perseverance","Halt"],"relics":["PureWater","Question Card","Shovel","Ice Cream","Bird Faced Urn","Astrolabe","Mango"],"acts_visited":["Exordium","TheCity"],"potions_floor_usage":[16,16,18],"damage_taken":[{"damage":3,"enemies":"Small Slimes","floor":1,"turns":4},{"damage":1,"enemies":"2 Louse","floor":2,"turns":4},{"damage":1,"enemies":"Cultist","floor":3,"turns":4},{"damage":7,"enemies":"2 Fungi Beasts","floor":4,"turns":6},{"damage":13,"enemies":"Gremlin Gang","floor":5,"turns":8},{"damage":57,"enemies":"Gremlin Nob","floor":7,"turns":8},{"damage":11,"enemies":"Lagavulin","floor":10,"turns":5},{"damage":5,"enemies":"Red Slaver","floor":12,"turns":5},{"damage":20,"enemies":"Lots of Slimes","floor":14,"turns":6},{"damage":14,"enemies":"Hexaghost","floor":16,"turns":10},{"damage":16,"enemies":"Chosen","floor":18,"turns":6},{"damage":17,"enemies":"3 Byrds","floor":20,"turns":7},{"damage":74,"enemies":"3 Cultists","floor":21,"turns":7}],"seed_played":"-4688999089215470211","potions_obtained":[{"floor":2,"key":"ColorlessPotion"},{"floor":12,"key":"Energy Potion"},{"floor":14,"key":"EssenceOfSteel"}],"is_trial":false,"path_per_floor":["M","M","M","M","M","R","E","R","T","E","?","M","?","M","R","B",null,"M","?","M","M"],"character_chosen":"WATCHER","items_purchased":[],"campfire_rested":3,"item_purchase_floors":[],"current_hp_per_floor":[76,75,74,67,54,77,20,43,43,32,51,46,46,28,51,41,79,67,81,68,0,0],"gold":299,"neow_bonus":"TEN_PERCENT_HP_BONUS","is_daily":false,"chose_seed":false,"campfire_upgraded":0,"win_rate":0.0,"timestamp":1612726470,"path_taken":["M","M","M","M","M","R","E","R","T","E","?","M","?","M","R","BOSS","M","?","M","M"],"items_purchased_type":[],"build_version":"2020-12-22","purchased_purges":0,"victory":false,"max_hp_per_floor":[79,79,79,79,79,79,79,79,79,79,79,79,79,79,79,79,79,79,93,93,93,93],"relic_stats":{"Shovel":0,"counters":[13,80],"Bird Faced Urn":[18],"Astrolabe":["Evaluate","CrushJoints","Worship"],"Question Card":6,"obtain_stats":[{"Ice Cream":10,"Shovel":9,"Bird Faced Urn":13,"Astrolabe":17,"Mango":19,"PureWater":0,"Question Card":7},{"Ice Cream":7,"Shovel":6,"Bird Faced Urn":8,"Astrolabe":10,"Mango":11,"PureWater":0,"Question Card":6},{"Ice Cream":39,"Shovel":34,"Bird Faced Urn":44,"Astrolabe":60,"Mango":66,"PureWater":0,"Question Card":34}]},"card_choices":[{"not_picked":["BowlingBash","FlurryOfBlows"],"picked":"Worship","floor":1},{"not_picked":["FlurryOfBlows","Weave"],"picked":"Worship","floor":2},{"not_picked":["EmptyBody","JustLucky"],"picked":"EmptyFist","floor":3},{"not_picked":["SashWhip","EmptyFist"],"picked":"Protect","floor":4},{"not_picked":["ThirdEye","Omniscience"],"picked":"Wireheading","floor":5},{"not_picked":["WreathOfFlame","FollowUp"],"picked":"FlurryOfBlows","floor":7},{"not_picked":["EmptyBody","DeceiveReality","Perseverance"],"picked":"TalkToTheHand","floor":10},{"not_picked":["Collect","Evaluate","Consecrate"],"picked":"InnerPeace","floor":12},{"not_picked":["Vengeance","EmptyMind","DeusExMachina"],"picked":"Crescendo","floor":14},{"not_picked":["Scrawl","Ragnarok","Omniscience"],"picked":"Establishment","floor":16},{"not_picked":["Crescendo","Protect","EmptyFist"],"picked":"Perseverance","floor":18},{"not_picked":["Consecrate+1","Sanctity+1","ThirdEye"],"picked":"Halt","floor":20}],"player_experience":174058,"relics_obtained":[{"floor":7,"key":"Question Card"},{"floor":9,"key":"Shovel"},{"floor":10,"key":"Ice Cream"}],"event_choices":[{"damage_healed":19,"gold_gain":0,"player_choice":"Healed and dodged fight","damage_taken":0,"max_hp_gain":0,"max_hp_loss":0,"event_name":"Mushrooms","floor":11,"gold_loss":0,"cards_obtained":["Parasite"]},{"damage_healed":0,"gold_gain":0,"player_choice":"Searched \u00271\u0027 times","damage_taken":0,"relics_obtained":["Bird Faced Urn"],"max_hp_gain":0,"max_hp_loss":0,"event_name":"Dead Adventurer","floor":13,"gold_loss":0},{"damage_healed":0,"gold_gain":0,"player_choice":"Obtained Relic","damage_taken":0,"relics_obtained":["Mango"],"max_hp_gain":0,"max_hp_loss":0,"event_name":"Addict","floor":19,"gold_loss":85}],"is_beta":false,"boss_relics":[{"not_picked":["Snecko Eye","Tiny House"],"picked":"Astrolabe"}],"items_purged_floors":[],"is_endless":false,"potions_floor_spawned":[2,12,14],"killed_by":"3 Cultists","ascension_level":0}}