{"host":"yrtk68ixj64vhhh3","time":1612681816,"event":{"mods":["AchievementEnabler","Aspiration","BaseMod","Better Altar","Better Match","Better Silent Start","Colored Map","Colored Powertips","Conspire","Dio Mod","Downfall","Energized Spire","Hubris","Infinite Spire","Minty Spire (QoL Compilation)","Prisma Mod","RNG Fix","StSLib","Steal the Spire","Td1madao Mod","The Animator","The Poker Player","The Wild Card","TheBandit","TheHero"],"gold_per_floor":[115,115,15,35,35,35,96,117,144,144,171,171,210,246,246,375,375,419,450,450],"floor_reached":19,"language":"ENG","playtime":1903,"items_purged":[],"score":222,"play_id":"b58beb07-6566-4ccd-9299-21655df8e28a","local_time":"20210207201016","is_ascension_mode":true,"campfire_choices":[{"data":"theWildCard:ArcanaArtistry","floor":6,"key":"SMITH"},{"floor":10,"key":"REST"},{"data":"theWildCard:TheArcanaUnleashed","floor":12,"key":"SMITH"},{"floor":15,"key":"REST"}],"circlet_count":0,"master_deck":["theWildCard:BasicStrike","theWildCard:BasicStrike","theWildCard:BasicStrike","theWildCard:BasicStrike","theWildCard:BasicDefend","theWildCard:BasicDefend","theWildCard:BasicDefend","theWildCard:BasicDefend","theWildCard:CallToAdventure","theWildCard:Arsene","theWildCard:ArcanaArtistry+1","conspire:SpireCoStock","conspire:SpireCoStock","theWildCard:MaskChange","theWildCard:TheGreatSeal","theWildCard:PowerOfTheArcana","theWildCard:TheArcanaUnleashed+1","theWildCard:UnendingRitual","theWildCard:Unburden","theWildCard:Thanatos","theWildCard:Michael"],"relics":["theWildCard:VelvetContract","aspiration:Lifesprig","Regal Pillow","infinitespire:WardingShard","energizedSpire:OgreHead"],"acts_visited":["Exordium","TheCity"],"potions_floor_usage":[7,11,16,16,16],"damage_taken":[{"damage":19,"enemies":"Small Slimes","floor":1,"turns":5},{"damage":4,"enemies":"2 Louse","floor":4,"turns":2},{"damage":18,"enemies":"3 Sentries","floor":7,"turns":11},{"damage":0,"enemies":"Cultist","floor":8,"turns":5},{"damage":0,"enemies":"Gremlin Nob","floor":11,"turns":3},{"damage":11,"enemies":"3 Louse","floor":13,"turns":5},{"damage":8,"enemies":"Gremlin Gang","floor":14,"turns":7},{"damage":33,"enemies":"Hexaghost","floor":16,"turns":15},{"damage":36,"enemies":"Shell Parasite","floor":18,"turns":7},{"damage":32,"enemies":"Chosen","floor":19,"turns":4}],"seed_played":"-1931129962234641608","potions_obtained":[{"floor":5,"key":"Energy Potion"},{"floor":5,"key":"GamblersBrew"},{"floor":5,"key":"champ:CounterPotion"},{"floor":7,"key":"infinitespire:BlackPotion"},{"floor":11,"key":"PowerPotion"},{"floor":14,"key":"DuplicationPotion"},{"floor":16,"key":"champ:CounterPotion"}],"is_trial":false,"path_per_floor":["M","?","?","M","?","R","E","M","T","R","E","R","M","M","R","B",null,"M","M"],"character_chosen":"THE_WILD_CARD","items_purchased":[],"campfire_rested":2,"item_purchase_floors":[],"current_hp_per_floor":[47,54,54,50,50,50,32,32,32,66,66,66,55,47,66,33,66,30,0,0],"gold":450,"neow_bonus":"TEN_PERCENT_HP_BONUS","is_daily":false,"chose_seed":false,"campfire_upgraded":2,"win_rate":0.0,"timestamp":1612681816,"path_taken":["M","?","?","M","?","R","E","M","T","R","E","R","M","M","R","BOSS","M","M"],"items_purchased_type":[],"build_version":"2020-12-22","purchased_purges":0,"victory":false,"max_hp_per_floor":[66,66,66,66,66,66,66,66,66,66,66,66,66,66,66,66,66,66,66,66],"card_choices":[{"not_picked":["theWildCard:SeveringSlash","theWildCard:Safeguard"],"picked":"theWildCard:ArcanaArtistry","floor":1},{"not_picked":["theWildCard:Odin","theWildCard:Polydeuces"],"picked":"theWildCard:MaskChange","floor":4},{"not_picked":["theWildCard:StalwartBlade","theWildCard:ArcaneArts"],"picked":"theWildCard:TheGreatSeal","floor":7},{"not_picked":["theWildCard:Unburden","theWildCard:ArcaneArts"],"picked":"theWildCard:PowerOfTheArcana","floor":8},{"not_picked":["theWildCard:SeveringSlash","theWildCard:StingingStrike"],"picked":"theWildCard:TheArcanaUnleashed","floor":11},{"not_picked":["theWildCard:EnergizedStroke","theWildCard:BladeOfGenerations"],"picked":"theWildCard:UnendingRitual","floor":13},{"not_picked":["theWildCard:Amaterasu","theWildCard:Polydeuces"],"picked":"theWildCard:Unburden","floor":14},{"not_picked":["theWildCard:FuelForTheFire","theWildCard:Amaterasu"],"picked":"theWildCard:Thanatos","floor":16},{"not_picked":["theWildCard:PaleRider","theWildCard:StingingStrike"],"picked":"theWildCard:Michael","floor":18}],"player_experience":737304,"relics_obtained":[{"floor":7,"key":"aspiration:Lifesprig"},{"floor":9,"key":"Regal Pillow"},{"floor":11,"key":"infinitespire:WardingShard"}],"event_choices":[{"damage_healed":0,"gold_gain":0,"player_choice":"Invest 2","damage_taken":0,"max_hp_gain":0,"max_hp_loss":0,"event_name":"conspire:Investor","floor":3,"gold_loss":0},{"damage_healed":0,"gold_gain":0,"player_choice":"Got Potions","damage_taken":0,"max_hp_gain":0,"max_hp_loss":0,"event_name":"Lab","floor":5,"gold_loss":0}],"is_beta":false,"boss_relics":[{"not_picked":["hubris:BlackHole","conspire:SeveredTorchhead"],"picked":"energizedSpire:OgreHead"}],"items_purged_floors":[],"is_endless":false,"potions_floor_spawned":[7,11,14,16],"killed_by":"Chosen","ascension_level":2}}