{"host":"rm0ctv8qd8mnbkg1","time":1612720557,"event":{"mods":["BaseMod","BetterRewards","Bossed Relics","Colored Map","DNKmod","Dark Map","Defuse TimeMaze Blight","Friendly Minions","Hubris","Infinite Spire","Marisa????????","Minty Spire (QoL Compilation)","MostiFishMod","Permanent Neow","Quarter Circle Forward PUNCH!","RRrroohrrRGHHhhh!!","Rare Cards Sparkle","Relic Sorter","Reliquary","Replay The Spire","Robot Space Explorer","RumiaBox-????????","Shade Mod","Shop Mod","Spicy Shops","Spire Arcade","StS++","StSLib","The Dragon Tamer","The Poker Player","The Servant 0.9.4","Wandering Minibosses","[IsaacMod]????","??????REMEMod"],"gold_per_floor":[10013,10063,9392,9405,9422,9451,9338,9338,9338,9338,9352,9352,9352,9367,9367,9471,9471,9491,9502,9319,9329,9329,9329,9329,10149,10218,10229,10229,10229,10248,10036,10036,10138,10138,10155,10155,10171,9821,9821,9821],"floor_reached":39,"language":"ENG","playtime":1461,"items_purged":["Doubt"],"score":656,"play_id":"468d9bca-b0fe-4030-953c-d533fdb15919","local_time":"20210207175557","is_ascension_mode":false,"campfire_choices":[{"data":"Sadistic Nature","floor":8,"key":"SMITH"},{"data":"rorgmod:Slice","floor":10,"key":"SMITH"},{"data":"DTMod:OpeningTactic","floor":12,"key":"SMITH"},{"data":"Neutralize","floor":15,"key":"SMITH"},{"data":"hubris:EnhanceAbility","floor":23,"key":"SMITH"},{"data":"Skewer","floor":29,"key":"SMITH"},{"data":"Dagger Spray","floor":32,"key":"SMITH"}],"circlet_count":0,"master_deck":["Strike_G","Strike_G","Strike_G","Strike_G","Strike_G","Defend_G","Defend_G","Defend_G","Defend_G","Survivor","Neutralize+1","DTMod:OpeningTactic+1","MostiFishMod:PoisonShield","Quick Slash","rorgmod:Slice+1","All Out Attack","MostiFishMod:LethalBlade","rorgmod:Prepared","Blade Dance+1","StSpp:Anticipation+1","Sadistic Nature+1","Predator","Flying Knee","ReplayTheSpireMod:Uncanny Aura+1","Skewer+1","rorgmod:Tendon Slice","infinitespire:Neurotoxin+1","hubris:EnhanceAbility+1","MostiFishMod:SpreadingSpore+1","Dagger Spray+1","Hidden Blade+1","Cloak And Dagger+1","ReplayTheSpireMod:Shiv Toss+1","ReplayTheSpireMod:Uncanny Aura+1","Cloak And Dagger+1","Poisoned Stab","Twin Strike","MostiFishMod:VineMother+1","Envenom","Replay:Bag of Tricks+1","EpicFetus","Enlightenment+1","Blade Dance+1","CurseOfTheBell","Bouncing Flask+1","rorgmod:Accuracy","Specialist"],"relics":["Ring of the Snake","REME_ComplimentaryCards","HushsDoor","DaveBox","EGODaCapo","GuppysHead","NeowsBlessing","BookOfRevelations","Orichalcum","Membership Card","Singing Bowl","Toxic Egg 2","TheAbacus","infinitespire:Lucky Rock","REME_PoisonedDagger","RhineSuit","TwistedFunnel","wanderingMiniBosses:MasterThiefsPresence","hubris:DisguiseKit","MoreBug","HandDrill","rorgmod:Ceramic Fish","ReplayTheSpireMod:DimensionalGlitch","SynthV","Calling Bell","reliquary:SilkGlove","Letter Opener","ChaoDraw","TungstenRod","Iron Hammer"],"acts_visited":["Exordium","TheCity","TheBeyond"],"potions_floor_usage":[6],"damage_taken":[{"damage":0,"enemies":"2 Louse","floor":1,"turns":1},{"damage":0,"enemies":"Hiden Room Battle","floor":2,"turns":1},{"damage":0,"enemies":"Jaw Worm","floor":4,"turns":1},{"damage":0,"enemies":"Cultist","floor":5,"turns":1},{"damage":0,"enemies":"3 Sentries","floor":6,"turns":4},{"damage":0,"enemies":"Large Slime","floor":11,"turns":3},{"damage":0,"enemies":"Gremlin Gang","floor":14,"turns":2},{"damage":0,"enemies":"Hexaghost","floor":16,"turns":5},{"damage":0,"enemies":"Shell Parasite","floor":18,"turns":1},{"damage":0,"enemies":"Spheric Guardian","floor":19,"turns":1},{"damage":0,"enemies":"Snake Plant","floor":21,"turns":2},{"damage":0,"enemies":"Shelled Parasite and Fungi","floor":25,"turns":5},{"damage":0,"enemies":"Centurion and Healer","floor":27,"turns":2},{"damage":0,"enemies":"Snake Plant","floor":30,"turns":1},{"damage":0,"enemies":"Collector","floor":33,"turns":3},{"damage":0,"enemies":"Orb Walker","floor":35,"turns":3},{"damage":0,"enemies":"3 Shapes","floor":37,"turns":1},{"damage":0,"enemies":"Jaw Worm Horde","floor":39,"turns":1}],"seed_played":"8587916816227770996","potions_obtained":[{"floor":2,"key":"Fire Potion"},{"floor":5,"key":"PowerPotion"},{"floor":6,"key":"REME_GoldPotion"},{"floor":25,"key":"Energy Potion"}],"is_trial":false,"path_per_floor":["M","?","$","M","M","E","$","R","T","R","M","R","?","M","R","B",null,"M","M","$","M","?","R","?","M","T","M","T","R","M","$","R","B",null,"M","AVR","M","$","M"],"character_chosen":"THE_SILENT","items_purchased":["Membership Card","rorgmod:Slice","All Out Attack","MostiFishMod:LethalBlade","Singing Bowl","rorgmod:Prepared","Toxic Egg 2","TheAbacus","Predator","Flying Knee","ReplayTheSpireMod:Uncanny Aura+1","hubris:EnhanceAbility","MostiFishMod:SpreadingSpore+1","TwistedFunnel","Cloak And Dagger+1","ReplayTheSpireMod:Shiv Toss+1","ReplayTheSpireMod:Uncanny Aura+1","HandDrill","Envenom","rorgmod:Ceramic Fish","EpicFetus","Enlightenment+1","rorgmod:Accuracy","TungstenRod","Iron Hammer","Specialist"],"campfire_rested":0,"item_purchase_floors":[3,3,3,3,3,3,3,3,7,7,7,17,17,20,20,20,20,31,31,31,34,34,38,38,38,38],"current_hp_per_floor":[1000,1000,1000,1000,1000,1000,1000,1000,1000,1000,1002,1002,1002,1002,1002,1002,994,994,994,994,994,994,994,994,994,994,994,994,994,994,994,994,994,987,987,987,987,987,987,987],"gold":9821,"neow_bonus":"THREE_ENEMY_KILL","is_daily":false,"chose_seed":false,"campfire_upgraded":7,"win_rate":0.0,"timestamp":1612720557,"path_taken":["M","?","$","M","M","E","$","R","T","R","M","R","?","M","R","BOSS","M","M","$","M","?","R","?","M","T","?","?","R","M","$","R","BOSS","M","AVR","M","$","M"],"items_purchased_type":["Relic","Card","Card","Card","Relic","Card","Relic","Relic","Card","Card","Card","Card","Card","Relic","Card","Card","Card","Relic","Card","Relic","Card","Card","Card","Relic","Relic","Card"],"build_version":"2020-12-22","purchased_purges":1,"victory":false,"max_hp_per_floor":[1000,1000,1000,1000,1000,1000,1000,1000,1000,1000,1002,1002,1002,1002,1002,1002,994,994,994,994,994,994,994,994,994,994,994,994,994,994,994,994,994,987,987,987,987,987,987,987],"card_choices":[{"not_picked":[],"picked":"Bomb","floor":0},{"not_picked":["hubris:Sniper","Dagger Spray"],"picked":"MostiFishMod:PoisonShield","floor":1},{"not_picked":["ReplayTheSpireMod:The Works","Heel Hook"],"picked":"Quick Slash","floor":2},{"not_picked":["ReplayTheSpireMod:Shiv Toss+1","Cloak And Dagger+1"],"picked":"Blade Dance+1","floor":4},{"not_picked":["Dagger Throw","Quick Slash"],"picked":"StSpp:Anticipation+1","floor":5},{"not_picked":["MostiFishMod:SpreadingSpore+1","hubris:TrickCloak+1"],"picked":"Sadistic Nature","floor":6},{"not_picked":["MostiFishMod:PerfectParry+1","Sucker Punch","PiercingWail+1"],"picked":"Singing Bowl","floor":11},{"not_picked":["Backflip+1","StSpp:Landslide"],"picked":"rorgmod:Tendon Slice","floor":14},{"not_picked":["After Image","A Thousand Cuts"],"picked":"infinitespire:Neurotoxin+1","floor":16},{"not_picked":["Blur+1","PiercingWail+1"],"picked":"Dagger Spray","floor":18},{"not_picked":["rorgmod:Tendon Slice","Dodge and Roll+1"],"picked":"Hidden Blade+1","floor":19},{"not_picked":["Poisoned Stab+1","Masterful Stab"],"picked":"Cloak And Dagger+1","floor":21},{"not_picked":["Eviscerate+1","hubris:Counter"],"picked":"Poisoned Stab","floor":25},{"not_picked":["Flying Knee","rorgmod:Tendon Slice","Poisoned Stab+1"],"picked":"Twin Strike","floor":27},{"not_picked":["REME_SpectralBlade","Outmaneuver+1","Iron Wave"],"picked":"MostiFishMod:VineMother+1","floor":30},{"not_picked":["MostiFishMod:FullyArmed+1","Unload","MostiFishMod:WingOfPhoenix"],"picked":"Replay:Bag of Tricks+1","floor":33},{"not_picked":["Dash+1","StSpp:TimeParadox+1","StSpp:TheBiggerTheyAre"],"picked":"Blade Dance+1","floor":35},{"not_picked":["Footwork","Finisher+1","Entrench"],"picked":"Bouncing Flask+1","floor":37}],"player_experience":228311,"relics_obtained":[{"floor":2,"key":"BookOfRevelations"},{"floor":2,"key":"Orichalcum"},{"floor":6,"key":"infinitespire:Lucky Rock"},{"floor":9,"key":"REME_PoisonedDagger"},{"floor":25,"key":"wanderingMiniBosses:MasterThiefsPresence"},{"floor":26,"key":"hubris:DisguiseKit"},{"floor":28,"key":"MoreBug"},{"floor":36,"key":"reliquary:SilkGlove"},{"floor":36,"key":"Letter Opener"},{"floor":36,"key":"ChaoDraw"}],"event_choices":[{"damage_healed":0,"gold_gain":0,"player_choice":"Fight","damage_taken":0,"max_hp_gain":0,"max_hp_loss":0,"event_name":"HidenRoomEvent","floor":2,"gold_loss":0},{"damage_healed":0,"gold_gain":0,"cards_transformed":["Defend_G"],"player_choice":"Change","damage_taken":0,"max_hp_gain":0,"max_hp_loss":0,"event_name":"Living Wall","floor":13,"gold_loss":0,"cards_obtained":["Skewer"]}],"is_beta":false,"boss_relics":[{"not_picked":["EE1DDrone","Replay:Ancient Bell"],"picked":"RhineSuit"},{"not_picked":[]},{"not_picked":["StSpp:FireArrow","reliquary:RedCape"],"picked":"ReplayTheSpireMod:DimensionalGlitch"},{"not_picked":[]}],"items_purged_floors":[31],"is_endless":false,"potions_floor_spawned":[2,5,6,14,18,19,25,27,35,37],"killed_by":"Jaw Worm Horde","ascension_level":0}}