{"host":"vymnruocrvjmw2yt","time":1612732222,"event":{"mods":["AchievementEnabler","Aspiration","BaseMod","Block Reminder","Downfall","Googly Eyes","Halation","Hermit","Hubris","Infinite Spire","Minty Spire (QoL Compilation)","Relic Filter","Robot Space Explorer","StSLib","The Runesmith"],"gold_per_floor":[159,159,195,228,261,354,354,304,330,366,562,105,105,138,138,447,447,504,504,529,529,565,565,746,746,746,826,877,934,991,1087,1087,1406,1406,1569,1569,1082,599,599,759,759,759,759,844,894,924,1106,1166,1166,1221],"floor_reached":51,"language":"ENG","playtime":2520,"items_purged":["RobotSpaceExplorer:Counterblock","RobotSpaceExplorer:SurgingShield"],"score":1084,"play_id":"5edf6117-326f-4a8d-b623-d435c51cdaa2","local_time":"20210207161022","daily_mods":["Draft","Heirloom","Midas"],"is_ascension_mode":false,"campfire_choices":[{"floor":13,"key":"REST"},{"floor":15,"key":"REST"},{"floor":23,"key":"REST"},{"floor":42,"key":"REST"},{"floor":49,"key":"REST"}],"circlet_count":0,"master_deck":["RobotSpaceExplorer:FranticSearch","RobotSpaceExplorer:MiniDrones","RobotSpaceExplorer:MetalStrike","RobotSpaceExplorer:Reload","RobotSpaceExplorer:LaserBurst","RobotSpaceExplorer:ScrapToss","RobotSpaceExplorer:GlueShot","RobotSpaceExplorer:FranticSearch","RobotSpaceExplorer:ScrapMissile","RobotSpaceExplorer:ImprovisedAttack","RobotSpaceExplorer:MiniDrones","RobotSpaceExplorer:ScrapMissile","RobotSpaceExplorer:SwiftStep","RobotSpaceExplorer:Jetpack","RobotSpaceExplorer:Probe","RobotSpaceExplorer:SwiftStep","RobotSpaceExplorer:MiniDrones","RobotSpaceExplorer:Ammunition","RobotSpaceExplorer:SurgingShield","RobotSpaceExplorer:PowerGlove","RobotSpaceExplorer:SwiftStep","RobotSpaceExplorer:Multitool","infinitespire:NeuralNetwork","RobotSpaceExplorer:Ammunition+1","RobotSpaceExplorer:IronShell","RobotSpaceExplorer:FranticSearch+1","RobotSpaceExplorer:ExhaustFan+1","RobotSpaceExplorer:ScrapToss","RobotSpaceExplorer:PowerCollector+1","infinitespire:Collect","infinitespire:Collect","RobotSpaceExplorer:SwiftStep","RobotSpaceExplorer:FreezeRay","hubris:NaturalOne","RobotSpaceExplorer:ScrapMissile+1","RobotSpaceExplorer:ExhaustFan+1","RobotSpaceExplorer:MiniDrones+1","RobotSpaceExplorer:JunkDive+1","RobotSpaceExplorer:DualCore+1","RobotSpaceExplorer:TurboDodge+1"],"relics":["RobotSpaceExplorer:RoboCore","Bird Faced Urn","hubris:MobiusCoin","Pen Nib","StoneCalendar","infinitespire:BottledMercury","Philosopher\u0027s Stone","hubris:Icosahedron","Ancient Tea Set","hubris:Backtick","aspiration:StickyExplosives_weak","aspiration:ArtOfWarUpgrade","hubris:Potato","halation:IllGainedPizza","halation:HeavySnake","hubris:ScarierMask","Lee\u0027s Waffle","Bag of Marbles","Bag of Preparation","hubris:BottledRain","InkBottle"],"acts_visited":["Exordium","TheCity","TheBeyond"],"potions_floor_usage":[31,31,33,47],"damage_taken":[{"damage":0,"enemies":"Cultist","floor":1,"turns":2},{"damage":0,"enemies":"Jaw Worm","floor":3,"turns":4},{"damage":0,"enemies":"2 Louse","floor":4,"turns":2},{"damage":3,"enemies":"Blue Slaver","floor":5,"turns":2},{"damage":4,"enemies":"Gremlin Nob","floor":6,"turns":3},{"damage":0,"enemies":"Exordium Thugs","floor":10,"turns":3},{"damage":1,"enemies":"3 Sentries","floor":11,"turns":4},{"damage":6,"enemies":"Gremlin Gang","floor":14,"turns":3},{"damage":0,"enemies":"Slime Boss","floor":16,"turns":4},{"damage":0,"enemies":"Shell Parasite","floor":18,"turns":3},{"damage":0,"enemies":"3 Byrds","floor":22,"turns":3},{"damage":7,"enemies":"Book of Stabbing","floor":24,"turns":4},{"damage":8,"enemies":"Shelled Parasite and Fungi","floor":27,"turns":4},{"damage":0,"enemies":"Centurion and Healer","floor":28,"turns":5},{"damage":4,"enemies":"Chosen and Byrds","floor":29,"turns":4},{"damage":22,"enemies":"Shelled Parasite and Fungi","floor":30,"turns":3},{"damage":5,"enemies":"Slavers","floor":31,"turns":4},{"damage":24,"enemies":"hubris:MusketHawk","floor":33,"turns":6},{"damage":3,"enemies":"3 Shapes","floor":35,"turns":4},{"damage":29,"enemies":"Nemesis","floor":40,"turns":5},{"damage":0,"enemies":"Orb Walker","floor":44,"turns":3},{"damage":18,"enemies":"4 Shapes","floor":45,"turns":3},{"damage":0,"enemies":"Jaw Worm Horde","floor":46,"turns":2},{"damage":15,"enemies":"Reptomancer","floor":47,"turns":4},{"damage":14,"enemies":"Maw","floor":48,"turns":4},{"damage":0,"enemies":"hubris:GrandSnecko","floor":50,"turns":6}],"seed_played":"-413446834849781011","potions_obtained":[{"floor":3,"key":"AttackPotion"},{"floor":4,"key":"DistilledChaos"},{"floor":6,"key":"Swift Potion"},{"floor":11,"key":"Guardian:BlockOnCardUsePotion"},{"floor":14,"key":"RobotSpaceExplorer:PlasmaFlask"},{"floor":18,"key":"Slimebound:ThreeZeroPotion"},{"floor":31,"key":"AttackPotion"},{"floor":45,"key":"PowerPotion"},{"floor":46,"key":"Guardian:BlockOnCardUsePotion"},{"floor":47,"key":"champ:CounterPotion"}],"is_trial":true,"path_per_floor":["M","?","M","M","M","E","?","?","T","M","E","$","R","M","R","B",null,"M","?","T","AVR","M","R","E","R","T","M","M","M","M","E","R","B",null,"M","AVR","?","$","?","E","?","R","T","M","M","M","E","M","R","B",null],"character_chosen":"RobotSpaceExplorer","items_purchased":["RobotSpaceExplorer:PowerGlove","RobotSpaceExplorer:SwiftStep","infinitespire:BottledMercury","Lee\u0027s Waffle","RobotSpaceExplorer:SwiftStep","Bag of Marbles","RobotSpaceExplorer:FreezeRay"],"campfire_rested":5,"item_purchase_floors":[12,12,12,38,38,38,38],"current_hp_per_floor":[75,80,80,80,77,73,73,73,73,73,72,72,80,76,80,80,80,80,80,80,80,80,80,75,75,75,73,79,80,60,59,59,43,80,77,77,77,87,87,62,62,87,87,87,73,77,76,72,87,87],"gold":1221,"neow_bonus":"","is_daily":false,"chose_seed":false,"campfire_upgraded":0,"win_rate":0.0,"timestamp":1612732222,"path_taken":["M","?","M","M","M","E","?","?","T","M","E","$","R","M","R","BOSS","M","?","?","AVR","?","R","E","R","T","M","M","M","M","E","R","BOSS","M","AVR","?","$","?","E","?","R","T","M","?","M","E","M","R","BOSS"],"items_purchased_type":["Card","Card","Relic","Relic","Card","Relic","Card"],"build_version":"2020-12-22","purchased_purges":2,"victory":true,"max_hp_per_floor":[75,80,80,80,80,80,80,80,80,80,80,80,80,80,80,80,80,80,80,80,80,80,80,80,80,80,80,80,80,80,80,80,80,80,80,80,80,87,87,87,87,87,87,87,87,87,87,87,87,87],"card_choices":[{"not_picked":["RobotSpaceExplorer:ShovelStrike","RobotSpaceExplorer:PowerCollector"],"picked":"RobotSpaceExplorer:FranticSearch","floor":0},{"not_picked":["RobotSpaceExplorer:Electropulse","RobotSpaceExplorer:ShockKick"],"picked":"RobotSpaceExplorer:MiniDrones","floor":0},{"not_picked":["RobotSpaceExplorer:ShovelStrike","RobotSpaceExplorer:StarDust"],"picked":"RobotSpaceExplorer:MetalStrike","floor":0},{"not_picked":["RobotSpaceExplorer:Counterblock","RobotSpaceExplorer:Ammunition"],"picked":"RobotSpaceExplorer:Reload","floor":0},{"not_picked":["RobotSpaceExplorer:ShockKick","RobotSpaceExplorer:SwiftStep"],"picked":"RobotSpaceExplorer:LaserBurst","floor":0},{"not_picked":["RobotSpaceExplorer:Electropulse","RobotSpaceExplorer:SwiftStep"],"picked":"RobotSpaceExplorer:ScrapToss","floor":0},{"not_picked":["RobotSpaceExplorer:Ammunition","RobotSpaceExplorer:Calculate"],"picked":"RobotSpaceExplorer:GlueShot","floor":0},{"not_picked":["RobotSpaceExplorer:SlimeMissile","RobotSpaceExplorer:SurgingStrike"],"picked":"RobotSpaceExplorer:FranticSearch","floor":0},{"not_picked":["RobotSpaceExplorer:BigMissile","RobotSpaceExplorer:TurboDodge"],"picked":"RobotSpaceExplorer:StarLightning","floor":0},{"not_picked":["RobotSpaceExplorer:MetalStrike","RobotSpaceExplorer:Blitz"],"picked":"RobotSpaceExplorer:ScrapMissile","floor":0},{"not_picked":["RobotSpaceExplorer:FreezingShield","RobotSpaceExplorer:SurgingStrike"],"picked":"RobotSpaceExplorer:ImprovisedAttack","floor":0},{"not_picked":["RobotSpaceExplorer:ShovelStrike","RobotSpaceExplorer:ImprovisedAttack"],"picked":"RobotSpaceExplorer:MiniDrones","floor":0},{"not_picked":["RobotSpaceExplorer:Electroshield","RobotSpaceExplorer:SurgingStrike"],"picked":"RobotSpaceExplorer:ScrapMissile","floor":0},{"not_picked":["RobotSpaceExplorer:Fix","RobotSpaceExplorer:SlimeMissile"],"picked":"RobotSpaceExplorer:SwiftStep","floor":0},{"not_picked":["RobotSpaceExplorer:GlueShot","RobotSpaceExplorer:SwiftStep"],"picked":"RobotSpaceExplorer:Jetpack","floor":0},{"not_picked":["RobotSpaceExplorer:FranticSearch","RobotSpaceExplorer:ImprovisedAttack"],"picked":"RobotSpaceExplorer:SurgingShield","floor":1},{"not_picked":["RobotSpaceExplorer:GlueSpray","RobotSpaceExplorer:ShovelStrike"],"picked":"RobotSpaceExplorer:Probe","floor":3},{"not_picked":["RobotSpaceExplorer:ImprovisedAttack","RobotSpaceExplorer:Pulsar"],"picked":"RobotSpaceExplorer:SwiftStep","floor":4},{"not_picked":["RobotSpaceExplorer:DoubleFind","RobotSpaceExplorer:Probe"],"picked":"RobotSpaceExplorer:MiniDrones","floor":5},{"not_picked":["RobotSpaceExplorer:Explosion","RobotSpaceExplorer:GearShield"],"picked":"RobotSpaceExplorer:Ammunition","floor":6},{"not_picked":["RobotSpaceExplorer:Probe","RobotSpaceExplorer:ScrapToss"],"picked":"RobotSpaceExplorer:Counterblock","floor":10},{"not_picked":["RobotSpaceExplorer:SurgingStrike","RobotSpaceExplorer:MakeshiftVolley"],"picked":"RobotSpaceExplorer:SurgingShield","floor":11},{"not_picked":["RobotSpaceExplorer:SurgingStrike","RobotSpaceExplorer:PlasmaMissile","RobotSpaceExplorer:SelfCleaning"],"picked":"SKIP","floor":14},{"not_picked":["RobotSpaceExplorer:Comet","RobotSpaceExplorer:ShockMissile"],"picked":"RobotSpaceExplorer:Multitool","floor":16},{"not_picked":["RobotSpaceExplorer:SurgingStrike","RobotSpaceExplorer:FranticSearch","RobotSpaceExplorer:GearShield"],"picked":"SKIP","floor":18},{"not_picked":["RobotSpaceExplorer:PlasmaMissile","RobotSpaceExplorer:ImprovisedAttack"],"picked":"RobotSpaceExplorer:Ammunition+1","floor":22},{"not_picked":["RobotSpaceExplorer:SurgingStrike","RobotSpaceExplorer:FranticSearch"],"picked":"RobotSpaceExplorer:IronShell","floor":24},{"not_picked":["RobotSpaceExplorer:TurboDodge","RobotSpaceExplorer:Calculate"],"picked":"RobotSpaceExplorer:FranticSearch+1","floor":27},{"not_picked":["RobotSpaceExplorer:Blitz","RobotSpaceExplorer:DoubleBlock","RobotSpaceExplorer:GlueShot+1"],"picked":"SKIP","floor":28},{"not_picked":["RobotSpaceExplorer:FreezingShield","RobotSpaceExplorer:SurgingStrike","RobotSpaceExplorer:ShockKick"],"picked":"SKIP","floor":29},{"not_picked":["RobotSpaceExplorer:FrostMissile","RobotSpaceExplorer:LaserBurst+1"],"picked":"RobotSpaceExplorer:ExhaustFan","floor":30},{"not_picked":["RobotSpaceExplorer:Blaster","RobotSpaceExplorer:GlueShot"],"picked":"RobotSpaceExplorer:ScrapToss","floor":31},{"not_picked":["RobotSpaceExplorer:SelfCleaning+1","RobotSpaceExplorer:SurgingShield+1"],"picked":"RobotSpaceExplorer:PowerCollector+1","floor":35},{"not_picked":["infinitespire:Starlight","infinitespire:FinalStrike"],"picked":"infinitespire:Collect","floor":37},{"not_picked":["RobotSpaceExplorer:PowerCollector","RobotSpaceExplorer:TurboDodge"],"picked":"RobotSpaceExplorer:ScrapMissile+1","floor":40},{"not_picked":["RobotSpaceExplorer:StarDust","RobotSpaceExplorer:ScrapMissile+1"],"picked":"RobotSpaceExplorer:MiniDrones+1","floor":44},{"not_picked":["RobotSpaceExplorer:Ammunition+1","RobotSpaceExplorer:Counterblock+1"],"picked":"RobotSpaceExplorer:JunkDive+1","floor":45},{"not_picked":["RobotSpaceExplorer:Jetpack","RobotSpaceExplorer:Scanner"],"picked":"RobotSpaceExplorer:DualCore+1","floor":46},{"not_picked":["RobotSpaceExplorer:ImprovisedAttack+1","RobotSpaceExplorer:GearShield+1"],"picked":"RobotSpaceExplorer:TurboDodge+1","floor":47},{"not_picked":["RobotSpaceExplorer:Ammunition","RobotSpaceExplorer:ShovelStrike+1","RobotSpaceExplorer:TurboDodge+1"],"picked":"SKIP","floor":48}],"player_experience":804731,"relics_obtained":[{"floor":6,"key":"hubris:MobiusCoin"},{"floor":9,"key":"Pen Nib"},{"floor":11,"key":"StoneCalendar"},{"floor":20,"key":"Ancient Tea Set"},{"floor":24,"key":"Art of War"},{"floor":26,"key":"hubris:Potato"},{"floor":31,"key":"halation:IllGainedPizza"},{"floor":40,"key":"Bag of Preparation"},{"floor":43,"key":"hubris:BottledRain"},{"floor":47,"key":"InkBottle"}],"event_choices":[{"damage_healed":0,"gold_gain":0,"player_choice":"Donut","damage_taken":0,"max_hp_gain":5,"max_hp_loss":0,"event_name":"Big Fish","floor":2,"gold_loss":0},{"cards_removed":["RobotSpaceExplorer:StarLightning"],"damage_healed":0,"gold_gain":0,"player_choice":"Card Removal","damage_taken":0,"max_hp_gain":0,"max_hp_loss":0,"event_name":"The Cleric","floor":8,"gold_loss":50},{"damage_healed":0,"gold_gain":0,"player_choice":"Copied","damage_taken":0,"max_hp_gain":0,"max_hp_loss":0,"event_name":"Duplicator","floor":41,"gold_loss":0,"cards_obtained":["RobotSpaceExplorer:ExhaustFan"]}],"is_beta":false,"boss_relics":[{"not_picked":["hubris:HollowSoul","halation:Yufonium"],"picked":"Philosopher\u0027s Stone"},{"not_picked":["halation:Prosthetics","expansioncontent:StudyCardRelic"],"picked":"halation:HeavySnake"}],"items_purged_floors":[12,38],"is_endless":false,"potions_floor_spawned":[3,4,6,11,14,18,22,29,31,45,46,47,48],"ascension_level":0}}