{"host":"rygf0m8z92bga31f","time":1612741829,"event":{"mods":["BaseMod","Colored Map","Colored Powertips","Dark Map","Filter the Spire","Minty Spire (QoL Compilation)","Rare Cards Sparkle","Relic Stats","StSLib","Waifu the Spire"],"gold_per_floor":[116,136,136,136,150,150,189,189,189,220,238,257,257,277,277,408,408,421,421,421,9,9,43,43,76,99,137,158,158,189,209,209,335,335,354,372,672,692,705,749,749,784,864,882,429,474,501,544,544,544,544,544,7,51,51],"floor_reached":56,"language":"ENG","playtime":2674,"items_purged":["Writhe","Defend_B","Dualcast"],"score":1614,"play_id":"559efb95-abed-41df-998f-c5f66501feb7","local_time":"20210208015029","is_ascension_mode":true,"campfire_choices":[{"data":"Go for the Eyes","floor":6,"key":"SMITH"},{"data":"Zap","floor":8,"key":"SMITH"},{"floor":15,"key":"REST"},{"data":"1","floor":24,"key":"LIFT"},{"floor":29,"key":"REST"},{"data":"Turbo","floor":32,"key":"SMITH"},{"data":"Buffer","floor":41,"key":"SMITH"},{"floor":49,"key":"RECALL"},{"data":"Biased Cognition","floor":52,"key":"SMITH"}],"circlet_count":0,"master_deck":["Strike_B+1","Strike_B+1","Defend_B","Defend_B","Zap+1","All For One","Ball Lightning","Go for the Eyes+1","Chaos","Core Surge","Gash","Glacier","Gash","Gash","Echo Form","Reinforced Body","Rebound","Amplify","Gash","Trip","Hologram","Recycle+1","Capacitor","Defragment+1","Turbo+1","Biased Cognition+1","Redo+1","Leap+1","Buffer+1","Creative AI","Capacitor+1","FTL","Purity","Glacier+1","Go for the Eyes+1","Apotheosis","Loop","Seek","Seek","Barrage+1","Beam Cell"],"relics":["Cracked Core","Golden Idol","InkBottle","Whetstone","HornCleat","Philosopher\u0027s Stone","Strawberry","Chemical X","Girya","Art of War","Oddly Smooth Stone","Unceasing Top","Bag of Marbles","Runic Pyramid","Cables","PreservedInsect","Runic Capacitor","CeramicFish","Gremlin Horn","Orrery","Emotion Chip"],"acts_visited":["Exordium","TheCity","TheBeyond","TheEnding"],"potions_floor_usage":[7,15,16,25,28,28,38,38,39,46,50,55],"damage_taken":[{"damage":1,"enemies":"Cultist","floor":1,"turns":3},{"damage":0,"enemies":"Jaw Worm","floor":2,"turns":3},{"damage":0,"enemies":"2 Louse","floor":5,"turns":2},{"damage":20,"enemies":"3 Sentries","floor":7,"turns":6},{"damage":26,"enemies":"Gremlin Nob","floor":10,"turns":4},{"damage":6,"enemies":"Large Slime","floor":11,"turns":4},{"damage":0,"enemies":"3 Louse","floor":12,"turns":2},{"damage":2,"enemies":"2 Fungi Beasts","floor":14,"turns":3},{"damage":7,"enemies":"The Guardian","floor":16,"turns":8},{"damage":7,"enemies":"Chosen","floor":18,"turns":3},{"damage":23,"enemies":"Slavers","floor":23,"turns":5},{"damage":16,"enemies":"Gremlin Leader","floor":25,"turns":4},{"damage":14,"enemies":"Book of Stabbing","floor":27,"turns":3},{"damage":12,"enemies":"2 Thieves","floor":28,"turns":4},{"damage":8,"enemies":"Gremlin Leader","floor":30,"turns":4},{"damage":0,"enemies":"Snecko","floor":31,"turns":2},{"damage":0,"enemies":"Automaton","floor":33,"turns":7},{"damage":0,"enemies":"3 Shapes","floor":35,"turns":3},{"damage":10,"enemies":"Orb Walker","floor":36,"turns":2},{"damage":4,"enemies":"Transient","floor":38,"turns":5},{"damage":14,"enemies":"4 Shapes","floor":39,"turns":4},{"damage":26,"enemies":"Nemesis","floor":40,"turns":5},{"damage":0,"enemies":"Giant Head","floor":42,"turns":6},{"damage":6,"enemies":"3 Darklings","floor":44,"turns":6},{"damage":0,"enemies":"Nemesis","floor":46,"turns":5},{"damage":0,"enemies":"Maw","floor":47,"turns":8},{"damage":0,"enemies":"Giant Head","floor":48,"turns":8},{"damage":1,"enemies":"Donu and Deca","floor":50,"turns":10},{"damage":0,"enemies":"Shield and Spear","floor":54,"turns":5},{"damage":30,"enemies":"The Heart","floor":55,"turns":9}],"seed_played":"-999900776272100147","potions_obtained":[{"floor":5,"key":"Strength Potion"},{"floor":11,"key":"Fruit Juice"},{"floor":14,"key":"EssenceOfSteel"},{"floor":16,"key":"SteroidPotion"},{"floor":27,"key":"GamblersBrew"},{"floor":28,"key":"SpeedPotion"},{"floor":33,"key":"Explosive Potion"},{"floor":35,"key":"SkillPotion"},{"floor":38,"key":"AttackPotion"},{"floor":39,"key":"FairyPotion"},{"floor":47,"key":"SkillPotion"}],"is_trial":false,"path_per_floor":["M","M","?","?","M","R","E","R","T","E","M","M","?","M","R","B",null,"M","?","?","$","?","E","R","E","T","E","M","R","E","M","R","B",null,"M","M","?","M","M","E","R","E","T","M","$","E","M","E","R","B",null,"R","$","E","B",null],"character_chosen":"DEFECT","items_purchased":["Chemical X","Gash","LiquidMemories","Trip","Runic Capacitor","FTL","ColorlessPotion","Purity","Apotheosis","Loop","Orrery","Swift Potion"],"campfire_rested":2,"item_purchase_floors":[21,21,21,21,45,45,45,45,53,53,53,53],"current_hp_per_floor":[67,67,72,68,68,68,48,48,48,22,16,16,9,7,33,26,73,66,73,73,73,73,50,50,34,34,20,8,32,24,24,24,24,80,80,70,70,66,52,26,26,26,26,20,20,20,20,20,20,19,80,80,80,80,50],"gold":51,"neow_bonus":"THREE_RARE_CARDS","is_daily":false,"chose_seed":false,"campfire_upgraded":5,"win_rate":0.0,"timestamp":1612741829,"path_taken":["M","M","?","?","M","R","E","R","T","E","M","?","?","M","R","BOSS","M","?","?","$","?","E","R","E","T","E","M","R","E","M","R","BOSS","M","M","?","?","M","E","R","E","T","M","$","E","M","E","R","BOSS","R","$","E","BOSS"],"items_purchased_type":["Relic","Card","Potion","Card","Relic","Card","Potion","Card","Card","Card","Relic","Potion"],"build_version":"2020-12-22","purchased_purges":3,"victory":true,"max_hp_per_floor":[68,68,73,68,68,68,68,68,68,68,68,68,68,68,73,73,73,73,80,80,80,80,80,80,80,80,80,80,80,80,80,80,80,80,80,80,80,80,80,80,80,80,80,80,80,80,80,80,80,80,80,80,80,80,80],"relic_stats":{"Gremlin Horn":[2,2],"counters":[30,143],"Golden Idol":232,"CeramicFish":72,"PreservedInsect":240,"Whetstone":["Strike_B","Strike_B"],"Cables":[54,35,18,0,1],"Emotion Chip":[25,9,13,0,3],"Art of War":[12],"Chemical X":[14],"obtain_stats":[{"Girya":23,"Gremlin Horn":48,"Golden Idol":4,"CeramicFish":46,"Oddly Smooth Stone":26,"PreservedInsect":42,"Runic Capacitor":45,"Whetstone":9,"Cables":40,"Emotion Chip":54,"HornCleat":10,"Strawberry":19,"Orrery":53,"Philosopher\u0027s Stone":17,"Art of War":25,"Bag of Marbles":30,"Chemical X":21,"Cracked Core":0,"InkBottle":7,"Unceasing Top":27,"Runic Pyramid":34},{"Girya":11,"Gremlin Horn":27,"Golden Idol":2,"CeramicFish":25,"Oddly Smooth Stone":12,"PreservedInsect":23,"Runic Capacitor":24,"Whetstone":4,"Cables":22,"Emotion Chip":29,"HornCleat":5,"Strawberry":10,"Orrery":28,"Philosopher\u0027s Stone":9,"Art of War":12,"Bag of Marbles":15,"Chemical X":10,"Cracked Core":0,"InkBottle":4,"Unceasing Top":13,"Runic Pyramid":17},{"Girya":43,"Gremlin Horn":119,"Golden Idol":6,"CeramicFish":103,"Oddly Smooth Stone":47,"PreservedInsect":92,"Runic Capacitor":98,"Whetstone":14,"Cables":86,"Emotion Chip":134,"HornCleat":18,"Strawberry":38,"Orrery":129,"Philosopher\u0027s Stone":35,"Art of War":47,"Bag of Marbles":58,"Chemical X":38,"Cracked Core":0,"InkBottle":14,"Unceasing Top":50,"Runic Pyramid":67}],"InkBottle":[75],"Unceasing Top":[38]},"card_choices":[{"not_picked":["Reboot","Rainbow"],"picked":"All For One","floor":0},{"not_picked":["Redo","Sweeping Beam"],"picked":"Ball Lightning","floor":1},{"not_picked":["Storm","Self Repair"],"picked":"Go for the Eyes","floor":2},{"not_picked":["Double Energy","Leap"],"picked":"Chaos","floor":5},{"not_picked":["Steam","Coolheaded"],"picked":"Core Surge","floor":7},{"not_picked":["Cold Snap","Beam Cell"],"picked":"Gash","floor":10},{"not_picked":["Recycle","Turbo"],"picked":"Glacier","floor":11},{"not_picked":["Chaos","Leap"],"picked":"Gash","floor":12},{"not_picked":["Barrage","Ball Lightning"],"picked":"Gash","floor":14},{"not_picked":["Electrodynamics","Amplify"],"picked":"Echo Form","floor":16},{"not_picked":["Rebound","Tempest"],"picked":"Reinforced Body","floor":18},{"not_picked":["Rip and Tear","Capacitor+1"],"picked":"Hologram","floor":23},{"not_picked":["Skim","Gash+1"],"picked":"Recycle+1","floor":25},{"not_picked":["Cold Snap","Rebound+1"],"picked":"Capacitor","floor":27},{"not_picked":["Static Discharge","Steam Power+1"],"picked":"Defragment+1","floor":28},{"not_picked":["Streamline","Redo"],"picked":"Turbo","floor":31},{"not_picked":["Seek","Fission"],"picked":"Biased Cognition","floor":33},{"not_picked":["Cold Snap+1","Heatsinks"],"picked":"Redo+1","floor":35},{"not_picked":["Aggregate","Sweeping Beam+1"],"picked":"Leap+1","floor":36},{"not_picked":["Consume","Leap+1","Sunder+1"],"picked":"SKIP","floor":38},{"not_picked":["Rebound+1","Chaos","Storm+1"],"picked":"SKIP","floor":39},{"not_picked":["Stack+1","Thunder Strike"],"picked":"Buffer","floor":40},{"not_picked":["Leap","Cold Snap+1"],"picked":"Creative AI","floor":42},{"not_picked":["Auto Shields","Ball Lightning+1"],"picked":"Capacitor+1","floor":44},{"not_picked":["Turbo+1","Storm"],"picked":"Glacier+1","floor":46},{"not_picked":["Tempest+1","Chaos"],"picked":"Go for the Eyes+1","floor":47},{"not_picked":["Stack+1","Sweeping Beam","Lockon"],"picked":"SKIP","floor":48},{"not_picked":["Steam+1","Darkness+1"],"picked":"Seek","floor":53},{"not_picked":["Double Energy","Gash"],"picked":"Seek","floor":53},{"not_picked":["Leap+1","Compile Driver"],"picked":"Barrage+1","floor":53},{"not_picked":["Cold Snap+1","Self Repair"],"picked":"Beam Cell","floor":53},{"not_picked":["Barrage+1","Leap","Gash"],"picked":"SKIP","floor":54}],"player_experience":1947375,"relics_obtained":[{"floor":7,"key":"InkBottle"},{"floor":9,"key":"Whetstone"},{"floor":10,"key":"HornCleat"},{"floor":23,"key":"Girya"},{"floor":25,"key":"Art of War"},{"floor":26,"key":"Oddly Smooth Stone"},{"floor":27,"key":"Unceasing Top"},{"floor":30,"key":"Bag of Marbles"},{"floor":40,"key":"Cables"},{"floor":42,"key":"PreservedInsect"},{"floor":46,"key":"CeramicFish"},{"floor":48,"key":"Gremlin Horn"},{"floor":54,"key":"Emotion Chip"}],"event_choices":[{"damage_healed":0,"gold_gain":0,"player_choice":"Donut","damage_taken":0,"max_hp_gain":5,"max_hp_loss":0,"event_name":"Big Fish","floor":3,"gold_loss":0},{"damage_healed":0,"gold_gain":0,"player_choice":"Lose Max HP","damage_taken":0,"relics_obtained":["Golden Idol"],"max_hp_gain":0,"max_hp_loss":5,"event_name":"Golden Idol","floor":4,"gold_loss":0},{"cards_removed":["Strike_B"],"damage_healed":0,"gold_gain":0,"player_choice":"Card Removal","damage_taken":7,"max_hp_gain":0,"max_hp_loss":0,"event_name":"Golden Wing","floor":13,"gold_loss":0},{"damage_healed":0,"gold_gain":0,"player_choice":"Opened","damage_taken":0,"relics_obtained":["Strawberry"],"max_hp_gain":0,"max_hp_loss":0,"event_name":"The Mausoleum","floor":19,"gold_loss":0,"cards_obtained":["Writhe"]},{"damage_healed":0,"gold_gain":0,"cards_transformed":["Strike_B","Defend_B"],"player_choice":"Became Test Subject","damage_taken":0,"max_hp_gain":0,"max_hp_loss":0,"event_name":"Drug Dealer","floor":20,"gold_loss":0,"cards_obtained":["Rebound","Amplify"]},{"damage_healed":0,"gold_gain":0,"player_choice":"Ignored","damage_taken":0,"max_hp_gain":0,"max_hp_loss":0,"event_name":"Ghosts","floor":22,"gold_loss":0},{"damage_healed":0,"gold_gain":300,"player_choice":"Gold","damage_taken":0,"max_hp_gain":0,"max_hp_loss":0,"event_name":"Wheel of Change","floor":37,"gold_loss":0}],"is_beta":false,"boss_relics":[{"not_picked":["Ectoplasm","Astrolabe"],"picked":"Philosopher\u0027s Stone"},{"not_picked":["Runic Dome","SacredBark"],"picked":"Runic Pyramid"}],"items_purged_floors":[21,45,53],"is_endless":false,"potions_floor_spawned":[5,11,14,16,27,28,33,35,38,39,47],"ascension_level":1}}