{"host":"n3vqtvx9hbigdfc4","time":1612679019,"event":{"mods":["AchievementEnabler","BaseMod","Better Third Choice","Block Reminder","Colored Map","Colored Powertips","Downfall","Minty Spire (QoL Compilation)","Permanent Neow","Rare Cards Sparkle","Relic Stats","Replay The Spire","Shop Mod","StSLib"],"gold_per_floor":[116,116,126,301,301,301,301,335,335,335,358,381,405,20,20,104,113,140,176,176,201,229,267,366,385,385,385,310,310,225,266,266,352,352,373,394,415,76,94,94,129,138,138,160,180,180,221,221,221,221],"floor_reached":51,"language":"ENG","playtime":4721,"items_purged":["Doubt"],"score":1078,"play_id":"49d70fad-4861-44ec-8fd6-efda4b1f61fd","local_time":"20210207002339","is_ascension_mode":true,"campfire_choices":[{"data":"Hidden Blade","floor":6.0,"key":"SMITH"},{"data":"Sucker Punch","floor":15.0,"key":"SMITH"},{"data":"Well Laid Plans","floor":27,"key":"SMITH"},{"data":"Neutralize","floor":29,"key":"SMITH"},{"data":"Accuracy","floor":32,"key":"SMITH"},{"data":"ReplayTheSpireMod:Scrap Shanks","floor":40,"key":"SMITH"},{"floor":49,"key":"REST"}],"circlet_count":0,"master_deck":["AscendersBane","Strike_G","Strike_G","Strike_G","Defend_G","Defend_G","Defend_G+1","Defend_G","Survivor","Neutralize+1","Predator+1","Hidden Blade+1","Dagger Throw","Sucker Punch+1","Quick Slash","Acrobatics","Adrenaline","CurseOfTheBell","Blade Dance+1","Expertise+1","Well Laid Plans+1","Fluid Movement","ReplayTheSpireMod:Tripwire","Quick Slash+1","Accuracy+1","Malaise","ReplayTheSpireMod:Scrap Shanks+1","Unload+1","Outmaneuver+1","Blade Dance+1","Distraction","Blade Dance+1","Blade Dance+1","Atom Bomb+1","Escape Plan","Terror","Underhanded Strike+1"],"relics":["bronze:MakeshiftBattery","CeramicFish","TungstenRod","Bottled Flame","Replay:Towering Pillar of Hats","Replay:Grab Bag","ReplayTheSpireMod:Onyx Gauntlets","ChewingGum","Calling Bell","Strawberry","Molten Egg 2","Tough Bandages","Red Mask","Replay:Bottled Eggs","Calipers","Replay:Baseball","Replay:Rubber Ducky","Honey Jar","Tingsha","Replay:Multitool","Divine Protection","Pondfish Scales","FossilizedHelix"],"acts_visited":["Exordium","TheCity","TheBeyond"],"potions_floor_usage":[16,18,19,22,23,31],"damage_taken":[{"damage":8.0,"enemies":"Cultist","floor":1.0,"turns":6.0},{"damage":0.0,"enemies":"2 Louse","floor":3.0,"turns":3.0},{"damage":20.0,"enemies":"3 Sentries","floor":8.0,"turns":9.0},{"damage":6.0,"enemies":"Small Slimes","floor":11.0,"turns":3.0},{"damage":2.0,"enemies":"Looter","floor":12.0,"turns":2.0},{"damage":0.0,"enemies":"2 Fungi Beasts","floor":13.0,"turns":3.0},{"damage":10,"enemies":"Hexaghost","floor":16,"turns":11},{"damage":10,"enemies":"2 Thieves","floor":18,"turns":3},{"damage":14,"enemies":"Masked Bandits","floor":19,"turns":5},{"damage":0,"enemies":"Chosen","floor":21,"turns":3},{"damage":0,"enemies":"Centurion and Healer","floor":22,"turns":2},{"damage":12,"enemies":"Gremlin Leader","floor":23,"turns":10},{"damage":0,"enemies":"Snecko","floor":25,"turns":4},{"damage":16,"enemies":"Slavers","floor":31,"turns":5},{"damage":29,"enemies":"Champ","floor":33,"turns":13},{"damage":2,"enemies":"3 Shapes","floor":35,"turns":3},{"damage":0,"enemies":"3 Darklings","floor":36,"turns":4},{"damage":0,"enemies":"Jaw Worm Horde","floor":37,"turns":3},{"damage":13,"enemies":"Giant Head","floor":41,"turns":8},{"damage":0,"enemies":"Spire Growth","floor":44,"turns":2},{"damage":0,"enemies":"Maw","floor":45,"turns":5},{"damage":0,"enemies":"Reptomancer","floor":47,"turns":4},{"damage":19,"enemies":"Replay:Hell Engine","floor":50,"turns":6}],"seed_played":"9069687749966192366","potions_obtained":[{"floor":1.0,"key":"DuplicationPotion"},{"floor":8.0,"key":"SpeedPotion"},{"floor":11.0,"key":"Venom Potion"},{"floor":18,"key":"Ancient Potion"},{"floor":19,"key":"GamblersBrew"},{"floor":22,"key":"Regen Potion"},{"floor":25,"key":"FearPotion"},{"floor":41,"key":"AttackPotion"}],"is_trial":false,"path_per_floor":["M","?","M","?","?","R","T","E","T","?","M","M","M","$","R","B",null,"M","?","?","M","M","E","?","M","T","R","?","R","?","E","R","B",null,"M","M","M","$","?","R","E","R","T","M","M","?","E","T","R","B",null],"character_chosen":"THE_SILENT","items_purchased":["Replay:Towering Pillar of Hats","Tingsha","Blade Dance"],"campfire_rested":1,"item_purchase_floors":[14,38,38],"current_hp_per_floor":[55,55,55,55,60,60,60,40,40,40,34,32,32,32,32,22,69,59,45,45,45,45,48,48,48,48,48,48,48,48,32,32,3,62,60,60,60,60,60,60,47,47,47,47,47,47,47,47,71,52],"gold":221,"neow_bonus":"BOSS_RELIC","is_daily":false,"chose_seed":false,"campfire_upgraded":6,"win_rate":0.0,"timestamp":1612679019,"path_taken":["M","?","M","?","?","R","?","E","T","?","M","M","M","$","R","BOSS","M","?","?","?","M","E","?","M","T","R","?","R","?","E","R","BOSS","M","M","M","$","?","R","E","R","T","M","?","?","E","?","R","BOSS"],"items_purchased_type":["Relic","Relic","Card"],"build_version":"2020-12-22","purchased_purges":1,"victory":true,"max_hp_per_floor":[70,70,70,70,75,75,75,75,75,75,75,75,75,75,75,75,82,82,82,82,82,82,82,82,82,82,82,82,82,82,82,82,82,82,82,82,82,82,82,82,82,82,82,82,82,82,82,82,82,82],"relic_stats":{"Tough Bandages":[279],"counters":[23,117],"CeramicFish":225,"Tingsha":[96],"obtain_stats":[{"Divine Protection":43,"Calipers":26,"Replay:Towering Pillar of Hats":14,"CeramicFish":7,"Replay:Grab Bag":17,"Tingsha":38,"Replay:Multitool":41,"Replay:Rubber Ducky":31,"Calling Bell":17,"Bottled Flame":9,"Tough Bandages":17,"Replay:Baseball":30,"Pondfish Scales":47,"Strawberry":17,"Honey Jar":34,"ChewingGum":17,"Molten Egg 2":17,"Red Mask":19,"ReplayTheSpireMod:Onyx Gauntlets":17,"Replay:Bottled Eggs":23,"bronze:MakeshiftBattery":0,"TungstenRod":8,"FossilizedHelix":48,"Ring of the Snake":0},{"Divine Protection":19,"Calipers":13,"Replay:Towering Pillar of Hats":6,"CeramicFish":2,"Replay:Grab Bag":7,"Tingsha":18,"Replay:Multitool":19,"Replay:Rubber Ducky":14,"Calling Bell":7,"Bottled Flame":3,"Tough Bandages":7,"Replay:Baseball":13,"Pondfish Scales":22,"Strawberry":7,"Honey Jar":15,"ChewingGum":7,"Molten Egg 2":7,"Red Mask":9,"ReplayTheSpireMod:Onyx Gauntlets":7,"Replay:Bottled Eggs":12,"bronze:MakeshiftBattery":0,"TungstenRod":3,"FossilizedHelix":22,"Ring of the Snake":0},{"Divine Protection":100,"Calipers":64,"Replay:Towering Pillar of Hats":26,"CeramicFish":9,"Replay:Grab Bag":37,"Tingsha":92,"Replay:Multitool":100,"Replay:Rubber Ducky":69,"Calling Bell":37,"Bottled Flame":18,"Tough Bandages":37,"Replay:Baseball":64,"Pondfish Scales":111,"Strawberry":37,"Honey Jar":82,"ChewingGum":37,"Molten Egg 2":37,"Red Mask":45,"ReplayTheSpireMod:Onyx Gauntlets":37,"Replay:Bottled Eggs":60,"bronze:MakeshiftBattery":0,"TungstenRod":18,"FossilizedHelix":111,"Ring of the Snake":0}],"TungstenRod":22},"card_choices":[{"not_picked":["Catalyst","Well Laid Plans"],"picked":"Predator","floor":1.0},{"not_picked":["Acrobatics","Slice"],"picked":"Hidden Blade","floor":3.0},{"not_picked":["Acrobatics","Backflip"],"picked":"Dagger Throw","floor":8.0},{"not_picked":["Cloak And Dagger","Predator"],"picked":"Sucker Punch","floor":11.0},{"not_picked":["Crippling Poison","Slice"],"picked":"Quick Slash","floor":12.0},{"not_picked":["ReplayTheSpireMod:Shiv Toss","Underhanded Strike"],"picked":"Acrobatics","floor":13.0},{"not_picked":["Unload","Phantasmal Killer"],"picked":"Adrenaline","floor":16},{"not_picked":["Outmaneuver+1","Escape Plan"],"picked":"Blade Dance","floor":18},{"not_picked":["Bane+1","Riddle With Holes+1"],"picked":"Expertise","floor":19},{"not_picked":["ReplayTheSpireMod:Speed Training","Backflip"],"picked":"Well Laid Plans","floor":21},{"not_picked":["Dagger Throw+1","Storm of Steel"],"picked":"Fluid Movement","floor":22},{"not_picked":["ReplayTheSpireMod:Tripwire","Backflip","Noxious Fumes"],"picked":"SKIP","floor":23},{"not_picked":["Backflip","Noxious Fumes"],"picked":"ReplayTheSpireMod:Tripwire","floor":23},{"not_picked":["PiercingWail","Dagger Spray+1"],"picked":"Quick Slash+1","floor":25},{"not_picked":["PiercingWail","All Out Attack+1"],"picked":"Accuracy","floor":31},{"not_picked":["Grand Finale+1","Doppelganger"],"picked":"Malaise","floor":33},{"not_picked":["Sucker Punch+1","Deadly Poison","Dagger Spray+1"],"picked":"ReplayTheSpireMod:Scrap Shanks","floor":35},{"not_picked":["Quick Slash+1","Prepared","Backflip"],"picked":"Unload+1","floor":36},{"not_picked":["Hidden Blade","Deadly Poison","Dagger Spray+1"],"picked":"Outmaneuver+1","floor":37},{"not_picked":["ReplayTheSpireMod:Speed Training","Flying Knee+1","Prepared"],"picked":"Blade Dance","floor":41},{"not_picked":["Bane+1","Prepared+1","Deflect"],"picked":"Escape Plan","floor":44},{"not_picked":["Underhanded Strike+1","Prepared+1","Distraction+1"],"picked":"Terror","floor":45},{"not_picked":["Quick Slash+1","Dash+1","Eviscerate+1"],"picked":"Underhanded Strike+1","floor":47}],"player_experience":513263,"relics_obtained":[{"floor":7.0,"key":"CeramicFish"},{"floor":8.0,"key":"TungstenRod"},{"floor":9.0,"key":"Bottled Flame"},{"floor":17,"key":"Strawberry"},{"floor":17,"key":"Molten Egg 2"},{"floor":17,"key":"Tough Bandages"},{"floor":19,"key":"Red Mask"},{"floor":23,"key":"Replay:Bottled Eggs"},{"floor":26,"key":"Calipers"},{"floor":31,"key":"Replay:Rubber Ducky"},{"floor":41,"key":"Replay:Multitool"},{"floor":43,"key":"Divine Protection"},{"floor":47,"key":"Pondfish Scales"},{"floor":48,"key":"FossilizedHelix"}],"event_choices":[{"damage_healed":0.0,"max_hp_gain":0.0,"max_hp_loss":0.0,"gold_gain":175.0,"event_name":"betterThird:BetterSerpent","player_choice":"AGREE","floor":4.0,"gold_loss":0.0,"damage_taken":126.0},{"damage_healed":0.0,"max_hp_gain":5.0,"max_hp_loss":0.0,"gold_gain":0.0,"event_name":"Big Fish","player_choice":"Donut","floor":5.0,"gold_loss":0.0,"damage_taken":0.0},{"damage_healed":0.0,"max_hp_gain":0.0,"max_hp_loss":0.0,"gold_gain":0.0,"event_name":"Living Wall","player_choice":"Grow","floor":10.0,"gold_loss":0.0,"damage_taken":0.0,"cards_upgraded":["Predator"]},{"damage_healed":0,"gold_gain":0,"player_choice":"Fought Bandits","damage_taken":0,"max_hp_gain":0,"max_hp_loss":0,"event_name":"Masked Bandits","floor":19,"gold_loss":0},{"damage_healed":0,"gold_gain":0,"player_choice":"Upgraded","damage_taken":0,"max_hp_gain":0,"max_hp_loss":0,"event_name":"Upgrade Shrine","floor":20,"gold_loss":0,"cards_upgraded":["Expertise"]},{"damage_healed":0,"gold_gain":99,"player_choice":"Steal","damage_taken":0,"max_hp_gain":0,"max_hp_loss":0,"event_name":"betterThird:BetterNest","floor":24,"gold_loss":0},{"cards_removed":["Strike_G"],"damage_healed":0,"gold_gain":0,"player_choice":"Gave Gold","damage_taken":0,"max_hp_gain":0,"max_hp_loss":0,"event_name":"Beggar","floor":28,"gold_loss":75},{"damage_healed":0,"gold_gain":0,"player_choice":"Obtained Relic","damage_taken":0,"relics_obtained":["Replay:Baseball"],"max_hp_gain":0,"max_hp_loss":0,"event_name":"Addict","floor":30,"gold_loss":85},{"damage_healed":0,"gold_gain":0,"player_choice":"2 cards matched","damage_taken":0,"max_hp_gain":0,"max_hp_loss":0,"event_name":"Match and Keep!","floor":39,"gold_loss":0,"cards_obtained":["Distraction","Blade Dance"]},{"damage_healed":0,"gold_gain":0,"player_choice":"2 cards matched","damage_taken":0,"max_hp_gain":0,"max_hp_loss":0,"event_name":"Match and Keep!","floor":39,"gold_loss":0,"cards_obtained":["Distraction","Blade Dance"]},{"cards_removed":["Strike_G"],"damage_healed":0,"gold_gain":0,"player_choice":"Removed Attack","damage_taken":0,"max_hp_gain":0,"max_hp_loss":0,"event_name":"Falling","floor":46,"gold_loss":0}],"is_beta":false,"boss_relics":[{"not_picked":["Replay:Bronze Core","Ectoplasm"],"picked":"Replay:Grab Bag"},{"not_picked":["Coffee Dripper","Busted Crown"],"picked":"ReplayTheSpireMod:Onyx Gauntlets"},{"not_picked":["Abe\u0027s Treasure","Painkiller Herb"],"picked":"ChewingGum"},{"not_picked":["Astrolabe","HoveringKite"],"picked":"Calling Bell"},{"not_picked":["Runic Pyramid","Snecko Scales"],"picked":"Honey Jar"}],"items_purged_floors":[14],"is_endless":false,"potions_floor_spawned":[1,8,11,18,19,22,25,41],"ascension_level":13}}