{"host":"zlqt5v02sur1j944","time":1612686023,"event":{"mods":["BaseMod","Highlight Path","Minty Spire (QoL Compilation)","Relic Stats","StSLib"],"gold_per_floor":[111,111,111,130,130,166,189,233,233,249,267,311,69,83,83,179,179,194,210,230,245,260,291,291,29,82,82,120,35,76,100,100,195,195,214,245,269,144,144,187,187,0,0,0,44,64,80,104,104,104,104,104,104,20,63,63],"floor_reached":57,"language":"ENG","playtime":3609,"items_purged":["Strike_R","Strike_R","Strike_R"],"score":3463,"play_id":"b89c6749-effb-40db-8635-705c6d32052e","local_time":"20210207002023","is_ascension_mode":true,"campfire_choices":[{"data":"Bludgeon","floor":15,"key":"SMITH"},{"data":"Juggernaut","floor":24,"key":"SMITH"},{"data":"Corruption","floor":27,"key":"SMITH"},{"data":"Feel No Pain","floor":32,"key":"SMITH"},{"floor":41,"key":"RECALL"},{"data":"Offering","floor":44,"key":"SMITH"},{"data":"Juggernaut","floor":49,"key":"SMITH"},{"data":"Feel No Pain","floor":53,"key":"SMITH"}],"circlet_count":0,"master_deck":["AscendersBane","Strike_R+1","Defend_R","Defend_R","Defend_R","Defend_R","Bash","Dark Embrace","Havoc","Bludgeon+1","Shrug It Off","Havoc","Corruption+1","Carnage+1","Havoc","Offering+1","Sentinel","Flame Barrier","Juggernaut+1","Metallicize+1","Feel No Pain+1","Brutality","Shrug It Off","Battle Trance","True Grit+1","Exhume","Exhume","Dark Embrace+1","Feel No Pain+1","Shrug It Off","Feel No Pain","Juggernaut+1","Dark Embrace","Seeing Red"],"relics":["Burning Blood","NeowsBlessing","Pocketwatch","Golden Idol","FossilizedHelix","Gremlin Horn","Calipers","Lizard Tail","Potion Belt","SlaversCollar","TungstenRod","Orrery","Bag of Preparation","Happy Flower","Prayer Wheel","Pear","Snecko Eye","StoneCalendar","Letter Opener","Red Mask","Singing Bowl","Whetstone"],"acts_visited":["Exordium","TheCity","TheBeyond","TheEnding"],"potions_floor_usage":[10,23,23,23,28,30,33,45,56,56,56,56],"damage_taken":[{"damage":0,"enemies":"Small Slimes","floor":1,"turns":1},{"damage":0,"enemies":"2 Louse","floor":4,"turns":1},{"damage":0,"enemies":"3 Sentries","floor":6,"turns":2},{"damage":0,"enemies":"Jaw Worm","floor":7,"turns":3},{"damage":20,"enemies":"Lagavulin","floor":8,"turns":5},{"damage":0,"enemies":"Lots of Slimes","floor":10,"turns":4},{"damage":0,"enemies":"2 Fungi Beasts","floor":11,"turns":3},{"damage":0,"enemies":"Gremlin Nob","floor":12,"turns":3},{"damage":0,"enemies":"Large Slime","floor":14,"turns":5},{"damage":14,"enemies":"Slime Boss","floor":16,"turns":9},{"damage":0,"enemies":"Spheric Guardian","floor":18,"turns":1},{"damage":17,"enemies":"2 Thieves","floor":19,"turns":3},{"damage":0,"enemies":"Snecko","floor":20,"turns":3},{"damage":0,"enemies":"Cultist and Chosen","floor":21,"turns":5},{"damage":0,"enemies":"Centurion and Healer","floor":22,"turns":5},{"damage":33,"enemies":"Gremlin Leader","floor":23,"turns":5},{"damage":10,"enemies":"Slavers","floor":28,"turns":3},{"damage":10,"enemies":"Gremlin Leader","floor":30,"turns":4},{"damage":0,"enemies":"3 Cultists","floor":31,"turns":3},{"damage":0,"enemies":"Collector","floor":33,"turns":8},{"damage":0,"enemies":"Orb Walker","floor":35,"turns":2},{"damage":0,"enemies":"Mind Bloom Boss Battle","floor":36,"turns":1},{"damage":0,"enemies":"3 Darklings","floor":37,"turns":2},{"damage":0,"enemies":"Giant Head","floor":40,"turns":2},{"damage":0,"enemies":"Reptomancer","floor":45,"turns":2},{"damage":0,"enemies":"Sphere and 2 Shapes","floor":46,"turns":2},{"damage":0,"enemies":"Spire Growth","floor":47,"turns":2},{"damage":0,"enemies":"4 Shapes","floor":48,"turns":2},{"damage":0,"enemies":"Time Eater","floor":50,"turns":4},{"damage":5,"enemies":"Awakened One","floor":51,"turns":4},{"damage":0,"enemies":"Shield and Spear","floor":55,"turns":2},{"damage":7,"enemies":"The Heart","floor":56,"turns":6}],"seed_played":"-3828768536112999717","potions_obtained":[{"floor":1,"key":"Dexterity Potion"},{"floor":6,"key":"EntropicBrew"},{"floor":8,"key":"Energy Potion"},{"floor":16,"key":"GamblersBrew"},{"floor":22,"key":"SpeedPotion"},{"floor":23,"key":"Ancient Potion"},{"floor":28,"key":"Block Potion"},{"floor":30,"key":"BloodPotion"},{"floor":33,"key":"ColorlessPotion"},{"floor":35,"key":"HeartOfIron"},{"floor":45,"key":"DistilledChaos"},{"floor":48,"key":"PowerPotion"}],"is_trial":false,"path_per_floor":["M","?","?","M","?","E","M","E","T","M","M","E","$","M","R","B",null,"M","M","M","M","M","E","R","$","T","R","E","?","E","M","R","B",null,"M","?","M","$","?","E","R","?","T","R","E","M","M","M","R","B","B",null,"R","$","E","B",null],"character_chosen":"IRONCLAD","items_purchased":["Potion Belt","Orrery","Dark Embrace"],"campfire_rested":0,"item_purchase_floors":[13,25,54],"current_hp_per_floor":[74,56,56,62,55,61,67,53,53,59,65,68,68,68,68,60,66,68,57,63,68,68,41,41,41,41,41,37,37,43,49,49,55,72,78,78,78,78,74,74,74,74,74,74,76,78,82,84,84,84,84,84,84,84,84,83],"gold":63,"neow_bonus":"THREE_ENEMY_KILL","is_daily":false,"chose_seed":false,"campfire_upgraded":7,"win_rate":0.0,"timestamp":1612686023,"path_taken":["M","?","?","M","?","E","?","E","T","?","M","E","$","?","R","BOSS","M","M","M","M","M","E","R","$","T","R","E","?","E","M","R","BOSS","M","?","M","$","?","E","R","?","T","R","E","M","M","M","R","BOSS","BOSS","R","$","E","BOSS"],"items_purchased_type":["Relic","Relic","Card"],"build_version":"2020-12-22","purchased_purges":3,"victory":true,"max_hp_per_floor":[75,75,68,68,68,68,68,68,68,68,68,68,68,68,68,68,68,68,68,68,68,68,68,68,68,68,68,68,68,78,78,78,78,78,78,78,78,78,74,74,74,74,74,74,76,78,82,84,84,84,84,84,84,84,84,84],"relic_stats":{"Gremlin Horn":[28,38],"Happy Flower":[15],"Singing Bowl":10,"counters":[32,107],"Golden Idol":236,"StoneCalendar":[0],"Bag of Preparation":[32],"Letter Opener":[257],"Whetstone":["Carnage","Strike_R"],"Burning Blood":117,"Lizard Tail":0,"Snecko Eye":[124,110,109,115],"Prayer Wheel":6,"obtain_stats":[{"Potion Belt":13,"Calipers":9,"Pear":30,"NeowsBlessing":0,"Gremlin Horn":8,"Happy Flower":28,"Singing Bowl":45,"Golden Idol":3,"StoneCalendar":36,"Bag of Preparation":26,"Letter Opener":40,"Whetstone":55,"Burning Blood":0,"SlaversCollar":17,"Lizard Tail":12,"Orrery":25,"Snecko Eye":34,"Prayer Wheel":29,"Red Mask":42,"FossilizedHelix":6,"TungstenRod":23,"Pocketwatch":2},{"Potion Belt":8,"Calipers":5,"Pear":18,"NeowsBlessing":0,"Gremlin Horn":5,"Happy Flower":17,"Singing Bowl":25,"Golden Idol":1,"StoneCalendar":22,"Bag of Preparation":16,"Letter Opener":24,"Whetstone":31,"Burning Blood":0,"SlaversCollar":10,"Lizard Tail":8,"Orrery":16,"Snecko Eye":20,"Prayer Wheel":17,"Red Mask":24,"FossilizedHelix":3,"TungstenRod":16,"Pocketwatch":1},{"Potion Belt":22,"Calipers":12,"Pear":65,"NeowsBlessing":0,"Gremlin Horn":12,"Happy Flower":61,"Singing Bowl":85,"Golden Idol":1,"StoneCalendar":79,"Bag of Preparation":58,"Letter Opener":83,"Whetstone":101,"Burning Blood":0,"SlaversCollar":36,"Lizard Tail":22,"Orrery":58,"Snecko Eye":76,"Prayer Wheel":61,"Red Mask":83,"FossilizedHelix":4,"TungstenRod":58,"Pocketwatch":1}],"TungstenRod":23,"Pocketwatch":[90]},"card_choices":[{"not_picked":["Shockwave","Perfected Strike"],"picked":"Dark Embrace","floor":1},{"not_picked":["Body Slam","Pommel Strike"],"picked":"Havoc","floor":4},{"not_picked":["Armaments","Flex"],"picked":"Bludgeon","floor":6},{"not_picked":["Headbutt","Cleave"],"picked":"Shrug It Off","floor":7},{"not_picked":["Sword Boomerang","Headbutt"],"picked":"Havoc","floor":8},{"not_picked":["Shrug It Off","Twin Strike"],"picked":"Corruption","floor":10},{"not_picked":["Wild Strike","Thunderclap"],"picked":"Carnage","floor":11},{"not_picked":["Rage","Sword Boomerang","Heavy Blade"],"picked":"SKIP","floor":12},{"not_picked":["Headbutt","Intimidate"],"picked":"Havoc","floor":14},{"not_picked":["Corruption","Immolate"],"picked":"Offering","floor":16},{"not_picked":["Flex","Heavy Blade+1"],"picked":"Sentinel","floor":18},{"not_picked":["Whirlwind","Rampage"],"picked":"Flame Barrier","floor":19},{"not_picked":["Clothesline","Clash+1","Second Wind"],"picked":"SKIP","floor":20},{"not_picked":["Second Wind","Sword Boomerang"],"picked":"Juggernaut","floor":21},{"not_picked":["Burning Pact","Twin Strike+1","Flex"],"picked":"SKIP","floor":22},{"not_picked":["Flex+1","Hemokinesis"],"picked":"Metallicize+1","floor":23},{"not_picked":["Pommel Strike","Clash"],"picked":"Feel No Pain","floor":25},{"not_picked":["Iron Wave","Armaments"],"picked":"Brutality","floor":25},{"not_picked":["Flame Barrier","Bloodletting"],"picked":"Shrug It Off","floor":25},{"not_picked":["Sentinel","Armaments"],"picked":"Battle Trance","floor":25},{"not_picked":["Demon Form","Inflame"],"picked":"True Grit+1","floor":25},{"not_picked":["Second Wind","Clothesline"],"picked":"Exhume","floor":28},{"not_picked":["Twin Strike+1","Clash","Entrench"],"picked":"SKIP","floor":30},{"not_picked":["Twin Strike","Cleave","Body Slam"],"picked":"SKIP","floor":31},{"not_picked":["Rage","Twin Strike","Headbutt"],"picked":"SKIP","floor":31},{"not_picked":["Corruption","Bludgeon"],"picked":"Exhume","floor":33},{"not_picked":["Body Slam","Power Through"],"picked":"Dark Embrace+1","floor":35},{"not_picked":["Armaments","Havoc"],"picked":"Feel No Pain","floor":35},{"not_picked":["Intimidate","Wild Strike"],"picked":"Shrug It Off","floor":36},{"not_picked":["True Grit","Power Through","Sword Boomerang"],"picked":"SKIP","floor":37},{"not_picked":["Feed","Metallicize+1","Flex"],"picked":"SKIP","floor":37},{"not_picked":["Dropkick","Battle Trance","Headbutt"],"picked":"SKIP","floor":40},{"not_picked":["Cleave","Clash","Sword Boomerang"],"picked":"Singing Bowl","floor":45},{"not_picked":["Body Slam","Inflame","Armaments+1"],"picked":"Singing Bowl","floor":46},{"not_picked":["Havoc+1","Sever Soul"],"picked":"Feel No Pain","floor":46},{"not_picked":["Blood for Blood","Fire Breathing","Heavy Blade+1"],"picked":"Singing Bowl","floor":47},{"not_picked":["Headbutt","Perfected Strike","Thunderclap"],"picked":"Singing Bowl","floor":47},{"not_picked":["Havoc","Anger","Sword Boomerang"],"picked":"Singing Bowl","floor":48},{"not_picked":["Flame Barrier","Sword Boomerang+1"],"picked":"Juggernaut","floor":48},{"not_picked":["Corruption","Cleave"],"picked":"Seeing Red","floor":55}],"player_experience":1230405,"relics_obtained":[{"floor":6,"key":"FossilizedHelix"},{"floor":8,"key":"Gremlin Horn"},{"floor":9,"key":"Calipers"},{"floor":12,"key":"Lizard Tail"},{"floor":23,"key":"TungstenRod"},{"floor":26,"key":"Bag of Preparation"},{"floor":28,"key":"Happy Flower"},{"floor":30,"key":"Pear"},{"floor":36,"key":"StoneCalendar"},{"floor":40,"key":"Letter Opener"},{"floor":45,"key":"Singing Bowl"},{"floor":55,"key":"Whetstone"}],"event_choices":[{"damage_healed":0,"gold_gain":0,"player_choice":"Success","damage_taken":18,"relics_obtained":["Pocketwatch"],"max_hp_gain":0,"max_hp_loss":0,"event_name":"Scrap Ooze","floor":2,"gold_loss":0},{"damage_healed":0,"gold_gain":0,"player_choice":"Lose Max HP","damage_taken":0,"relics_obtained":["Golden Idol"],"max_hp_gain":0,"max_hp_loss":7,"event_name":"Golden Idol","floor":3,"gold_loss":0},{"cards_removed":["Strike_R"],"damage_healed":0,"gold_gain":0,"player_choice":"Card Removal","damage_taken":7,"max_hp_gain":0,"max_hp_loss":0,"event_name":"Golden Wing","floor":5,"gold_loss":0},{"damage_healed":0,"gold_gain":0,"player_choice":"Obtained Relic","damage_taken":0,"relics_obtained":["Prayer Wheel"],"max_hp_gain":0,"max_hp_loss":0,"event_name":"Addict","floor":29,"gold_loss":85},{"damage_healed":0,"gold_gain":0,"player_choice":"Fight","damage_taken":0,"max_hp_gain":0,"max_hp_loss":0,"event_name":"MindBloom","floor":36,"gold_loss":0},{"damage_healed":0,"gold_gain":0,"player_choice":"Max HP","damage_taken":0,"max_hp_gain":0,"max_hp_loss":4,"event_name":"Winding Halls","floor":39,"gold_loss":0},{"damage_healed":0,"gold_gain":0,"player_choice":"Paid","damage_taken":0,"relics_obtained":["Red Mask"],"max_hp_gain":0,"max_hp_loss":0,"event_name":"Tomb of Lord Red Mask","floor":42,"gold_loss":187}],"is_beta":false,"boss_relics":[{"not_picked":["Tiny House","Velvet Choker"],"picked":"SlaversCollar"},{"not_picked":["Mark of Pain","Runic Cube"],"picked":"Snecko Eye"}],"items_purged_floors":[13,25,38],"is_endless":false,"potions_floor_spawned":[1,6,7,8,16,22,23,28,30,33,35,36,45,48],"ascension_level":20}}