{"host":"9slw7l0ws16384qq","time":1612728331,"event":{"mods":["A Penny For Your Troubles","BaseMod","Colored Map","Downfall","Evolution","Hubris","Minty Spire (QoL Compilation)","Replay The Spire","StS++","StSLib"],"gold_per_floor":[99,99,99,99,24,41,41,41,41,74,74,174,174,190,201,299,299,299,312,312,323,62,74,74,84,84,84,69,69,69,88,107,205,205,5,21,147,147,160,176,176,176,209,309,106,137,37,49,65,66,66,97,97,97,97,97],"floor_reached":57,"language":"FRA","playtime":2576,"items_purged":["hexamod:Strike","hexamod:Strike","Shame"],"score":1678,"play_id":"6d43c15c-c5ab-413d-876f-5848cd990f9d","local_time":"20210207210531","is_ascension_mode":true,"campfire_choices":[{"data":"hexamod:ThermalTransfer","floor":1,"key":"SMITH"},{"data":"hexamod:GhostLash","floor":8,"key":"SMITH"},{"data":"hexamod:Sear","floor":13,"key":"SMITH"},{"floor":18,"key":"DIG"},{"data":"hexamod:RainOfEmbers","floor":26,"key":"SMITH"},{"floor":30,"key":"RECALL"},{"data":"hexamod:Defend","floor":35,"key":"SMITH"},{"data":"hexamod:Strike","floor":42,"key":"SMITH"},{"data":"hexamod:RainOfEmbers","floor":47,"key":"SMITH"},{"floor":54,"key":"REST"}],"circlet_count":0,"master_deck":["hexamod:ThermalTransfer+1","hexamod:Strike+1","hexamod:Defend+1","hexamod:Defend","hexamod:Defend","hexamod:Sear+1","hexamod:Float","hexamod:FlamesFromBeyond+1","hexamod:GhostLash+1","CommonCold","hexamod:GhostLash+1","hexamod:RainOfEmbers+1","hexamod:RainOfEmbers+1","Clumsy","hexamod:RainOfEmbers+1"],"relics":["hexamod:SpiritBrand","EVO:Axolotl","downfall:HeartsMalice","Snack Pack","Mango","Ring of Misfortune","Ring of Fangs","hubris:Backtick","StSpp:XCola","Potion Belt","Medical Kit","StSpp:BrokenTotem","hexamod:IceCube","downfall:HeartBlessingRed","downfall:HeartBlessingBlue","Chemical X","hexamod:CandleOfCauterizing","Juzu Bracelet","downfall:ExtraCursedKey","Molten Egg 2","downfall:HeartBlessingGreen","Centennial Puzzle"],"acts_visited":["Exordium","TheCity","TheBeyond","TheEnding"],"potions_floor_usage":[55,55,56,56,56],"damage_taken":[{"damage":0,"enemies":"Cultist","floor":2,"turns":1},{"damage":0,"enemies":"Jaw Worm","floor":4,"turns":1},{"damage":0,"enemies":"downfall:FleeingMerchant","floor":5,"turns":1},{"damage":0,"enemies":"2 Louse","floor":6,"turns":2},{"damage":5,"enemies":"3 Sentries","floor":10,"turns":6},{"damage":1,"enemies":"Large Slime","floor":14,"turns":7},{"damage":0,"enemies":"Gremlin Gang","floor":15,"turns":3},{"damage":46,"enemies":"IC_STATUS_ARCHETYPE","floor":16,"turns":11},{"damage":1,"enemies":"3 Byrds","floor":19,"turns":4},{"damage":11,"enemies":"Spheric Guardian","floor":21,"turns":5},{"damage":0,"enemies":"downfall:FleeingMerchant","floor":22,"turns":4},{"damage":5,"enemies":"Centurion and Healer","floor":23,"turns":4},{"damage":0,"enemies":"3 Cultists","floor":25,"turns":3},{"damage":2,"enemies":"downfall:FleeingMerchant","floor":28,"turns":4},{"damage":8,"enemies":"Snake Plant","floor":31,"turns":3},{"damage":0,"enemies":"Cultist and Chosen","floor":32,"turns":3},{"damage":8,"enemies":"SI_MIRROR_ARCHETYPE","floor":33,"turns":8},{"damage":0,"enemies":"3 Darklings","floor":36,"turns":4},{"damage":0,"enemies":"downfall:FleeingMerchant","floor":37,"turns":4},{"damage":0,"enemies":"3 Shapes","floor":39,"turns":2},{"damage":0,"enemies":"Transient","floor":40,"turns":5},{"damage":12,"enemies":"R_Hoarder","floor":43,"turns":4},{"damage":0,"enemies":"Giant Head","floor":46,"turns":4},{"damage":0,"enemies":"3 Darklings","floor":48,"turns":2},{"damage":0,"enemies":"Spire Growth","floor":49,"turns":2},{"damage":23,"enemies":"DF_ARCHETYPE_ORBS","floor":50,"turns":4},{"damage":38,"enemies":"downfall:CharBossMerchant","floor":52,"turns":5},{"damage":6,"enemies":"downfall:NeowBoss","floor":55,"turns":11},{"damage":0,"enemies":"downfall:NeowBossFinal","floor":56,"turns":7}],"seed_played":"-2204074025887754657","potions_obtained":[{"floor":6,"key":"Reflective Coating"},{"floor":10,"key":"Slimebound:ThreeZeroPotion"},{"floor":14,"key":"Explosive Potion"},{"floor":15,"key":"champ:CounterPotion"},{"floor":31,"key":"PowerPotion"},{"floor":32,"key":"Dexterity Potion"},{"floor":33,"key":"Toxic Potion"}],"is_trial":false,"path_per_floor":["R","M","?","M","$","M","T","R","?","E","?","?","R","M","M","B",null,"R_BF","M","?","M","$","M","T","M","R","?","$","T","R","M","M","B",null,"R","M","$","?","M","M","T","R","E","?","$","E","R","M","M","B",null,"E","$","R","B","B",null],"character_chosen":"THE_SPIRIT","items_purchased":["Medical Kit","hexamod:RainOfEmbers+1","Chemical X","hexamod:RainOfEmbers"],"campfire_rested":1,"item_purchase_floors":[22,37,37,45],"current_hp_per_floor":[63,63,63,63,63,63,63,63,63,72,72,72,72,73,73,27,70,70,69,69,60,64,61,61,61,61,61,63,63,63,57,59,53,76,86,90,94,94,94,94,94,94,82,87,87,93,93,95,95,76,93,57,57,86,88,88],"gold":97,"neow_bonus":"THREE_ENEMY_KILL","is_daily":false,"chose_seed":false,"campfire_upgraded":7,"win_rate":0.0,"timestamp":1612728331,"path_taken":["R","M","?","?","$","M","T","R","?","E","?","?","R","M","M","BOSS","R_BF","M","?","?","$","M","T","M","R","?","?","?","R","M","M","BOSS","R","M","$","?","M","M","T","R","E","?","$","E","R","M","M","BOSS","E","$","R","BOSS","BOSS"],"items_purchased_type":["Relic","Card","Relic","Card"],"build_version":"2020-12-22","purchased_purges":3,"victory":true,"max_hp_per_floor":[70,70,70,70,70,70,70,70,70,84,84,84,84,84,84,84,84,84,84,84,84,84,84,84,84,84,84,84,84,84,84,84,84,84,94,94,94,94,94,94,94,94,94,99,99,99,99,99,99,99,99,99,99,99,99,99],"card_choices":[{"not_picked":["hexamod:SpectersWail","hexamod:NightmareGuise"],"picked":"hexamod:FlamesFromBeyond","floor":2},{"not_picked":["hexamod:TimeOfNeed","hexamod:Firestarter"],"picked":"hexamod:GhostLash","floor":4},{"not_picked":["hexamod:PowerFromBeyond","hexamod:HauntingEcho","hexamod:ThirdSeal"],"picked":"SKIP","floor":5},{"not_picked":["hexamod:FastForward","hexamod:HauntingEcho","hexamod:SpectersWail"],"picked":"SKIP","floor":6},{"not_picked":["hexamod:TimeWarp","hexamod:ParanormalForm","hexamod:SecondSeal"],"picked":"SKIP","floor":10},{"not_picked":["hexamod:RecurringNightmare","hexamod:EtherealExpedition","hexamod:GhostOfSpireFuture"],"picked":"SKIP","floor":14},{"not_picked":["hexamod:ExtraCrispy","hexamod:SwordOfDarkness","hexamod:HeatCrush"],"picked":"SKIP","floor":15},{"not_picked":["hexamod:NightmareGuise","hexamod:Incineration","hexamod:ChargedBarrage"],"picked":"SKIP","floor":19},{"not_picked":["hexamod:Firestarter","hexamod:SuperheatedStrike","hexamod:GhostLash"],"picked":"SKIP","floor":21},{"not_picked":["hexamod:GhostShield","hexamod:EtherealExpedition+1","hexamod:PhantomFireball"],"picked":"SKIP","floor":22},{"not_picked":["hexamod:HauntingEcho","hexamod:Haunt+1"],"picked":"hexamod:RainOfEmbers","floor":23},{"not_picked":["hexamod:ChargedBarrage","hexamod:FirstSeal","hexamod:NightmareGuise+1"],"picked":"SKIP","floor":25},{"not_picked":["hexamod:HeatCrush+1","hexamod:GhostShield","hexamod:GhostLash+1"],"picked":"SKIP","floor":28},{"not_picked":["hexamod:HeatMetal","hexamod:HauntingEcho+1","hexamod:GhostShield"],"picked":"SKIP","floor":31},{"not_picked":["hexamod:BacktrackSmack","hexamod:Incineration","hexamod:ThermalTransfer"],"picked":"SKIP","floor":32},{"not_picked":["hexamod:NightmareGuise+1","hexamod:NecessarySacrifice+1","hexamod:StepThrough+1"],"picked":"SKIP","floor":36},{"not_picked":["hexamod:NightmareStrike+1","hexamod:FastForward+1","hexamod:HeatMetal+1"],"picked":"SKIP","floor":37},{"not_picked":["hexamod:SpectralSpark+1","hexamod:SpectersWail","hexamod:NightmareStrike"],"picked":"SKIP","floor":39},{"not_picked":["hexamod:Hexaguard","hexamod:HeatMetal+1","hexamod:DynamicBlow"],"picked":"SKIP","floor":40},{"not_picked":["hexamod:SwordOfDarkness","hexamod:FastForward","hexamod:ThirdSeal"],"picked":"SKIP","floor":43},{"not_picked":["hexamod:VolcanoVisage","hexamod:PhantomCloak","hexamod:StepThrough+1"],"picked":"SKIP","floor":46},{"not_picked":["hexamod:PhantomFireball+1","hexamod:BacktrackSmack+1","hexamod:HeatMetal+1"],"picked":"SKIP","floor":48},{"not_picked":["hexamod:InspiringFlames","hexamod:GhostShield+1","hexamod:AdvancingGuard+1"],"picked":"SKIP","floor":49},{"not_picked":["hexamod:HexaLevel","hexamod:ChargedBarrage","hexamod:BurningTouch"],"picked":"SKIP","floor":52}],"player_experience":1665804,"relics_obtained":[{"floor":7,"key":"Snack Pack"},{"floor":10,"key":"Mango"},{"floor":11,"key":"Ring of Misfortune"},{"floor":11,"key":"Ring of Fangs"},{"floor":18,"key":"Potion Belt"},{"floor":24,"key":"StSpp:BrokenTotem"},{"floor":41,"key":"hexamod:CandleOfCauterizing"},{"floor":43,"key":"Juzu Bracelet"},{"floor":46,"key":"Molten Egg 2"},{"floor":52,"key":"Centennial Puzzle"}],"event_choices":[{"cards_removed":["hexamod:Defend"],"damage_healed":0,"gold_gain":0,"player_choice":"Offered Basic","damage_taken":0,"max_hp_gain":0,"max_hp_loss":0,"event_name":"Bonfire Elementals","floor":3,"gold_loss":0}],"is_beta":false,"boss_relics":[{"not_picked":["Replay:Grab Bag","Empty Cage"],"picked":"hubris:Backtick"},{"not_picked":["hexamod:UnbrokenSoul","hubris:CrackedHourglass"],"picked":"hexamod:IceCube"}],"items_purged_floors":[5,22,45],"is_endless":false,"potions_floor_spawned":[6,10,14,15,31,32,33,39,48],"ascension_level":6}}