{"host":"Ringo","time":1612703930,"event":{"mods":["BaseMod","Colored Map","Conspire","Dota2Spire","Hubris","Minty Spire (QoL Compilation)","Replay The Spire","StSLib","The Construct","[IsaacMod]ÒÔÈö¼âËþ","¡¾ÒÅÎï¿¨ÅÆ¡¿REMEMod"],"gold_per_floor":[112,128,147,165,177,204,235,569,594,658,675,690,690,721,721,800,800,877,480,480,493,519,550,550,584,584,614,12,12,43,70,70,142,142,350,179,192,223,317,399,430,491,491,491,555,271,327,5,5,5,5],"floor_reached":52,"language":"ZHS","playtime":1809,"items_purged":["Scrawl"],"score":3576,"play_id":"004cfbac-84f4-4299-9b71-d94adfa292a5","local_time":"20210207211850","daily_mods":["SealedDeck","Vintage","Diverse","Heirloom","Time Dilation","Flight","DeadlyEvents","Elite Swarm","Lethality","Binary"],"is_ascension_mode":true,"campfire_choices":[{"data":"Glacier","floor":13,"key":"SMITH"},{"data":"Beam Cell","floor":15,"key":"SMITH"},{"data":"Mirror Shield","floor":24,"key":"SMITH"},{"data":"ReplayTheSpireMod:Private Reserves","floor":29,"key":"SMITH"},{"data":"Echo Form","floor":32,"key":"SMITH"},{"data":"Armaments","floor":44,"key":"SMITH"},{"data":"Scrawl","floor":49,"key":"SMITH"}],"circlet_count":0,"master_deck":["AscendersBane","Beam Cell+1","Scrape","REME_Cut","Sword Boomerang","Acrobatics","Prepared","Cleave","Underhanded Strike","Rage","CrushJoints","Glacier+1","Conserve Battery","Die Die Die","Demonic Infusion","Spot Weakness","ReplayTheSpireMod:Private Reserves+1","REME_Flogging","Mirror Shield+1","Amplify","All For One","Trip","construct:BatteryCore","Echo Form+1","Fission","Burst","Scrawl+1","Armaments+1","Deflect"],"relics":["Burning Blood","Busted Crown","HushsDoor","REME_ComplimentaryCards","replay:Trail_Library","D6","Chaos","hubris:GlazedTorus","SacredBark","Ninja Scroll","Replay:Accelerometer","Blue Candle","Eternal Feather","Old Coin","Omamori","Replay:Frozen Program","Honey Jar","Bag of Preparation","Replay:Kaleidoscope","hubris:MysteriousPyramids","Runic Capacitor","ReplayTheSpireMod:Shallot","Byrd Skull","REME_CardOfGreed","Dota2Spire:ShadowBlade","Replay:Bottled Steam","Gambling Chip","Dota2Spire:EyeOfSkadi","BloodDonationBag","Ornamental Fan","UnicornStump","YumHeart","Mango","Pen Nib","Sling","TuHaoJin","Dota2Spire:OrchidMalevolence","MoneyPower","Emotion Chip","Basket Of Snakes","Toolbox","Paper Frog","Dota2Spire:ShivaGuard","Singing Bowl","Quantum Egg"],"acts_visited":["Exordium","TheCity","TheBeyond"],"potions_floor_usage":[14,16,21,21,21,33,51,51,51],"damage_taken":[{"damage":0,"enemies":"Jaw Worm","floor":1,"turns":1},{"damage":0,"enemies":"Cultist","floor":2,"turns":1},{"damage":0,"enemies":"Small Slimes","floor":3,"turns":1},{"damage":0,"enemies":"Looter","floor":4,"turns":1},{"damage":0,"enemies":"Exordium Wildlife","floor":5,"turns":1},{"damage":7,"enemies":"3 Sentries","floor":6,"turns":3},{"damage":0,"enemies":"Replay:BlueRogue","floor":7,"turns":1},{"damage":0,"enemies":"3 Sentries","floor":8,"turns":2},{"damage":0,"enemies":"Replay:BlueRogue","floor":10,"turns":1},{"damage":0,"enemies":"Blue Slaver","floor":11,"turns":1},{"damage":0,"enemies":"Gremlin Gang","floor":12,"turns":2},{"damage":6,"enemies":"3 Sentries","floor":14,"turns":3},{"damage":1,"enemies":"Hexaghost","floor":16,"turns":2},{"damage":1,"enemies":"Shell Parasite","floor":18,"turns":1},{"damage":0,"enemies":"conspire:FuzzyDice","floor":21,"turns":1},{"damage":0,"enemies":"Chosen and Byrds","floor":22,"turns":1},{"damage":0,"enemies":"Gremlin Leader","floor":23,"turns":1},{"damage":0,"enemies":"Slavers","floor":25,"turns":1},{"damage":0,"enemies":"Gremlin Leader","floor":27,"turns":1},{"damage":0,"enemies":"Slavers","floor":30,"turns":1},{"damage":0,"enemies":"conspire:Head Lice","floor":31,"turns":1},{"damage":1,"enemies":"Champ","floor":33,"turns":2},{"damage":0,"enemies":"3 Darklings","floor":35,"turns":1},{"damage":1,"enemies":"3 Shapes","floor":37,"turns":1},{"damage":0,"enemies":"3 Darklings","floor":38,"turns":1},{"damage":0,"enemies":"Sphere and 2 Shapes","floor":39,"turns":1},{"damage":0,"enemies":"R_Hoarder","floor":40,"turns":2},{"damage":0,"enemies":"Reptomancer","floor":41,"turns":1},{"damage":0,"enemies":"R_Hoarder","floor":42,"turns":2},{"damage":0,"enemies":"Nemesis","floor":45,"turns":1},{"damage":0,"enemies":"R_Hoarder","floor":47,"turns":2},{"damage":1,"enemies":"Donu and Deca","floor":50,"turns":2},{"damage":0,"enemies":"Time Eater","floor":51,"turns":2}],"seed_played":"-2072807867203983781","potions_obtained":[{"floor":2,"key":"Venom Potion"},{"floor":3,"key":"Elixir"},{"floor":11,"key":"BlessingOfTheForge"},{"floor":14,"key":"Venom Potion"},{"floor":18,"key":"Toxic Potion"},{"floor":25,"key":"ElixirPotion"},{"floor":30,"key":"Energy Potion"},{"floor":31,"key":"Explosive Potion"},{"floor":33,"key":"EssenceOfSteel"},{"floor":38,"key":"Fire Potion"}],"is_trial":true,"path_per_floor":["M","M","M","M","M","E","E","E","T","E","M","M","R","E","R","B",null,"M","$","?","M","M","E","R","E","T","E","$","R","E","E","R","B",null,"M","$","M","M","M","E","E","E","T","R","E","$","E","$","R","B","B",null],"character_chosen":"IRONCLAD","items_purchased":["Spot Weakness","ReplayTheSpireMod:Private Reserves","REME_Flogging","Dota2Spire:EyeOfSkadi","Ornamental Fan","Trip","Pen Nib","Dota2Spire:ShivaGuard","Deflect","Quantum Egg"],"campfire_rested":0,"item_purchase_floors":[19,19,19,28,28,28,36,46,48,48],"current_hp_per_floor":[74,75,75,75,75,74,75,75,75,75,75,75,75,75,75,75,75,67,67,52,58,64,70,75,75,75,75,61,73,79,80,80,80,80,80,80,85,88,94,88,94,94,94,94,94,94,95,94,96,96,96],"gold":5,"neow_bonus":"","is_daily":false,"chose_seed":false,"campfire_upgraded":7,"win_rate":0.0,"timestamp":1612703930,"path_taken":["M","M","M","M","M","E","E","E","T","E","M","M","R","E","R","BOSS","M","$","?","M","M","E","R","E","T","E","$","R","E","E","R","BOSS","M","$","M","M","M","E","E","E","T","R","E","$","E","$","R","BOSS","BOSS"],"items_purchased_type":["Card","Card","Card","Relic","Relic","Card","Relic","Relic","Card","Relic"],"build_version":"2020-12-18","purchased_purges":1,"victory":true,"max_hp_per_floor":[75,75,75,75,75,75,75,75,75,75,75,75,75,75,75,75,75,75,75,75,75,75,75,75,75,75,75,80,80,80,80,80,80,80,94,94,94,94,94,94,94,94,94,94,94,94,96,96,96,96,96],"card_choices":[{"not_picked":[],"picked":"Die Die Die","floor":14},{"not_picked":[],"picked":"Demonic Infusion","floor":16},{"not_picked":[],"picked":"Mirror Shield","floor":23},{"not_picked":[],"picked":"Amplify","floor":25},{"not_picked":[],"picked":"All For One","floor":27},{"not_picked":[],"picked":"construct:BatteryCore","floor":30},{"not_picked":[],"picked":"Echo Form","floor":31},{"not_picked":[],"picked":"Fission","floor":33},{"not_picked":[],"picked":"Burst","floor":40},{"not_picked":["REME_ShadowForm"],"picked":"SKIP","floor":41},{"not_picked":[],"picked":"Scrawl","floor":42},{"not_picked":[],"picked":"Scrawl","floor":45},{"not_picked":["Envenom"],"picked":"Singing Bowl","floor":47}],"player_experience":646904,"relics_obtained":[{"floor":1,"key":"hubris:GlazedTorus"},{"floor":2,"key":"SacredBark"},{"floor":4,"key":"Ninja Scroll"},{"floor":5,"key":"Replay:Accelerometer"},{"floor":6,"key":"Blue Candle"},{"floor":7,"key":"Eternal Feather"},{"floor":8,"key":"Old Coin"},{"floor":9,"key":"Omamori"},{"floor":10,"key":"Replay:Frozen Program"},{"floor":11,"key":"Honey Jar"},{"floor":12,"key":"Bag of Preparation"},{"floor":14,"key":"Replay:Kaleidoscope"},{"floor":18,"key":"BloodDonationMachine"},{"floor":21,"key":"ReplayTheSpireMod:Shallot"},{"floor":22,"key":"Byrd Skull"},{"floor":23,"key":"REME_CardOfGreed"},{"floor":25,"key":"Dota2Spire:ShadowBlade"},{"floor":26,"key":"Replay:Bottled Steam"},{"floor":27,"key":"Gambling Chip"},{"floor":30,"key":"UnicornStump"},{"floor":35,"key":"Mango"},{"floor":37,"key":"Sling"},{"floor":38,"key":"TuHaoJin"},{"floor":39,"key":"Dota2Spire:OrchidMalevolence"},{"floor":40,"key":"MoneyPower"},{"floor":41,"key":"Emotion Chip"},{"floor":42,"key":"Basket Of Snakes"},{"floor":43,"key":"Toolbox"},{"floor":45,"key":"Paper Frog"},{"floor":47,"key":"Singing Bowl"}],"event_choices":[],"is_beta":true,"boss_relics":[{"not_picked":["Charon\u0027s Ashes","CeramicFish"],"picked":"hubris:MysteriousPyramids"},{"not_picked":[]},{"not_picked":["Abe\u0027s Treasure","Boot"],"picked":"YumHeart"},{"not_picked":[]}],"items_purged_floors":[46],"is_endless":false,"potions_floor_spawned":[2,3,5,7,11,14,18,25,30,31,33,38,39,41,42],"ascension_level":20}}