{"host":"2yqfi47fogfu1ic4","time":1612687318,"event":{"mods":["AchievementEnabler","BaseMod","Colored Map","Colored Powertips","Highlight Path","Minty Spire (QoL Compilation)","Permanent Neow","Relic Stats","StSLib"],"gold_per_floor":[116,132,282,295,295,330,340,356,379,389,277,277,302,377,377,454,454,471,396,396,446,165,165,198,216,216,236,251,526,100,100,100,177,177,188,188,188,242,242,267,65,65,90,90,13,27,27,40,40,40,40,40,40,40,72,72],"floor_reached":57,"language":"DEU","playtime":10670,"items_purged":["Doubt","Regret","Strike_G"],"score":2712,"play_id":"19126982-d8aa-4969-a404-9cb7ce6f2d00","local_time":"20210207094158","is_ascension_mode":true,"campfire_choices":[{"floor":15.0,"key":"REST"},{"data":"Leg Sweep","floor":23,"key":"SMITH"},{"data":"Footwork","floor":32,"key":"SMITH"},{"floor":42,"key":"RECALL"},{"data":"Footwork","floor":49,"key":"SMITH"},{"floor":53,"key":"REST"}],"circlet_count":0,"master_deck":["AscendersBane","Strike_G","Strike_G","Strike_G","Defend_G","Defend_G","Defend_G","Defend_G","Survivor","Neutralize","Underhanded Strike","Acrobatics","Predator","Terror","Calculated Gamble","Predator","Dagger Throw","Leg Sweep+1","Acrobatics","Bullet Time","Footwork+1","PiercingWail","Underhanded Strike","Night Terror","Concentrate","Acrobatics","Night Terror","Blur","Pain","Doubt","Footwork+1","Backflip+1","Writhe","Underhanded Strike","Acrobatics"],"relics":["Snecko Eye","Darkstone Periapt","Bronze Scales","Centennial Puzzle","Strawberry","Cursed Key","Paper Crane","Ice Cream","Juzu Bracelet","OrangePellets","Art of War","Empty Cage","Turnip","Blue Candle","Lantern","Mango"],"acts_visited":["Exordium","TheCity","TheBeyond","TheEnding"],"potions_floor_usage":[33,38,56,56],"damage_taken":[{"damage":2.0,"enemies":"2 Louse","floor":1.0,"turns":4.0},{"damage":4.0,"enemies":"Small Slimes","floor":2.0,"turns":4.0},{"damage":0.0,"enemies":"Cultist","floor":4.0,"turns":3.0},{"damage":9.0,"enemies":"Gremlin Nob","floor":6.0,"turns":3.0},{"damage":4.0,"enemies":"Looter","floor":7.0,"turns":4.0},{"damage":12.0,"enemies":"2 Fungi Beasts","floor":8.0,"turns":3.0},{"damage":14.0,"enemies":"Blue Slaver","floor":10.0,"turns":4.0},{"damage":12.0,"enemies":"3 Sentries","floor":13.0,"turns":5.0},{"damage":18.0,"enemies":"Slime Boss","floor":16.0,"turns":7.0},{"damage":2,"enemies":"3 Byrds","floor":18,"turns":2},{"damage":13,"enemies":"Book of Stabbing","floor":24,"turns":6},{"damage":21,"enemies":"Shell Parasite","floor":25,"turns":3},{"damage":2,"enemies":"Centurion and Healer","floor":27,"turns":5},{"damage":0,"enemies":"Snake Plant","floor":28,"turns":3},{"damage":20,"enemies":"Champ","floor":33,"turns":14},{"damage":10,"enemies":"3 Shapes","floor":35,"turns":7},{"damage":36,"enemies":"2 Orb Walkers","floor":38,"turns":4},{"damage":0,"enemies":"Giant Head","floor":40,"turns":7},{"damage":2,"enemies":"3 Darklings","floor":46,"turns":6},{"damage":2,"enemies":"Maw","floor":48,"turns":6},{"damage":28,"enemies":"Donu and Deca","floor":50,"turns":14},{"damage":19,"enemies":"Awakened One","floor":51,"turns":30},{"damage":54,"enemies":"Shield and Spear","floor":55,"turns":24},{"damage":16,"enemies":"The Heart","floor":56,"turns":15}],"seed_played":"-2770561821902137002","potions_obtained":[{"floor":1.0,"key":"PowerPotion"},{"floor":4.0,"key":"GamblersBrew"},{"floor":7.0,"key":"LiquidMemories"},{"floor":16.0,"key":"SpeedPotion"},{"floor":18,"key":"Poison Potion"},{"floor":25,"key":"CultistPotion"},{"floor":35,"key":"Energy Potion"},{"floor":38,"key":"Energy Potion"}],"is_trial":false,"path_per_floor":["M","M","?","M","?","E","M","M","T","M","$","?","E","?","R","B",null,"M","?","$","?","$","R","E","M","T","M","M","?","$","T","R","B",null,"M","$","?","?","?","E","$","R","T","?","$","M","?","M","R","B","B",null,"R","$","E","B",null],"character_chosen":"THE_SILENT","items_purchased":["Leg Sweep","Paper Crane","OrangePellets","Art of War","Blur","Footwork"],"campfire_rested":2,"item_purchase_floors":[11,22,30,30,41,45],"current_hp_per_floor":[57,53,53,53,53,44,40,28,28,14,14,20,15,4,27,9,62,60,60,60,60,60,60,47,26,32,30,30,36,36,42,42,22,78,68,68,68,32,32,32,32,32,38,109,109,107,115,113,113,85,66,103,115,115,75,59],"gold":72,"neow_bonus":"BOSS_RELIC","is_daily":false,"chose_seed":false,"campfire_upgraded":3,"win_rate":0.0,"timestamp":1612687318,"path_taken":["M","M","?","M","?","E","M","?","T","M","$","?","E","?","R","BOSS","M","?","$","?","$","R","E","?","T","M","M","?","$","?","R","BOSS","M","$","?","?","?","E","?","R","T","?","?","M","?","M","R","BOSS","BOSS","R","$","E","BOSS"],"items_purchased_type":["Card","Relic","Relic","Relic","Card","Card"],"build_version":"2020-12-22","purchased_purges":3,"victory":true,"max_hp_per_floor":[66,66,66,66,66,66,66,66,66,66,66,72,79,79,79,79,79,79,79,79,79,79,79,79,79,85,85,85,91,91,97,97,97,97,97,97,97,97,97,97,97,97,103,109,109,109,115,115,115,115,115,115,115,115,129,129],"relic_stats":{"Darkstone Periapt":42,"OrangePellets":[17],"Centennial Puzzle":[43],"counters":[24,183],"Bronze Scales":[756],"Blue Candle":[12],"Snecko Eye":[254,257,231,255],"Turnip":[7],"Juzu Bracelet":2,"Art of War":[20],"Cursed Key":3,"obtain_stats":[{"Darkstone Periapt":6,"Ice Cream":24,"Lantern":43,"Blue Candle":40,"Mango":55,"Juzu Bracelet":26,"Paper Crane":22,"Cursed Key":17,"Empty Cage":34,"OrangePellets":30,"Centennial Puzzle":12,"Bronze Scales":9,"Strawberry":13,"Snecko Eye":0,"Turnip":38,"Art of War":30,"Ring of the Snake":0},{"Darkstone Periapt":4,"Ice Cream":11,"Lantern":18,"Blue Candle":18,"Mango":23,"Juzu Bracelet":12,"Paper Crane":10,"Cursed Key":9,"Empty Cage":15,"OrangePellets":14,"Centennial Puzzle":7,"Bronze Scales":6,"Strawberry":8,"Snecko Eye":0,"Turnip":17,"Art of War":14,"Ring of the Snake":0},{"Darkstone Periapt":14,"Ice Cream":45,"Lantern":88,"Blue Candle":88,"Mango":168,"Juzu Bracelet":48,"Paper Crane":39,"Cursed Key":37,"Empty Cage":70,"OrangePellets":56,"Centennial Puzzle":25,"Bronze Scales":21,"Strawberry":30,"Snecko Eye":0,"Turnip":81,"Art of War":56,"Ring of the Snake":0}]},"card_choices":[{"not_picked":["Caltrops","Heel Hook"],"picked":"Underhanded Strike","floor":1.0},{"not_picked":["Dagger Throw","Masterful Stab"],"picked":"Acrobatics","floor":2.0},{"not_picked":["Dash","Sucker Punch"],"picked":"Predator","floor":4.0},{"not_picked":["Poisoned Stab","Sucker Punch","Cloak And Dagger"],"picked":"SKIP","floor":6.0},{"not_picked":["Deflect","Sucker Punch"],"picked":"Calculated Gamble","floor":7.0},{"not_picked":["Slice","Well Laid Plans"],"picked":"Predator","floor":8.0},{"not_picked":["Well Laid Plans","Adrenaline"],"picked":"Dagger Throw","floor":10.0},{"not_picked":["Quick Slash","Sucker Punch"],"picked":"Acrobatics","floor":13.0},{"not_picked":["Phantasmal Killer","Malaise"],"picked":"Bullet Time","floor":16.0},{"not_picked":["PiercingWail","Finisher"],"picked":"Footwork","floor":18},{"not_picked":["Deadly Poison","Slice","Bane"],"picked":"SKIP","floor":24},{"not_picked":["Setup+1","Poisoned Stab"],"picked":"PiercingWail","floor":25},{"not_picked":["Caltrops","Bouncing Flask"],"picked":"Underhanded Strike","floor":27},{"not_picked":["Cloak And Dagger","Accuracy","Heel Hook"],"picked":"SKIP","floor":28},{"not_picked":["Doppelganger","Burst"],"picked":"Night Terror","floor":33},{"not_picked":["Bane+1","Cloak And Dagger","Concentrate"],"picked":"SKIP","floor":35},{"not_picked":["Concentrate","Deflect+1"],"picked":"Acrobatics","floor":38},{"not_picked":["Calculated Gamble","Noxious Fumes+1"],"picked":"Night Terror","floor":40},{"not_picked":["Backstab+1","Dagger Spray"],"picked":"Backflip+1","floor":46},{"not_picked":["Expertise","All Out Attack"],"picked":"Underhanded Strike","floor":48},{"not_picked":["Cloak And Dagger","After Image"],"picked":"Acrobatics","floor":55}],"player_experience":1697444,"relics_obtained":[{"floor":6.0,"key":"Darkstone Periapt"},{"floor":9.0,"key":"Bronze Scales"},{"floor":13.0,"key":"Strawberry"},{"floor":24,"key":"Ice Cream"},{"floor":26,"key":"Juzu Bracelet"},{"floor":38,"key":"Turnip"},{"floor":40,"key":"Blue Candle"},{"floor":43,"key":"Lantern"},{"floor":55,"key":"Mango"}],"event_choices":[{"damage_healed":0.0,"max_hp_gain":0.0,"max_hp_loss":0.0,"gold_gain":150.0,"event_name":"Liars Game","player_choice":"AGREE","floor":3.0,"gold_loss":0.0,"damage_taken":0.0,"cards_obtained":["Doubt"]},{"damage_healed":0.0,"max_hp_gain":0.0,"max_hp_loss":0.0,"gold_gain":0.0,"cards_transformed":["Defend_G"],"event_name":"Transmorgrifier","player_choice":"Transformed","floor":5.0,"gold_loss":0.0,"damage_taken":0.0,"cards_obtained":["Terror"]},{"damage_healed":0.0,"max_hp_gain":0.0,"max_hp_loss":0.0,"gold_gain":0.0,"event_name":"Big Fish","player_choice":"Box","floor":12.0,"gold_loss":0.0,"damage_taken":0.0,"relics_obtained":["Centennial Puzzle"],"cards_obtained":["Regret"]},{"damage_healed":0.0,"max_hp_gain":0.0,"max_hp_loss":0.0,"gold_gain":75.0,"event_name":"World of Goop","player_choice":"Gather Gold","floor":14.0,"gold_loss":0.0,"damage_taken":11.0},{"cards_removed":["Regret"],"damage_healed":0,"gold_gain":0,"player_choice":"Gave Gold","damage_taken":0,"max_hp_gain":0,"max_hp_loss":0,"event_name":"Beggar","floor":19,"gold_loss":75},{"damage_healed":0,"gold_gain":50,"player_choice":"Stole From Cult","damage_taken":0,"max_hp_gain":0,"max_hp_loss":0,"event_name":"Nest","floor":21,"gold_loss":0},{"damage_healed":0,"gold_gain":275,"player_choice":"Desecrate","damage_taken":0,"max_hp_gain":0,"max_hp_loss":0,"event_name":"Golden Shrine","floor":29,"gold_loss":0,"cards_obtained":["Regret"]},{"damage_healed":0,"gold_gain":0,"cards_transformed":["Strike_G"],"player_choice":"Transformed","damage_taken":0,"max_hp_gain":0,"max_hp_loss":0,"event_name":"Transmorgrifier","floor":37,"gold_loss":0,"cards_obtained":["Concentrate"]},{"damage_healed":0,"gold_gain":0,"player_choice":"Fight","damage_taken":0,"max_hp_gain":0,"max_hp_loss":0,"event_name":"Mysterious Sphere","floor":38,"gold_loss":0},{"damage_healed":0,"gold_gain":0,"player_choice":"Memory 1","damage_taken":0,"max_hp_gain":0,"max_hp_loss":0,"event_name":"SensoryStone","floor":39,"gold_loss":0},{"damage_healed":65,"gold_gain":0,"player_choice":"Heal","damage_taken":0,"max_hp_gain":0,"max_hp_loss":0,"event_name":"MindBloom","floor":44,"gold_loss":0,"cards_obtained":["Doubt"]},{"damage_healed":22,"gold_gain":0,"player_choice":"Writhe","damage_taken":0,"max_hp_gain":0,"max_hp_loss":0,"event_name":"Winding Halls","floor":47,"gold_loss":0,"cards_obtained":["Writhe"]}],"is_beta":false,"boss_relics":[{"not_picked":["Black Star","Ectoplasm"],"picked":"Cursed Key"},{"not_picked":["SacredBark","Runic Pyramid"],"picked":"Empty Cage"}],"items_purged_floors":[11,30,41],"is_endless":false,"potions_floor_spawned":[1,4,7,16,18,25,27,35,38,55],"ascension_level":20}}