{"host":"72j3if4hls1tefkc","time":1612674840,"event":{"mods":["AchievementEnabler","Always Whale","Aspiration","BaseMod","Beaked The Cultist","Colored Map","Conspire","FetchMod","Halation","Hermit","Hubris","Infinite Spire","Minty Spire (QoL Compilation)","Reliquary","Replay The Spire","Shop Mod","StSLib","The Construct","The Cursed","The Jungle","The Marked","The Necromancer","The Poker Player"],"gold_per_floor":[114,114,39,214,214,214,228,228,228,228,240,260,260,279,279,380,380,391,391,250,260,203,229,229,229,229,229,240,252,252,252,252,372,372,412,451,1450,1563,1563,1563,1563],"floor_reached":40,"language":"ENG","playtime":1822,"items_purged":["Pain","Doubt","Strike_B","Normality"],"score":569,"play_id":"29d7bc6d-da81-4857-b45d-c04ef6144696","local_time":"20210206221400","is_ascension_mode":false,"campfire_choices":[{"data":"Zap","floor":6,"key":"SMITH"},{"data":"Coolheaded","floor":8,"key":"SMITH"},{"floor":10,"key":"DIG"},{"data":"Defragment","floor":13,"key":"SMITH"},{"data":"Conserve Battery","floor":15,"key":"SMITH"},{"floor":25,"key":"REST"},{"data":"Defragment","floor":30,"key":"SMITH"},{"data":"Cold Snap","floor":32,"key":"SMITH"}],"circlet_count":0,"master_deck":["Strike_B","Strike_B","Strike_B","Defend_B","Defend_B","Defend_B","Defend_B","Zap+1","Dualcast","Blizzard","Coolheaded+1","Defragment+1","Conserve Battery+1","Loop+1","Defragment+1","Leap","Capacitor+1","Cold Snap+1","Cold Snap+1","ThirdEye","Normality","Pot Of Greed","Pot Of Greed"],"relics":["Cracked Core","Replay:Towering Pillar of Hats","ReplayFunnel","Shovel","Replay:Mystery Machine","aspiration:WatcherSkillbook","infinitespire:Satchel","Strawberry","Blue Candle","infinitespire:EvilPickle","Black Star","Prayer Wheel","Grinning Jar","hubris:Backtick","infinitespire:Freezer"],"acts_visited":["Exordium","TheCity","TheBeyond"],"potions_floor_usage":[16,33,38],"damage_taken":[{"damage":9,"enemies":"Cultist","floor":1,"turns":3},{"damage":2,"enemies":"Jaw Worm","floor":7,"turns":4},{"damage":0,"enemies":"conspire:RoseBush","floor":11,"turns":4},{"damage":16,"enemies":"Exordium Thugs","floor":12,"turns":6},{"damage":3,"enemies":"Blue Slaver","floor":14,"turns":4},{"damage":19,"enemies":"The Guardian","floor":16,"turns":15},{"damage":14,"enemies":"Chosen","floor":18,"turns":7},{"damage":11,"enemies":"Shell Parasite","floor":21,"turns":5},{"damage":28,"enemies":"conspire:Head Lice","floor":23,"turns":10},{"damage":3,"enemies":"Shelled Parasite and Fungi","floor":28,"turns":8},{"damage":0,"enemies":"Cultist and Chosen","floor":29,"turns":9},{"damage":19,"enemies":"Pondfish","floor":33,"turns":12},{"damage":0,"enemies":"3 Shapes","floor":35,"turns":6},{"damage":1,"enemies":"Orb Walker","floor":36,"turns":5},{"damage":53,"enemies":"3 Darklings","floor":38,"turns":7},{"damage":32,"enemies":"Jaw Worm Horde","floor":40,"turns":2}],"seed_played":"3246652011645514379","potions_obtained":[{"floor":1,"key":"SpeedPotion"},{"floor":12,"key":"construct:ShiftPotion"},{"floor":16,"key":"Energy Potion"},{"floor":23,"key":"Fire Potion"},{"floor":35,"key":"SteroidPotion"},{"floor":36,"key":"SpeedPotion"}],"is_trial":false,"path_per_floor":["M","T","$","?","$","R","M","R","T","R","M","M","R","M","R","B",null,"M","?","$","M","$","E","?","R","T","AVR","M","M","R","?","R","B",null,"M","M","?","M","AVR","M"],"character_chosen":"DEFECT","items_purchased":["Defragment","Capacitor+1"],"campfire_rested":1,"item_purchase_floors":[20,22],"current_hp_per_floor":[66,66,66,66,66,66,64,64,64,64,64,48,48,45,45,26,75,61,61,61,50,50,22,22,44,51,51,48,48,48,48,48,29,82,82,81,81,28,28,0,0],"gold":1563,"neow_bonus":"ONE_RARE_RELIC","is_daily":false,"chose_seed":false,"campfire_upgraded":6,"win_rate":0.0,"timestamp":1612674840,"path_taken":["M","?","$","?","$","R","M","R","T","R","M","M","R","M","R","BOSS","M","?","$","M","$","E","?","R","T","AVR","M","?","R","?","R","BOSS","M","M","?","M","AVR","M"],"items_purchased_type":["Card","Card"],"build_version":"2020-12-22","purchased_purges":4,"victory":false,"max_hp_per_floor":[75,75,75,75,75,75,75,75,75,75,75,75,75,75,75,75,75,75,75,75,75,75,75,75,75,82,82,82,82,82,82,82,82,82,82,82,82,82,82,82,82],"card_choices":[{"not_picked":["Leap","Streamline"],"picked":"Blizzard","floor":1},{"not_picked":["Barrage","Cold Snap"],"picked":"Coolheaded","floor":7},{"not_picked":["BasicCrystalCard","Sweeping Beam","Lockon"],"picked":"SKIP","floor":11},{"not_picked":["Rebound","Fusion"],"picked":"Defragment","floor":12},{"not_picked":["Compile Driver","Sweeping Beam"],"picked":"Conserve Battery","floor":14},{"not_picked":["Gash","CutThroughFate","ReplayTheSpireMod:Calculation Training"],"picked":"Loop","floor":18},{"not_picked":["Replay:ManipulateFuture","JustLucky","Evaluate+1"],"picked":"Leap","floor":21},{"not_picked":["Chaos+1","Hologram+1","DeusExMachina"],"picked":"Cold Snap","floor":23},{"not_picked":["Stack","Weave","WindmillStrike"],"picked":"Cold Snap+1","floor":28},{"not_picked":["JustLucky","Prostrate","Evaluate+1","Fasting2"],"picked":"SKIP","floor":29},{"not_picked":["Establishment","DeusExMachina","Wish"],"picked":"ReplayTheSpireMod:Fabricate Wheel","floor":33},{"not_picked":["ReplaySort+1","Undo","Weave"],"picked":"ThirdEye","floor":35},{"not_picked":["Tempest","Protect+1","ForeignInfluence+1","Replay:BluntJabs"],"picked":"SKIP","floor":35},{"not_picked":["Self Repair+1","Consecrate+1","Compile Driver","Replay:AtTheReady"],"picked":"SKIP","floor":36},{"not_picked":["Cold Snap","Protect","Sweeping Beam","ReplaySolidLightProjector+1"],"picked":"SKIP","floor":36},{"not_picked":["Nirvana","FlurryOfBlows","BasicCrystalCard+1","SashWhip"],"picked":"SKIP","floor":38},{"not_picked":["Replay:ManipulateFuture","Storm+1","Scrawl","EmptyFist+1"],"picked":"SKIP","floor":38}],"player_experience":393094,"relics_obtained":[{"floor":2,"key":"ReplayFunnel"},{"floor":9,"key":"Shovel"},{"floor":10,"key":"Replay:Mystery Machine"},{"floor":23,"key":"infinitespire:Satchel"},{"floor":26,"key":"Strawberry"}],"event_choices":[{"damage_healed":0,"gold_gain":175,"player_choice":"AGREE","damage_taken":0,"max_hp_gain":0,"max_hp_loss":0,"event_name":"Liars Game","floor":4,"gold_loss":0,"cards_obtained":["Doubt"]},{"damage_healed":0,"gold_gain":0,"player_choice":"Bought 0 Potions","damage_taken":0,"max_hp_gain":0,"max_hp_loss":0,"event_name":"The Woman in Blue","floor":24,"gold_loss":0},{"damage_healed":0,"gold_gain":0,"player_choice":"Ignored","damage_taken":0,"max_hp_gain":0,"max_hp_loss":0,"event_name":"Ghosts","floor":31,"gold_loss":0},{"damage_healed":0,"gold_gain":999,"player_choice":"Gold","damage_taken":0,"max_hp_gain":0,"max_hp_loss":0,"event_name":"MindBloom","floor":37,"gold_loss":0,"cards_obtained":["Normality","Normality"]}],"is_beta":false,"boss_relics":[{"not_picked":["reliquary:Craggleroot","reliquary:Ember"],"picked":"aspiration:WatcherSkillbook"},{"not_picked":["Replay:Wanted Poster","aspiration:RitualDagger"],"picked":"Black Star"}],"items_purged_floors":[3,20,27,39],"is_endless":false,"potions_floor_spawned":[1,12,16,23,35,36],"killed_by":"Jaw Worm Horde","ascension_level":0}}