{"host":"i09pxcjttd31eh4q","time":1612706559,"event":{"mods":["AchievementEnabler","BaseMod","Colored Map","Keyboard Shortcuts","Minty Spire (QoL Compilation)","StSLib","SuperFastMode"],"gold_per_floor":[115,115,133,143,68,68,86,86,86,86,86,120,20,32,32,106,106,120,140,61,61,80,80,130,130,130,149,24,39,55,69,69,147,147,163,182,199,212,231,231,256,256,325,341,375,225,237,262,262,262,262,262,262,50,77,77],"floor_reached":57,"language":"KOR","playtime":1718,"items_purged":["Defend_P","Strike_P","Strike_P","Strike_P","Strike_P+1"],"score":3090,"play_id":"7d6da0c6-6f8a-4fd3-b134-373104d167a9","local_time":"20210207230239","is_ascension_mode":true,"campfire_choices":[{"data":"Eruption","floor":6.0,"key":"SMITH"},{"data":"MentalFortress","floor":11.0,"key":"SMITH"},{"data":"Adaptation","floor":15.0,"key":"SMITH"},{"floor":23.0,"key":"RECALL"},{"data":"Vigilance","floor":25.0,"key":"SMITH"},{"floor":32.0,"key":"REST"},{"data":"Scrawl","floor":40.0,"key":"SMITH"},{"data":"FearNoEvil","floor":42.0,"key":"SMITH"},{"data":"Defend_P","floor":49.0,"key":"SMITH"},{"data":"Strike_P","floor":53.0,"key":"SMITH"}],"circlet_count":0,"master_deck":["AscendersBane","Defend_P+1","Eruption+1","Vigilance+1","Adaptation+1","MentalFortress+1","FearNoEvil+1","MentalFortress+1","Scrawl+1","Adaptation+1"],"relics":["PureWater","NeowsBlessing","Frozen Egg 2","FaceOfCleric","Kunai","VioletLotus","Coffee Dripper","Bag of Preparation","Pear","Prayer Wheel","CaptainsWheel","Akabeko"],"acts_visited":["Exordium","TheCity","TheBeyond","TheEnding"],"potions_floor_usage":[56,56],"damage_taken":[{"damage":0.0,"enemies":"Jaw Worm","floor":1.0,"turns":1.0},{"damage":0.0,"enemies":"Cultist","floor":3.0,"turns":1.0},{"damage":0.0,"enemies":"Small Slimes","floor":4.0,"turns":1.0},{"damage":11.0,"enemies":"Looter","floor":7.0,"turns":3.0},{"damage":0.0,"enemies":"Gremlin Gang","floor":8.0,"turns":1.0},{"damage":0.0,"enemies":"Lagavulin","floor":12.0,"turns":6.0},{"damage":9.0,"enemies":"Red Slaver","floor":14.0,"turns":2.0},{"damage":2.0,"enemies":"The Guardian","floor":16.0,"turns":17.0},{"damage":0.0,"enemies":"Spheric Guardian","floor":18.0,"turns":5.0},{"damage":3.0,"enemies":"Chosen","floor":19.0,"turns":5.0},{"damage":4.0,"enemies":"Snake Plant","floor":22.0,"turns":5.0},{"damage":0.0,"enemies":"Cultist and Chosen","floor":27.0,"turns":6.0},{"damage":5.0,"enemies":"Sentry and Sphere","floor":29.0,"turns":5.0},{"damage":11.0,"enemies":"Centurion and Healer","floor":30.0,"turns":4.0},{"damage":12.0,"enemies":"Snake Plant","floor":31.0,"turns":3.0},{"damage":0.0,"enemies":"Champ","floor":33.0,"turns":3.0},{"damage":0.0,"enemies":"3 Darklings","floor":35.0,"turns":1.0},{"damage":0.0,"enemies":"3 Shapes","floor":36.0,"turns":3.0},{"damage":0.0,"enemies":"Writhing Mass","floor":37.0,"turns":2.0},{"damage":22.0,"enemies":"Sphere and 2 Shapes","floor":38.0,"turns":3.0},{"damage":0.0,"enemies":"Jaw Worm Horde","floor":39.0,"turns":1.0},{"damage":0.0,"enemies":"Nemesis","floor":41.0,"turns":1.0},{"damage":14.0,"enemies":"Writhing Mass","floor":44.0,"turns":2.0},{"damage":0.0,"enemies":"Reptomancer","floor":45.0,"turns":1.0},{"damage":0.0,"enemies":"Sphere and 2 Shapes","floor":47.0,"turns":3.0},{"damage":0.0,"enemies":"Mind Bloom Boss Battle","floor":48.0,"turns":2.0},{"damage":6.0,"enemies":"Time Eater","floor":50.0,"turns":10.0},{"damage":0.0,"enemies":"Awakened One","floor":51.0,"turns":2.0},{"damage":0.0,"enemies":"Shield and Spear","floor":55.0,"turns":1.0},{"damage":87,"enemies":"The Heart","floor":56,"turns":5}],"seed_played":"-2510890575557686479","potions_obtained":[{"floor":4.0,"key":"SmokeBomb"},{"floor":12.0,"key":"ColorlessPotion"},{"floor":14.0,"key":"ColorlessPotion"},{"floor":16.0,"key":"GamblersBrew"},{"floor":22.0,"key":"StancePotion"},{"floor":27.0,"key":"CultistPotion"},{"floor":33.0,"key":"PowerPotion"},{"floor":38.0,"key":"Ambrosia"},{"floor":47.0,"key":"Dexterity Potion"},{"floor":48.0,"key":"DistilledChaos"}],"is_trial":false,"path_per_floor":["M","?","M","M","$","R","M","M","T","?","R","E","$","M","R","B",null,"M","M","$","?","M","R","?","R","T","M","$","M","M","M","R","B",null,"M","M","M","M","M","R","E","R","T","M","E","$","M","?","R","B","B",null,"R","$","E","B",null],"character_chosen":"WATCHER","items_purchased":["MentalFortress+1","Adaptation+1"],"campfire_rested":1,"item_purchase_floors":[20,54],"current_hp_per_floor":[61,54,54,54,54,54,43,43,43,43,43,44,44,36,36,35,62,63,61,61,61,58,58,58,58,58,59,59,55,45,34,57,58,74,75,76,77,56,57,57,58,58,68,55,56,56,57,58,58,53,54,89,89,89,90,4],"gold":77,"neow_bonus":"THREE_ENEMY_KILL","is_daily":false,"chose_seed":false,"campfire_upgraded":8,"win_rate":0.0,"timestamp":1612706559,"path_taken":["M","?","M","M","$","R","M","M","T","?","R","E","$","?","R","BOSS","M","M","$","?","M","R","?","R","T","M","$","M","M","?","R","BOSS","M","M","M","M","M","R","E","R","T","M","E","$","M","?","R","BOSS","BOSS","R","$","E","BOSS"],"items_purchased_type":["Card","Card"],"build_version":"2020-12-22","purchased_purges":5,"victory":true,"max_hp_per_floor":[68,68,68,68,68,68,68,68,68,68,68,69,69,70,70,71,71,72,73,73,73,74,74,74,74,74,75,75,76,77,78,78,79,79,80,81,82,83,84,84,85,85,95,96,97,97,98,99,99,100,101,101,101,101,102,103],"card_choices":[{"not_picked":["JustLucky","Worship","CutThroughFate"],"picked":"SKIP","floor":1.0},{"not_picked":["Prostrate","Evaluate"],"picked":"Adaptation","floor":3.0},{"not_picked":["SandsOfTime","ClearTheMind"],"picked":"MentalFortress","floor":4.0},{"not_picked":["FollowUp","Weave","CutThroughFate"],"picked":"SKIP","floor":7.0},{"not_picked":["BowlingBash","Omniscience","ForeignInfluence"],"picked":"SKIP","floor":12.0},{"not_picked":["ThirdEye","Nirvana+1","JustLucky"],"picked":"SKIP","floor":14.0},{"not_picked":["Halt","WreathOfFlame+1","CarveReality+1"],"picked":"SKIP","floor":18.0},{"not_picked":["Fasting2+1","Pray"],"picked":"FearNoEvil","floor":19.0},{"not_picked":["ThirdEye","CrushJoints","Consecrate"],"picked":"SKIP","floor":22.0},{"not_picked":["FlurryOfBlows+1","JustLucky","Halt"],"picked":"SKIP","floor":27.0},{"not_picked":["Alpha","CrushJoints","Nirvana+1"],"picked":"SKIP","floor":29.0},{"not_picked":["EmptyBody","CutThroughFate","FlyingSleeves"],"picked":"SKIP","floor":30.0},{"not_picked":["EmptyMind","InnerPeace","FlurryOfBlows"],"picked":"SKIP","floor":31.0},{"not_picked":["EmptyMind","InnerPeace","FlurryOfBlows"],"picked":"SKIP","floor":31.0},{"not_picked":["SpiritShield","Omniscience"],"picked":"Scrawl","floor":33.0},{"not_picked":["SashWhip+1","FlyingSleeves","EmptyBody"],"picked":"SKIP","floor":35.0},{"not_picked":["SashWhip","Sanctity","EmptyBody"],"picked":"SKIP","floor":36.0},{"not_picked":["ClearTheMind","SignatureMove","FollowUp+1"],"picked":"SKIP","floor":37.0},{"not_picked":["Collect+1","SashWhip+1","Wireheading+1"],"picked":"SKIP","floor":38.0},{"not_picked":["ThirdEye","Meditate","Alpha"],"picked":"SKIP","floor":39.0},{"not_picked":["Protect","WheelKick","Nirvana+1"],"picked":"SKIP","floor":41.0},{"not_picked":["BowlingBash+1","Tantrum","CrushJoints+1"],"picked":"SKIP","floor":44.0},{"not_picked":["MentalFortress+1","Consecrate","FlyingSleeves"],"picked":"SKIP","floor":45.0},{"not_picked":["EmptyFist","MentalFortress+1","Evaluate"],"picked":"SKIP","floor":47.0},{"not_picked":["Protect","Indignation","SandsOfTime+1"],"picked":"SKIP","floor":47.0},{"not_picked":["EmptyMind","Wallop","Conclude"],"picked":"SKIP","floor":55.0}],"player_experience":888822,"relics_obtained":[{"floor":9.0,"key":"Frozen Egg 2"},{"floor":12.0,"key":"Kunai"},{"floor":41.0,"key":"Bag of Preparation"},{"floor":43.0,"key":"Pear"},{"floor":45.0,"key":"Prayer Wheel"},{"floor":48.0,"key":"CaptainsWheel"},{"floor":55.0,"key":"Akabeko"}],"event_choices":[{"cards_removed":["Defend_P"],"damage_healed":0.0,"max_hp_gain":0.0,"max_hp_loss":0.0,"gold_gain":0.0,"event_name":"Golden Wing","player_choice":"Card Removal","floor":2.0,"gold_loss":0.0,"damage_taken":7.0},{"damage_healed":0.0,"max_hp_gain":0.0,"max_hp_loss":0.0,"gold_gain":0.0,"event_name":"FaceTrader","player_choice":"Trade","floor":10.0,"gold_loss":0.0,"damage_taken":0.0,"relics_obtained":["FaceOfCleric"]},{"cards_removed":["Defend_P"],"damage_healed":0.0,"max_hp_gain":0.0,"max_hp_loss":0.0,"gold_gain":0.0,"event_name":"Back to Basics","player_choice":"Elegance","floor":21.0,"gold_loss":0.0,"damage_taken":0.0},{"damage_healed":0.0,"max_hp_gain":0.0,"max_hp_loss":0.0,"gold_gain":50.0,"event_name":"Golden Shrine","player_choice":"Pray","floor":24.0,"gold_loss":0.0,"damage_taken":0.0},{"damage_healed":0.0,"max_hp_gain":0.0,"max_hp_loss":0.0,"gold_gain":0.0,"event_name":"MindBloom","player_choice":"Fight","floor":48.0,"gold_loss":0.0,"damage_taken":0.0}],"is_beta":false,"boss_relics":[{"not_picked":["Black Star","Snecko Eye"],"picked":"VioletLotus"},{"not_picked":["SacredBark","Astrolabe"],"picked":"Coffee Dripper"}],"items_purged_floors":[5,13,28,46,54],"is_endless":false,"potions_floor_spawned":[4,12,14,16,22,27,29,33,37,38,39,47,48],"ascension_level":20}}