{"host":"9hmnsypyq1c5u7i3","time":1612714313,"event":{"mods":["BaseMod","Bestiary","Hermit","Marisa????????","Minty Spire (QoL Compilation)","Permanent Neow","Quick Restart","Relic Stats","StSLib","The Cursed","The Hierophant"],"gold_per_floor":[110,122,133,133,147,147,164,194,194,194,525,535,535,566,566,644,644,655,671,685,294,294,294,319,319,319,336,336,350,369,387,387,387,387],"floor_reached":33,"language":"ENG","playtime":3045,"items_purged":["Strike_G"],"score":607,"play_id":"6b450bd3-82b3-42a3-9b7b-3576d3a0875a","local_time":"20210207111153","is_ascension_mode":true,"campfire_choices":[{"data":"Quick Slash","floor":6.0,"key":"SMITH"},{"data":"Poisoned Stab","floor":10.0,"key":"SMITH"},{"data":"Caltrops","floor":15.0,"key":"SMITH"},{"data":"Backflip","floor":23.0,"key":"SMITH"},{"floor":25.0,"key":"REST"},{"data":"Leg Sweep","floor":32.0,"key":"SMITH"}],"circlet_count":0,"master_deck":["AscendersBane","Defend_G","Defend_G","Defend_G","Defend_G","Defend_G","Survivor","Neutralize+1","Dodge and Roll","Quick Slash+1","Poisoned Stab+1","Masterful Stab","Slice","Cloak And Dagger","Caltrops+1","Die Die Die","Crippling Poison+1","Heel Hook+1","Backflip+1","Caltrops","Bite","Bite","Bite","Bite","Bite","Acrobatics+1","Leg Sweep+1","Escape Plan","Backflip+1","Endless Agony"],"relics":["Ring of the Snake","Shuriken","Ginger","Old Coin","Happy Flower","SlaversCollar","Bronze Scales","Sundial"],"acts_visited":["Exordium","TheCity"],"potions_floor_usage":[],"damage_taken":[{"damage":0.0,"enemies":"Cultist","floor":1.0,"turns":3.0},{"damage":0.0,"enemies":"Small Slimes","floor":2.0,"turns":4.0},{"damage":0.0,"enemies":"2 Louse","floor":3.0,"turns":3.0},{"damage":2.0,"enemies":"Red Slaver","floor":5.0,"turns":4.0},{"damage":1.0,"enemies":"Looter","floor":7.0,"turns":3.0},{"damage":13.0,"enemies":"Lagavulin","floor":8.0,"turns":6.0},{"damage":28.0,"enemies":"Gremlin Nob","floor":11.0,"turns":4.0},{"damage":0.0,"enemies":"Exordium Wildlife","floor":12.0,"turns":3.0},{"damage":7.0,"enemies":"3 Sentries","floor":14.0,"turns":6.0},{"damage":25.0,"enemies":"The Guardian","floor":16.0,"turns":11.0},{"damage":11.0,"enemies":"2 Thieves","floor":18.0,"turns":4.0},{"damage":2.0,"enemies":"3 Byrds","floor":19.0,"turns":2.0},{"damage":24.0,"enemies":"Snake Plant","floor":20.0,"turns":4.0},{"damage":23.0,"enemies":"Slavers","floor":24.0,"turns":3.0},{"damage":33.0,"enemies":"Cultist and Chosen","floor":27.0,"turns":5.0},{"damage":10.0,"enemies":"Snecko","floor":29.0,"turns":5.0},{"damage":0.0,"enemies":"Snake Plant","floor":30.0,"turns":4.0},{"damage":8.0,"enemies":"Centurion and Healer","floor":31.0,"turns":17.0},{"damage":85,"enemies":"Collector","floor":33,"turns":8}],"seed_played":"2379273376770256599","potions_obtained":[{"floor":2.0,"key":"LiquidBronze"},{"floor":5.0,"key":"EssenceOfSteel"},{"floor":7.0,"key":"GamblersBrew"},{"floor":12.0,"key":"DistilledChaos"},{"floor":16.0,"key":"Swift Potion"},{"floor":24.0,"key":"Weak Potion"},{"floor":27.0,"key":"FearPotion"},{"floor":29.0,"key":"SpeedPotion"}],"is_trial":false,"path_per_floor":["M","M","M","?","M","R","M","E","T","R","E","M","?","E","R","B",null,"M","M","M","$","?","R","E","R","T","M","?","M","M","M","R","B"],"character_chosen":"THE_SILENT","items_purchased":["Caltrops","Bronze Scales","Weak Potion","BlessingOfTheForge"],"campfire_rested":1,"item_purchase_floors":[21,21,21,21],"current_hp_per_floor":[59,59,59,48,46,46,45,32,32,32,4,4,76,69,69,44,68,57,55,31,31,31,31,12,27,27,4,4,6,16,46,46,0,0],"gold":387,"neow_bonus":"UPGRADE_CARD","is_daily":false,"chose_seed":false,"campfire_upgraded":5,"win_rate":0.0,"timestamp":1612714313,"path_taken":["M","M","M","?","M","R","M","E","T","R","E","M","?","E","R","BOSS","BOSS","M","M","M","$","?","R","E","R","T","M","?","?","M","M","R","BOSS"],"items_purchased_type":["Card","Relic","Potion","Potion"],"build_version":"2020-12-22","purchased_purges":1,"victory":false,"max_hp_per_floor":[66,66,66,66,66,66,66,66,66,66,66,66,76,76,76,76,76,76,76,76,76,53,53,53,53,53,53,53,53,53,53,53,53,53],"relic_stats":{"Happy Flower":[21],"counters":[19,99],"Shuriken":[33],"Sundial":[6],"Bronze Scales":[96],"Ginger":[13],"obtain_stats":[{"SlaversCollar":17,"Happy Flower":14,"Shuriken":4,"Sundial":24,"Bronze Scales":21,"Ginger":9,"Ring of the Snake":0,"Old Coin":11},{"SlaversCollar":10,"Happy Flower":9,"Shuriken":3,"Sundial":14,"Bronze Scales":13,"Ginger":6,"Ring of the Snake":0,"Old Coin":7},{"SlaversCollar":47,"Happy Flower":36,"Shuriken":10,"Sundial":60,"Bronze Scales":57,"Ginger":23,"Ring of the Snake":0,"Old Coin":27}],"Ring of the Snake":[38]},"card_choices":[{"not_picked":["Sucker Punch","Dagger Spray"],"picked":"Dodge and Roll","floor":1.0},{"not_picked":["Backflip","Poisoned Stab"],"picked":"Quick Slash","floor":2.0},{"not_picked":["Flying Knee","Backflip"],"picked":"Poisoned Stab","floor":3.0},{"not_picked":["Backflip","Blur"],"picked":"Masterful Stab","floor":5.0},{"not_picked":["Dodge and Roll","PiercingWail"],"picked":"Slice","floor":7.0},{"not_picked":["PiercingWail","Dagger Spray"],"picked":"Die Die Die","floor":8.0},{"not_picked":["Dodge and Roll","Slice","Dagger Spray"],"picked":"SKIP","floor":11.0},{"not_picked":["Slice","Outmaneuver"],"picked":"Cloak And Dagger","floor":12.0},{"not_picked":["PiercingWail","Setup"],"picked":"Caltrops","floor":14.0},{"not_picked":["Unload","Doppelganger"],"picked":"Die Die Die","floor":16.0},{"not_picked":["Riddle With Holes","Reflex"],"picked":"Crippling Poison+1","floor":18.0},{"not_picked":["Prepared","Quick Slash"],"picked":"Heel Hook+1","floor":19.0},{"not_picked":["All Out Attack","Acrobatics"],"picked":"Backflip","floor":20.0},{"not_picked":["Eviscerate","Calculated Gamble"],"picked":"Acrobatics+1","floor":24.0},{"not_picked":["Underhanded Strike","Deadly Poison","Slice"],"picked":"SKIP","floor":27.0},{"not_picked":["Poisoned Stab","Prepared"],"picked":"Escape Plan","floor":29.0},{"not_picked":["Dagger Throw","Blade Dance"],"picked":"Backflip+1","floor":30.0},{"not_picked":["Crippling Poison","Dagger Spray"],"picked":"Endless Agony","floor":31.0}],"player_experience":941503,"relics_obtained":[{"floor":9.0,"key":"Ginger"},{"floor":11.0,"key":"Old Coin"},{"floor":14.0,"key":"Happy Flower"},{"floor":24.0,"key":"Sundial"}],"event_choices":[{"damage_healed":0.0,"max_hp_gain":0.0,"max_hp_loss":0.0,"gold_gain":0.0,"event_name":"Scrap Ooze","player_choice":"Success","floor":4.0,"gold_loss":0.0,"damage_taken":11.0,"relics_obtained":["Shuriken"]},{"cards_removed":["Die Die Die"],"damage_healed":62.0,"max_hp_gain":10.0,"max_hp_loss":0.0,"gold_gain":0.0,"event_name":"Bonfire Elementals","player_choice":"Offered Rare","floor":13.0,"gold_loss":0.0,"damage_taken":0.0},{"damage_healed":0.0,"max_hp_gain":0.0,"max_hp_loss":23.0,"gold_gain":0.0,"event_name":"Vampires","player_choice":"Became a vampire","floor":22.0,"gold_loss":0.0,"damage_taken":0.0,"cards_obtained":["Bite","Bite","Bite","Bite","Bite"]},{"damage_healed":0.0,"max_hp_gain":0.0,"max_hp_loss":0.0,"gold_gain":0.0,"event_name":"Match and Keep!","player_choice":"1 cards matched","floor":28.0,"gold_loss":0.0,"damage_taken":0.0,"cards_obtained":["Leg Sweep"]}],"is_beta":false,"boss_relics":[{"not_picked":["SacredBark","Tiny House"],"picked":"SlaversCollar"}],"items_purged_floors":[21],"is_endless":false,"potions_floor_spawned":[2,5,7,12,16,24,27,29],"killed_by":"Collector","ascension_level":20}}