{"host":"yqw1zpryoutrnocq","time":1612728468,"event":{"mods":["2.2 Compatiblity","AchievementEnabler","BaseMod","Colored Map","Custom Start","DeckTracker","Minty Spire (QoL Compilation)","StSLib","SuperFastMode"],"gold_per_floor":[109,184,359,370,70,70,104,104,104,115,128,128,128,128],"floor_reached":13,"language":"KOR","playtime":200,"items_purged":[],"score":116,"play_id":"d42067c1-c55f-4322-bc82-9667cf9cd906","local_time":"20210207140748","is_ascension_mode":true,"campfire_choices":[{"data":"Doubt","floor":6,"key":"PURGE"},{"data":"Strike_B","floor":8,"key":"PURGE"}],"circlet_count":0,"master_deck":["Strike_B+1","Strike_B","Strike_B","Defend_B","Defend_B","Defend_B","Defend_B","Zap","Dualcast","Aggregate","Gash+1","Gash","Conserve Battery","Steam Power","Gash"],"relics":["Cracked Core","Peace Pipe","DollysMirror","Whetstone","Matryoshka","Omamori","Happy Flower","Golden Idol"],"acts_visited":["Exordium"],"potions_floor_usage":[13,13],"damage_taken":[{"damage":0,"enemies":"2 Louse","floor":1,"turns":2},{"damage":12,"enemies":"Jaw Worm","floor":4,"turns":3},{"damage":34,"enemies":"Lagavulin","floor":7,"turns":5},{"damage":4,"enemies":"Small Slimes","floor":10,"turns":3},{"damage":1,"enemies":"Blue Slaver","floor":11,"turns":4},{"damage":13,"enemies":"3 Sentries","floor":13,"turns":3}],"seed_played":"-2706309450416850032","potions_obtained":[{"floor":7,"key":"DuplicationPotion"},{"floor":11,"key":"ColorlessPotion"}],"is_trial":false,"path_per_floor":["M","?","?","M","$","R","E","R","T","M","M","?","E"],"character_chosen":"DEFECT","items_purchased":["DollysMirror","Whetstone"],"campfire_rested":0,"item_purchase_floors":[5,5],"current_hp_per_floor":[68,57,57,45,45,45,11,11,11,7,6,6,0,0],"gold":128,"neow_bonus":"ONE_RARE_RELIC","is_daily":false,"chose_seed":false,"campfire_upgraded":0,"win_rate":0.0,"timestamp":1612728468,"path_taken":["M","?","?","M","$","R","E","R","T","M","M","?","E"],"items_purchased_type":["Relic","Relic"],"build_version":"2020-12-22","purchased_purges":0,"victory":false,"max_hp_per_floor":[68,68,68,68,68,68,68,68,68,68,68,63,63,63],"card_choices":[{"not_picked":["Turbo","Barrage"],"picked":"Aggregate","floor":1},{"not_picked":["Leap","Darkness"],"picked":"Gash","floor":4},{"not_picked":["Capacitor","Leap"],"picked":"Conserve Battery","floor":7},{"not_picked":["Redo","Multi-Cast"],"picked":"Steam Power","floor":10},{"not_picked":["Rebound","Streamline"],"picked":"Gash","floor":11}],"player_experience":317852,"relics_obtained":[{"floor":7,"key":"Matryoshka"},{"floor":9,"key":"Omamori"},{"floor":9,"key":"Happy Flower"}],"event_choices":[{"damage_healed":0,"gold_gain":75,"player_choice":"Gather Gold","damage_taken":11,"max_hp_gain":0,"max_hp_loss":0,"event_name":"World of Goop","floor":2,"gold_loss":0},{"damage_healed":0,"gold_gain":175,"player_choice":"AGREE","damage_taken":0,"max_hp_gain":0,"max_hp_loss":0,"event_name":"Liars Game","floor":3,"gold_loss":0,"cards_obtained":["Doubt"]},{"damage_healed":0,"gold_gain":0,"player_choice":"Lose Max HP","damage_taken":0,"relics_obtained":["Golden Idol"],"max_hp_gain":0,"max_hp_loss":5,"event_name":"Golden Idol","floor":12,"gold_loss":0}],"is_beta":false,"boss_relics":[],"items_purged_floors":[],"is_endless":false,"potions_floor_spawned":[7,11],"killed_by":"3 Sentries","ascension_level":8}}