{"host":"d61fcf2p3sjwe6yo","time":1612731137,"event":{"mods":["BaseMod","Colored Map","Koishi","Marisa????????","Minty Spire (QoL Compilation)","Reimu??????","StSLib","SuperFastMode","The Servant 0.9.4"],"gold_per_floor":[210,210,210,227,227,227,258,258,558,585,585,596,68,81,81,176,176,195,195,195,207,482,508,518,552,576,476,494,494,523,540,540,642,642,661,676,295,314,324,356,356,356,437,469,487,514,514,530,530,530,530,530,93,118,118],"floor_reached":56,"language":"ENG","playtime":3271,"items_purged":["Koishi:BasicStrike","Koishi:BasicStrike","Regret","Koishi:BasicDefend"],"score":1510,"play_id":"dfe3afa2-fdd1-4322-8656-7c032adaf823","local_time":"20210207235215","is_ascension_mode":true,"campfire_choices":[{"data":"Koishi:HauntingSlash","floor":6.0,"key":"SMITH"},{"data":"Koishi:PerfectMindControl","floor":8.0,"key":"SMITH"},{"data":"Koishi:SubconsciousSweep","floor":11.0,"key":"SMITH"},{"data":"Koishi:SprinkleStarAndHeart","floor":15.0,"key":"SMITH"},{"data":"Koishi:HeartStoppingHorror","floor":29.0,"key":"SMITH"},{"data":"Koishi:FleetingPhantom","floor":32.0,"key":"SMITH"},{"data":"Koishi:ImGoingToCallYouNow","floor":41.0,"key":"SMITH"},{"floor":49.0,"key":"RECALL"},{"data":"Koishi:MindStellarRelief","floor":52.0,"key":"SMITH"}],"circlet_count":0,"master_deck":["Koishi:BasicDefend","Koishi:BasicDefend+1","Koishi:BasicDefend+1","Koishi:Provoke","Koishi:HauntingSlash+1","Koishi:JumpScare","Koishi:YoukaiPolygraph","Koishi:PredatoryInstincts","Koishi:PerfectMindControl+1","Koishi:SubconsciousSweep+1","Koishi:SprinkleStarAndHeart+1","Koishi:HeartStoppingHorror+1","Koishi:RacingHeart+1","Koishi:DreadfulBlow","Koishi:PhantomBarrier","Koishi:MindStellarRelief+1","Koishi:FleetingPhantom+1","Koishi:SuperEgo+1","Koishi:UnseenTerror","Koishi:ReflexRadar+1","Koishi:FleetingPhantom+1","Koishi:UnconsciousUprising+1","Koishi:ImGoingToCallYouNow+1","Secret Technique+1","Koishi:HeartAttack","Koishi:SprinkleStarAndHeart","Koishi:PhantomBarrier+1","Koishi:RacingHeart+1"],"relics":["Koishi:ImaginaryFriend","Unceasing Top","Singing Bowl","Old Coin","Koishi:AHoleWhereASisterShouldBe","Lantern","Toolbox","Pen Nib","Koishi:ColorfulDays","RuthlessExorcism:ReiMu","Centennial Puzzle","Bag of Preparation","Boot","Coffee Dripper","Strawberry","MealTicket","Koishi:ImperfectMetamorphosis","Koishi:BloodstainedWhiteRose","Happy Flower","War Paint","Whetstone"],"acts_visited":["Exordium","TheCity","TheBeyond","TheEnding"],"potions_floor_usage":[55,55,55],"damage_taken":[{"damage":0.0,"enemies":"Small Slimes","floor":1.0,"turns":4.0},{"damage":0.0,"enemies":"Jaw Worm","floor":4.0,"turns":6.0},{"damage":18.0,"enemies":"3 Sentries","floor":7.0,"turns":14.0},{"damage":6.0,"enemies":"Gremlin Nob","floor":10.0,"turns":8.0},{"damage":0.0,"enemies":"2 Louse","floor":12.0,"turns":2.0},{"damage":0.0,"enemies":"Lots of Slimes","floor":14.0,"turns":3.0},{"damage":25.0,"enemies":"Hexaghost","floor":16.0,"turns":11.0},{"damage":10.0,"enemies":"Chosen","floor":18.0,"turns":3.0},{"damage":0.0,"enemies":"3 Byrds","floor":21.0,"turns":4.0},{"damage":41.0,"enemies":"Gremlin Leader","floor":23.0,"turns":6.0},{"damage":10.0,"enemies":"Sentry and Sphere","floor":24.0,"turns":3.0},{"damage":6.0,"enemies":"Book of Stabbing","floor":25.0,"turns":5.0},{"damage":2.0,"enemies":"Chosen and Byrds","floor":28.0,"turns":3.0},{"damage":3.0,"enemies":"Gremlin Leader","floor":30.0,"turns":5.0},{"damage":1.0,"enemies":"Centurion and Healer","floor":31.0,"turns":3.0},{"damage":28.0,"enemies":"Champ","floor":33.0,"turns":9.0},{"damage":0.0,"enemies":"3 Shapes","floor":35.0,"turns":1.0},{"damage":16.0,"enemies":"3 Darklings","floor":36.0,"turns":3.0},{"damage":0.0,"enemies":"4 Shapes","floor":38.0,"turns":2.0},{"damage":0.0,"enemies":"Sphere and 2 Shapes","floor":39.0,"turns":2.0},{"damage":27.0,"enemies":"Giant Head","floor":40.0,"turns":8.0},{"damage":0.0,"enemies":"Nemesis","floor":44.0,"turns":5.0},{"damage":0.0,"enemies":"Maw","floor":45.0,"turns":4.0},{"damage":9.0,"enemies":"Giant Head","floor":46.0,"turns":3.0},{"damage":0.0,"enemies":"4 Shapes","floor":48.0,"turns":1.0},{"damage":0.0,"enemies":"Time Eater","floor":50.0,"turns":6.0},{"damage":28.0,"enemies":"Shield and Spear","floor":54.0,"turns":4.0},{"damage":28,"enemies":"The Heart","floor":55,"turns":6}],"seed_played":"3838171499429888561","potions_obtained":[{"floor":1.0,"key":"Block Potion"},{"floor":12.0,"key":"Energy Potion"},{"floor":14.0,"key":"GrandPatriotsElixir:ReiMu"},{"floor":16.0,"key":"EntropicBrew"},{"floor":18.0,"key":"BlessingOfTheForge"},{"floor":23.0,"key":"Dexterity Potion"},{"floor":24.0,"key":"Fire Potion"},{"floor":30.0,"key":"DuplicationPotion"}],"is_trial":false,"path_per_floor":["M","?","?","M","?","R","E","R","T","E","R","M","$","M","R","B",null,"M","?","?","M","?","E","M","E","T","$","M","R","E","M","R","B",null,"M","M","$","M","M","E","R","?","T","E","M","E","?","M","R","B",null,"R","$","E","B",null],"character_chosen":"KOISHI","items_purchased":["Lantern","Toolbox","Pen Nib","CultistPotion","Strawberry","Happy Flower","War Paint"],"campfire_rested":0,"item_purchase_floors":[13,13,13,37,37,53,53],"current_hp_per_floor":[60,65,53,58,58,58,52,52,52,56,56,58,58,62,62,55,67,69,69,69,69,69,37,38,45,45,45,59,59,75,75,75,51,75,75,75,82,82,82,82,82,76,76,88,88,88,88,90,90,90,90,90,90,92,91],"gold":118,"neow_bonus":"HUNDRED_GOLD","is_daily":false,"chose_seed":false,"campfire_upgraded":8,"win_rate":0.0,"timestamp":1612731135,"path_taken":["M","?","?","M","?","R","E","R","T","E","R","M","$","?","R","BOSS","M","?","?","M","?","E","M","E","T","$","M","R","E","?","R","BOSS","M","M","$","M","M","E","R","?","T","E","M","E","?","?","R","BOSS","R","$","E","BOSS"],"items_purchased_type":["Relic","Relic","Relic","Potion","Relic","Relic","Relic"],"build_version":"2020-12-22","purchased_purges":4,"victory":true,"max_hp_per_floor":[60,65,65,65,65,65,65,65,65,65,65,65,65,67,67,67,67,69,69,69,69,69,69,71,71,71,71,73,73,75,75,75,75,75,75,75,82,82,82,82,82,86,86,88,88,88,88,90,90,90,90,90,90,92,92],"card_choices":[{"not_picked":["Koishi:FreudianInstinct","Koishi:BloodcurdlingScream"],"picked":"Koishi:JumpScare","floor":1.0},{"not_picked":["Koishi:JumpScare","Koishi:ReleaseOfTheId"],"picked":"Koishi:YoukaiPolygraph","floor":4.0},{"not_picked":["Koishi:EmbersOfLove","Koishi:SubterraneanRose"],"picked":"Koishi:PerfectMindControl","floor":7.0},{"not_picked":["Koishi:BloodcurdlingScream","Koishi:MassHysteria"],"picked":"Koishi:SubconsciousSweep","floor":10.0},{"not_picked":["Koishi:FourthEye","Koishi:Untouchable"],"picked":"Koishi:SprinkleStarAndHeart","floor":12.0},{"not_picked":["Koishi:Prune","Koishi:EmbryosDream","Koishi:TremblingHands"],"picked":"Singing Bowl","floor":14.0},{"not_picked":["Koishi:PerfectMindControl","Koishi:ConfinedInnocent"],"picked":"Koishi:HeartStoppingHorror","floor":16.0},{"not_picked":["Koishi:FourthEye+1","Koishi:SubterraneanRose","Koishi:RorschachInDanmaku+1"],"picked":"Singing Bowl","floor":18.0},{"not_picked":["Koishi:TremblingHands","Koishi:HeartfeltFancy"],"picked":"Koishi:DreadfulBlow","floor":21.0},{"not_picked":["Koishi:ApparitionsStalkTheNight","Koishi:UnconsciousUprising"],"picked":"Koishi:PhantomBarrier","floor":23.0},{"not_picked":["Koishi:PhantomStrike+1","Koishi:DNAsFlaw","Koishi:UnconsciousUprising"],"picked":"Singing Bowl","floor":24.0},{"not_picked":["Koishi:ApparitionsStalkTheNight+1","Koishi:UnansweredLove"],"picked":"Koishi:MindStellarRelief","floor":25.0},{"not_picked":["Koishi:BloodcurdlingScream+1","Koishi:UnansweredLove","Koishi:UnconsciousUrges"],"picked":"Singing Bowl","floor":28.0},{"not_picked":["Koishi:StrangeCloudFist","Koishi:RorschachInDanmaku","Koishi:Prune"],"picked":"Singing Bowl","floor":30.0},{"not_picked":["Koishi:DNAsFlaw","Koishi:Prune"],"picked":"Koishi:FleetingPhantom","floor":31.0},{"not_picked":["Koishi:RoseHell","Koishi:RollingInRichesHeart"],"picked":"Koishi:SuperEgo","floor":33.0},{"not_picked":["Koishi:ParalyzingFear+1","Koishi:BloodcurdlingScream"],"picked":"Koishi:UnseenTerror","floor":35.0},{"not_picked":["Koishi:DNAsFlaw","Koishi:UnseenTerror+1"],"picked":"Koishi:ReflexRadar+1","floor":36.0},{"not_picked":["Koishi:SprinkleStarAndHeart","Koishi:LastRemote"],"picked":"Koishi:FleetingPhantom+1","floor":38.0},{"not_picked":["Koishi:UnseenTerror+1","Koishi:FleetingPhantom"],"picked":"Koishi:UnconsciousUprising+1","floor":39.0},{"not_picked":["Koishi:EmbryosDream","Koishi:MentalBreakdown"],"picked":"Koishi:ImGoingToCallYouNow","floor":40.0},{"not_picked":["Blind","Jack Of All Trades","Good Instincts"],"picked":"Singing Bowl","floor":42.0},{"not_picked":["Impatience","Enlightenment"],"picked":"Secret Technique","floor":42.0},{"not_picked":["Jack Of All Trades","Panacea","Metamorphosis"],"picked":"Singing Bowl","floor":42.0},{"not_picked":["Koishi:ParalyzingFear","Koishi:PhantomStrike","Koishi:EmbersOfLove+1"],"picked":"Singing Bowl","floor":44.0},{"not_picked":["Koishi:DreadfulBlow+1","Koishi:SpiritedAway+1"],"picked":"Koishi:PhantomBarrier+1","floor":45.0},{"not_picked":["Koishi:SubconsciousSweep+1","Koishi:Prune+1"],"picked":"Koishi:RacingHeart+1","floor":46.0},{"not_picked":["Koishi:ParalyzingFear","Koishi:SuperEgo","Koishi:PhantomStrike"],"picked":"Singing Bowl","floor":48.0},{"not_picked":["Koishi:EmbersOfLove","Koishi:SuperEgo","Koishi:DreadfulBlow"],"picked":"Singing Bowl","floor":54.0}],"player_experience":279927,"relics_obtained":[{"floor":7.0,"key":"Singing Bowl"},{"floor":9.0,"key":"Old Coin"},{"floor":10.0,"key":"Koishi:AHoleWhereASisterShouldBe"},{"floor":23.0,"key":"RuthlessExorcism:ReiMu"},{"floor":25.0,"key":"Centennial Puzzle"},{"floor":26.0,"key":"Bag of Preparation"},{"floor":30.0,"key":"Boot"},{"floor":40.0,"key":"MealTicket"},{"floor":44.0,"key":"Koishi:ImperfectMetamorphosis"},{"floor":46.0,"key":"Koishi:BloodstainedWhiteRose"},{"floor":54.0,"key":"Whetstone"}],"event_choices":[{"damage_healed":0.0,"max_hp_gain":5.0,"max_hp_loss":0.0,"gold_gain":0.0,"event_name":"Big Fish","player_choice":"Donut","floor":2.0,"gold_loss":0.0,"damage_taken":0.0},{"damage_healed":0.0,"max_hp_gain":0.0,"max_hp_loss":0.0,"gold_gain":0.0,"event_name":"Scrap Ooze","player_choice":"Success","floor":3.0,"gold_loss":0.0,"damage_taken":12.0,"relics_obtained":["Unceasing Top"]},{"damage_healed":0.0,"max_hp_gain":0.0,"max_hp_loss":0.0,"gold_gain":0.0,"event_name":"Match and Keep!","player_choice":"1 cards matched","floor":5.0,"gold_loss":0.0,"damage_taken":0.0,"cards_obtained":["Koishi:PredatoryInstincts"]},{"damage_healed":0.0,"max_hp_gain":0.0,"max_hp_loss":0.0,"gold_gain":0.0,"event_name":"The Library","player_choice":"Read","floor":19.0,"gold_loss":0.0,"damage_taken":0.0,"cards_obtained":["Koishi:RacingHeart"]},{"damage_healed":0.0,"max_hp_gain":0.0,"max_hp_loss":0.0,"gold_gain":0.0,"event_name":"Vampires","player_choice":"Ignored","floor":20.0,"gold_loss":0.0,"damage_taken":0.0},{"damage_healed":0.0,"max_hp_gain":0.0,"max_hp_loss":0.0,"gold_gain":275.0,"event_name":"Golden Shrine","player_choice":"Desecrate","floor":22.0,"gold_loss":0.0,"damage_taken":0.0,"cards_obtained":["Regret"]},{"damage_healed":0.0,"max_hp_gain":0.0,"max_hp_loss":0.0,"gold_gain":0.0,"event_name":"SensoryStone","player_choice":"Memory 3","floor":42.0,"gold_loss":0.0,"damage_taken":10.0},{"damage_healed":0.0,"max_hp_gain":0.0,"max_hp_loss":0.0,"gold_gain":0.0,"event_name":"Upgrade Shrine","player_choice":"Upgraded","floor":47.0,"gold_loss":0.0,"damage_taken":0.0,"cards_upgraded":["Secret Technique"]}],"is_beta":false,"boss_relics":[{"not_picked":["Fusion Hammer","Pandora\u0027s Box"],"picked":"Koishi:ColorfulDays"},{"not_picked":["Philosopher\u0027s Stone","Runic Pyramid"],"picked":"Coffee Dripper"}],"items_purged_floors":[13,27,37,53],"is_endless":false,"potions_floor_spawned":[1,12,14,16,18,23,24,30,31,35,40,45,46],"ascension_level":1}}