{"host":"5rycm1ajjg5acc5q","time":1612674553,"event":{"mods":["BaseMod","Better Third Choice","Highlight Path","Minty Spire (QoL Compilation)","Replay The Spire","StSLib"],"gold_per_floor":[119,119,131,197,213,242,292,292,364,364,60,175,225,238,238,335,335,351,361,168,184,254,283,358,408,460,510,540,590,640,655,655,752,752,767,921,341,391,441,473,523,523,574,574,603,603,638,688,688,688,688,688,149,180,180],"floor_reached":56,"language":"ENG","playtime":4872,"items_purged":["Strike_R","Strike_R","Looming Evil","Strike_R"],"score":1205,"play_id":"02241fd2-ecdf-49b0-880e-161312cb9186","local_time":"20210206230913","is_ascension_mode":true,"campfire_choices":[{"data":"Offering","floor":8,"key":"SMITH"},{"data":"Bash","floor":10,"key":"SMITH"},{"floor":15,"key":"REST"},{"data":"Brutality","floor":32,"key":"SMITH"},{"floor":42,"key":"RECALL"},{"data":"Regret","floor":44,"key":"PURGE"},{"data":"Whirlwind","floor":49,"key":"SMITH"},{"data":"Defend_R","floor":52,"key":"PURGE"}],"circlet_count":0,"master_deck":["Strike_R+1","Defend_R","Defend_R","Bash+1","Pommel Strike+1","Offering+1","Ghostly Armor","Rupture+1","Hemokinesis+1","Combust","Armaments+1","Reaper","Cleave","Sword Boomerang+1","Forethought+1","True Grit+1","Thunderclap","Pummel","Brutality+1","Defy Death+1","Double Tap+1","ReplayTheSpireMod:Splinters","Blood for Blood+1","ReplayTheSpireMod:Splinters","Twin Strike+1","True Grit+1","Secret Technique+1","Armaments+1","Rupture+1","Purity+1","Jack Of All Trades+1","Survey Options+1","Hemogenesis+1","Whirlwind+1","Thinking Ahead+1","Shockwave+1","Evolve+1","Shrug It Off+1","ThirdEye+1"],"relics":["Burning Blood","SsserpentHead","Bird Faced Urn","Toxic Egg 2","HandDrill","Electric Blood","Replay:Wax Seal","Red Mask","Eternal Feather","Juzu Bracelet","Chameleon Ring","Pocketwatch","Replay:Ancient Bell","Blood Vial","Golden Egg","Pondfish Scales","Omamori","Membership Card","Anchor","Peace Pipe","WingedGreaves","Ice Cream","Whetstone","WarpedTongs","Vajra","Replay:Baseball","PrismaticShard","Replay:Rubber Ducky"],"acts_visited":["Exordium","TheCity","TheBeyond","TheEnding"],"potions_floor_usage":[6,16,23,28,31,35,40,46,54,54,55],"damage_taken":[{"damage":10,"enemies":"Small Slimes","floor":1,"turns":4},{"damage":0,"enemies":"Cultist","floor":3,"turns":4},{"damage":11,"enemies":"Jaw Worm","floor":4,"turns":3},{"damage":11,"enemies":"Looter","floor":5,"turns":2},{"damage":35,"enemies":"Lagavulin","floor":6,"turns":9},{"damage":3,"enemies":"Large Slime","floor":14,"turns":4},{"damage":46,"enemies":"Hexaghost","floor":16,"turns":6},{"damage":19,"enemies":"Spheric Guardian","floor":18,"turns":3},{"damage":8,"enemies":"Chosen","floor":19,"turns":3},{"damage":17,"enemies":"Centurion and Healer","floor":21,"turns":3},{"damage":15,"enemies":"Chosen and Byrds","floor":22,"turns":3},{"damage":36,"enemies":"Gremlin Leader","floor":23,"turns":4},{"damage":13,"enemies":"Masked Bandits","floor":24,"turns":2},{"damage":53,"enemies":"Slavers","floor":28,"turns":4},{"damage":17,"enemies":"Snecko","floor":31,"turns":4},{"damage":25,"enemies":"Pondfish","floor":33,"turns":3},{"damage":55,"enemies":"3 Darklings","floor":35,"turns":4},{"damage":36,"enemies":"R_Hoarder","floor":40,"turns":4},{"damage":23,"enemies":"Reptomancer","floor":45,"turns":2},{"damage":19,"enemies":"R_Hoarder","floor":47,"turns":2},{"damage":39,"enemies":"Replay:Hell Engine","floor":50,"turns":4},{"damage":35,"enemies":"Shield and Spear","floor":54,"turns":2},{"damage":85,"enemies":"The Heart","floor":55,"turns":4}],"seed_played":"-5057725355594171222","potions_obtained":[{"floor":1,"key":"EssenceOfSteel"},{"floor":6,"key":"Weak Potion"},{"floor":16,"key":"SkillPotion"},{"floor":19,"key":"BlessingOfTheForge"},{"floor":22,"key":"SneckoOil"},{"floor":24,"key":"CultistPotion"},{"floor":28,"key":"ColorlessPotion"},{"floor":31,"key":"Elixir"},{"floor":46,"key":"Fruit Juice"},{"floor":46,"key":"Fire Potion"},{"floor":47,"key":"DistilledChaos"}],"is_trial":false,"path_per_floor":["M","?","M","M","M","E","?","R","T","R","$","?","?","M","R","B",null,"M","M","$","M","M","E","?","T","T","?","E","?","?","M","R","B",null,"M","?","$","?","?","E","?","R","T","R","E","R","E","?","R","B",null,"R","$","E","B",null],"character_chosen":"IRONCLAD","items_purchased":["Combust","HandDrill","Forethought+1","Membership Card","Anchor","Peace Pipe","True Grit+1","Secret Technique+1","Armaments+1","Vajra","Replay:Baseball","Thinking Ahead+1","Shockwave+1","Evolve","Shrug It Off+1","DistilledChaos","PrismaticShard","Adrenaline Potion"],"campfire_rested":1,"item_purchase_floors":[11,11,20,37,37,37,37,37,37,53,53,53,53,53,53,53,53,53],"current_hp_per_floor":[68,68,74,69,64,35,35,35,35,35,35,35,35,42,70,34,96,96,96,96,91,96,70,67,67,67,67,57,57,57,77,89,94,96,96,96,96,96,86,72,72,91,91,91,91,98,89,89,98,71,98,98,98,89,24],"gold":180,"neow_bonus":"TWENTY_PERCENT_HP_BONUS","is_daily":false,"chose_seed":false,"campfire_upgraded":4,"win_rate":0.0,"timestamp":1612674553,"path_taken":["M","?","M","?","M","E","?","R","T","R","$","?","?","M","R","BOSS","M","M","$","M","?","E","?","?","T","?","E","?","?","M","R","BOSS","M","?","$","?","?","E","?","R","T","R","E","R","E","?","R","BOSS","R","$","E","BOSS"],"items_purchased_type":["Card","Relic","Card","Relic","Relic","Relic","Card","Card","Card","Relic","Relic","Card","Card","Card","Card","Potion","Relic","Potion"],"build_version":"2020-12-22","purchased_purges":4,"victory":true,"max_hp_per_floor":[96,96,96,96,96,96,96,96,96,96,96,96,96,96,96,96,96,96,96,96,96,96,96,96,96,96,96,96,96,96,96,96,96,96,96,96,96,96,96,96,91,91,91,91,91,98,98,98,98,98,98,98,98,98,98],"card_choices":[{"not_picked":["Feel No Pain","Anger"],"picked":"Pommel Strike","floor":1},{"not_picked":["ReplayTheSpireMod:Strike From Hell","Sword Boomerang","Reckless Charge"],"picked":"SKIP","floor":3},{"not_picked":["Thunderclap","Warcry"],"picked":"Offering","floor":4},{"not_picked":["Replay:Undeath\u0027s Touch","Wild Strike"],"picked":"Ghostly Armor","floor":5},{"not_picked":["Heavy Blade","Clothesline"],"picked":"Rupture","floor":6},{"not_picked":["Cleave","Rampage"],"picked":"Armaments+1","floor":14},{"not_picked":["Impervious+1","Barricade"],"picked":"Reaper","floor":16},{"not_picked":["Flex+1","Headbutt"],"picked":"Cleave","floor":18},{"not_picked":["Dual Wield+1","Anger"],"picked":"Sword Boomerang+1","floor":19},{"not_picked":["Shrug It Off+1","Carnage+1"],"picked":"True Grit+1","floor":21},{"not_picked":["Ghostly Armor+1","Second Wind+1"],"picked":"Thunderclap","floor":22},{"not_picked":["Shrug It Off+1","Clothesline"],"picked":"Pummel","floor":23},{"not_picked":["Warcry+1","Body Slam"],"picked":"Brutality","floor":24},{"not_picked":["Heavy Blade+1","Replay:Undeath\u0027s Touch","Abandon+1"],"picked":"SKIP","floor":28},{"not_picked":["Clothesline","Anger"],"picked":"Defy Death+1","floor":31},{"not_picked":["Juggernaut","Eclipse+1"],"picked":"Double Tap+1","floor":33},{"not_picked":["Normality","Delirium"],"picked":"Looming Evil","floor":34},{"not_picked":["ReplayTheSpireMod:Doomed","CurseOfTheBell"],"picked":"ReplayTheSpireMod:Splinters","floor":34},{"not_picked":["Shame","Hallucinations"],"picked":"Regret","floor":34},{"not_picked":["ReplayReversal+1","Seeing Red+1"],"picked":"Blood for Blood+1","floor":35},{"not_picked":["Cleave+1","ReplayTheSpireMod:LeadingStrike+1"],"picked":"Twin Strike+1","floor":36},{"not_picked":["Transmutation+1","PanicButton+1"],"picked":"Purity+1","floor":39},{"not_picked":["Replay:BasicMightCard","Swift Strike"],"picked":"Jack Of All Trades+1","floor":39},{"not_picked":["Secret Technique+1","Crow Ritual"],"picked":"Survey Options+1","floor":39},{"not_picked":["True Grit+1","Pommel Strike+1"],"picked":"Hemogenesis","floor":40},{"not_picked":["Inflame","Entrench+1","Metallicize"],"picked":"SKIP","floor":45},{"not_picked":["Second Wind+1","Perfected Strike"],"picked":"Whirlwind","floor":47},{"not_picked":["Finesse+1","Stack+1"],"picked":"ThirdEye+1","floor":54}],"player_experience":84376,"relics_obtained":[{"floor":6,"key":"Bird Faced Urn"},{"floor":9,"key":"Toxic Egg 2"},{"floor":23,"key":"Replay:Wax Seal"},{"floor":24,"key":"Red Mask"},{"floor":25,"key":"Eternal Feather"},{"floor":26,"key":"Juzu Bracelet"},{"floor":28,"key":"Pocketwatch"},{"floor":36,"key":"Omamori"},{"floor":40,"key":"WingedGreaves"},{"floor":45,"key":"Ice Cream"},{"floor":47,"key":"Whetstone"},{"floor":54,"key":"Replay:Rubber Ducky"}],"event_choices":[{"damage_healed":0,"gold_gain":0,"player_choice":"Trade","damage_taken":0,"relics_obtained":["SsserpentHead"],"max_hp_gain":0,"max_hp_loss":0,"event_name":"FaceTrader","floor":2,"gold_loss":0},{"damage_healed":0,"gold_gain":65,"player_choice":"Gained Gold","damage_taken":0,"max_hp_gain":0,"max_hp_loss":0,"event_name":"Golden Wing","floor":12,"gold_loss":0},{"damage_healed":0,"gold_gain":0,"player_choice":"Upgraded","damage_taken":0,"max_hp_gain":0,"max_hp_loss":0,"event_name":"Upgrade Shrine","floor":13,"gold_loss":0,"cards_upgraded":["Rupture"]},{"damage_healed":0,"gold_gain":0,"player_choice":"Fought Bandits","damage_taken":0,"max_hp_gain":0,"max_hp_loss":0,"event_name":"Masked Bandits","floor":24,"gold_loss":0},{"cards_removed":["Strike_R"],"damage_healed":0,"gold_gain":0,"player_choice":"Purged","damage_taken":0,"max_hp_gain":0,"max_hp_loss":0,"event_name":"Purifier","floor":29,"gold_loss":0},{"damage_healed":0,"gold_gain":0,"player_choice":"Ignored","damage_taken":0,"max_hp_gain":0,"max_hp_loss":0,"event_name":"Vampires","floor":30,"gold_loss":0},{"damage_healed":0,"gold_gain":0,"player_choice":"Copied","damage_taken":0,"max_hp_gain":0,"max_hp_loss":0,"event_name":"Duplicator","floor":38,"gold_loss":0,"cards_obtained":["Rupture"]},{"damage_healed":0,"gold_gain":0,"player_choice":"Memory 3","damage_taken":10,"max_hp_gain":0,"max_hp_loss":0,"event_name":"SensoryStone","floor":39,"gold_loss":0},{"damage_healed":0,"gold_gain":0,"player_choice":"Max HP","damage_taken":0,"max_hp_gain":0,"max_hp_loss":5,"event_name":"Winding Halls","floor":41,"gold_loss":0},{"damage_healed":0,"gold_gain":0,"player_choice":"Rummage","damage_taken":0,"relics_obtained":["WarpedTongs"],"max_hp_gain":0,"max_hp_loss":0,"event_name":"Accursed Blacksmith","floor":48,"gold_loss":0,"cards_obtained":["Pain"]}],"is_beta":false,"boss_relics":[{"not_picked":["Honey Jar","Ooze Armor"],"picked":"Electric Blood"},{"not_picked":["Kintsugi","Coffee Dripper"],"picked":"Replay:Ancient Bell"},{"not_picked":["Ancient Tea Set","Gremlin Food"],"picked":"Blood Vial"},{"not_picked":["Question Card","Kunai"],"picked":"Golden Egg"},{"not_picked":["Girya","Unceasing Top"],"picked":"Pondfish Scales"}],"items_purged_floors":[11,20,37,53],"is_endless":false,"potions_floor_spawned":[1,6,16,19,22,24,28,31,47],"ascension_level":1}}