{"host":"4nqeo0vu1vuav7gg","time":1612726904,"event":{"mods":["AchievementEnabler","BaseMod","Block Reminder","Colored Map","Colored Powertips","Highlight Path","Minty Spire (QoL Compilation)","Quick Restart","Rare Cards Sparkle","Relic Relevance Reorder","StSLib"],"gold_per_floor":[16,31,51,68,81,81,81,81,108,108,108],"floor_reached":10,"language":"ENG","playtime":396,"items_purged":[],"score":120,"play_id":"b36cddcb-67a8-4c25-a991-6570406fbbc8","local_time":"20210207204144","is_ascension_mode":true,"campfire_choices":[{"data":"Hyperbeam","floor":6,"key":"SMITH"},{"data":"Sunder","floor":8,"key":"SMITH"}],"circlet_count":0,"master_deck":["AscendersBane","Strike_B","Strike_B","Strike_B","Strike_B","Defend_B","Defend_B","Defend_B","Defend_B","Zap","Dualcast","Hyperbeam+1","Sunder+1","Cold Snap","Undo","Cold Snap","Cold Snap","Injury"],"relics":["Cracked Core","Golden Idol"],"acts_visited":["Exordium"],"potions_floor_usage":[],"damage_taken":[{"damage":1.0,"enemies":"Cultist","floor":1.0,"turns":3.0},{"damage":0.0,"enemies":"2 Louse","floor":2.0,"turns":2.0},{"damage":10.0,"enemies":"Jaw Worm","floor":3.0,"turns":2.0},{"damage":6.0,"enemies":"Exordium Thugs","floor":4.0,"turns":4.0},{"damage":8,"enemies":"3 Louse","floor":5,"turns":3},{"damage":52,"enemies":"Gremlin Nob","floor":10,"turns":4}],"seed_played":"3421770715377413306","potions_obtained":[{"floor":2.0,"key":"BlessingOfTheForge"},{"floor":3.0,"key":"PowerPotion"}],"is_trial":false,"path_per_floor":["M","M","M","M","M","R","?","R","T","E"],"character_chosen":"DEFECT","items_purchased":[],"campfire_rested":0,"item_purchase_floors":[],"current_hp_per_floor":[63,63,53,47,39,39,39,39,39,0,0],"gold":108,"neow_bonus":"THREE_RARE_CARDS","is_daily":false,"chose_seed":false,"campfire_upgraded":2,"win_rate":0.0,"timestamp":1612726904,"path_taken":["M","?","M","?","M","R","?","R","T","E"],"items_purchased_type":[],"build_version":"2020-12-22","purchased_purges":0,"victory":false,"max_hp_per_floor":[71,71,71,71,71,71,71,71,71,71,71],"card_choices":[{"not_picked":["Rainbow","Seek"],"picked":"Hyperbeam","floor":0.0},{"not_picked":["Turbo","Reprogram"],"picked":"Sunder","floor":1.0},{"not_picked":["Coolheaded","Double Energy"],"picked":"Cold Snap","floor":2.0},{"not_picked":["Sweeping Beam","Darkness"],"picked":"Undo","floor":3.0},{"not_picked":["Coolheaded","Stack"],"picked":"Cold Snap","floor":4.0},{"not_picked":["Redo","BootSequence"],"picked":"Cold Snap","floor":5}],"player_experience":1096436,"relics_obtained":[],"event_choices":[{"damage_healed":0,"gold_gain":0,"player_choice":"Take Wound","damage_taken":0,"relics_obtained":["Golden Idol"],"max_hp_gain":0,"max_hp_loss":0,"event_name":"Golden Idol","floor":7,"gold_loss":0,"cards_obtained":["Injury"]}],"is_beta":false,"boss_relics":[],"items_purged_floors":[],"is_endless":false,"potions_floor_spawned":[2,3],"killed_by":"Gremlin Nob","ascension_level":20}}