{"host":"8oad2sh1i7kph5eo","time":1612720432,"event":{"mods":["AchievementEnabler","BaseMod","Downfall","Minty Spire (QoL Compilation)","Replay The Spire","Spicy Shops","StSLib"],"gold_per_floor":[166,180,197,213,1,1,46,78,95,95,5,24,41,41,61,158,158,158,171,184,199,249,279,330,330,330,347,360,360,19,19,19,19,19,19],"floor_reached":33,"language":"ENG","playtime":3079,"items_purged":["Guardian:Strike_Guardian","Replay:Hysterical Blindness"],"score":296,"play_id":"045fd944-026f-49b5-89a5-be58e5c46d4d","local_time":"20210207095352","is_ascension_mode":true,"campfire_choices":[{"data":"Guardian:Suspension","floor":6.0,"key":"SMITH"},{"data":"Guardian:GemFinder","floor":10.0,"key":"SMITH"},{"data":"Guardian:ExploitGems","floor":18.0,"key":"SMITH"},{"floor":26.0,"key":"REST"},{"data":"Guardian:Planning","floor":29.0,"key":"SMITH"}],"circlet_count":0,"master_deck":["Guardian:Strike_Guardian","Guardian:Strike_Guardian","Guardian:Strike_Guardian","Guardian:Defend_Guardian","Guardian:Defend_Guardian","Guardian:Defend_Guardian","Guardian:Defend_Guardian","Guardian:CurlUp","Guardian:TwinSlam","Guardian:WalkerClaw","Guardian:ChargeCore","Guardian:Suspension+1","Guardian:GemFinder+1","Guardian:Planning+1","Guardian:TemporalStrike","Guardian:BronzeOrb","Guardian:MultiBeam","Guardian:ExploitGems+1","Guardian:Gem_Cyan","Guardian:DecasProtection","Guardian:Gem_Lightblue","Guardian:TemporalStrike","Guardian:Gem_Cyan","Guardian:Suspension+1","Voices","Guardian:Gem_Cyan","Guardian:Gem_Red","Guardian:Gem_Green","Guardian:BronzeOrb","Guardian:Gem_Red","Guardian:PiercingHide","Guardian:Gem_Lightblue","Guardian:Planning+1"],"relics":["Guardian:ModeShifter","Bronze Scales","Ginger","Guardian:PickAxe","Painkiller Herb","Ring of Searing","Ring of Greed","Blue Doll","Replay:Wax Seal","Bag of Marbles","PreservedInsect","Nloth\u0027s Gift","Membership Card","Eternal Feather"],"acts_visited":["Exordium","TheCity"],"potions_floor_usage":[],"damage_taken":[{"damage":1.0,"enemies":"Cultist","floor":2.0,"turns":4.0},{"damage":3.0,"enemies":"2 Louse","floor":3.0,"turns":4.0},{"damage":7.0,"enemies":"Jaw Worm","floor":4.0,"turns":3.0},{"damage":5.0,"enemies":"downfall:FleeingMerchant","floor":5.0,"turns":4.0},{"damage":22.0,"enemies":"Lagavulin","floor":8.0,"turns":7.0},{"damage":5.0,"enemies":"2 Fungi Beasts","floor":9.0,"turns":4.0},{"damage":0.0,"enemies":"downfall:FleeingMerchant","floor":11.0,"turns":4.0},{"damage":12.0,"enemies":"Gremlin Gang","floor":12.0,"turns":4.0},{"damage":5.0,"enemies":"Blue Slaver","floor":13.0,"turns":2.0},{"damage":0.0,"enemies":"Blue Slaver","floor":14.0,"turns":4.0},{"damage":1.0,"enemies":"Exordium Wildlife","floor":15.0,"turns":4.0},{"damage":14.0,"enemies":"IC_STATUS_ARCHETYPE","floor":16.0,"turns":9.0},{"damage":3.0,"enemies":"3 Byrds","floor":19.0,"turns":4.0},{"damage":13.0,"enemies":"Centurion and Healer","floor":20.0,"turns":8.0},{"damage":30.0,"enemies":"Snecko","floor":21.0,"turns":5.0},{"damage":16.0,"enemies":"Book of Stabbing","floor":23.0,"turns":5.0},{"damage":23.0,"enemies":"Chosen and Byrds","floor":27.0,"turns":4.0},{"damage":14.0,"enemies":"Centurion and Healer","floor":28.0,"turns":14.0},{"damage":8.0,"enemies":"downfall:FleeingMerchant","floor":30.0,"turns":4.0},{"damage":14,"enemies":"Snake Plant","floor":33,"turns":1}],"seed_played":"-7586549355776720103","potions_obtained":[{"floor":8.0,"key":"Guardian:BlockOnCardUsePotion"},{"floor":9.0,"key":"SteroidPotion"},{"floor":12.0,"key":"LifebloodPotion"},{"floor":13.0,"key":"PowerPotion"},{"floor":15.0,"key":"FearPotion"},{"floor":19.0,"key":"champ:CounterPotion"},{"floor":20.0,"key":"Dexterity Potion"}],"is_trial":false,"path_per_floor":["R","M","M","M","$","R","T","E","M","R","$","M","M","?","M","B",null,"T","?","?","?","?","E","T","?","T","?","?","T","T","PTL","PTL","?"],"character_chosen":"GUARDIAN","items_purchased":["Guardian:Gem_Lightblue","Bronze Scales","Membership Card","Eternal Feather"],"campfire_rested":1,"item_purchase_floors":[5,5,30,30],"current_hp_per_floor":[88,87,84,77,72,72,72,50,45,45,45,33,28,28,27,13,88,88,85,72,42,42,26,26,26,52,29,15,15,7,7,7,0,0,0],"gold":19,"neow_bonus":"TEN_PERCENT_HP_BONUS","is_daily":false,"chose_seed":false,"campfire_upgraded":4,"win_rate":0.0,"timestamp":1612720432,"path_taken":["R","M","M","M","$","R","T","E","?","R","$","?","M","?","M","BOSS","T","?","?","?","?","E","T","?","T","?","?","T","T","PTL","PTL","?"],"items_purchased_type":["Card","Relic","Relic","Relic"],"build_version":"2020-12-22","purchased_purges":2,"victory":false,"max_hp_per_floor":[88,88,88,88,88,88,88,88,88,88,88,88,88,88,88,88,88,88,88,88,88,88,88,88,88,88,88,88,88,88,88,88,88,88,88],"card_choices":[{"not_picked":["Guardian:Recover","Guardian:BronzeArmor"],"picked":"Guardian:WalkerClaw","floor":2.0},{"not_picked":["Guardian:ChargeUp","Guardian:MultiBeam"],"picked":"Guardian:ChargeCore","floor":3.0},{"not_picked":["Guardian:Clone","Guardian:PrismaticBarrier"],"picked":"Guardian:Suspension","floor":4.0},{"not_picked":["Guardian:PiercingHide","Guardian:Gem_Red"],"picked":"Guardian:Gem_Purple","floor":5.0},{"not_picked":["Guardian:DecasProtection","Guardian:TimeCapacitor"],"picked":"Guardian:GemFinder","floor":8.0},{"not_picked":["Guardian:Gem_Red","Guardian:Gem_Lightblue"],"picked":"Guardian:Gem_Green","floor":9.0},{"not_picked":["Guardian:Preprogram","Guardian:PiercingHide"],"picked":"Guardian:Planning","floor":9.0},{"not_picked":["Guardian:Gem_Green","Guardian:Gem_Lightblue"],"picked":"Guardian:Gem_Red","floor":11.0},{"not_picked":["Guardian:ShieldCharger","Guardian:Gem_Crimson"],"picked":"Guardian:TemporalStrike","floor":11.0},{"not_picked":["Guardian:Gem_Lightblue","Guardian:Gem_Green"],"picked":"Guardian:Gem_Cyan","floor":12.0},{"not_picked":["Guardian:Gem_Lightblue","Guardian:Reroute"],"picked":"Guardian:BronzeOrb","floor":12.0},{"not_picked":["Guardian:Gem_Green","Guardian:Gem_Cyan"],"picked":"Guardian:Gem_Red","floor":13.0},{"not_picked":["Guardian:BodySlam","Guardian:PolyBeam"],"picked":"Guardian:Gem_Yellow","floor":13.0},{"not_picked":["Guardian:Gem_Red","Guardian:Gem_Lightblue"],"picked":"Guardian:Gem_Green","floor":15.0},{"not_picked":["Guardian:Recover","Guardian:Repulse"],"picked":"Guardian:MultiBeam","floor":15.0},{"not_picked":["Guardian:Gem_Lightblue","Guardian:Gem_Green"],"picked":"Guardian:Gem_Cyan","floor":16.0},{"not_picked":["Guardian:StasisStrike","Guardian:ConstructionForm"],"picked":"Guardian:ExploitGems","floor":16.0},{"not_picked":["Guardian:Gem_Red","Guardian:Gem_Green"],"picked":"Guardian:Gem_Cyan","floor":19.0},{"not_picked":["Guardian:PolyBeam","Guardian:BodySlam"],"picked":"Guardian:DecasProtection","floor":19.0},{"not_picked":["Guardian:Gem_Cyan","Guardian:Gem_Red"],"picked":"Guardian:Gem_Lightblue","floor":20.0},{"not_picked":["Guardian:GuardianWhirl+1","Guardian:Incinerate"],"picked":"Guardian:TemporalStrike","floor":20.0},{"not_picked":["Guardian:Gem_Red","Guardian:Gem_Lightblue"],"picked":"Guardian:Gem_Cyan","floor":21.0},{"not_picked":["Guardian:Reroute","Guardian:Gem_Cyan"],"picked":"Guardian:Suspension+1","floor":21.0},{"not_picked":["Guardian:Gem_Lightblue","Guardian:Gem_Red"],"picked":"Guardian:Gem_Cyan","floor":23.0},{"not_picked":["Guardian:BronzeArmor","Guardian:WalkerClaw"],"picked":"Guardian:Gem_Red","floor":23.0},{"not_picked":["Guardian:Gem_Lightblue","Guardian:Gem_Red"],"picked":"Guardian:Gem_Green","floor":27.0},{"not_picked":["Guardian:Gem_Cyan","Guardian:Preprogram+1"],"picked":"Guardian:BronzeOrb","floor":27.0},{"not_picked":["Guardian:Gem_Lightblue","Guardian:Gem_Cyan"],"picked":"Guardian:Gem_Red","floor":28.0},{"not_picked":["Guardian:Planning","Guardian:EvasiveProtocol+1"],"picked":"Guardian:PiercingHide","floor":28.0},{"not_picked":["Guardian:Gem_Green","Guardian:Gem_Red"],"picked":"Guardian:Gem_Lightblue","floor":30},{"not_picked":["Guardian:GatlingBeam","Guardian:PiercingHide"],"picked":"Guardian:Planning+1","floor":30}],"player_experience":187964,"relics_obtained":[{"floor":7.0,"key":"Lantern"},{"floor":8.0,"key":"Ginger"},{"floor":22.0,"key":"Ring of Searing"},{"floor":22.0,"key":"Ring of Greed"},{"floor":22.0,"key":"Blue Doll"},{"floor":22.0,"key":"Replay:Wax Seal"},{"floor":23.0,"key":"Bag of Marbles"},{"floor":24.0,"key":"PreservedInsect"}],"event_choices":[],"is_beta":false,"boss_relics":[{"not_picked":["Ring of Chaos","SacredBark"],"picked":"Painkiller Herb"}],"items_purged_floors":[11,30],"is_endless":false,"potions_floor_spawned":[8,9,12,13,15,19,20],"killed_by":"Snake Plant","ascension_level":2}}