{"host":"Jinnai","time":1612669687,"event":{"mods":["BaseMod","Bestiary","Block Reminder","Colored Map","Colored Powertips","Curses Come First","Highlight Path","Minty Spire (QoL Compilation)","Permanent Neow","Potion Indicator Mod","Quick Restart","Relic Stats","Slay-I","StSLib","ojb\u0027s Info Mod"],"gold_per_floor":[118,131,150,150,65,65,93,106,106,141,154,172,172,182,182,182,182],"floor_reached":16,"language":"ENG","playtime":636,"items_purged":[],"score":228,"play_id":"5bee1f18-ee2e-404b-9061-0ed5f6403d82","local_time":"20210206224807","is_ascension_mode":true,"campfire_choices":[{"data":"Bash","floor":6.0,"key":"SMITH"},{"data":"Carnage","floor":13,"key":"SMITH"},{"data":"Fire Breathing","floor":15,"key":"SMITH"}],"circlet_count":0,"master_deck":["AscendersBane","Strike_R","Strike_R","Strike_R","Strike_R","Defend_R","Defend_R","Defend_R","Defend_R","Bash+1","Clothesline","Armaments","Whirlwind","Fire Breathing+1","Carnage+1","Headbutt","Spot Weakness","Carnage+1","Dual Wield"],"relics":["Burning Blood","FossilizedHelix","Art of War","Centennial Puzzle","Molten Egg 2"],"acts_visited":["Exordium"],"potions_floor_usage":[10,16],"damage_taken":[{"damage":0.0,"enemies":"2 Louse","floor":1.0,"turns":4.0},{"damage":0.0,"enemies":"Jaw Worm","floor":2.0,"turns":3.0},{"damage":3.0,"enemies":"Cultist","floor":3.0,"turns":4.0},{"damage":27.0,"enemies":"Gremlin Nob","floor":7.0,"turns":4.0},{"damage":3.0,"enemies":"Looter","floor":8.0,"turns":3.0},{"damage":20,"enemies":"Lagavulin","floor":10,"turns":5},{"damage":7,"enemies":"3 Louse","floor":11,"turns":3},{"damage":12,"enemies":"Large Slime","floor":12,"turns":4},{"damage":0,"enemies":"2 Fungi Beasts","floor":14,"turns":2},{"damage":33,"enemies":"Hexaghost","floor":16,"turns":8}],"seed_played":"-7141515999517278594","potions_obtained":[{"floor":2.0,"key":"Block Potion"},{"floor":7.0,"key":"SteroidPotion"},{"floor":10,"key":"CultistPotion"}],"is_trial":false,"path_per_floor":["M","M","M","?","$","R","E","M","T","E","M","M","R","M","R","B"],"character_chosen":"IRONCLAD","items_purchased":["Carnage"],"campfire_rested":0,"item_purchase_floors":[5],"current_hp_per_floor":[56,62,65,65,65,65,44,47,47,33,32,26,26,32,32,0,0],"gold":182,"neow_bonus":"ONE_RARE_RELIC","is_daily":false,"chose_seed":false,"campfire_upgraded":3,"win_rate":0.0,"timestamp":1612669687,"path_taken":["M","M","M","?","$","R","E","M","T","E","M","M","R","M","R","BOSS"],"items_purchased_type":["Card"],"build_version":"2020-12-18","purchased_purges":0,"victory":false,"max_hp_per_floor":[75,75,75,75,75,75,75,75,75,75,75,75,75,75,75,75,75],"relic_stats":{"Centennial Puzzle":[12],"counters":[10,40],"Art of War":[1],"obtain_stats":[{"Centennial Puzzle":9,"Molten Egg 2":10,"Art of War":7,"Burning Blood":0,"FossilizedHelix":0},{"Centennial Puzzle":5,"Molten Egg 2":6,"Art of War":4,"Burning Blood":0,"FossilizedHelix":0},{"Centennial Puzzle":18,"Molten Egg 2":23,"Art of War":15,"Burning Blood":0,"FossilizedHelix":0}],"Burning Blood":54},"card_choices":[{"not_picked":["Iron Wave","Ghostly Armor"],"picked":"Clothesline","floor":1.0},{"not_picked":["Havoc","Body Slam"],"picked":"Armaments","floor":2.0},{"not_picked":["Double Tap","Blood for Blood"],"picked":"Whirlwind","floor":3.0},{"not_picked":["Entrench","Shrug It Off"],"picked":"Headbutt","floor":7.0},{"not_picked":["Iron Wave","Pummel"],"picked":"Spot Weakness","floor":8.0},{"not_picked":["Headbutt+1","Pommel Strike+1"],"picked":"Carnage+1","floor":10},{"not_picked":["Clash+1","Clothesline+1","Body Slam+1"],"picked":"SKIP","floor":11},{"not_picked":["Anger+1","Warcry"],"picked":"Dual Wield","floor":12},{"not_picked":["Flex","Seeing Red","Entrench"],"picked":"SKIP","floor":14}],"player_experience":1670325,"relics_obtained":[{"floor":7.0,"key":"Art of War"},{"floor":9.0,"key":"Centennial Puzzle"},{"floor":10,"key":"Molten Egg 2"}],"event_choices":[{"damage_healed":0.0,"max_hp_gain":0.0,"max_hp_loss":0.0,"gold_gain":0.0,"cards_transformed":["Strike_R"],"event_name":"Living Wall","player_choice":"Change","floor":4.0,"gold_loss":0.0,"damage_taken":0.0,"cards_obtained":["Fire Breathing"]}],"is_beta":true,"boss_relics":[],"items_purged_floors":[],"is_endless":false,"potions_floor_spawned":[2,7,8,10,14],"killed_by":"Hexaghost","ascension_level":20}}