{"host":"q5twaoo3ngmfp14g","time":1612738473,"event":{"mods":["AchievementEnabler","BaseMod","Minty Spire (QoL Compilation)","Relic Stats","StSLib"],"gold_per_floor":[219,219,26,41,41,69,86,86,86,96,96,96,115,134,134,209,209,227,247,247,247,297,297,332,332,380,380,380,380,37,49,49,125,125,141,0,0,11,24,24,39,39,39,49,49,84,102,113,113,113],"floor_reached":51,"language":"ENG","playtime":1678,"items_purged":["Strike_B","Writhe"],"score":1435,"play_id":"8d5d0b94-455a-44c6-b1b2-e3cc4ea0e053","local_time":"20210207235433","is_ascension_mode":true,"campfire_choices":[{"floor":8.0,"key":"REST"},{"data":"Defragment","floor":15.0,"key":"SMITH"},{"data":"Reinforced Body","floor":23.0,"key":"SMITH"},{"data":"Loop","floor":25.0,"key":"SMITH"},{"data":"Electrodynamics","floor":27.0,"key":"SMITH"},{"data":"Buffer","floor":32.0,"key":"SMITH"},{"data":"White Noise","floor":40.0,"key":"SMITH"},{"data":"White Noise","floor":42.0,"key":"SMITH"},{"data":"Loop","floor":49.0,"key":"SMITH"}],"circlet_count":0,"master_deck":["AscendersBane","Defend_B","Defend_B","Zap","Dualcast","Barrage","Defragment+1","Sunder+1","Ball Lightning+1","Core Surge+1","Sunder+1","FTL+1","Reinforced Body+1","Gash+1","Cold Snap+1","Electrodynamics+1","Ball Lightning+1","Ball Lightning+1","Loop+1","Buffer+1","Ball Lightning+1","Beam Cell+1","Thunder Strike+1","Gash+1","White Noise+1","Beam Cell+1","Meteor Strike+1","White Noise+1","Enlightenment","Cold Snap+1","Go for the Eyes+1","Loop+1","Conserve Battery+1","Fusion","Consume","Go for the Eyes+1"],"relics":["Cracked Core","Molten Egg 2","Bottled Flame","Eternal Feather","Black Star","MutagenicStrength","Smiling Mask","Dead Branch","Calipers","Potion Belt","Enchiridion","Orrery","Nuclear Battery","Red Mask","CaptainsWheel","Toy Ornithopter","Blood Vial"],"acts_visited":["Exordium","TheCity","TheBeyond"],"potions_floor_usage":[50,50],"damage_taken":[{"damage":2.0,"enemies":"Cultist","floor":1.0,"turns":4.0},{"damage":0.0,"enemies":"Small Slimes","floor":4.0,"turns":2.0},{"damage":30.0,"enemies":"3 Sentries","floor":6.0,"turns":5.0},{"damage":0.0,"enemies":"2 Louse","floor":7.0,"turns":2.0},{"damage":11.0,"enemies":"Blue Slaver","floor":10.0,"turns":3.0},{"damage":5.0,"enemies":"Gremlin Gang","floor":13.0,"turns":2.0},{"damage":0.0,"enemies":"3 Louse","floor":14.0,"turns":1.0},{"damage":14.0,"enemies":"The Guardian","floor":16.0,"turns":12.0},{"damage":19.0,"enemies":"Shell Parasite","floor":18.0,"turns":5.0},{"damage":6.0,"enemies":"3 Byrds","floor":19.0,"turns":2.0},{"damage":0.0,"enemies":"Gremlin Leader","floor":24.0,"turns":4.0},{"damage":0.0,"enemies":"Shelled Parasite and Fungi","floor":31.0,"turns":2.0},{"damage":8.0,"enemies":"Automaton","floor":33.0,"turns":6.0},{"damage":7.0,"enemies":"3 Shapes","floor":35.0,"turns":3.0},{"damage":3.0,"enemies":"Orb Walker","floor":38.0,"turns":2.0},{"damage":0.0,"enemies":"Spire Growth","floor":39.0,"turns":3.0},{"damage":0.0,"enemies":"4 Shapes","floor":41.0,"turns":4.0},{"damage":0.0,"enemies":"Jaw Worm Horde","floor":44.0,"turns":4.0},{"damage":67.0,"enemies":"Giant Head","floor":46.0,"turns":8.0},{"damage":0.0,"enemies":"Sphere and 2 Shapes","floor":47.0,"turns":3.0},{"damage":0.0,"enemies":"Transient","floor":48.0,"turns":6.0},{"damage":45,"enemies":"Time Eater","floor":50,"turns":12}],"seed_played":"-4024106271141359592","potions_obtained":[{"floor":1.0,"key":"Fruit Juice"},{"floor":10.0,"key":"Energy Potion"},{"floor":14.0,"key":"SpeedPotion"},{"floor":24.0,"key":"Fire Potion"},{"floor":31.0,"key":"Explosive Potion"},{"floor":33.0,"key":"AttackPotion"},{"floor":38.0,"key":"Fruit Juice"},{"floor":41.0,"key":"PotionOfCapacity"},{"floor":47.0,"key":"Regen Potion"}],"is_trial":false,"path_per_floor":["M","T","$","M","?","E","M","R","T","M","?","?","M","M","R","B",null,"M","M","?","?","?","R","E","R","T","R","?","?","$","M","R","B",null,"M","?","?","M","M","R","M","R","T","M","?","E","M","M","R","B",null],"character_chosen":"DEFECT","items_purchased":["Defragment","Sunder+1","Orrery","White Noise","PowerPotion"],"campfire_rested":1,"item_purchase_floors":[3,3,30,30,30],"current_hp_per_floor":[62,62,62,62,62,32,32,53,53,42,42,42,37,42,51,37,66,47,41,41,41,41,53,53,65,65,76,55,55,55,55,70,62,73,66,66,66,63,63,76,76,76,76,76,76,14,16,38,59,26],"gold":113,"neow_bonus":"HUNDRED_GOLD","is_daily":false,"chose_seed":false,"campfire_upgraded":8,"win_rate":0.0,"timestamp":1612738473,"path_taken":["M","?","$","M","?","E","?","R","T","M","?","?","?","M","R","BOSS","M","M","?","?","?","R","E","R","T","R","?","?","$","M","R","BOSS","M","?","?","M","M","R","M","R","T","?","?","E","M","M","R","BOSS"],"items_purchased_type":["Card","Card","Relic","Card","Potion"],"build_version":"2020-12-22","purchased_purges":2,"victory":true,"max_hp_per_floor":[71,71,71,71,71,71,71,71,71,71,71,71,71,76,76,76,76,76,76,76,76,76,76,76,76,76,76,76,76,76,76,76,76,76,76,76,76,76,76,76,76,76,76,76,76,81,81,81,81,81],"relic_stats":{"Blood Vial":6,"counters":[22,95],"Dead Branch":[28],"Eternal Feather":93,"Black Star":2,"Smiling Mask":50,"obtain_stats":[{"Potion Belt":26,"Calipers":24,"Dead Branch":24,"Enchiridion":28,"Eternal Feather":9,"Smiling Mask":21,"Nuclear Battery":34,"Blood Vial":46,"Bottled Flame":6,"CaptainsWheel":43,"MutagenicStrength":20,"Orrery":30,"Molten Egg 2":2,"Black Star":17,"Red Mask":36,"Cracked Core":0,"Toy Ornithopter":46},{"Potion Belt":11,"Calipers":11,"Dead Branch":11,"Enchiridion":11,"Eternal Feather":4,"Smiling Mask":10,"Nuclear Battery":13,"Blood Vial":19,"Bottled Flame":3,"CaptainsWheel":17,"MutagenicStrength":10,"Orrery":11,"Molten Egg 2":1,"Black Star":8,"Red Mask":14,"Cracked Core":0,"Toy Ornithopter":19},{"Potion Belt":42,"Calipers":42,"Dead Branch":42,"Enchiridion":42,"Eternal Feather":13,"Smiling Mask":38,"Nuclear Battery":50,"Blood Vial":74,"Bottled Flame":11,"CaptainsWheel":62,"MutagenicStrength":38,"Orrery":42,"Molten Egg 2":4,"Black Star":31,"Red Mask":53,"Cracked Core":0,"Toy Ornithopter":74}],"Toy Ornithopter":15},"card_choices":[{"not_picked":["Consume","Rebound"],"picked":"Barrage","floor":1.0},{"not_picked":["Streamline+1","Recycle"],"picked":"Ball Lightning+1","floor":4.0},{"not_picked":["Capacitor","Beam Cell+1"],"picked":"Core Surge+1","floor":6.0},{"not_picked":["Redo","Compile Driver+1"],"picked":"Sunder+1","floor":7.0},{"not_picked":["Lockon+1","Heatsinks"],"picked":"FTL+1","floor":10.0},{"not_picked":["Rip and Tear+1","Heatsinks"],"picked":"Gash+1","floor":13.0},{"not_picked":["Streamline+1","Conserve Battery"],"picked":"Cold Snap+1","floor":14.0},{"not_picked":["Thunder Strike+1","Rainbow"],"picked":"Electrodynamics","floor":16.0},{"not_picked":["Hologram","Barrage+1"],"picked":"Ball Lightning+1","floor":18.0},{"not_picked":["Leap+1","Rip and Tear+1"],"picked":"Ball Lightning+1","floor":19.0},{"not_picked":["Storm","Stack"],"picked":"Loop","floor":24.0},{"not_picked":["Darkness","Double Energy"],"picked":"Buffer","floor":30.0},{"not_picked":["Sweeping Beam+1","Steam"],"picked":"Ball Lightning+1","floor":30.0},{"not_picked":["FTL+1","Compile Driver+1"],"picked":"Beam Cell+1","floor":30.0},{"not_picked":["Go for the Eyes+1","Stack+1"],"picked":"Thunder Strike+1","floor":30.0},{"not_picked":["Electrodynamics","Redo"],"picked":"Gash+1","floor":30.0},{"not_picked":["Hello World","Steam"],"picked":"Beam Cell+1","floor":31.0},{"not_picked":["Hyperbeam+1","Amplify"],"picked":"Meteor Strike+1","floor":33.0},{"not_picked":["Tempest","Reinforced Body"],"picked":"White Noise","floor":35.0},{"not_picked":["Panacea","Bandage Up"],"picked":"Enlightenment","floor":37.0},{"not_picked":["Darkness","Redo"],"picked":"Cold Snap+1","floor":38.0},{"not_picked":["Barrage+1","Darkness+1"],"picked":"Go for the Eyes+1","floor":39.0},{"not_picked":["Stack+1","Conserve Battery+1"],"picked":"Loop","floor":41.0},{"not_picked":["Recycle","Beam Cell+1"],"picked":"Conserve Battery+1","floor":44.0},{"not_picked":["Creative AI","Ball Lightning+1","Force Field"],"picked":"SKIP","floor":46.0},{"not_picked":["Streamline+1","Leap+1"],"picked":"Consume","floor":47.0},{"not_picked":["FTL+1","Hologram"],"picked":"Go for the Eyes+1","floor":48.0}],"player_experience":817828,"relics_obtained":[{"floor":2.0,"key":"Molten Egg 2"},{"floor":6.0,"key":"Bottled Flame"},{"floor":9.0,"key":"Eternal Feather"},{"floor":24.0,"key":"Dead Branch"},{"floor":24.0,"key":"Calipers"},{"floor":26.0,"key":"Potion Belt"},{"floor":28.0,"key":"Enchiridion"},{"floor":43.0,"key":"CaptainsWheel"},{"floor":46.0,"key":"Toy Ornithopter"},{"floor":46.0,"key":"Blood Vial"}],"event_choices":[{"cards_removed":["Strike_B"],"damage_healed":0.0,"max_hp_gain":0.0,"max_hp_loss":0.0,"gold_gain":0.0,"event_name":"Wheel of Change","player_choice":"Card Removal","floor":5.0,"gold_loss":0.0,"damage_taken":0.0},{"damage_healed":0.0,"max_hp_gain":0.0,"max_hp_loss":0.0,"gold_gain":0.0,"cards_transformed":["Strike_B"],"event_name":"Living Wall","player_choice":"Change","floor":11.0,"gold_loss":0.0,"damage_taken":0.0,"cards_obtained":["Reinforced Body"]},{"cards_removed":["Strike_B"],"damage_healed":0.0,"max_hp_gain":0.0,"max_hp_loss":0.0,"gold_gain":0.0,"event_name":"Purifier","player_choice":"Purged","floor":12.0,"gold_loss":0.0,"damage_taken":0.0},{"damage_healed":0.0,"max_hp_gain":0.0,"max_hp_loss":0.0,"gold_gain":0.0,"event_name":"Drug Dealer","player_choice":"Inject Mutagens","floor":20.0,"gold_loss":0.0,"damage_taken":0.0,"relics_obtained":["MutagenicStrength"]},{"damage_healed":0.0,"max_hp_gain":0.0,"max_hp_loss":0.0,"gold_gain":0.0,"event_name":"The Mausoleum","player_choice":"Opened","floor":21.0,"gold_loss":0.0,"damage_taken":0.0,"relics_obtained":["Smiling Mask"],"cards_obtained":["Writhe"]},{"damage_healed":0.0,"max_hp_gain":0.0,"max_hp_loss":0.0,"gold_gain":50.0,"event_name":"Nest","player_choice":"Stole From Cult","floor":22.0,"gold_loss":0.0,"damage_taken":0.0},{"damage_healed":0.0,"max_hp_gain":0.0,"max_hp_loss":0.0,"gold_gain":0.0,"event_name":"Cursed Tome","player_choice":"Obtained Book","floor":28.0,"gold_loss":0.0,"damage_taken":21.0},{"cards_removed":["Defend_B"],"damage_healed":0.0,"max_hp_gain":0.0,"max_hp_loss":0.0,"gold_gain":0.0,"event_name":"Back to Basics","player_choice":"Elegance","floor":29.0,"gold_loss":0.0,"damage_taken":0.0},{"damage_healed":0.0,"max_hp_gain":0.0,"max_hp_loss":0.0,"gold_gain":0.0,"event_name":"Tomb of Lord Red Mask","player_choice":"Paid","floor":36.0,"gold_loss":141.0,"damage_taken":0.0,"relics_obtained":["Red Mask"]},{"damage_healed":0.0,"max_hp_gain":0.0,"max_hp_loss":0.0,"gold_gain":0.0,"event_name":"SensoryStone","player_choice":"Memory 1","floor":37.0,"gold_loss":0.0,"damage_taken":0.0},{"damage_healed":0.0,"max_hp_gain":0.0,"max_hp_loss":0.0,"gold_gain":0.0,"cards_transformed":["Defend_B"],"event_name":"Transmorgrifier","player_choice":"Transformed","floor":45.0,"gold_loss":0.0,"damage_taken":0.0,"cards_obtained":["Fusion"]}],"is_beta":false,"boss_relics":[{"not_picked":["Philosopher\u0027s Stone","SlaversCollar"],"picked":"Black Star"},{"not_picked":["Snecko Eye","Velvet Choker"],"picked":"Nuclear Battery"}],"items_purged_floors":[3,30],"is_endless":false,"potions_floor_spawned":[1,10,14,24,31,33,38,41,47],"ascension_level":19}}