{"host":"mqhvlr3kpxebko0t","time":1612701017,"event":{"mods":["AchievementEnabler","BaseMod","Colored Map","Colored Powertips","KOR Keyword Fix","Keyboard Shortcuts","Minty Spire (QoL Compilation)","StSLib","SuperFastMode"],"gold_per_floor":[118,30,180,195,245,276,286,286,309,340,101,111,111,125,125,125,125],"floor_reached":16,"language":"KOR","playtime":189,"items_purged":["Doubt"],"score":270,"play_id":"b98aa34a-ccfa-4ca8-832f-99385fb45ba9","local_time":"20210207213017","is_ascension_mode":true,"campfire_choices":[{"data":"Fire Breathing","floor":8,"key":"SMITH"},{"data":"Evolve","floor":15,"key":"SMITH"}],"circlet_count":0,"master_deck":["AscendersBane","Strike_R","Strike_R","Strike_R","Strike_R","Strike_R","Defend_R","Defend_R","Defend_R","Defend_R","Bash","Fire Breathing+1","Evolve+1","Barricade","Dropkick","Dropkick","Body Slam","Feel No Pain"],"relics":["Burning Blood","NeowsBlessing","Lantern","Tiny Chest","Sundial","Orrery","MealTicket"],"acts_visited":["Exordium"],"potions_floor_usage":[12,14,16],"damage_taken":[{"damage":0,"enemies":"Small Slimes","floor":1,"turns":1},{"damage":0,"enemies":"Jaw Worm","floor":4,"turns":1},{"damage":0,"enemies":"Lagavulin","floor":6,"turns":1},{"damage":12,"enemies":"Cultist","floor":7,"turns":4},{"damage":15,"enemies":"3 Sentries","floor":10,"turns":4},{"damage":14,"enemies":"Exordium Wildlife","floor":12,"turns":4},{"damage":43,"enemies":"2 Fungi Beasts","floor":14,"turns":6},{"damage":31,"enemies":"Hexaghost","floor":16,"turns":6}],"seed_played":"-5690667946449686743","potions_obtained":[{"floor":1,"key":"Explosive Potion"},{"floor":4,"key":"SpeedPotion"},{"floor":12,"key":"BloodPotion"},{"floor":14,"key":"BloodPotion"}],"is_trial":false,"path_per_floor":["M","$","?","M","?","E","M","R","T","E","$","M","T","M","R","B"],"character_chosen":"IRONCLAD","items_purchased":["Evolve","Orrery"],"campfire_rested":0,"item_purchase_floors":[2,11],"current_hp_per_floor":[74,74,74,75,75,75,69,69,69,60,60,52,52,30,30,14,14],"gold":125,"neow_bonus":"THREE_ENEMY_KILL","is_daily":false,"chose_seed":false,"campfire_upgraded":2,"win_rate":0.0,"timestamp":1612701017,"path_taken":["M","$","?","M","?","E","M","R","T","E","$","?","?","M","R","BOSS"],"items_purchased_type":["Card","Relic"],"build_version":"2020-12-22","purchased_purges":1,"victory":false,"max_hp_per_floor":[75,75,75,75,75,75,75,75,75,75,75,75,75,75,75,75,75],"card_choices":[{"not_picked":["Metallicize","Spot Weakness"],"picked":"Fire Breathing","floor":1},{"not_picked":["Reckless Charge","Wild Strike","Heavy Blade"],"picked":"SKIP","floor":4},{"not_picked":["Clash","Dark Embrace","Carnage"],"picked":"SKIP","floor":6},{"not_picked":["Havoc","Armaments","Intimidate"],"picked":"SKIP","floor":7},{"not_picked":["Ghostly Armor","Heavy Blade","Dark Embrace"],"picked":"SKIP","floor":10},{"not_picked":["Rampage","Twin Strike"],"picked":"Barricade","floor":11},{"not_picked":["Uppercut","Sword Boomerang"],"picked":"Dropkick","floor":11},{"not_picked":["Havoc","Clothesline"],"picked":"Dropkick","floor":11},{"not_picked":["Shockwave","Clash"],"picked":"Body Slam","floor":12},{"not_picked":["Anger","Heavy Blade"],"picked":"Feel No Pain","floor":14}],"player_experience":694557,"relics_obtained":[{"floor":6,"key":"Lantern"},{"floor":9,"key":"Tiny Chest"},{"floor":10,"key":"Sundial"},{"floor":13,"key":"MealTicket"}],"event_choices":[{"damage_healed":0,"gold_gain":150,"player_choice":"AGREE","damage_taken":0,"max_hp_gain":0,"max_hp_loss":0,"event_name":"Liars Game","floor":3,"gold_loss":0,"cards_obtained":["Doubt"]},{"damage_healed":0,"gold_gain":50,"player_choice":"Pray","damage_taken":0,"max_hp_gain":0,"max_hp_loss":0,"event_name":"Golden Shrine","floor":5,"gold_loss":0}],"is_beta":false,"boss_relics":[],"items_purged_floors":[11],"is_endless":false,"potions_floor_spawned":[1,4,10,12,14],"killed_by":"Hexaghost","ascension_level":20}}