{"host":"ydg0vn0pu4pubmdt","time":1612730859,"event":{"mods":["AchievementEnabler","BaseMod","Colored Map","Gold Saver","Minty Spire (QoL Compilation)","Quick Restart","SuperFastMode"],"gold_per_floor":[461,461,64,64,82,82,102,117,117,150,75,91,114,14,14,14,14],"floor_reached":16,"language":"KOR","playtime":398,"items_purged":["Strike_P","Defend_P"],"score":254,"play_id":"315087a7-7754-47d8-aa27-4ec7f2b817ec","local_time":"20210208054739","is_ascension_mode":true,"campfire_choices":[{"data":"Eruption","floor":6.0,"key":"SMITH"},{"floor":15,"key":"REST"}],"circlet_count":0,"master_deck":["AscendersBane","Strike_P","Strike_P","Defend_P","Defend_P","Eruption+1","Vigilance","MentalFortress","Perseverance","FlurryOfBlows","Adaptation","EmptyBody","BowlingBash","CrushJoints","Ragnarok","FearNoEvil"],"relics":["PureWater","Pocketwatch","Girya","Golden Idol","Du-Vu Doll","Bronze Scales"],"acts_visited":["Exordium"],"potions_floor_usage":[],"damage_taken":[{"damage":0.0,"enemies":"Jaw Worm","floor":1.0,"turns":3.0},{"damage":0.0,"enemies":"Cultist","floor":5.0,"turns":3.0},{"damage":0.0,"enemies":"Small Slimes","floor":7.0,"turns":3.0},{"damage":9.0,"enemies":"Exordium Wildlife","floor":8.0,"turns":5.0},{"damage":0.0,"enemies":"Gremlin Nob","floor":10.0,"turns":1.0},{"damage":2,"enemies":"Lots of Slimes","floor":12,"turns":3},{"damage":10,"enemies":"Gremlin Gang","floor":13,"turns":3},{"damage":26,"enemies":"Hexaghost","floor":16,"turns":9}],"seed_played":"-3900532426649510766","potions_obtained":[{"floor":7.0,"key":"Ancient Potion"}],"is_trial":false,"path_per_floor":["M","?","$","?","M","R","M","M","T","E","$","M","M","$","R","B"],"character_chosen":"WATCHER","items_purchased":["Girya","Adaptation"],"campfire_rested":1,"item_purchase_floors":[3,3],"current_hp_per_floor":[43,25,25,25,25,25,25,16,16,16,16,14,4,4,22,0,0],"gold":14,"neow_bonus":"TRANSFORM_TWO_CARDS","is_daily":false,"chose_seed":false,"campfire_upgraded":1,"win_rate":0.0,"timestamp":1612730859,"path_taken":["M","?","$","?","M","R","M","M","T","E","$","M","M","$","R","BOSS"],"items_purchased_type":["Relic","Card"],"build_version":"2020-12-22","purchased_purges":2,"victory":false,"max_hp_per_floor":[68,68,68,62,62,62,62,62,62,62,62,62,62,62,62,62,62],"card_choices":[{"not_picked":["ReachHeaven","Evaluate"],"picked":"FlurryOfBlows","floor":1.0},{"not_picked":["Protect","ForeignInfluence"],"picked":"EmptyBody","floor":5.0},{"not_picked":["Prostrate","PathToVictory"],"picked":"BowlingBash","floor":7.0},{"not_picked":["Prostrate","Collect"],"picked":"CrushJoints","floor":8.0},{"not_picked":["Evaluate","Nirvana"],"picked":"Ragnarok","floor":10.0},{"not_picked":["WaveOfTheHand","SashWhip"],"picked":"FearNoEvil","floor":12},{"not_picked":["EmptyBody","Consecrate","JustLucky"],"picked":"SKIP","floor":13}],"player_experience":658399,"relics_obtained":[{"floor":9.0,"key":"Du-Vu Doll"},{"floor":10.0,"key":"Bronze Scales"}],"event_choices":[{"damage_healed":0.0,"max_hp_gain":0.0,"max_hp_loss":0.0,"gold_gain":0.0,"event_name":"Scrap Ooze","player_choice":"Success","floor":2.0,"gold_loss":0.0,"damage_taken":18.0,"relics_obtained":["Pocketwatch"]},{"damage_healed":0.0,"max_hp_gain":0.0,"max_hp_loss":6.0,"gold_gain":0.0,"event_name":"Golden Idol","player_choice":"Lose Max HP","floor":4.0,"gold_loss":0.0,"damage_taken":0.0,"relics_obtained":["Golden Idol"]}],"is_beta":false,"boss_relics":[],"items_purged_floors":[11,14],"is_endless":false,"potions_floor_spawned":[7],"killed_by":"Hexaghost","ascension_level":20}}