{"host":"dv29tre2e7vje47n","time":1612697373,"event":{"mods":["AchievementEnabler","BaseMod","Colored Map","Colored Powertips","DeckTracker","Displayed Cursed Tome","Downfall","Friendly Minions","Googly Eyes","Highlight Path","Infinite Spire","Key Reminder","Minty Spire (QoL Compilation)","Quick Restart","Random Character Button","Rare Cards Sparkle","Relic Sorter","Relic Stats","Replay The Spire","Spire Arcade","Spire Birthday Party","StSLib","SuperFastMode","Unceasing Turn Reminder"],"gold_per_floor":[99,112,112,130,150,183,207,242,272,292,292,303,329,348,367,463,463,463,495,3,103,113,98,122,122,122,122,122],"floor_reached":26,"language":"ENG","playtime":1340,"items_purged":["sneckomod:Strike"],"score":239,"play_id":"e02f9e1d-9c91-4278-8535-e7d34d427086","local_time":"20210207122933","is_ascension_mode":true,"campfire_choices":[{"data":"sneckomod:TailWhip","floor":1.0,"key":"SMITH"},{"floor":18.0,"key":"RECALL"}],"circlet_count":0,"master_deck":["sneckomod:Strike","sneckomod:Defend","sneckomod:Defend","sneckomod:Defend+1","sneckomod:TailWhip+1","sneckomod:SnekBite","sneckomod:Unknown","sneckomod:Unknown+1","sneckomod:UnknownUncommonAttack","sneckomod:SlitherStrike","sneckomod:WideSting","sneckomod:RainOfDice","sneckomod:UnknownClassRED","sneckomod:Unknown1Cost","sneckomod:CheapStock","sneckomod:UnknownWeak","sneckomod:UnendingSupply","sneckomod:UnknownBlock","sneckomod:Transmogrify","sneckomod:SerpentIdol","sneckomod:UnknownRarePower","sneckomod:UnknownClassRED","sneckomod:UnknownRarePower","sneckomod:UnknownClassRED"],"relics":["War Paint","infinitespire:Lychee Nut","sneckomod:SneckoCommon","Counterbalance","Sundial","keyreminder:keyreminder","Eternal Feather","Frozen Eye","Potion Belt","sneckomod:SuperSneckoSoul","SlaversCollar"],"acts_visited":["Exordium","TheCity"],"potions_floor_usage":[],"damage_taken":[{"damage":0.0,"enemies":"Small Slimes","floor":2.0,"turns":2.0},{"damage":0.0,"enemies":"Cultist","floor":4.0,"turns":2.0},{"damage":4.0,"enemies":"infinitespire:Voidling","floor":5.0,"turns":3.0},{"damage":31.0,"enemies":"Lagavulin","floor":6.0,"turns":6.0},{"damage":28.0,"enemies":"3 Sentries","floor":8.0,"turns":5.0},{"damage":7.0,"enemies":"Blue Slaver","floor":10.0,"turns":3.0},{"damage":11.0,"enemies":"Exordium Thugs","floor":12.0,"turns":5.0},{"damage":10.0,"enemies":"Gremlin Nob","floor":13.0,"turns":3.0},{"damage":5.0,"enemies":"3 Louse","floor":14.0,"turns":4.0},{"damage":0.0,"enemies":"Exordium Wildlife","floor":15.0,"turns":2.0},{"damage":11.0,"enemies":"SI_SHIV_ARCHETYPE","floor":16.0,"turns":7.0},{"damage":10.0,"enemies":"3 Byrds","floor":19.0,"turns":5.0},{"damage":2.0,"enemies":"downfall:FleeingMerchant","floor":20.0,"turns":4.0},{"damage":6.0,"enemies":"downfall:LadyInBlue","floor":21.0,"turns":12.0},{"damage":18.0,"enemies":"3 Cultists","floor":22.0,"turns":4.0},{"damage":5.0,"enemies":"downfall:FleeingMerchant","floor":23.0,"turns":4.0},{"damage":64,"enemies":"Book of Stabbing","floor":26,"turns":7}],"seed_played":"-6434130368821911259","potions_obtained":[{"floor":2.0,"key":"sneckomod:MuddlingPotion"},{"floor":4.0,"key":"Weak Potion"},{"floor":12.0,"key":"PowerPotion"},{"floor":14.0,"key":"Explosive Potion"},{"floor":21.0,"key":"Fire Potion"},{"floor":21.0,"key":"Explosive Potion"}],"is_trial":false,"path_per_floor":["R","M","?","M","M","E","T","E","?","M","?","M","E","M","M","B",null,"R","M","$","?","M","$","T","?","E"],"character_chosen":"THE_SNECKO","items_purchased":["Eternal Feather","Frozen Eye"],"campfire_rested":0,"item_purchase_floors":[20,20],"current_hp_per_floor":[99,99,99,99,95,64,64,42,42,40,40,35,30,31,34,29,74,74,65,69,68,56,57,57,57,0,0,0],"gold":122,"neow_bonus":"TEN_PERCENT_HP_BONUS","is_daily":false,"chose_seed":false,"campfire_upgraded":1,"win_rate":0.0,"timestamp":1612697373,"path_taken":["R","M","?","M","M","E","T","E","?","M","?","?","E","?","M","BOSS","R","M","$","?","M","?","T","?","E"],"items_purchased_type":["Relic","Relic"],"build_version":"2020-12-22","purchased_purges":1,"victory":false,"max_hp_per_floor":[99,99,99,99,99,74,74,74,74,74,74,74,74,74,74,74,74,74,74,74,74,74,74,74,74,74,74,74],"relic_stats":{"counters":[17,78],"Sundial":[6],"Eternal Feather":0,"War Paint":["sneckomod:Defend","sneckomod:Unknown"],"obtain_stats":[{"Potion Belt":21,"Replay:Accelerometer":13,"sneckomod:SneckoCommon":7,"Counterbalance":8,"Eternal Feather":20,"expansioncontent:StudyCardRelic":17,"War Paint":3,"sneckomod:SneckoSoul":0,"keyreminder:keyreminder":18,"sneckomod:SuperSneckoSoul":19,"Frozen Eye":20,"SlaversCollar":22,"infinitespire:Lychee Nut":6,"Sundial":9},{"Potion Belt":14,"Replay:Accelerometer":8,"sneckomod:SneckoCommon":4,"Counterbalance":5,"Eternal Feather":13,"expansioncontent:StudyCardRelic":11,"War Paint":1,"sneckomod:SneckoSoul":0,"keyreminder:keyreminder":11,"sneckomod:SuperSneckoSoul":12,"Frozen Eye":13,"SlaversCollar":15,"infinitespire:Lychee Nut":4,"Sundial":5},{"Potion Belt":63,"Replay:Accelerometer":29,"sneckomod:SneckoCommon":13,"Counterbalance":18,"Eternal Feather":51,"expansioncontent:StudyCardRelic":42,"War Paint":2,"sneckomod:SneckoSoul":0,"keyreminder:keyreminder":42,"sneckomod:SuperSneckoSoul":47,"Frozen Eye":51,"SlaversCollar":67,"infinitespire:Lychee Nut":13,"Sundial":18}]},"card_choices":[{"not_picked":["sneckomod:QuickBite","sneckomod:MixItUp"],"picked":"sneckomod:UnknownUncommonAttack","floor":2.0},{"not_picked":["sneckomod:UnknownCommonAttack","sneckomod:Unknown1Cost"],"picked":"sneckomod:SlitherStrike","floor":4.0},{"not_picked":["sneckomod:UnknownBlock","sneckomod:DiceBoulder"],"picked":"sneckomod:WideSting","floor":5.0},{"not_picked":["sneckomod:PureSnecko","sneckomod:WideSting"],"picked":"sneckomod:RainOfDice","floor":6.0},{"not_picked":["sneckomod:UnknownUncommonSkill","sneckomod:DiceBlock"],"picked":"sneckomod:Unknown1Cost","floor":8.0},{"not_picked":["sneckomod:Unknown0Cost","sneckomod:SnekBeam","sneckomod:MasterEye"],"picked":"SKIP","floor":10.0},{"not_picked":["sneckomod:SoulRoll","sneckomod:QuickMove"],"picked":"sneckomod:CheapStock","floor":12.0},{"not_picked":["sneckomod:DefensiveFlair","sneckomod:RainOfDice"],"picked":"sneckomod:UnknownWeak","floor":13.0},{"not_picked":["sneckomod:Nope","sneckomod:QuickMove"],"picked":"sneckomod:UnendingSupply","floor":14.0},{"not_picked":["sneckomod:DangerNoodle","sneckomod:UnknownExhaust","sneckomod:UnknownBlock"],"picked":"SKIP","floor":15.0},{"not_picked":["sneckomod:DangerNoodle","sneckomod:UnknownExhaust"],"picked":"sneckomod:UnknownBlock","floor":15.0},{"not_picked":["sneckomod:SoulExchange","sneckomod:DangerNoodle"],"picked":"sneckomod:Transmogrify","floor":16.0},{"not_picked":["sneckomod:UnknownStrength","sneckomod:UnknownStrike"],"picked":"sneckomod:SerpentIdol","floor":19.0},{"not_picked":["sneckomod:UnknownUncommonAttack","sneckomod:ImprovisedAttack"],"picked":"sneckomod:UnknownRarePower","floor":20.0},{"not_picked":["sneckomod:UnknownClassRED","sneckomod:SerpentIdol","sneckomod:SlitherStrike"],"picked":"SKIP","floor":22.0},{"not_picked":["sneckomod:SerpentIdol","sneckomod:SlitherStrike"],"picked":"sneckomod:UnknownClassRED","floor":22.0},{"not_picked":["sneckomod:DiceBlock","sneckomod:UnknownDraw"],"picked":"sneckomod:UnknownRarePower","floor":23.0}],"player_experience":132700,"relics_obtained":[{"floor":3.0,"key":"War Paint"},{"floor":6.0,"key":"infinitespire:Lychee Nut"},{"floor":7.0,"key":"sneckomod:SneckoCommon"},{"floor":8.0,"key":"Counterbalance"},{"floor":13.0,"key":"Replay:Accelerometer"},{"floor":19.0,"key":"sneckomod:SuperSneckoSoul"},{"floor":19.0,"key":"expansioncontent:StudyCardRelic"},{"floor":21.0,"key":"Potion Belt"},{"floor":21.0,"key":"sneckomod:SuperSneckoSoul"},{"floor":22.0,"key":"SlaversCollar"}],"event_choices":[],"is_beta":false,"boss_relics":[{"not_picked":["Astrolabe","Snecko Heart"],"picked":"expansioncontent:StudyCardRelic"}],"items_purged_floors":[20],"is_endless":false,"potions_floor_spawned":[2,4,12,14,15,19,22],"killed_by":"Book of Stabbing","ascension_level":1}}