{"host":"ttx8tv95o5vka1nm","time":1612664718,"event":{"mods":["AchievementEnabler","BaseMod","Colored Map","Evolution","Infinite Spire","Minty Spire (QoL Compilation)","Relic Filter Mod","Reliquary","Robot Space Explorer","Shop Mod","Spicy Shops","StSLib","The Bug Knight","The Cursed","The Forsaken","The Hierophant","The Runesmith","TheBandit"],"gold_per_floor":[116,134,144,163,163,163,190,202,228,228,248,248,260,292,292,396,396,411,422,435,36,36,36,36,36,36],"floor_reached":24,"language":"ENG","playtime":2739,"items_purged":[],"score":235,"play_id":"da7e2df2-40cb-47b9-9111-5f53f4a10e31","local_time":"20210207122518","is_ascension_mode":false,"campfire_choices":[{"data":"Thinking Ahead","floor":6,"key":"SMITH"},{"data":"wariomod:BoomBoom","floor":10,"key":"SMITH"},{"data":"wariomod:SpacialMastery","floor":12,"key":"SMITH"},{"floor":15,"key":"REST"},{"floor":23,"key":"REST"}],"circlet_count":0,"master_deck":["wariomod:Leapslam","wariomod:Strike","wariomod:Strike","wariomod:Strike+1","wariomod:Defend","wariomod:Defend","wariomod:Defend","wariomod:Defend","wariomod:Step","wariomod:Leap","Thinking Ahead+1","wariomod:BoomBoom+1","wariomod:DoubleDip+1","wariomod:NullJump","wariomod:Bomblaster","wariomod:TrekTime","wariomod:EmptyMind","wariomod:SpacialMastery+1","wariomod:RacingSpeed","wariomod:BodyBlock","wariomod:GoAgain","wariomod:DisarmingMoves","wariomod:BlastDash+1","wariomod:SelfImprison","wariomod:ImFeelingLucky","wariomod:TreasureDig+1"],"relics":["wariomod:TheHat","EVO:Axolotl","Bottled Lightning","reliquary:SilkGlove","wariomod:DoomHat","MerchantsRug","Strange Spoon"],"acts_visited":["Exordium","TheCity"],"potions_floor_usage":[13,20],"damage_taken":[{"damage":0,"enemies":"Cultist","floor":1,"turns":3},{"damage":1,"enemies":"Jaw Worm","floor":2,"turns":4},{"damage":0,"enemies":"Small Slimes","floor":3,"turns":3},{"damage":1,"enemies":"Exordium Thugs","floor":4,"turns":5},{"damage":3,"enemies":"Gremlin Nob","floor":7,"turns":4},{"damage":11,"enemies":"Large Slime","floor":8,"turns":5},{"damage":11,"enemies":"Blue Slaver","floor":11,"turns":4},{"damage":0,"enemies":"Looter","floor":13,"turns":2},{"damage":0,"enemies":"HollowMod:MossKnight","floor":14,"turns":6},{"damage":7,"enemies":"Slime Boss","floor":16,"turns":7},{"damage":11,"enemies":"Spheric Guardian","floor":18,"turns":5},{"damage":13,"enemies":"3 Byrds","floor":19,"turns":3},{"damage":18,"enemies":"Snake Plant","floor":20,"turns":5},{"damage":0,"enemies":"Nightmare","floor":24,"turns":2}],"seed_played":"2628472654926075822","potions_obtained":[{"floor":1,"key":"FearPotion"},{"floor":7,"key":"Explosive Potion"},{"floor":11,"key":"Fire Potion"},{"floor":19,"key":"AttackPotion"}],"is_trial":false,"path_per_floor":["M","M","M","M","?","R","E","M","T","R","M","R","M","E","R","B",null,"M","M","M","$","?","R","NM"],"character_chosen":"THE_BANDIT","items_purchased":["MerchantsRug","wariomod:ImFeelingLucky","wariomod:TreasureDig","Strange Spoon"],"campfire_rested":2,"item_purchase_floors":[21,21,21,21],"current_hp_per_floor":[56,55,55,54,54,54,51,40,40,40,29,29,29,29,53,46,80,69,56,38,38,38,62,0,0,0],"gold":36,"neow_bonus":"RANDOM_COLORLESS_2","is_daily":false,"chose_seed":false,"campfire_upgraded":3,"win_rate":0.0,"timestamp":1612664718,"path_taken":["M","M","M","M","?","R","E","M","T","R","M","R","M","E","R","BOSS","M","M","M","$","?","R","NM"],"items_purchased_type":["Relic","Card","Card","Relic"],"build_version":"2020-12-22","purchased_purges":0,"victory":false,"max_hp_per_floor":[80,80,80,80,80,80,80,80,80,80,80,80,80,80,80,80,80,80,80,80,80,80,80,80,80,80],"card_choices":[{"not_picked":["Sadistic Nature","Transmutation"],"picked":"Thinking Ahead","floor":0},{"not_picked":["wariomod:ThatsNotAll","wariomod:Leapslam"],"picked":"wariomod:BoomBoom","floor":1},{"not_picked":["wariomod:AwfulLook","wariomod:TheGrandJourney"],"picked":"wariomod:DoubleDip","floor":2},{"not_picked":["wariomod:DiceyMove","wariomod:Game"],"picked":"wariomod:NullJump","floor":3},{"not_picked":["wariomod:DisarmingMoves","wariomod:BoomBoom"],"picked":"wariomod:Bomblaster","floor":4},{"not_picked":["wariomod:DoubleDip","wariomod:SpaceSwap"],"picked":"wariomod:TrekTime","floor":7},{"not_picked":["wariomod:Goblast","wariomod:PayItForwards"],"picked":"wariomod:EmptyMind","floor":8},{"not_picked":["wariomod:Goblast","wariomod:DeepDig"],"picked":"wariomod:SpacialMastery","floor":11},{"not_picked":["wariomod:Boomsmack","wariomod:SimpleShield"],"picked":"wariomod:RacingSpeed","floor":13},{"not_picked":["wariomod:BoomBoom","wariomod:Leapslam"],"picked":"wariomod:BodyBlock","floor":14},{"not_picked":["wariomod:AbandonGame","wariomod:KeyFinisher"],"picked":"wariomod:GoAgain","floor":16},{"not_picked":["wariomod:SmallSprint","wariomod:Leapslam"],"picked":"wariomod:DisarmingMoves","floor":18},{"not_picked":["wariomod:Goblast+1","wariomod:SpaceSwap"],"picked":"wariomod:BlastDash+1","floor":19},{"not_picked":["wariomod:DoubleDash+1","wariomod:TrekTime"],"picked":"wariomod:SelfImprison","floor":20}],"player_experience":789857,"relics_obtained":[{"floor":7,"key":"Bottled Lightning"},{"floor":9,"key":"reliquary:SilkGlove"},{"floor":14,"key":"Whetstone"}],"event_choices":[{"damage_healed":0,"gold_gain":0,"player_choice":"Forge","damage_taken":0,"max_hp_gain":0,"max_hp_loss":0,"event_name":"Accursed Blacksmith","floor":22,"gold_loss":0,"cards_upgraded":["wariomod:TreasureDig"]}],"is_beta":false,"boss_relics":[{"not_picked":["SacredBark","reliquary:Ember"],"picked":"wariomod:DoomHat"}],"items_purged_floors":[],"is_endless":false,"potions_floor_spawned":[1,7,11,19],"killed_by":"Nightmare","ascension_level":0}}