{"host":"d61fcf2p3sjwe6yo","time":1612735623,"event":{"mods":["BaseMod","Colored Map","Koishi","Marisa????????","Minty Spire (QoL Compilation)","Reimu??????","StSLib","SuperFastMode","The Servant 0.9.4"],"gold_per_floor":[109,109,109,133,133,133,164,180,180,214,234,252,30,55,55,175,175,196,215,235,235,270,308,331,430,454,454,470,86,101,124,124,247,247,247],"floor_reached":34,"language":"ENG","playtime":1964,"items_purged":["Normality"],"score":480,"play_id":"cb0fea79-08d1-454c-a14a-d3feee02b3a1","local_time":"20210208010703","is_ascension_mode":true,"campfire_choices":[{"data":"TheWorld","floor":6,"key":"SMITH"},{"data":"Potential","floor":15,"key":"SMITH"},{"data":"FloweringNight","floor":27,"key":"SMITH"},{"data":"Replace","floor":32,"key":"SMITH"}],"circlet_count":0,"master_deck":["Strike_S","Strike_S","Strike_S","Defend_S","Defend_S","Defend_S","KidneyShot","Exchange","TheWorld+1","Defy","Potential+1","Comet","TimeWarp","TimeWarp","Replace","ShiftingGears","FloweringNight+1","Rewind","BottledTime","FastForward","Sunlight","InstantArmor","Luminosity","Rewind","Advance+1","Replace","ShiftingGears","ShatteredReality+1","Replace+1","FlawlessForm"],"relics":["SplendidAttire","Golden Idol","PaperSwan","Tea:ReiMu","CrazyTorch:ReiMu","Cursed Key","MutagenicStrength","Red Mask","Ancient Tea Set","Happy Flower","Pan","Vajra"],"acts_visited":["Exordium","TheCity","TheBeyond"],"potions_floor_usage":[7],"damage_taken":[{"damage":3,"enemies":"Small Slimes","floor":1,"turns":4},{"damage":7,"enemies":"2 Louse","floor":4,"turns":3},{"damage":10,"enemies":"Lagavulin","floor":7,"turns":8},{"damage":4,"enemies":"Jaw Worm","floor":8,"turns":3},{"damage":10,"enemies":"Gremlin Nob","floor":10,"turns":4},{"damage":4,"enemies":"Blue Slaver","floor":11,"turns":2},{"damage":0,"enemies":"2 Fungi Beasts","floor":12,"turns":2},{"damage":0,"enemies":"Large Slime","floor":14,"turns":3},{"damage":0,"enemies":"Slime Boss","floor":16,"turns":5},{"damage":0,"enemies":"Spheric Guardian","floor":18,"turns":2},{"damage":0,"enemies":"Chosen","floor":19,"turns":2},{"damage":0,"enemies":"3 Cultists","floor":20,"turns":3},{"damage":0,"enemies":"Masked Bandits","floor":22,"turns":1},{"damage":14,"enemies":"Book of Stabbing","floor":23,"turns":4},{"damage":0,"enemies":"Shelled Parasite and Fungi","floor":24,"turns":2},{"damage":0,"enemies":"Snake Plant","floor":28,"turns":3},{"damage":0,"enemies":"Sentry and Sphere","floor":30,"turns":2},{"damage":0,"enemies":"Centurion and Healer","floor":31,"turns":1},{"damage":16,"enemies":"Champ","floor":33,"turns":5}],"seed_played":"8527896545675636966","potions_obtained":[{"floor":1,"key":"LiquidMemories"},{"floor":7,"key":"Weak Potion"},{"floor":10,"key":"Ancient Potion"},{"floor":16,"key":"FairyPotion"},{"floor":18,"key":"EntropicBrew"}],"is_trial":false,"path_per_floor":["M","?","?","M","?","R","E","M","T","E","M","M","$","M","R","B",null,"M","M","M","?","?","E","M","?","T","R","M","$","M","M","R","B",null],"character_chosen":"THE_SERVANT","items_purchased":["FloweringNight","Rewind","BottledTime","Pan","Vajra"],"campfire_rested":0,"item_purchase_floors":[13,13,13,29,29],"current_hp_per_floor":[62,46,46,39,32,32,22,18,18,8,4,4,4,4,4,4,65,65,65,65,65,65,51,51,51,51,51,51,51,51,51,51,35,65,65],"gold":247,"neow_bonus":"ONE_RANDOM_RARE_CARD","is_daily":false,"chose_seed":false,"campfire_upgraded":4,"win_rate":0.0,"timestamp":1612735623,"path_taken":["M","?","?","M","?","R","E","M","T","E","M","M","$","M","R","BOSS","M","M","M","?","?","E","M","?","T","R","M","$","M","M","R","BOSS"],"items_purchased_type":["Card","Card","Card","Relic","Relic"],"build_version":"2020-12-22","purchased_purges":1,"victory":false,"max_hp_per_floor":[65,65,65,65,65,65,65,65,65,65,65,65,65,65,65,65,65,65,65,65,65,65,65,65,65,65,65,65,65,65,65,65,65,65,65],"card_choices":[{"not_picked":["Collapse","Manipulate"],"picked":"Defy","floor":1},{"not_picked":["Unruled","DoubleEdge"],"picked":"Potential","floor":4},{"not_picked":["Ricochet","Unruled"],"picked":"Comet","floor":7},{"not_picked":["Spin","BottledTime"],"picked":"TimeWarp","floor":8},{"not_picked":["Snipe","Comet"],"picked":"TimeWarp","floor":10},{"not_picked":["ShiftingGears","TimeTheft"],"picked":"Replace","floor":11},{"not_picked":["Starlight","InstantArmor"],"picked":"ShiftingGears","floor":12},{"not_picked":["Moonlight","Starlight"],"picked":"FastForward","floor":14},{"not_picked":["LightFlow","ForgedInTime"],"picked":"Sunlight","floor":16},{"not_picked":["Rearm","Collapse"],"picked":"InstantArmor","floor":18},{"not_picked":["Orbit","Starlight"],"picked":"Luminosity","floor":19},{"not_picked":["Replace","Starlight"],"picked":"Rewind","floor":20},{"not_picked":["DoubleEdge","Read"],"picked":"Advance+1","floor":22},{"not_picked":["Deadline+1","Defy"],"picked":"Replace","floor":23},{"not_picked":["Snipe","Unruled","Ricochet+1"],"picked":"SKIP","floor":24},{"not_picked":["Hightail","Moonlight"],"picked":"ShiftingGears","floor":28},{"not_picked":["FastForward","Defy"],"picked":"ShatteredReality+1","floor":30},{"not_picked":["SurpressingFire+1","Rewind"],"picked":"Replace","floor":31},{"not_picked":["Solidify","KillingDoll"],"picked":"FlawlessForm","floor":33}],"player_experience":285421,"relics_obtained":[{"floor":7,"key":"PaperSwan"},{"floor":9,"key":"Tea:ReiMu"},{"floor":10,"key":"CrazyTorch:ReiMu"},{"floor":22,"key":"Red Mask"},{"floor":23,"key":"Ancient Tea Set"},{"floor":26,"key":"Happy Flower"}],"event_choices":[{"damage_healed":0,"gold_gain":0,"player_choice":"Take Damage","damage_taken":16,"relics_obtained":["Golden Idol"],"max_hp_gain":0,"max_hp_loss":0,"event_name":"Golden Idol","floor":2,"gold_loss":0},{"cards_removed":["Defend_S"],"damage_healed":0,"gold_gain":0,"player_choice":"Forget","damage_taken":0,"max_hp_gain":0,"max_hp_loss":0,"event_name":"Living Wall","floor":3,"gold_loss":0},{"cards_removed":["Strike_S"],"damage_healed":0,"gold_gain":0,"player_choice":"Card Removal","damage_taken":7,"max_hp_gain":0,"max_hp_loss":0,"event_name":"Golden Wing","floor":5,"gold_loss":0},{"damage_healed":0,"gold_gain":0,"player_choice":"Inject Mutagens","damage_taken":0,"relics_obtained":["MutagenicStrength"],"max_hp_gain":0,"max_hp_loss":0,"event_name":"Drug Dealer","floor":21,"gold_loss":0},{"damage_healed":0,"gold_gain":0,"player_choice":"Fought Bandits","damage_taken":0,"max_hp_gain":0,"max_hp_loss":0,"event_name":"Masked Bandits","floor":22,"gold_loss":0},{"damage_healed":0,"gold_gain":99,"player_choice":"Stole From Cult","damage_taken":0,"max_hp_gain":0,"max_hp_loss":0,"event_name":"Nest","floor":25,"gold_loss":0}],"is_beta":false,"boss_relics":[{"not_picked":["Ectoplasm","Fusion Hammer"],"picked":"Cursed Key"},{"not_picked":["MysterySword","Pandora\u0027s Box"],"picked":"SplendidAttire"}],"items_purged_floors":[29],"is_endless":false,"potions_floor_spawned":[1,7,10,16,18,22,24,28],"ascension_level":2}}