{"host":"8d3fefv2347kqkpz","time":1612731163,"event":{"mods":["AchievementEnabler","Act Like it!","Aspiration","BaseMod","Better Vampires","Colored Map","Colored Powertips","Conspire","Downfall","GifTheSpireLib","Highlight Path","Hubris","Mimic Mod","Minty Spire (QoL Compilation)","Quick Restart","Rare Cards Sparkle","Relic Stats","Replay The Spire","Spicy Shops","StSLib","The Jungle","Waifu the Spire"],"gold_per_floor":[116,41,41,41,41,41,68,78,101,101,132,132,27,59,59,163,163,181,181,201,212,112,145,145,244,281,328,328,356,370,370,370],"floor_reached":31,"language":"ZHS","playtime":903,"items_purged":["Strike_R","Injury"],"score":343,"play_id":"237e273e-098e-45f4-b879-339f6a22262b","local_time":"20210208045243","is_ascension_mode":true,"campfire_choices":[{"data":"Bash","floor":6.0,"key":"SMITH"},{"data":"Dual Wield","floor":10.0,"key":"SMITH"},{"data":"ReplayTheSpireMod:Muscle Training","floor":12.0,"key":"SMITH"},{"floor":15.0,"key":"REST"},{"floor":24.0,"key":"REST"},{"floor":28.0,"key":"REST"}],"circlet_count":0,"master_deck":["Strike_R","Strike_R","Strike_R","Defend_R","Defend_R","Defend_R","Defend_R","Bash+1","Rampage+1","ReplayTheSpireMod:Muscle Training+1","Dual Wield+1","Run Through+1","Feed+1","Rupture","Cleave+1","Metallicize"],"relics":["Burning Blood","NeowsBlessing","Molten Egg 2","Paper Frog","Orichalcum","Pantograph","FossilizedHelix","conspire:SpecialSausage","Potion Belt","Darkstone Periapt","Replay:Mystery Machine","HornCleat"],"acts_visited":["Exordium","TheCity"],"potions_floor_usage":[29,31],"damage_taken":[{"damage":0.0,"enemies":"Small Slimes","floor":1.0,"turns":1.0},{"damage":0.0,"enemies":"Gremlin Nob","floor":7.0,"turns":1.0},{"damage":0.0,"enemies":"Jaw Worm","floor":8.0,"turns":1.0},{"damage":40.0,"enemies":"3 Sentries","floor":11.0,"turns":11.0},{"damage":19.0,"enemies":"Gremlin Nob","floor":14.0,"turns":6.0},{"damage":41.0,"enemies":"Slime Boss","floor":16.0,"turns":10.0},{"damage":11.0,"enemies":"Spheric Guardian","floor":18.0,"turns":4.0},{"damage":27.0,"enemies":"2 Thieves","floor":20.0,"turns":5.0},{"damage":21.0,"enemies":"Snecko","floor":21.0,"turns":4.0},{"damage":60.0,"enemies":"Book of Stabbing","floor":23.0,"turns":6.0},{"damage":18.0,"enemies":"Centurion and Healer","floor":26.0,"turns":14.0},{"damage":27,"enemies":"Gremlin Leader","floor":29,"turns":9},{"damage":26,"enemies":"Centurion and Healer","floor":30,"turns":6},{"damage":49,"enemies":"Chosen and Byrds","floor":31,"turns":6}],"seed_played":"-1926050174890953188","potions_obtained":[{"floor":1.0,"key":"bronze:BurnAndBuffPotion"},{"floor":7.0,"key":"Fire Potion"},{"floor":21.0,"key":"Fire Potion"},{"floor":23.0,"key":"conspire:TimeTravelPotion"},{"floor":29,"key":"BloodPotion"}],"is_trial":false,"path_per_floor":["M","$","?","?","?","R","E","M","T","R","E","R","$","E","R","B",null,"M","?","M","M","$","E","R","?","MIM","T","R","E","M","M"],"character_chosen":"IRONCLAD","items_purchased":["FairyPotion"],"campfire_rested":3,"item_purchase_floors":[13],"current_hp_per_floor":[80,80,73,73,73,73,79,80,80,80,46,46,46,33,57,45,80,75,75,54,39,39,11,35,35,23,23,47,42,26,0,0],"gold":370,"neow_bonus":"THREE_ENEMY_KILL","is_daily":false,"chose_seed":false,"campfire_upgraded":3,"win_rate":0.0,"timestamp":1612731163,"path_taken":["M","$","?","?","?","R","E","M","T","R","E","R","$","E","R","BOSS","M","?","M","?","$","E","R","?","MIM","?","R","E","?","M"],"items_purchased_type":["Potion"],"build_version":"2020-12-22","purchased_purges":2,"victory":false,"max_hp_per_floor":[80,80,80,80,80,80,80,80,80,80,80,80,80,80,80,80,80,80,80,80,80,80,80,80,80,80,80,80,80,84,84,84],"relic_stats":{"Darkstone Periapt":0,"counters":[14,84],"Pantograph":23,"Orichalcum":[204],"obtain_stats":[{"Potion Belt":23,"Darkstone Periapt":26,"HornCleat":29,"NeowsBlessing":0,"Pantograph":11,"Molten Egg 2":4,"conspire:SpecialSausage":17,"Orichalcum":9,"Replay:Mystery Machine":27,"Burning Blood":0,"FossilizedHelix":14,"Paper Frog":7},{"Potion Belt":10,"Darkstone Periapt":11,"HornCleat":12,"NeowsBlessing":0,"Pantograph":4,"Molten Egg 2":1,"conspire:SpecialSausage":6,"Orichalcum":3,"Replay:Mystery Machine":11,"Burning Blood":0,"FossilizedHelix":5,"Paper Frog":2},{"Potion Belt":49,"Darkstone Periapt":63,"HornCleat":72,"NeowsBlessing":0,"Pantograph":14,"Molten Egg 2":1,"conspire:SpecialSausage":30,"Orichalcum":3,"Replay:Mystery Machine":63,"Burning Blood":0,"FossilizedHelix":20,"Paper Frog":2}],"Burning Blood":67},"card_choices":[{"not_picked":["Sentinel","Shrug It Off"],"picked":"Rampage","floor":1.0},{"not_picked":["Havoc","Thunderclap+1"],"picked":"ReplayTheSpireMod:Muscle Training","floor":7.0},{"not_picked":["Dual Wield","Armaments","Perfected Strike+1"],"picked":"SKIP","floor":8.0},{"not_picked":["Armaments","Perfected Strike+1"],"picked":"Dual Wield","floor":8.0},{"not_picked":["Dual Wield","hubris:CleavingFinish+1","hubris:ReadiedAction"],"picked":"SKIP","floor":11.0},{"not_picked":["Reckless Charge+1","Clothesline+1"],"picked":"Run Through+1","floor":14.0},{"not_picked":["Hemogenesis+1","Impervious"],"picked":"Feed+1","floor":16.0},{"not_picked":["Iron Wave+1","Massacre+1"],"picked":"Rupture","floor":18.0},{"not_picked":["Replay:Undeath\u0027s Touch+1","hubris:ReadiedAction","Havoc"],"picked":"SKIP","floor":20.0},{"not_picked":["Wild Strike+1","Body Slam+1","ReplayTheSpireMod:Strike From Hell+1"],"picked":"SKIP","floor":21.0},{"not_picked":["Iron Wave+1","Feel No Pain","hubris:CleavingFinish+1"],"picked":"SKIP","floor":23.0},{"not_picked":["Demonic Infusion","Perfected Strike+1"],"picked":"Metallicize","floor":29},{"not_picked":["Iron Wave+1","Shrug It Off","Wild Strike+1"],"picked":"SKIP","floor":30}],"player_experience":289207,"relics_obtained":[{"floor":7.0,"key":"Paper Frog"},{"floor":9.0,"key":"Orichalcum"},{"floor":11.0,"key":"Pantograph"},{"floor":14.0,"key":"FossilizedHelix"},{"floor":23.0,"key":"Potion Belt"},{"floor":26.0,"key":"Darkstone Periapt"},{"floor":27.0,"key":"Replay:Mystery Machine"},{"floor":29,"key":"HornCleat"}],"event_choices":[{"cards_removed":["Strike_R"],"damage_healed":0.0,"max_hp_gain":0.0,"max_hp_loss":0.0,"gold_gain":0.0,"event_name":"Golden Wing","player_choice":"Card Removal","floor":3.0,"gold_loss":0.0,"damage_taken":7.0},{"damage_healed":0.0,"max_hp_gain":0.0,"max_hp_loss":0.0,"gold_gain":0.0,"event_name":"Accursed Blacksmith","player_choice":"Forge","floor":5.0,"gold_loss":0.0,"damage_taken":0.0,"cards_upgraded":["Rampage"]},{"damage_healed":0.0,"max_hp_gain":0.0,"max_hp_loss":0.0,"gold_gain":0.0,"event_name":"The Library","player_choice":"Read","floor":19.0,"gold_loss":0.0,"damage_taken":0.0,"cards_obtained":["Cleave"]},{"damage_healed":0.0,"max_hp_gain":0.0,"max_hp_loss":0.0,"gold_gain":99.0,"event_name":"Nest","player_choice":"Stole From Cult","floor":25.0,"gold_loss":0.0,"damage_taken":0.0}],"is_beta":false,"boss_relics":[{"not_picked":["Snecko Eye","hubris:VirtuousBlindfold"],"picked":"conspire:SpecialSausage"}],"items_purged_floors":[2,22],"is_endless":false,"potions_floor_spawned":[1,7,18,21,23,29],"killed_by":"Chosen and Byrds","ascension_level":2}}