{"host":"l60rmjjsfi0fipmi","time":1612705906,"event":{"mods":["BaseMod","Colored Map","DeckTracker","Downfall","Highlight Path","Minty Spire (QoL Compilation)","StSLib"],"gold_per_floor":[99,111,111,131,131,41,41,56,84,101,101,101,101,127,147,147,147,147],"floor_reached":16,"language":"ENG","playtime":1341,"items_purged":["hexamod:Defend"],"score":112,"play_id":"a1ae6027-eeeb-415d-baa9-d0a33aacf171","local_time":"20210207085146","is_ascension_mode":false,"campfire_choices":[{"data":"hexamod:Sear","floor":1,"key":"SMITH"},{"floor":13,"key":"REST"}],"circlet_count":0,"master_deck":["hexamod:Strike","hexamod:Strike","hexamod:Strike","hexamod:Strike","hexamod:Defend","hexamod:Defend","hexamod:Sear+1","hexamod:Float+1","hexamod:ThirdSeal","hexamod:FourthSeal","hexamod:GhostflameBarrier","hexamod:Firestarter","hexamod:FlamesFromBeyond","hexamod:NightmareStrike","hexamod:GhostOfSpirePresent","hexamod:ShieldOfDarkness","hexamod:NightmareGuise","hexamod:SpectersWail","hexamod:ThermalTransfer","hexamod:PhantomFireball","hexamod:FirstSeal","hexamod:EmpoweredFlame"],"relics":["hexamod:SpiritBrand","hexamod:SoulConsumer","Akabeko","Blue Candle","MealTicket"],"acts_visited":["Exordium"],"potions_floor_usage":[12,16,16,16],"damage_taken":[{"damage":0,"enemies":"Jaw Worm","floor":2,"turns":3},{"damage":0,"enemies":"Small Slimes","floor":4,"turns":3},{"damage":0,"enemies":"downfall:FleeingMerchant","floor":6,"turns":4},{"damage":0,"enemies":"Cultist","floor":8,"turns":3},{"damage":39,"enemies":"Lagavulin","floor":9,"turns":6},{"damage":11,"enemies":"3 Louse","floor":10,"turns":4},{"damage":16,"enemies":"Exordium Thugs","floor":12,"turns":3},{"damage":18,"enemies":"Gremlin Nob","floor":14,"turns":4},{"damage":2,"enemies":"Blue Slaver","floor":15,"turns":3},{"damage":28,"enemies":"WA_ARCHETYPE_RETAIN","floor":16,"turns":7}],"seed_played":"3303149876551838192","potions_obtained":[{"floor":2,"key":"hexamod:DoubleChargePotion"},{"floor":6,"key":"Explosive Potion"},{"floor":9,"key":"champ:CounterPotion"},{"floor":12,"key":"BlessingOfTheForge"}],"is_trial":false,"path_per_floor":["R","M","?","M","?","$","T","M","E","M","?","M","R","E","M","B"],"character_chosen":"THE_SPIRIT","items_purchased":[],"campfire_rested":1,"item_purchase_floors":[],"current_hp_per_floor":[70,70,70,70,70,70,70,70,35,28,23,7,28,14,23,0,0,0],"gold":147,"neow_bonus":"UPGRADE_CARD","is_daily":false,"chose_seed":false,"campfire_upgraded":1,"win_rate":0.0,"timestamp":1612705906,"path_taken":["R","M","?","M","?","$","T","?","E","M","?","M","R","E","M","BOSS"],"items_purchased_type":[],"build_version":"2020-12-22","purchased_purges":1,"victory":false,"max_hp_per_floor":[70,70,70,70,70,70,70,70,70,70,70,70,70,70,70,70,70,70],"card_choices":[{"not_picked":["hexamod:SpectersWail","hexamod:NightmareStrike"],"picked":"hexamod:ThirdSeal","floor":2},{"not_picked":["hexamod:FastForward","hexamod:Rewind"],"picked":"hexamod:FourthSeal","floor":4},{"not_picked":["hexamod:StepThrough","hexamod:GhostShield"],"picked":"hexamod:GhostflameBarrier","floor":4},{"not_picked":["hexamod:NecessarySacrifice","hexamod:NightmareStrike"],"picked":"hexamod:FlamesFromBeyond","floor":6},{"not_picked":["hexamod:ShieldOfDarkness","hexamod:HeatShield","hexamod:SpectersWail"],"picked":"SKIP","floor":6},{"not_picked":["hexamod:SpectersWail","hexamod:NightmareGuise"],"picked":"hexamod:NightmareStrike","floor":8},{"not_picked":["hexamod:Haunt","hexamod:Firestarter"],"picked":"hexamod:GhostOfSpirePresent","floor":8},{"not_picked":["hexamod:FlamesFromBeyond","hexamod:HeatCrush"],"picked":"hexamod:ShieldOfDarkness","floor":9},{"not_picked":["hexamod:NightmareStrike","hexamod:BurningTouch"],"picked":"hexamod:NightmareGuise","floor":9},{"not_picked":["hexamod:GhostflameBarrier","hexamod:EmpoweredFlame"],"picked":"hexamod:SpectersWail","floor":10},{"not_picked":["hexamod:EtherealExpedition","hexamod:PowerFromBeyond","hexamod:RecurringNightmare"],"picked":"SKIP","floor":10},{"not_picked":["hexamod:GhostShield","hexamod:SkipABeat"],"picked":"hexamod:ThermalTransfer","floor":12},{"not_picked":["hexamod:SpectralAdrenaline","hexamod:BacktrackSmack"],"picked":"hexamod:PhantomFireball","floor":12},{"not_picked":["hexamod:SkipABeat","hexamod:PowerFromBeyond"],"picked":"hexamod:FirstSeal","floor":14},{"not_picked":["hexamod:Hexaguard","hexamod:UnlimitedPower"],"picked":"hexamod:EmpoweredFlame","floor":15},{"not_picked":["hexamod:FlamesFromBeyond","hexamod:SwordOfDarkness","hexamod:GhostOfSpirePast"],"picked":"SKIP","floor":15}],"player_experience":802402,"relics_obtained":[{"floor":7,"key":"hexamod:SoulConsumer"},{"floor":9,"key":"Akabeko"},{"floor":14,"key":"MealTicket"}],"event_choices":[],"is_beta":false,"boss_relics":[],"items_purged_floors":[6],"is_endless":false,"potions_floor_spawned":[2,9,10,15],"killed_by":"WA_ARCHETYPE_RETAIN","ascension_level":0}}