{"host":"o9lehcdjc4u6j9un","time":1612712862,"event":{"mods":["BaseMod","Colored Map","Downfall","Hermit","Marisa£®ÏF”Í°°ƒß¿Ì…≥£©","Minty Spire (QoL Compilation)","Reimu£®≤©¿ˆ¡È√Œ£©","Remilia£®¿Ÿ√◊¿Ú—«£©","StSLib","The Runesmith","The Senshi","Youmu£®ªÍ∆«—˝√Œ£©"],"gold_per_floor":[119,135,147,161,161,161,161],"floor_reached":6,"language":"ZHS","playtime":494,"items_purged":[],"score":38,"play_id":"4927c74a-2f54-47cb-9302-90110ed615ac","local_time":"20210207234742","is_ascension_mode":false,"campfire_choices":[],"circlet_count":0,"master_deck":["Strike_Lin:ReiMu","Strike_Lin:ReiMu","Strike_Lin:ReiMu","Defend_Lin:ReiMu","Defend_Lin:ReiMu","Defend_Lin:ReiMu","NB:ReiMu","Stagnation:ReiMu","CollectionFlower2:ReiMu","SubcavityFantasy:ReiMu","SpringWay:ReiMu","SafetyPray:ReiMu","Conquer:ReiMu","FantasyMoon:ReiMu"],"relics":["FlyPower:ReiMu","Golden Idol"],"acts_visited":["Exordium"],"potions_floor_usage":[6],"damage_taken":[{"damage":3,"enemies":"Small Slimes","floor":1,"turns":6},{"damage":4,"enemies":"2 Louse","floor":2,"turns":3},{"damage":0,"enemies":"Cultist","floor":3,"turns":5},{"damage":2,"enemies":"Red Slaver","floor":4,"turns":6},{"damage":24,"enemies":"Gremlin Nob","floor":6,"turns":4}],"seed_played":"7250086593048083264","potions_obtained":[{"floor":4,"key":"Guardian:BlockOnCardUsePotion"}],"is_trial":false,"path_per_floor":["M","M","M","M","?","E"],"character_chosen":"REIMU","items_purchased":[],"campfire_rested":0,"item_purchase_floors":[],"current_hp_per_floor":[44,40,40,38,22,0,0],"gold":161,"neow_bonus":"TRANSFORM_TWO_CARDS","is_daily":false,"chose_seed":false,"campfire_upgraded":0,"win_rate":0.0,"timestamp":1612712862,"path_taken":["M","M","M","M","?","E"],"items_purchased_type":[],"build_version":"2020-12-22","purchased_purges":0,"victory":false,"max_hp_per_floor":[65,65,65,65,65,65,65],"card_choices":[{"not_picked":["SafetyPray:ReiMu","OrbThrow:ReiMu"],"picked":"SpringWay:ReiMu","floor":1},{"not_picked":["AirManeuver:ReiMu","FineLineFantasy:ReiMu"],"picked":"SafetyPray:ReiMu","floor":2},{"not_picked":["WonderfulDomain:ReiMu","KamiSacrifice:ReiMu"],"picked":"Conquer:ReiMu","floor":3},{"not_picked":["Conquer:ReiMu","BarrageOfMoneybags:ReiMu"],"picked":"FantasyMoon:ReiMu","floor":4}],"player_experience":125248,"relics_obtained":[],"event_choices":[{"damage_healed":0,"gold_gain":0,"player_choice":"Take Damage","damage_taken":16,"relics_obtained":["Golden Idol"],"max_hp_gain":0,"max_hp_loss":0,"event_name":"Golden Idol","floor":5,"gold_loss":0}],"is_beta":false,"boss_relics":[],"items_purged_floors":[],"is_endless":false,"potions_floor_spawned":[4],"killed_by":"Gremlin Nob","ascension_level":0}}