{"host":"1c17lcvl7acx821p","time":1612705597,"event":{"mods":["AchievementEnabler","BaseMod","Bestiary","Colored Map","Minty Spire (QoL Compilation)","Quick Restart","Relic Sorter","StSLib","ojb\u0027s Better Paths Mod","ojb\u0027s Info Mod"],"gold_per_floor":[115,126,46,121,121,121,152,152,152,181,201,201,201],"floor_reached":12,"language":"ENG","playtime":271,"items_purged":[],"score":222,"play_id":"093b155b-840d-4e20-a462-260a967a9128","local_time":"20210207154637","is_ascension_mode":true,"campfire_choices":[{"data":"Hologram","floor":6.0,"key":"SMITH"}],"circlet_count":0,"master_deck":["AscendersBane","Strike_B","Strike_B","Strike_B","Defend_B","Defend_B","Defend_B","Defend_B","Zap","Dualcast","Sweeping Beam","Hologram+1","Conserve Battery","Coolheaded","Gash","Steam Power","Undo"],"relics":["Cracked Core","NeowsBlessing","Ornamental Fan","StrikeDummy","Art of War"],"acts_visited":["Exordium"],"potions_floor_usage":[12,12],"damage_taken":[{"damage":0.0,"enemies":"Small Slimes","floor":1.0,"turns":1.0},{"damage":0.0,"enemies":"2 Louse","floor":2.0,"turns":1.0},{"damage":0.0,"enemies":"3 Sentries","floor":7.0,"turns":1.0},{"damage":34.0,"enemies":"Lagavulin","floor":10.0,"turns":10.0},{"damage":0.0,"enemies":"Cultist","floor":11.0,"turns":3.0},{"damage":27,"enemies":"Gremlin Nob","floor":12,"turns":3}],"seed_played":"-8248592439994320115","potions_obtained":[{"floor":7.0,"key":"GamblersBrew"},{"floor":11.0,"key":"Dexterity Potion"}],"is_trial":false,"path_per_floor":["M","M","$","?","?","R","E","?","T","E","M","E"],"character_chosen":"DEFECT","items_purchased":["Conserve Battery","Coolheaded"],"campfire_rested":0,"item_purchase_floors":[3,3],"current_hp_per_floor":[64,64,64,53,58,58,58,58,58,24,24,0,0],"gold":201,"neow_bonus":"THREE_ENEMY_KILL","is_daily":false,"chose_seed":false,"campfire_upgraded":1,"win_rate":0.0,"timestamp":1612705597,"path_taken":["M","M","$","?","?","R","E","?","T","E","M","E"],"items_purchased_type":["Card","Card"],"build_version":"2020-12-22","purchased_purges":0,"victory":false,"max_hp_per_floor":[71,71,71,71,76,76,76,76,76,76,76,76,76],"card_choices":[{"not_picked":["Compile Driver","Barrage"],"picked":"Sweeping Beam","floor":1.0},{"not_picked":["Fusion","Reprogram"],"picked":"Hologram","floor":2.0},{"not_picked":["Conserve Battery","Capacitor"],"picked":"Gash","floor":7.0},{"not_picked":["Barrage","Go for the Eyes"],"picked":"Steam Power","floor":10.0},{"not_picked":["Turbo","Leap"],"picked":"Undo","floor":11.0}],"player_experience":296764,"relics_obtained":[{"floor":7.0,"key":"Ornamental Fan"},{"floor":9.0,"key":"StrikeDummy"},{"floor":10.0,"key":"Art of War"}],"event_choices":[{"damage_healed":0.0,"max_hp_gain":0.0,"max_hp_loss":0.0,"gold_gain":75.0,"event_name":"World of Goop","player_choice":"Gather Gold","floor":4.0,"gold_loss":0.0,"damage_taken":11.0},{"damage_healed":0.0,"max_hp_gain":5.0,"max_hp_loss":0.0,"gold_gain":0.0,"event_name":"Big Fish","player_choice":"Donut","floor":5.0,"gold_loss":0.0,"damage_taken":0.0},{"cards_removed":["Strike_B"],"damage_healed":0.0,"max_hp_gain":0.0,"max_hp_loss":0.0,"gold_gain":0.0,"event_name":"Bonfire Elementals","player_choice":"Offered Basic","floor":8.0,"gold_loss":0.0,"damage_taken":0.0}],"is_beta":false,"boss_relics":[],"items_purged_floors":[],"is_endless":false,"potions_floor_spawned":[7,11],"killed_by":"Gremlin Nob","ascension_level":20}}