{"host":"tr12w2fixbnujl15","time":1612665993,"event":{"mods":["100% Spire Juice","2.2 Compatiblity","A Penny For Your Troubles","Arknights","BaseMod","Better Skull","Better Vampires","BetterRewards","CapriCore","Clockwork Mod","Colored Powertips","Evolution","Gremlin Skip","Hermit","Hubris","Infinite Spire","JesterMod","Kalas","KinomotoSakuraMod(????)","Koishi","Mad Scientist","Magitek Elite","Mathematician","Minty Spire (QoL Compilation)","Permanent Neow","Quick Restart","Reimu??????","Relic Filter","Remilia_Scarlet Moed?????·?????3.3.5","Replay The Spire","Shop Mod","StSLib","SuperFastMode","The Accelerator","The Bug Knight","The Construct","The Cursed","The Hayseed","The Hierophant","The Immortal","The Mystic","The Necromancer","The Runesmith","The Sage","The Senshi","The Servant 0.9.4","The Spell Scribe","The Vixen","TheFirefly","TheSwordswoman","TheVelvet","Transform Curses","WarShipGirlsR/????R mod","Yakumo Yukari mod","[IsaacMod]????"],"gold_per_floor":[112,112,128,128,145,145,158,12,36,136,184,199,199,212,212,315,315,332,108,134,153,153,222,251,279,334,547,547,582,612,651,651,751,801,869,129,129,147,147,182,8,8,8,8,37,63,87,121,121,257],"floor_reached":51,"language":"ENG","playtime":1942,"items_purged":[],"score":993,"play_id":"f83537c5-235e-4db0-8d55-fbf8c3278c9b","local_time":"20210206214633","is_ascension_mode":false,"campfire_choices":[{"data":"Kalas:BlueSkyMail","floor":6,"key":"SMITH"},{"floor":13,"key":"REST"},{"floor":32,"key":"REST"},{"data":"ReplayTheSpireMod:Echoes of Time","floor":42,"key":"SMITH"},{"data":"ReplayUltimateDefense","floor":44,"key":"SMITH"},{"data":"EpicFetus","floor":49,"key":"SMITH"}],"circlet_count":0,"master_deck":["Kalas:VintageCoins","Kalas:Bananas","Kalas:Bananas+1","Kalas:VintageCoins","Kalas:Amber","Kalas:SavingsWithInterest","Kalas:FlameSword","Kalas:ShortSword","Kalas:SmallKnife","Kalas:DimensionBlade","Kalas:Buckler","Kalas:Buckler","Kalas:LeatherJacket","Kalas:LeatherJacket","Kalas:PowerHelmet","Kalas:BlueStorm","EpicFetus+1","Kalas:CalmHelmet","Kalas:BlueSkyMail+1","Kalas:YoungBamboo","Kalas:FlameSword+1","Kalas:FlugelShield","Kalas:FlashExplosion","Kalas:AirSlash","Kalas:LordOfTheWind","Kalas:WaterBlade+1","Kalas:Camera1","Kalas:CedarTree","Discovery","Kalas:DimensionBlade+1","Kalas:IceDagger","Kalas:BlueSkyMail","Kalas:CedarTree","ReplayTheSpireMod:Echoes of Time+1","Kalas:RainyEmblem","Kalas:ChainMail+1","Kalas:FlameSword","Kalas:EfreetiSuit","Kalas:AirSlash","Kalas:FlugelShield+1","Kalas:RoundShield","ReplayUltimateDefense+1","Kalas:GoldenBuckle","Kalas:GreenBananas","Replay:Dark Deal","Kalas:Bomb","Kalas:FlameSword","Kalas:Gladius","Kalas:AquaTruth+1"],"relics":["Kalas:BrokenOceanMirror","EVO:Axolotl","HushsDoor","TheBean","Kalas:RainbowEmblem","Boot","DoctorsRemote","hubris:BlackHole","BlankCard","infinitespire:PuzzleCube","infinitespire:EvilPickle","MerchantsRug","infinitespire:Beetle Shell","Thread and Needle"],"acts_visited":["Exordium","TheCity","TheBeyond"],"potions_floor_usage":[7,30,50],"damage_taken":[{"damage":1,"enemies":"Cultist","floor":1,"turns":3},{"damage":1,"enemies":"Small Slimes","floor":3,"turns":3},{"damage":4,"enemies":"infinitespire:Voidling","floor":5,"turns":4},{"damage":0,"enemies":"Gremlin Gang","floor":7,"turns":3},{"damage":0,"enemies":"Exordium Thugs","floor":12,"turns":2},{"damage":1,"enemies":"3 Louse","floor":14,"turns":2},{"damage":23,"enemies":"Slime Boss","floor":16,"turns":5},{"damage":0,"enemies":"Shell Parasite","floor":18,"turns":3},{"damage":4,"enemies":"Sentry and Sphere","floor":20,"turns":4},{"damage":0,"enemies":"Snake Plant","floor":21,"turns":2},{"damage":8,"enemies":"Replay:Snechameleon","floor":23,"turns":4},{"damage":0,"enemies":"Chosen and Byrds","floor":24,"turns":3},{"damage":8,"enemies":"Shelled Parasite and Fungi","floor":25,"turns":3},{"damage":0,"enemies":"Cultist and Chosen","floor":29,"turns":5},{"damage":0,"enemies":"Centurion and Healer","floor":30,"turns":2},{"damage":13,"enemies":"Shelled Parasite and Fungi","floor":31,"turns":4},{"damage":2,"enemies":"Pondfish","floor":33,"turns":5},{"damage":0,"enemies":"Orb Walker","floor":35,"turns":2},{"damage":0,"enemies":"3 Darklings","floor":38,"turns":1},{"damage":6,"enemies":"Reptomancer","floor":40,"turns":3},{"damage":0,"enemies":"Spire Growth","floor":45,"turns":3},{"damage":0,"enemies":"Jaw Worm Horde","floor":47,"turns":2},{"damage":2,"enemies":"HollowMod:SlobberingHusk","floor":48,"turns":7},{"damage":19,"enemies":"hubris:GrandSnecko","floor":50,"turns":8}],"seed_played":"-2351334842157044061","potions_obtained":[{"floor":5,"key":"Explosive Potion"},{"floor":7,"key":"Block Potion"},{"floor":11,"key":"Elixir"},{"floor":11,"key":"FairyPotion"},{"floor":12,"key":"Toxic Potion"},{"floor":18,"key":"Explosive Potion"},{"floor":30,"key":"Death Potion"},{"floor":48,"key":"DuplicationPotion"}],"is_trial":false,"path_per_floor":["M","?","M","T","M","R","M","$","T","?","?","M","R","M","R","B",null,"M","$","M","M","?","E","M","M","T","?","?","M","M","M","R","B",null,"M","$","?","M","?","E","$","R","T","R","M","$","M","M","R","B",null],"character_chosen":"KALAS","items_purchased":["Boot","Kalas:Camera1","Kalas:CedarTree","Discovery","Kalas:DimensionBlade","MerchantsRug","Kalas:AirSlash","Kalas:FlugelShield+1","Kalas:RoundShield","Kalas:ChumpChange","ReplayUltimateDefense","CultistPotion","Lee\u0027s Waffle","Replay:Dark Deal","Kalas:FlameSword"],"campfire_rested":2,"item_purchase_floors":[8,19,19,19,19,36,36,36,36,36,36,36,36,41,46],"current_hp_per_floor":[75,75,74,74,70,70,70,70,70,70,51,51,73,72,76,53,76,76,76,72,72,72,64,64,56,56,40,21,21,21,8,30,28,81,81,88,88,88,88,82,82,82,82,82,82,82,82,80,80,69],"gold":257,"neow_bonus":"RANDOM_EVENT","is_daily":false,"chose_seed":false,"campfire_upgraded":4,"win_rate":0.0,"timestamp":1612665993,"path_taken":["M","?","?","?","M","R","M","$","T","?","?","M","R","M","R","BOSS","M","$","M","M","?","E","M","M","T","?","?","M","?","M","R","BOSS","M","?","?","M","?","E","$","R","T","R","?","$","M","M","R","BOSS"],"items_purchased_type":["Relic","Card","Card","Card","Card","Relic","Card","Card","Card","Card","Card","Potion","Relic","Card","Card"],"build_version":"2020-12-22","purchased_purges":0,"victory":true,"max_hp_per_floor":[76,76,76,76,76,76,76,76,76,76,76,76,76,76,76,76,76,76,76,76,76,76,76,76,76,76,76,76,76,76,76,76,76,81,81,88,88,88,88,88,88,88,88,88,88,88,88,88,88,88],"card_choices":[{"not_picked":[],"picked":"EpicFetus","floor":0},{"not_picked":["Kalas:IceDagger","Kalas:ChainMail"],"picked":"Kalas:CalmHelmet","floor":1},{"not_picked":["Kalas:JackInTheBox","Kalas:SilverBuckle"],"picked":"Kalas:SavingsBook","floor":3},{"not_picked":["Kalas:ChunkOfIce","Kalas:Bomb"],"picked":"Kalas:BlueSkyMail","floor":5},{"not_picked":["Kalas:ScaleBuckle","Kalas:DuelSword"],"picked":"Kalas:YoungBamboo","floor":7},{"not_picked":["Kalas:RoundShield","Kalas:CedarTree"],"picked":"Kalas:FlameSword","floor":10},{"not_picked":["Kalas:AirSlash","Kalas:PotOfAir"],"picked":"Kalas:FlugelShield","floor":11},{"not_picked":["Kalas:SilverBuckle","Bomb"],"picked":"Kalas:FlashExplosion","floor":12},{"not_picked":["Kalas:KusanagiBlade","Kalas:Bomb"],"picked":"Kalas:AirSlash","floor":14},{"not_picked":["Kalas:SavingsBook","Kalas:TheChariot"],"picked":"Kalas:LordOfTheWind","floor":16},{"not_picked":["Kalas:ScaleBuckle","Kalas:DreamBlade"],"picked":"Kalas:WaterBlade+1","floor":18},{"not_picked":["Kalas:SilverBuckle","Kalas:ClockShield"],"picked":"Kalas:IceDagger","floor":20},{"not_picked":["Kalas:ScaleBuckle","Kalas:DuelSword"],"picked":"Kalas:BlueSkyMail","floor":21},{"not_picked":["Kalas:IceDagger","Kalas:WindGodBlade"],"picked":"Kalas:CedarTreeSap","floor":23},{"not_picked":["Kalas:FullPlate","Kalas:ChainMail"],"picked":"Kalas:CedarTree","floor":24},{"not_picked":["Kalas:IceDagger","Kalas:FlameSword+1"],"picked":"Kalas:ChumpChange","floor":25},{"not_picked":["ReplayTheSpireMod:??????????????????????","infinitespire:SealOfDarkness+"],"picked":"ReplayTheSpireMod:Echoes of Time","floor":28},{"not_picked":["Kalas:DriedFlowers","Kalas:ClockShield"],"picked":"Kalas:RainyEmblem","floor":29},{"not_picked":["Kalas:AirSlash","Kalas:CalmHelmet+1"],"picked":"Kalas:ChainMail+1","floor":30},{"not_picked":["Kalas:IceArmor+1","Kalas:ClockShield+1"],"picked":"Kalas:FlameSword","floor":31},{"not_picked":["Kalas:Erbschaft","Kalas:TheChariot"],"picked":"Kalas:EfreetiSuit","floor":33},{"not_picked":["Kalas:CedarTree","Kalas:Peach+1"],"picked":"Kalas:GreenBananas+1","floor":34},{"not_picked":["Kalas:TempestShield","Kalas:DeluxePickles+1"],"picked":"Kalas:GreenBananas","floor":35},{"not_picked":["Kalas:IceDagger+1","Kalas:CedarTree"],"picked":"Kalas:GoldenBuckle","floor":38},{"not_picked":["Kalas:EnergyWave","Kalas:Explosives"],"picked":"Kalas:GreenBananas","floor":40},{"not_picked":["Kalas:BraveKnightHelm+1","Kalas:ChainMail"],"picked":"Kalas:Bomb","floor":45},{"not_picked":["Kalas:CedarTree","Kalas:IceArmor+1"],"picked":"Kalas:Gladius","floor":47},{"not_picked":["Kalas:Bomb","Kalas:BraveKnightHelm"],"picked":"Kalas:AquaTruth+1","floor":48}],"player_experience":98929,"relics_obtained":[{"floor":4,"key":"Kalas:RainbowEmblem"},{"floor":9,"key":"Nunchaku"},{"floor":11,"key":"DoctorsRemote"},{"floor":23,"key":"BlankCard"},{"floor":26,"key":"infinitespire:PuzzleCube"},{"floor":40,"key":"infinitespire:Beetle Shell"},{"floor":43,"key":"Thread and Needle"}],"event_choices":[{"damage_healed":0,"gold_gain":0,"player_choice":"Ignored","damage_taken":0,"max_hp_gain":0,"max_hp_loss":0,"event_name":"Purifier","floor":2,"gold_loss":0},{"damage_healed":0,"gold_gain":0,"player_choice":"Opened","damage_taken":0,"relics_obtained":["Happy Flower"],"max_hp_gain":0,"max_hp_loss":0,"event_name":"The Mausoleum","floor":22,"gold_loss":0},{"damage_healed":0,"gold_gain":213,"player_choice":"GO GO ","damage_taken":18,"relics_obtained":[],"max_hp_gain":0,"max_hp_loss":0,"event_name":"betterSkull:BetterSkull","floor":27,"gold_loss":0,"cards_upgraded":[]},{"damage_healed":0,"gold_gain":0,"player_choice":"Ignored","damage_taken":0,"max_hp_gain":0,"max_hp_loss":0,"event_name":"Mysterious Sphere","floor":37,"gold_loss":0}],"is_beta":false,"boss_relics":[{"not_picked":["Honey Jar","Kalas:ForbiddenFruit"],"picked":"hubris:BlackHole"},{"not_picked":[]},{"not_picked":["hubris:GrandSneckoEye","hubris:RunicObelisk"],"picked":"Tiny House"},{"not_picked":[]}],"items_purged_floors":[],"is_endless":false,"potions_floor_spawned":[5,7,12,18,23,30,38,47,48],"ascension_level":0}}