{"host":"rmsq46plbpwfbxcc","time":1612683131,"event":{"mods":["AchievementEnabler","BaseMod","Colored Map","Colored Powertips","DeckTracker","KOR Keyword Fix","Minty Spire (QoL Compilation)","Permanent Neow","Quick Restart","SuperFastMode"],"gold_per_floor":[113,38,213,229,249,249,274,274,274,274,292,305,323,354,354,427,427,444,455,380,380,390,390,424,167,167,167,196,212,212,212,212,289,289,306,320,340,359,90,115,115,142,142,142,154,154,164,164,164],"floor_reached":48,"language":"KOR","playtime":1480,"items_purged":["Strike_G","Strike_G","Accuracy"],"score":936,"play_id":"e7d64b5c-f3c3-44ff-a19c-b5d6fde21933","local_time":"20210207163211","is_ascension_mode":true,"campfire_choices":[{"data":"Blade Dance","floor":6,"key":"SMITH"},{"data":"Phantasmal Killer","floor":8,"key":"SMITH"},{"floor":15,"key":"REST"},{"data":"After Image","floor":23,"key":"SMITH"},{"data":"Terror","floor":27,"key":"SMITH"},{"data":"Blade Dance","floor":32,"key":"SMITH"},{"data":"Envenom","floor":41,"key":"SMITH"},{"data":"Cloak And Dagger","floor":46,"key":"SMITH"}],"circlet_count":0,"master_deck":["AscendersBane","Defend_G","Defend_G","Survivor","Neutralize","Caltrops+1","All Out Attack+1","Blade Dance+1","Acrobatics","Phantasmal Killer+1","Blade Dance+1","After Image+1","Quick Slash+1","Terror+1","Cloak And Dagger+1","Envenom+1","Accuracy+1","PiercingWail","Choke+1","Tactician+1","Backflip"],"relics":["Astrolabe","Tingsha","White Beast Statue","Orichalcum","Empty Cage","Pen Nib","Lee\u0027s Waffle","Ornamental Fan","Mummified Hand","Black Star","Bronze Scales","Art of War","Pantograph","Darkstone Periapt","Snake Skull","Smiling Mask"],"acts_visited":["Exordium","TheCity","TheBeyond"],"potions_floor_usage":[7,14,14,16,24,28,36,40],"damage_taken":[{"damage":0,"enemies":"Small Slimes","floor":1,"turns":3},{"damage":1,"enemies":"2 Louse","floor":4,"turns":2},{"damage":0,"enemies":"Cultist","floor":5,"turns":4},{"damage":42,"enemies":"Lagavulin","floor":7,"turns":8},{"damage":6,"enemies":"Looter","floor":11,"turns":3},{"damage":1,"enemies":"Blue Slaver","floor":12,"turns":3},{"damage":4,"enemies":"2 Fungi Beasts","floor":13,"turns":3},{"damage":2,"enemies":"3 Sentries","floor":14,"turns":4},{"damage":21,"enemies":"The Guardian","floor":16,"turns":8},{"damage":20,"enemies":"2 Thieves","floor":18,"turns":4},{"damage":29,"enemies":"Chosen","floor":19,"turns":5},{"damage":0,"enemies":"3 Cultists","floor":22,"turns":3},{"damage":12,"enemies":"Slavers","floor":24,"turns":3},{"damage":12,"enemies":"Book of Stabbing","floor":28,"turns":3},{"damage":0,"enemies":"Centurion and Healer","floor":29,"turns":3},{"damage":15,"enemies":"Champ","floor":33,"turns":6},{"damage":1,"enemies":"3 Shapes","floor":35,"turns":5},{"damage":21,"enemies":"3 Darklings","floor":36,"turns":4},{"damage":0,"enemies":"Maw","floor":37,"turns":5},{"damage":2,"enemies":"Sphere and 2 Shapes","floor":38,"turns":3},{"damage":24,"enemies":"Reptomancer","floor":40,"turns":5},{"damage":0,"enemies":"Nemesis","floor":42,"turns":5},{"damage":9,"enemies":"Transient","floor":45,"turns":5},{"damage":8,"enemies":"Spire Growth","floor":47,"turns":3},{"damage":19,"enemies":"4 Shapes","floor":48,"turns":1}],"seed_played":"-6509302284210198324","potions_obtained":[{"floor":1,"key":"Strength Potion"},{"floor":7,"key":"DuplicationPotion"},{"floor":11,"key":"SkillPotion"},{"floor":13,"key":"ColorlessPotion"},{"floor":14,"key":"Weak Potion"},{"floor":16,"key":"Energy Potion"},{"floor":18,"key":"SteroidPotion"},{"floor":22,"key":"CultistPotion"},{"floor":24,"key":"AttackPotion"},{"floor":28,"key":"Dexterity Potion"},{"floor":33,"key":"Regen Potion"},{"floor":36,"key":"Fire Potion"},{"floor":40,"key":"SpeedPotion"},{"floor":42,"key":"Dexterity Potion"},{"floor":45,"key":"DuplicationPotion"},{"floor":47,"key":"Regen Potion"}],"is_trial":false,"path_per_floor":["M","$","?","M","M","R","E","R","T","?","M","M","M","E","R","B",null,"M","M","?","?","M","R","E","$","T","R","E","M","?","?","R","B",null,"M","M","M","M","$","E","R","E","T","?","M","R","M","M"],"character_chosen":"THE_SILENT","items_purchased":["Lee\u0027s Waffle","Bronze Scales"],"campfire_rested":1,"item_purchase_floors":[25,39],"current_hp_per_floor":[63,63,63,62,62,62,20,20,20,20,14,13,9,7,28,7,54,34,5,5,28,28,28,16,77,77,77,65,65,65,65,65,50,70,69,62,62,60,60,36,36,36,36,36,27,27,19,0,0],"gold":164,"neow_bonus":"BOSS_RELIC","is_daily":false,"chose_seed":false,"campfire_upgraded":7,"win_rate":0.0,"timestamp":1612683131,"path_taken":["M","$","?","M","M","R","E","R","T","?","M","M","?","E","R","BOSS","M","M","?","?","M","R","E","$","T","R","E","M","?","?","R","BOSS","M","?","M","M","$","E","R","E","T","?","M","R","?","?"],"items_purchased_type":["Relic","Relic"],"build_version":"2020-12-22","purchased_purges":3,"victory":false,"max_hp_per_floor":[70,70,70,70,70,70,70,70,70,70,70,70,70,70,70,70,70,70,70,70,70,70,70,70,77,77,77,77,77,77,77,77,77,77,77,77,77,77,77,77,77,77,77,77,77,77,77,77,77],"card_choices":[{"not_picked":["Caltrops","Quick Slash","Predator"],"picked":"SKIP","floor":1},{"not_picked":["Crippling Poison","Quick Slash"],"picked":"Blade Dance","floor":4},{"not_picked":["Poisoned Stab","Deadly Poison"],"picked":"Acrobatics","floor":5},{"not_picked":["Setup","Dash"],"picked":"Phantasmal Killer","floor":7},{"not_picked":["Endless Agony","Prepared","Quick Slash"],"picked":"SKIP","floor":11},{"not_picked":["Flying Knee","Underhanded Strike"],"picked":"Accuracy","floor":12},{"not_picked":["Setup","Backstab","Dagger Throw"],"picked":"SKIP","floor":13},{"not_picked":["Infinite Blades","Acrobatics"],"picked":"Blade Dance","floor":14},{"not_picked":["Malaise","Tools of the Trade"],"picked":"After Image","floor":16},{"not_picked":["Sucker Punch","Dagger Spray"],"picked":"PiercingWail","floor":18},{"not_picked":["Dagger Spray+1","Prepared","Crippling Poison"],"picked":"SKIP","floor":19},{"not_picked":["Noxious Fumes","Dagger Throw"],"picked":"Quick Slash+1","floor":22},{"not_picked":["Riddle With Holes","Crippling Poison"],"picked":"Terror","floor":24},{"not_picked":["Dagger Spray","Noxious Fumes"],"picked":"Cloak And Dagger","floor":28},{"not_picked":["Deadly Poison","Infinite Blades","Poisoned Stab"],"picked":"SKIP","floor":29},{"not_picked":["Burst","Unload"],"picked":"Envenom","floor":33},{"not_picked":["Distraction","Outmaneuver","Cloak And Dagger"],"picked":"SKIP","floor":35},{"not_picked":["Dagger Throw+1","Crippling Poison+1","Underhanded Strike+1"],"picked":"SKIP","floor":36},{"not_picked":["Bane+1","PiercingWail","Setup"],"picked":"SKIP","floor":37},{"not_picked":["Underhanded Strike","Flying Knee"],"picked":"Accuracy+1","floor":38},{"not_picked":["Blade Dance+1","Cloak And Dagger"],"picked":"PiercingWail","floor":40},{"not_picked":["Bane","Storm of Steel"],"picked":"Choke+1","floor":42},{"not_picked":["Flechettes","Dagger Throw"],"picked":"Tactician+1","floor":45},{"not_picked":["Well Laid Plans","Underhanded Strike"],"picked":"Backflip","floor":47}],"player_experience":665861,"relics_obtained":[{"floor":7,"key":"Tingsha"},{"floor":9,"key":"White Beast Statue"},{"floor":14,"key":"Orichalcum"},{"floor":24,"key":"Pen Nib"},{"floor":26,"key":"Ornamental Fan"},{"floor":28,"key":"Mummified Hand"},{"floor":40,"key":"Art of War"},{"floor":40,"key":"Pantograph"},{"floor":42,"key":"Darkstone Periapt"},{"floor":42,"key":"Snake Skull"}],"event_choices":[{"damage_healed":0,"gold_gain":175,"player_choice":"AGREE","damage_taken":0,"max_hp_gain":0,"max_hp_loss":0,"event_name":"Liars Game","floor":3,"gold_loss":0,"cards_obtained":["Doubt"]},{"cards_removed":["Doubt"],"damage_healed":0,"gold_gain":0,"player_choice":"Purged","damage_taken":0,"max_hp_gain":0,"max_hp_loss":0,"event_name":"Purifier","floor":10,"gold_loss":0},{"cards_removed":["Setup"],"damage_healed":0,"gold_gain":0,"player_choice":"Gave Gold","damage_taken":0,"max_hp_gain":0,"max_hp_loss":0,"event_name":"Beggar","floor":20,"gold_loss":75},{"damage_healed":23,"gold_gain":0,"player_choice":"Heal","damage_taken":0,"max_hp_gain":0,"max_hp_loss":0,"event_name":"The Library","floor":21,"gold_loss":0},{"damage_healed":0,"gold_gain":0,"player_choice":"Ignored","damage_taken":0,"max_hp_gain":0,"max_hp_loss":0,"event_name":"Cursed Tome","floor":30,"gold_loss":0},{"cards_removed":["Strike_G"],"damage_healed":0,"gold_gain":0,"player_choice":"Purged","damage_taken":0,"max_hp_gain":0,"max_hp_loss":0,"event_name":"Purifier","floor":31,"gold_loss":0},{"cards_removed":["PiercingWail"],"damage_healed":0,"gold_gain":0,"player_choice":"Gave Card","damage_taken":0,"relics_obtained":["Smiling Mask"],"max_hp_gain":0,"max_hp_loss":0,"event_name":"WeMeetAgain","floor":44,"gold_loss":0}],"is_beta":false,"boss_relics":[{"not_picked":["Ectoplasm","Pandora\u0027s Box"],"picked":"Empty Cage"},{"not_picked":["Busted Crown","Fusion Hammer"],"picked":"Black Star"}],"items_purged_floors":[2,25,39],"is_endless":false,"potions_floor_spawned":[1,7,11,12,13,14,16,18,19,22,24,28,29,33,35,36,37,38,40,42,45,47],"killed_by":"4 Shapes","ascension_level":13}}