{"host":"6jcxerjfmuawfds2","time":1612693480,"event":{"mods":["BaseMod","Colored Map","Infinite Spire","Minty Spire (QoL Compilation)","StSLib","¡¼?Úª?ø«¡½REMEMod"],"gold_per_floor":[119,119,45,58,158,192,203,214,214,214,232,245,245,245,245,245,245],"floor_reached":16,"language":"KOR","playtime":293,"items_purged":[],"score":128,"play_id":"6a86a4ab-d65b-4aad-b9a5-2295ebcbe8dc","local_time":"20210207192440","is_ascension_mode":true,"campfire_choices":[{"floor":13.0,"key":"REST"},{"floor":15.0,"key":"REST"}],"circlet_count":0,"master_deck":["Strike_B","Strike_B","Strike_B","Strike_B","Defend_B","Defend_B","Defend_B","Defend_B","Zap","Dualcast","Lockon","Hologram+1","Compile Driver","Gash","Core Surge"],"relics":["Cracked Core","REME_ComplimentaryCards","Tiny Chest","Sundial","Omamori","Mummified Hand"],"acts_visited":["Exordium"],"potions_floor_usage":[],"damage_taken":[{"damage":4.0,"enemies":"2 Louse","floor":1.0,"turns":2.0},{"damage":0.0,"enemies":"Cultist","floor":4.0,"turns":2.0},{"damage":15.0,"enemies":"3 Sentries","floor":6.0,"turns":5.0},{"damage":10.0,"enemies":"Small Slimes","floor":7.0,"turns":2.0},{"damage":11.0,"enemies":"3 Louse","floor":8.0,"turns":4.0},{"damage":14.0,"enemies":"Gremlin Gang","floor":11.0,"turns":4.0},{"damage":3.0,"enemies":"Blue Slaver","floor":12.0,"turns":3.0},{"damage":0,"enemies":"Hexaghost","floor":16,"turns":2}],"seed_played":"2624672416471164162","potions_obtained":[{"floor":4.0,"key":"EssenceOfDarkness"},{"floor":6.0,"key":"SkillPotion"},{"floor":8.0,"key":"Energy Potion"},{"floor":11.0,"key":"EssenceOfSteel"}],"is_trial":false,"path_per_floor":["M","?","$","M","?","E","M","M","T","T","M","M","R","?","R","B"],"character_chosen":"DEFECT","items_purchased":["Lockon"],"campfire_rested":2,"item_purchase_floors":[3],"current_hp_per_floor":[71,71,71,71,71,56,46,35,35,35,21,18,40,40,62,62,62],"gold":245,"neow_bonus":"THREE_CARDS","is_daily":false,"chose_seed":false,"campfire_upgraded":0,"win_rate":0.0,"timestamp":1612693480,"path_taken":["M","?","$","?","?","E","?","M","T","?","M","M","R","?","R","BOSS"],"items_purchased_type":["Card"],"build_version":"2020-12-22","purchased_purges":0,"victory":false,"max_hp_per_floor":[75,75,75,75,75,75,75,75,75,75,75,75,75,75,75,75,75],"card_choices":[{"not_picked":["Compile Driver","Sweeping Beam"],"picked":"Ball Lightning","floor":0.0},{"not_picked":["Turbo","Doom and Gloom","Loop"],"picked":"SKIP","floor":1.0},{"not_picked":["Barrage","Cold Snap"],"picked":"Hologram","floor":4.0},{"not_picked":["Barrage","Rainbow","Capacitor"],"picked":"SKIP","floor":6.0},{"not_picked":["Auto Shields","Steam","Hologram"],"picked":"SKIP","floor":7.0},{"not_picked":["Chill","Steam"],"picked":"Compile Driver","floor":8.0},{"not_picked":["Redo","Chill"],"picked":"Gash","floor":11.0},{"not_picked":["Streamline","Rebound"],"picked":"Core Surge","floor":12.0}],"player_experience":272048,"relics_obtained":[{"floor":6.0,"key":"Sundial"},{"floor":9.0,"key":"Omamori"},{"floor":10.0,"key":"Mummified Hand"}],"event_choices":[{"cards_removed":["Ball Lightning"],"damage_healed":0.0,"max_hp_gain":0.0,"max_hp_loss":0.0,"gold_gain":0.0,"event_name":"WeMeetAgain","player_choice":"Gave Card","floor":2.0,"gold_loss":0.0,"damage_taken":0.0,"relics_obtained":["Tiny Chest"]},{"damage_healed":0.0,"max_hp_gain":0.0,"max_hp_loss":0.0,"gold_gain":100.0,"event_name":"Golden Shrine","player_choice":"Pray","floor":5.0,"gold_loss":0.0,"damage_taken":0.0},{"damage_healed":0.0,"max_hp_gain":0.0,"max_hp_loss":0.0,"gold_gain":0.0,"event_name":"Accursed Blacksmith","player_choice":"Forge","floor":14.0,"gold_loss":0.0,"damage_taken":0.0,"cards_upgraded":["Hologram"]}],"is_beta":false,"boss_relics":[],"items_purged_floors":[],"is_endless":false,"potions_floor_spawned":[4,6,8,11],"killed_by":"Hexaghost","ascension_level":5}}