{"host":"1y3caoxlf2txzqg0","time":1612682194,"event":{"mods":["Alarm Clock","BaseMod","Colored Map","DeckTracker","Downfall","GifTheSpireLib","Minty Spire (QoL Compilation)","Rare Cards Sparkle","Relic Stats","Spire Birthday Party","StSLib"],"gold_per_floor":[99,99,125,225,235,263,310,210,224,234,259,57,57,85,99,203,203,103,116,43,57,157,188,188,201,201,224,235,249,11,23,43,43,43,43],"floor_reached":33,"language":"DEU","playtime":4010,"items_purged":[],"score":451,"play_id":"5fcba776-4e92-4fd2-b71f-d330b5e8a1c9","local_time":"20210207081634","is_ascension_mode":true,"campfire_choices":[{"floor":1.0,"key":"RECALL"},{"floor":8.0,"key":"REST"},{"data":"Slimebound:Split","floor":13.0,"key":"SMITH"},{"data":"Slimebound:TagTeam","floor":18.0,"key":"SMITH"},{"floor":26.0,"key":"REST"}],"circlet_count":0,"master_deck":["Slimebound:Strike_Slimebound","Slimebound:Strike_Slimebound","Slimebound:Strike_Slimebound","Slimebound:Tackle","Slimebound:Defend_Slimebound","Slimebound:Defend_Slimebound","Slimebound:Defend_Slimebound","Slimebound:Defend_Slimebound","Slimebound:Split+1","Slimebound:CorrosiveSpit","Regret","CurseOfTheBell","CurseOfTheBell","Regret","downfall:Icky","Slimebound:SplitBruiser","Slimebound:Repurpose","Slimebound:Equalize","Slimebound:GoopSpray","Slimebound:RollThrough","Slimebound:Overexert","Slimebound:GoopTackle","Slimebound:Gluttony","Slimebound:RollThrough","Slimebound:SplitBruiser","Slimebound:TagTeam+1","Slimebound:SplitBruiser","Slimebound:SplitAcid+1","Slimebound:SplitAcid","expansioncontent:Hexaburn","Slimebound:SamplingLick+1","Slimebound:Gluttony","Slimebound:SplitMire","Slimebound:SplitAcid","Slimebound:MassRepurpose","Slimebound:LeechEnergy","Slimebound:LevelUp","Slimebound:SplitMire+1"],"relics":["Slimebound:AbsorbEndCombatUpgraded","StrikeDummy","Anchor","downfall:ExtraCursedBell","Smiling Mask","Question Card","Incense Burner","Pen Nib","Boot","downfall:HeartBlessingRed","MawBank","Membership Card","Pear","downfall:HeartBlessingGreen","Akabeko","Lizard Tail","Lantern","Mango","Bronze Scales"],"acts_visited":["Exordium","TheCity"],"potions_floor_usage":[33,33],"damage_taken":[{"damage":2.0,"enemies":"2 Louse","floor":5.0,"turns":2.0},{"damage":28.0,"enemies":"3 Sentries","floor":6.0,"turns":7.0},{"damage":4.0,"enemies":"Jaw Worm","floor":9.0,"turns":3.0},{"damage":5.0,"enemies":"Small Slimes","floor":10.0,"turns":3.0},{"damage":9.0,"enemies":"Lagavulin","floor":11.0,"turns":5.0},{"damage":19.0,"enemies":"downfall:FleeingMerchant","floor":12.0,"turns":4.0},{"damage":28.0,"enemies":"3 Sentries","floor":14.0,"turns":6.0},{"damage":6.0,"enemies":"Red Slaver","floor":15.0,"turns":3.0},{"damage":37.0,"enemies":"IC_STATUS_ARCHETYPE","floor":16.0,"turns":5.0},{"damage":28.0,"enemies":"Spheric Guardian","floor":19.0,"turns":4.0},{"damage":19.0,"enemies":"downfall:FleeingMerchant","floor":20.0,"turns":4.0},{"damage":2.0,"enemies":"Chosen","floor":21.0,"turns":3.0},{"damage":70.0,"enemies":"Gremlin Leader","floor":23.0,"turns":5.0},{"damage":35.0,"enemies":"Sentry and Sphere","floor":25.0,"turns":4.0},{"damage":14.0,"enemies":"Centurion and Healer","floor":28.0,"turns":5.0},{"damage":14.0,"enemies":"Snecko","floor":29.0,"turns":4.0},{"damage":22.0,"enemies":"downfall:FleeingMerchant","floor":30.0,"turns":4.0},{"damage":0,"enemies":"Snake Plant","floor":31,"turns":2},{"damage":0,"enemies":"Chosen and Byrds","floor":32,"turns":3},{"damage":76,"enemies":"DF_ARCHETYPE_CLAW","floor":33,"turns":6}],"seed_played":"-7144995237722808256","potions_obtained":[{"floor":0.0,"key":"Swift Potion"},{"floor":0.0,"key":"Explosive Potion"},{"floor":0.0,"key":"Strength Potion"},{"floor":9.0,"key":"Dexterity Potion"},{"floor":11.0,"key":"hexamod:SoulburnPotion"},{"floor":14.0,"key":"FairyPotion"},{"floor":21.0,"key":"sneckomod:MuddlingPotion"},{"floor":25.0,"key":"SkillPotion"},{"floor":32,"key":"Slimebound:SlimedPotion"}],"is_trial":false,"path_per_floor":["R","?","T","?","M","E","T","R","M","M","E","$","R","E","M","B",null,"R","M","$","M","?","E","T","M","R","T","M","M","$","M","M","B"],"character_chosen":"SLIMEBOUND","items_purchased":["Membership Card","Slimebound:GoopTackle","Slimebound:Gluttony","Slimebound:SplitAcid","expansioncontent:Hexaburn","Mango","Bronze Scales"],"campfire_rested":2,"item_purchase_floors":[12,12,12,20,20,30,30],"current_hp_per_floor":[65,65,65,70,68,46,46,67,67,62,65,60,60,54,50,17,80,80,52,37,38,38,15,15,20,44,44,50,45,37,40,57,0,0,0],"gold":43,"neow_bonus":"THREE_SMALL_POTIONS","is_daily":false,"chose_seed":false,"campfire_upgraded":2,"win_rate":0.0,"timestamp":1612682194,"path_taken":["R","?","?","?","M","E","T","R","M","M","E","$","R","E","M","BOSS","R","M","$","M","?","E","T","?","R","?","?","M","?","M","M","BOSS"],"items_purchased_type":["Relic","Card","Card","Card","Card","Relic","Relic"],"build_version":"2020-12-22","purchased_purges":0,"victory":false,"max_hp_per_floor":[65,65,65,70,70,70,70,70,70,70,70,70,70,80,80,80,80,80,80,80,80,80,80,80,80,80,80,80,80,94,94,94,94,94,94],"relic_stats":{"Lizard Tail":40,"counters":[20,79],"Bronze Scales":[36],"Pen Nib":[9],"Smiling Mask":0,"Question Card":19,"Boot":[1],"MawBank":12,"obtain_stats":[{"Lantern":27,"Pear":14,"downfall:HeartBlessingRed":8,"downfall:HeartBlessingGreen":18,"Mango":30,"Pen Nib":6,"Incense Burner":4,"Smiling Mask":4,"Question Card":4,"Boot":7,"MawBank":11,"Akabeko":23,"Anchor":3,"Lizard Tail":24,"Bronze Scales":30,"Slimebound:AbsorbEndCombat":0,"Membership Card":12,"downfall:ExtraCursedBell":4,"StrikeDummy":2,"Slimebound:AbsorbEndCombatUpgraded":17},{"Lantern":14,"Pear":7,"downfall:HeartBlessingRed":2,"downfall:HeartBlessingGreen":9,"Mango":17,"Pen Nib":2,"Incense Burner":0,"Smiling Mask":0,"Question Card":0,"Boot":2,"MawBank":5,"Akabeko":13,"Anchor":0,"Lizard Tail":13,"Bronze Scales":17,"Slimebound:AbsorbEndCombat":0,"Membership Card":6,"downfall:ExtraCursedBell":0,"StrikeDummy":0,"Slimebound:AbsorbEndCombatUpgraded":9},{"Lantern":55,"Pear":28,"downfall:HeartBlessingRed":9,"downfall:HeartBlessingGreen":36,"Mango":68,"Pen Nib":9,"Incense Burner":0,"Smiling Mask":0,"Question Card":0,"Boot":9,"MawBank":19,"Akabeko":51,"Anchor":0,"Lizard Tail":51,"Bronze Scales":68,"Slimebound:AbsorbEndCombat":0,"Membership Card":23,"downfall:ExtraCursedBell":0,"StrikeDummy":0,"Slimebound:AbsorbEndCombatUpgraded":36}]},"card_choices":[{"not_picked":["Slimebound:SplitLeeching","Slimebound:RollThrough","Slimebound:LeechingTouch"],"picked":"Slimebound:SplitBruiser","floor":5.0},{"not_picked":["Slimebound:ForwardTackle","Slimebound:BestDefense","Slimebound:LeadByExample"],"picked":"Slimebound:Repurpose","floor":6.0},{"not_picked":["Slimebound:SlimeBrawl","Slimebound:SamplingLick","Slimebound:MassFeed"],"picked":"Slimebound:Equalize","floor":9.0},{"not_picked":["Slimebound:HungryTackle","Slimebound:ItLooksTasty","Slimebound:BestDefense"],"picked":"Slimebound:GoopSpray","floor":10.0},{"not_picked":["Slimebound:DivideAndConquer","Slimebound:LeechEnergy","Slimebound:Grow"],"picked":"Slimebound:RollThrough","floor":11.0},{"not_picked":["Slimebound:LivingWall","Slimebound:ForwardTackle","Slimebound:LeechEnergy"],"picked":"Slimebound:Overexert","floor":12.0},{"not_picked":["Slimebound:ViciousTackle","Slimebound:GoopTackle","Slimebound:SamplingLick"],"picked":"Slimebound:RollThrough","floor":14.0},{"not_picked":["Slimebound:TongueLash","Slimebound:SplitLeeching","Slimebound:SlimeSpikes"],"picked":"Slimebound:SplitBruiser","floor":15.0},{"not_picked":["Slimebound:SelfFormingGoo","Slimebound:FirmFortitude","Slimebound:PrepareCrush"],"picked":"Slimebound:TagTeam","floor":16.0},{"not_picked":["Slimebound:Recollect+1","Slimebound:SplitLeeching","Slimebound:SamplingLick"],"picked":"Slimebound:SplitBruiser","floor":19.0},{"not_picked":["Slimebound:GoopTackle","Slimebound:DivideAndConquer","Slimebound:ServeAndProtect"],"picked":"Slimebound:SplitAcid+1","floor":20.0},{"not_picked":["Slimebound:ComboTackle+1","Slimebound:DivideAndConquer","Slimebound:SplitAcid"],"picked":"Slimebound:SamplingLick+1","floor":21.0},{"not_picked":["Slimebound:Chomp+1","Slimebound:RollThrough","Slimebound:LeechingTouch+1"],"picked":"Slimebound:Gluttony","floor":23.0},{"not_picked":["Slimebound:Schlurp","Slimebound:SlimeSpikes","Slimebound:FinishingTackle+1"],"picked":"Slimebound:SplitMire","floor":25.0},{"not_picked":["Slimebound:FlameTackle","Slimebound:ForwardTackle","Slimebound:SlimeBarrage"],"picked":"Slimebound:SplitAcid","floor":28.0},{"not_picked":["Slimebound:SplitBruiser","Slimebound:PressTheAttack","Slimebound:LeechEnergy"],"picked":"Slimebound:MassRepurpose","floor":29.0},{"not_picked":["Slimebound:LeechingTouch","Slimebound:ComboTackle","Slimebound:DivideAndConquer"],"picked":"Slimebound:LeechEnergy","floor":30.0},{"not_picked":["Slimebound:SamplingLick","Slimebound:Chomp","Slimebound:ForwardTackle"],"picked":"Slimebound:LevelUp","floor":31},{"not_picked":["Slimebound:SlimeSpikes+1","Slimebound:FormOfPuddle","Slimebound:Schlurp"],"picked":"Slimebound:SplitMire+1","floor":32}],"player_experience":927447,"relics_obtained":[{"floor":3.0,"key":"Anchor"},{"floor":4.0,"key":"Smiling Mask"},{"floor":4.0,"key":"Question Card"},{"floor":4.0,"key":"Incense Burner"},{"floor":6.0,"key":"Pen Nib"},{"floor":7.0,"key":"Boot"},{"floor":11.0,"key":"MawBank"},{"floor":14.0,"key":"Pear"},{"floor":23.0,"key":"Akabeko"},{"floor":24.0,"key":"Lizard Tail"},{"floor":27.0,"key":"Lantern"}],"event_choices":[{"damage_healed":0.0,"max_hp_gain":0.0,"max_hp_loss":0.0,"gold_gain":0.0,"event_name":"Big Fish","player_choice":"Box","floor":2.0,"gold_loss":0.0,"damage_taken":0.0,"relics_obtained":["StrikeDummy"],"cards_obtained":["Regret"]}],"is_beta":false,"boss_relics":[{"not_picked":["Astrolabe","Velvet Choker"],"picked":"Slimebound:AbsorbEndCombatUpgraded"}],"items_purged_floors":[],"is_endless":false,"potions_floor_spawned":[9,11,14,15,21,25,32],"killed_by":"DF_ARCHETYPE_CLAW","ascension_level":1}}