{"host":"wttmrzzrx8nzm6lv","time":1612680148,"event":{"mods":["Arknights","BaseMod","Marisa£®ÏF”Í°°ƒß¿Ì…≥£©","Minty Spire (QoL Compilation)","Remilia£®¿Ÿ√◊¿Ú—«£©","StSLib","Youmu£®ªÍ∆«—˝√Œ£©"],"gold_per_floor":[119,74,74,84,103,136,136,154,154,154,154],"floor_reached":10,"language":"ZHS","playtime":183,"items_purged":[],"score":68,"play_id":"2ee370e0-c5bf-43e7-b768-95890198f22d","local_time":"20210207144228","is_ascension_mode":false,"campfire_choices":[{"data":"Searing Blow","floor":7,"key":"SMITH"}],"circlet_count":0,"master_deck":["Strike_R","Strike_R","Strike_R","Strike_R","Strike_R","Defend_R","Defend_R","Defend_R","Defend_R","Bash","Clash","Searing Blow+1","Feed"],"relics":["Burning Blood","NeowsBlessing","Potion Belt","Dream Catcher"],"acts_visited":["Exordium"],"potions_floor_usage":[8,8],"damage_taken":[{"damage":0,"enemies":"Jaw Worm","floor":1,"turns":1},{"damage":0,"enemies":"Cultist","floor":4,"turns":1},{"damage":0,"enemies":"2 Louse","floor":5,"turns":2},{"damage":64,"enemies":"Gremlin Nob","floor":6,"turns":6},{"damage":8,"enemies":"Large Slime","floor":8,"turns":4},{"damage":0,"enemies":"Lagavulin","floor":10,"turns":1}],"seed_played":"-1933967647715391226","potions_obtained":[{"floor":4,"key":"Swift Potion"},{"floor":6,"key":"ElixirPotion"}],"is_trial":false,"path_per_floor":["M","$","?","M","M","E","R","M","T","E"],"character_chosen":"IRONCLAD","items_purchased":["Clash"],"campfire_rested":0,"item_purchase_floors":[2],"current_hp_per_floor":[80,80,80,80,80,22,22,20,20,20,20],"gold":154,"neow_bonus":"THREE_ENEMY_KILL","is_daily":false,"chose_seed":false,"campfire_upgraded":1,"win_rate":0.0,"timestamp":1612680148,"path_taken":["M","$","?","M","M","E","R","?","T","E"],"items_purchased_type":["Card"],"build_version":"2020-12-22","purchased_purges":0,"victory":false,"max_hp_per_floor":[80,80,80,80,80,80,80,80,80,80,80],"card_choices":[{"not_picked":["Clothesline","Cleave","Thunderclap"],"picked":"SKIP","floor":1},{"not_picked":["Metallicize","Rupture","Cleave"],"picked":"SKIP","floor":4},{"not_picked":["Thunderclap","Flex"],"picked":"Searing Blow","floor":5},{"not_picked":["Clothesline","Headbutt","True Grit"],"picked":"SKIP","floor":6},{"not_picked":["Combust","Searing Blow"],"picked":"Feed","floor":8}],"player_experience":748247,"relics_obtained":[{"floor":6,"key":"Potion Belt"},{"floor":9,"key":"Dream Catcher"}],"event_choices":[{"damage_healed":0,"gold_gain":0,"player_choice":"Bought 0 Potions","damage_taken":0,"max_hp_gain":0,"max_hp_loss":0,"event_name":"The Woman in Blue","floor":3,"gold_loss":0}],"is_beta":false,"boss_relics":[],"items_purged_floors":[],"is_endless":false,"potions_floor_spawned":[4,6],"killed_by":"Lagavulin","ascension_level":0}}