{"host":"dzit4ljil6490tuf","time":1612666094,"event":{"mods":["BaseMod","Downfall","Hermit","Hubris","Minty Spire (QoL Compilation)","StSLib","The Cursed","The Runesmith","The Servant 0.9.4"],"gold_per_floor":[99,114,114,129,129,144,219,234,234,249,249,264,264,279,294,394,394,394,409,409,21,36,51,51,151,181,196,211,98,198,64,79,179,179,179,194,42,57,107,122,122,137,167,182,182,197,197,227,127,127,127,127],"floor_reached":50,"language":"ITA","playtime":3936,"items_purged":["sneckomod:Unknown","sneckomod:UnknownCommonAttack"],"score":670,"play_id":"c66cddaf-d855-462a-8478-509347329102","local_time":"20210207034814","daily_mods":["downfall:Improvised","ControlledChaos","Night Terrors"],"is_ascension_mode":false,"campfire_choices":[{"data":"Slimebound:Split","floor":1,"key":"SMITH"},{"data":"Slimebound:LevelUp","floor":9,"key":"SMITH"},{"data":"Slimebound:Darklings","floor":18,"key":"SMITH"},{"data":"Slimebound:SelfFormingGoo","floor":35,"key":"SMITH"},{"data":"Slimebound:LivingWall","floor":49,"key":"SMITH"}],"circlet_count":0,"master_deck":["Slimebound:Tackle+1","Slimebound:Split+1","Slimebound:CorrosiveSpit","sneckomod:UnknownCommonSkill","sneckomod:UnknownCommonSkill","sneckomod:UnknownUncommonAttack","sneckomod:UnknownUncommonSkill+1","sneckomod:UnknownUncommonPower","Slimebound:RollThrough","Slimebound:GoopSpray+1","Slimebound:SplitAcid","Slimebound:LevelUp+1","Slimebound:RejuvenatingLick+1","Slimebound:LeechLife","Slimebound:SlimeBarrage","Slimebound:GoopSpray","Slimebound:SlimeSlap","Slimebound:RallyTheTroops","Slimebound:DivideAndConquer","Slimebound:ServeAndProtect","Slimebound:Darklings+1","Slimebound:RejuvenatingLick","Slimebound:Grow","Slimebound:ViciousTackle","Slimebound:LivingWall","Slimebound:SplitLeeching+1","Slimebound:HauntingLick","Slimebound:PressTheAttack","Slimebound:Prepare+1","Slimebound:MegaLick+1","Slimebound:Gluttony","Slimebound:ForwardTackle","Slimebound:SplitBruiser","Slimebound:RainOfGoop","Slimebound:GoopSpray","Slimebound:GoopTackle+1","Slimebound:Darklings","Slimebound:SplitSpecialist","Slimebound:PressTheAttack","Slimebound:SplitMire+1","Slimebound:SelfFormingGoo+1","Slimebound:GoopSpray+1","Slimebound:HauntingLick","Slimebound:OozeBath","Slimebound:ServeAndProtect","Slimebound:LivingWall+1","Slimebound:LivingWall+1","Slimebound:SplitSpecialist+1","Slimebound:ServeAndProtect+1","Slimebound:LeechingTouch","Slimebound:OozeBath","Slimebound:Schlurp+1","Slimebound:LeechLife"],"relics":["Slimebound:AbsorbEndCombat","Frozen Eye","Letter Opener","Pandora\u0027s Box","Turnip","hubris:CrystalStatue","MealTicket","Unceasing Top","Runesmith:Nanobots","Sozu","hubris:PeanutButter","hubris:Teleporter","champ:DuelingGlove","Incense Burner","hubris:Towel","hubris:GlazedTorus","downfall:HeartBlessingGreen"],"acts_visited":["Exordium","TheCity","TheBeyond"],"potions_floor_usage":[10,26,27,30,38,50,50],"damage_taken":[{"damage":0,"enemies":"2 Louse","floor":2,"turns":2},{"damage":8,"enemies":"Jaw Worm","floor":4,"turns":3},{"damage":1,"enemies":"Cultist","floor":6,"turns":5},{"damage":2,"enemies":"Looter","floor":8,"turns":2},{"damage":8,"enemies":"Gremlin Gang","floor":10,"turns":4},{"damage":14,"enemies":"Red Slaver","floor":12,"turns":2},{"damage":10,"enemies":"Blue Slaver","floor":14,"turns":3},{"damage":0,"enemies":"Exordium Wildlife","floor":15,"turns":3},{"damage":10,"enemies":"The Guardian","floor":16,"turns":8},{"damage":20,"enemies":"Spheric Guardian","floor":19,"turns":4},{"damage":5,"enemies":"downfall:FleeingMerchant","floor":21,"turns":4},{"damage":10,"enemies":"Chosen","floor":22,"turns":3},{"damage":1,"enemies":"Snake Plant","floor":23,"turns":4},{"damage":58,"enemies":"Book of Stabbing","floor":26,"turns":7},{"damage":18,"enemies":"Cultist and Chosen","floor":27,"turns":5},{"damage":0,"enemies":"Snecko","floor":28,"turns":4},{"damage":7,"enemies":"downfall:FleeingMerchant","floor":29,"turns":4},{"damage":35,"enemies":"IC_STATUS_ARCHETYPE","floor":30,"turns":6},{"damage":18,"enemies":"downfall:FleeingMerchant","floor":31,"turns":4},{"damage":15,"enemies":"Sentry and Sphere","floor":32,"turns":4},{"damage":7,"enemies":"WA_ARCHETYPE_CALM","floor":33,"turns":10},{"damage":17,"enemies":"Orb Walker","floor":36,"turns":2},{"damage":7,"enemies":"downfall:FleeingMerchant","floor":37,"turns":3},{"damage":30,"enemies":"3 Darklings","floor":38,"turns":4},{"damage":0,"enemies":"3 Darklings","floor":39,"turns":3},{"damage":22,"enemies":"Sphere and 2 Shapes","floor":40,"turns":6},{"damage":8,"enemies":"Jaw Worm Horde","floor":42,"turns":4},{"damage":22,"enemies":"Giant Head","floor":43,"turns":7},{"damage":0,"enemies":"3 Darklings","floor":44,"turns":6},{"damage":4,"enemies":"Sphere and 2 Shapes","floor":46,"turns":4},{"damage":44,"enemies":"Nemesis","floor":48,"turns":9},{"damage":74,"enemies":"IC_BLOCK_ARCHETYPE","floor":50,"turns":7}],"seed_played":"8884597751285247366","potions_obtained":[{"floor":4,"key":"Slimebound:ThreeZeroPotion"},{"floor":6,"key":"GamblersBrew"},{"floor":14,"key":"Slimebound:SpawnSlimePotion"},{"floor":15,"key":"SneckoOil"},{"floor":22,"key":"Guardian:BlockOnCardUsePotion"},{"floor":26,"key":"Regen Potion"},{"floor":30,"key":"LiquidMemories"},{"floor":32,"key":"Explosive Potion"}],"is_trial":false,"path_per_floor":["R","M","?","M","?","M","T","M","R","M","?","M","?","M","M","B",null,"R","M","?","$","M","M","T","?","E","M","M","$","?","$","M","B",null,"R","M","$","M","?","M","T","M","E","M","?","M","?","E","R","B"],"character_chosen":"SLIMEBOUND","items_purchased":["Slimebound:HauntingLick","Slimebound:PressTheAttack","Turnip","Slimebound:GoopSpray","Slimebound:SplitSpecialist","Slimebound:PressTheAttack","Slimebound:OozeBath","Slimebound:ServeAndProtect","hubris:PeanutButter"],"campfire_rested":0,"item_purchase_floors":[21,21,21,29,31,31,37,37,37],"current_hp_per_floor":[65,65,52,46,39,44,44,44,44,44,44,44,44,40,54,52,65,65,45,45,56,54,57,57,57,25,65,65,65,45,54,45,46,65,65,50,60,48,60,47,47,47,39,51,51,53,53,65,65,0,0,0],"gold":127,"neow_bonus":"","is_daily":true,"chose_seed":false,"campfire_upgraded":5,"win_rate":0.0,"timestamp":1612666094,"path_taken":["R","M","?","M","?","M","T","?","R","M","?","M","?","?","M","BOSS","R","M","?","$","M","?","T","?","E","?","M","$","?","?","M","BOSS","R","M","$","M","?","M","T","M","E","M","?","?","?","E","R","BOSS"],"items_purchased_type":["Card","Card","Relic","Card","Card","Card","Card","Card","Relic"],"build_version":"2020-12-22","purchased_purges":2,"victory":false,"max_hp_per_floor":[65,65,65,65,65,65,65,65,65,65,65,65,65,65,65,65,65,65,65,65,65,65,65,65,65,65,65,65,65,65,65,65,65,65,65,65,65,65,65,65,65,65,65,65,65,65,65,65,65,65,65,65],"card_choices":[{"not_picked":["Slimebound:GoopTackle","Slimebound:Recollect"],"picked":"Slimebound:RollThrough","floor":2},{"not_picked":["Slimebound:SplitLeeching","Slimebound:ComboTackle"],"picked":"Slimebound:GoopSpray","floor":4},{"not_picked":["Slimebound:ForwardTackle","Slimebound:TongueLash"],"picked":"Slimebound:SplitAcid","floor":6},{"not_picked":["Slimebound:SlimeSpikes","Slimebound:Replication"],"picked":"Slimebound:LevelUp","floor":8},{"not_picked":["Slimebound:SplitAcid","Slimebound:GoopTackle"],"picked":"Slimebound:RejuvenatingLick","floor":10},{"not_picked":["Slimebound:ComboTackle","Slimebound:SlimeBrawl"],"picked":"Slimebound:LeechLife","floor":12},{"not_picked":["Slimebound:GoopSpray","Slimebound:LeechingTouch"],"picked":"Slimebound:SlimeBarrage","floor":14},{"not_picked":["Slimebound:ComboTackle","Slimebound:WasteNot"],"picked":"Slimebound:GoopSpray","floor":15},{"not_picked":["Slimebound:Teamwork","Slimebound:PrepareCrush"],"picked":"Slimebound:SlimeSlap","floor":16},{"not_picked":["Slimebound:SplitBruiser","Slimebound:LeechingTouch+1"],"picked":"Slimebound:LivingWall","floor":19},{"not_picked":["Slimebound:LivingWall","Slimebound:LeechLife"],"picked":"Slimebound:SplitLeeching+1","floor":21},{"not_picked":["Slimebound:LivingWall","Slimebound:ComboTackle"],"picked":"Slimebound:Prepare+1","floor":22},{"not_picked":["Slimebound:Gluttony","Slimebound:LivingWall"],"picked":"Slimebound:MegaLick+1","floor":23},{"not_picked":["Slimebound:ItLooksTasty","Slimebound:LevelUp"],"picked":"Slimebound:Gluttony","floor":26},{"not_picked":["Slimebound:Gluttony","Slimebound:LeechingTouch"],"picked":"Slimebound:ForwardTackle","floor":27},{"not_picked":["Slimebound:GoopTackle","Slimebound:ForwardTackle"],"picked":"Slimebound:SplitBruiser","floor":28},{"not_picked":["Slimebound:ProtectTheBoss","Slimebound:SlimeBrawl"],"picked":"Slimebound:RainOfGoop","floor":29},{"not_picked":["Slimebound:LeechEnergy","Slimebound:ItLooksTasty"],"picked":"Slimebound:GoopTackle+1","floor":30},{"not_picked":["Slimebound:SlimeSpikes","Slimebound:DivideAndConquer"],"picked":"Slimebound:Darklings","floor":31},{"not_picked":["Slimebound:GrowthPunch","Slimebound:ServeAndProtect+1"],"picked":"Slimebound:SplitMire+1","floor":32},{"not_picked":["Slimebound:PrepareCrush","Slimebound:OneTwoCombo"],"picked":"Slimebound:SelfFormingGoo","floor":33},{"not_picked":["Slimebound:ComboTackle+1","Slimebound:BestDefense"],"picked":"Slimebound:GoopSpray+1","floor":36},{"not_picked":["Slimebound:Recollect","Slimebound:FormOfPuddle"],"picked":"Slimebound:HauntingLick","floor":37},{"not_picked":["Slimebound:Replication+1","Slimebound:ItLooksTasty+1"],"picked":"Slimebound:LivingWall","floor":38},{"not_picked":["Slimebound:LeechEnergy","Slimebound:RollThrough"],"picked":"Slimebound:LivingWall+1","floor":39},{"not_picked":["Slimebound:RollThrough","Slimebound:SplitLeeching"],"picked":"Slimebound:SplitSpecialist+1","floor":40},{"not_picked":["Slimebound:Recollect","Slimebound:ComboTackle+1"],"picked":"Slimebound:ServeAndProtect+1","floor":42},{"not_picked":["Slimebound:LeechEnergy+1","Slimebound:RainOfGoop"],"picked":"Slimebound:LeechingTouch","floor":43},{"not_picked":["Slimebound:SplitMire","Slimebound:SamplingLick+1"],"picked":"Slimebound:OozeBath","floor":44},{"not_picked":["Slimebound:LivingWall+1","Slimebound:SplitLeeching+1"],"picked":"Slimebound:Schlurp+1","floor":46},{"not_picked":["Slimebound:ServeAndProtect+1","Slimebound:SlimeSpikes+1"],"picked":"Slimebound:LeechLife","floor":48}],"player_experience":626618,"relics_obtained":[{"floor":7,"key":"Letter Opener"},{"floor":24,"key":"hubris:CrystalStatue"},{"floor":26,"key":"MealTicket"},{"floor":30,"key":"Unceasing Top"},{"floor":30,"key":"Runesmith:Nanobots"},{"floor":39,"key":"hubris:Teleporter"},{"floor":41,"key":"champ:DuelingGlove"},{"floor":43,"key":"Incense Burner"},{"floor":48,"key":"hubris:GlazedTorus"}],"event_choices":[{"damage_healed":0,"gold_gain":0,"player_choice":"Entered Light","damage_taken":13,"max_hp_gain":0,"max_hp_loss":0,"event_name":"Shining Light","floor":3,"gold_loss":0,"cards_upgraded":["sneckomod:UnknownUncommonSkill","Slimebound:Tackle"]},{"cards_removed":["sneckomod:UnknownCommonAttack"],"damage_healed":0,"gold_gain":0,"player_choice":"Card Removal","damage_taken":7,"max_hp_gain":0,"max_hp_loss":0,"event_name":"Golden Wing","floor":5,"gold_loss":0},{"damage_healed":0,"gold_gain":0,"player_choice":"Forge","damage_taken":0,"max_hp_gain":0,"max_hp_loss":0,"event_name":"Accursed Blacksmith","floor":13,"gold_loss":0,"cards_upgraded":["Slimebound:GoopSpray"]},{"cards_removed":["sneckomod:UnknownCommonAttack"],"damage_healed":0,"gold_gain":0,"player_choice":"Card Removal","damage_taken":0,"max_hp_gain":0,"max_hp_loss":0,"event_name":"Wheel of Change","floor":45,"gold_loss":0}],"is_beta":false,"boss_relics":[{"not_picked":["hubris:Stopwatch","Empty Cage"],"picked":"Pandora\u0027s Box"},{"not_picked":["Black Star","Tiny House"],"picked":"Sozu"}],"items_purged_floors":[29,37],"is_endless":false,"potions_floor_spawned":[4,6,14,15,22,23,26,30,32,33,36,38,43,44],"killed_by":"IC_BLOCK_ARCHETYPE","ascension_level":0}}