{"host":"x8s7139x96bc3le0","time":1612708479,"event":{"mods":["AchievementEnabler","BaseMod","Bestiary","Minty Spire (QoL Compilation)","Relic Stats","ojb\u0027s Better Paths Mod","ojb\u0027s Info Mod"],"gold_per_floor":[119,130,144,69,19,51,51,82,109,109,141,158,178,204,204,301,301,319,269,279,69,86,119,137,137,161,192,90,124,140,150,150,246,246,257,274,285,41,54,74,74,108,108,141,141,164,184,203,203,203],"floor_reached":51,"language":"ENG","playtime":5393,"items_purged":["Strike_G","Strike_G"],"score":1183,"play_id":"edb36c5c-c0ab-460d-aaa8-f47b977b14f7","local_time":"20210207153439","is_ascension_mode":true,"campfire_choices":[{"data":"Neutralize","floor":7.0,"key":"SMITH"},{"data":"Predator","floor":10.0,"key":"SMITH"},{"data":"Footwork","floor":15.0,"key":"SMITH"},{"floor":25.0,"key":"REST"},{"floor":32.0,"key":"REST"},{"floor":41.0,"key":"REST"},{"floor":45.0,"key":"REST"},{"floor":49.0,"key":"REST"}],"circlet_count":0,"master_deck":["Survivor","Neutralize+1","Backstab","Predator+1","Backflip","Footwork+1","Blur","Night Terror","Backflip+1","Flechettes+1","Choke+1","Infinite Blades","Prepared+1","Backstab","Outmaneuver","Dodge and Roll+1","Finisher+1","Acrobatics","Tactician","Bullet Time","Unload","Glass Knife","Escape Plan","Terror","After Image","Well Laid Plans","Heel Hook","Caltrops+1","Blur+1","PiercingWail+1","Glass Knife","Distraction+1","Phantasmal Killer"],"relics":["Ring of the Snake","PreservedInsect","Omamori","Centennial Puzzle","Happy Flower","Dream Catcher","Lantern","Philosopher\u0027s Stone","Tiny Chest","Orichalcum","Bronze Scales","Shovel","Pandora\u0027s Box","Anchor","Ninja Scroll","Bottled Flame","Whetstone","Nunchaku"],"acts_visited":["Exordium","TheCity","TheBeyond"],"potions_floor_usage":[50,50,50,50,50,50],"damage_taken":[{"damage":0.0,"enemies":"Small Slimes","floor":1.0,"turns":4.0},{"damage":0.0,"enemies":"Cultist","floor":2.0,"turns":3.0},{"damage":0.0,"enemies":"2 Louse","floor":3.0,"turns":2.0},{"damage":12.0,"enemies":"Lagavulin","floor":6.0,"turns":8.0},{"damage":8.0,"enemies":"Gremlin Nob","floor":8.0,"turns":4.0},{"damage":0.0,"enemies":"3 Sentries","floor":11.0,"turns":6.0},{"damage":1.0,"enemies":"Blue Slaver","floor":12.0,"turns":3.0},{"damage":1.0,"enemies":"2 Fungi Beasts","floor":13.0,"turns":2.0},{"damage":0.0,"enemies":"Lagavulin","floor":14.0,"turns":5.0},{"damage":4.0,"enemies":"The Guardian","floor":16.0,"turns":15.0},{"damage":32.0,"enemies":"3 Byrds","floor":18.0,"turns":15.0},{"damage":19.0,"enemies":"2 Thieves","floor":20.0,"turns":5.0},{"damage":0.0,"enemies":"Snecko","floor":22.0,"turns":5.0},{"damage":15.0,"enemies":"Slavers","floor":23.0,"turns":7.0},{"damage":14.0,"enemies":"3 Cultists","floor":24.0,"turns":4.0},{"damage":0.0,"enemies":"Book of Stabbing","floor":27.0,"turns":6.0},{"damage":0.0,"enemies":"Gremlin Leader","floor":29.0,"turns":4.0},{"damage":0.0,"enemies":"Sentry and Sphere","floor":30.0,"turns":3.0},{"damage":0.0,"enemies":"Centurion and Healer","floor":31.0,"turns":4.0},{"damage":27.0,"enemies":"Automaton","floor":33.0,"turns":13.0},{"damage":4.0,"enemies":"3 Shapes","floor":35.0,"turns":6.0},{"damage":8.0,"enemies":"Orb Walker","floor":36.0,"turns":3.0},{"damage":2.0,"enemies":"4 Shapes","floor":37.0,"turns":8.0},{"damage":11.0,"enemies":"Spire Growth","floor":39.0,"turns":5.0},{"damage":9.0,"enemies":"Maw","floor":40.0,"turns":7.0},{"damage":39.0,"enemies":"Reptomancer","floor":42.0,"turns":8.0},{"damage":0.0,"enemies":"Giant Head","floor":44.0,"turns":5.0},{"damage":2.0,"enemies":"3 Darklings","floor":47.0,"turns":6.0},{"damage":0.0,"enemies":"Writhing Mass","floor":48.0,"turns":8.0},{"damage":46,"enemies":"Awakened One","floor":50,"turns":18}],"seed_played":"5376019448132046873","potions_obtained":[{"floor":1.0,"key":"Dexterity Potion"},{"floor":6.0,"key":"DistilledChaos"},{"floor":8.0,"key":"SpeedPotion"},{"floor":11.0,"key":"Poison Potion"},{"floor":12.0,"key":"AttackPotion"},{"floor":18.0,"key":"FairyPotion"},{"floor":20.0,"key":"Weak Potion"},{"floor":22.0,"key":"Strength Potion"},{"floor":23.0,"key":"DuplicationPotion"},{"floor":30.0,"key":"Strength Potion"},{"floor":35.0,"key":"Poison Potion"},{"floor":36.0,"key":"EssenceOfSteel"},{"floor":39.0,"key":"Fruit Juice"},{"floor":44.0,"key":"EssenceOfSteel"}],"is_trial":false,"path_per_floor":["M","M","M","$","?","E","R","E","T","R","E","M","M","E","R","B",null,"M","?","M","$","M","E","M","R","T","E","$","E","M","M","R","B",null,"M","M","M","$","M","M","R","E","T","E","R","T","M","M","R","B",null],"character_chosen":"THE_SILENT","items_purchased":["Choke","Infinite Blades","Backstab","Outmaneuver","EntropicBrew","Anchor"],"campfire_rested":5,"item_purchase_floors":[21,21,28,28,38,38],"current_hp_per_floor":[63,63,63,63,63,51,51,43,43,43,43,42,41,41,41,37,62,30,30,11,11,11,21,7,28,28,28,28,28,28,28,49,22,58,54,46,44,44,38,29,51,12,12,12,34,34,32,32,54,8],"gold":203,"neow_bonus":"RANDOM_COMMON_RELIC","is_daily":false,"chose_seed":false,"campfire_upgraded":3,"win_rate":0.0,"timestamp":1612708479,"path_taken":["M","M","M","$","?","E","R","E","T","R","E","M","M","E","R","BOSS","M","?","M","$","M","E","M","R","T","E","?","E","M","?","R","BOSS","M","M","M","$","M","?","R","E","T","E","R","?","M","M","R","BOSS"],"items_purchased_type":["Card","Card","Card","Card","Potion","Relic"],"build_version":"2020-12-22","purchased_purges":2,"victory":true,"max_hp_per_floor":[70,70,70,70,70,70,70,70,70,70,70,70,70,70,70,70,70,70,70,70,70,70,70,70,70,70,70,70,70,70,70,70,70,70,70,70,70,70,75,75,75,75,75,75,75,75,75,75,75,75],"relic_stats":{"Happy Flower":[57],"counters":[30,192],"PreservedInsect":420,"Whetstone":["Choke","Flechettes"],"Orichalcum":[6],"Centennial Puzzle":[45],"Dream Catcher":5,"Nunchaku":[7],"Shovel":0,"Bronze Scales":[297],"Tiny Chest":1,"Pandora\u0027s Box":["Unload","Glass Knife","Escape Plan","Terror","After Image","Well Laid Plans","Heel Hook"],"obtain_stats":[{"Lantern":14,"Happy Flower":9,"PreservedInsect":0,"Omamori":6,"Whetstone":44,"Orichalcum":26,"Centennial Puzzle":8,"Dream Catcher":11,"Anchor":38,"Bottled Flame":43,"Nunchaku":46,"Shovel":29,"Ninja Scroll":42,"Bronze Scales":27,"Philosopher\u0027s Stone":17,"Tiny Chest":23,"Pandora\u0027s Box":34,"Ring of the Snake":0},{"Lantern":9,"Happy Flower":5,"PreservedInsect":0,"Omamori":4,"Whetstone":27,"Orichalcum":15,"Centennial Puzzle":5,"Dream Catcher":6,"Anchor":23,"Bottled Flame":26,"Nunchaku":27,"Shovel":17,"Ninja Scroll":26,"Bronze Scales":16,"Philosopher\u0027s Stone":10,"Tiny Chest":14,"Pandora\u0027s Box":20,"Ring of the Snake":0},{"Lantern":37,"Happy Flower":21,"PreservedInsect":0,"Omamori":17,"Whetstone":160,"Orichalcum":88,"Centennial Puzzle":21,"Dream Catcher":27,"Anchor":135,"Bottled Flame":155,"Nunchaku":160,"Shovel":98,"Ninja Scroll":155,"Bronze Scales":94,"Philosopher\u0027s Stone":52,"Tiny Chest":84,"Pandora\u0027s Box":118,"Ring of the Snake":0}],"Ring of the Snake":[60]},"card_choices":[{"not_picked":["Sucker Punch","Poisoned Stab"],"picked":"Backstab","floor":1.0},{"not_picked":["Blade Dance","Dagger Spray"],"picked":"Predator","floor":2.0},{"not_picked":["Skewer","Dodge and Roll"],"picked":"Backflip","floor":3.0},{"not_picked":["Dagger Throw","Flechettes"],"picked":"Footwork","floor":6.0},{"not_picked":["PiercingWail","Well Laid Plans"],"picked":"Blur","floor":8.0},{"not_picked":["Bane","Masterful Stab","All Out Attack"],"picked":"SKIP","floor":11.0},{"not_picked":["Deadly Poison","Bane","Backflip"],"picked":"SKIP","floor":12.0},{"not_picked":["Crippling Poison","Concentrate","A Thousand Cuts"],"picked":"SKIP","floor":13.0},{"not_picked":["Underhanded Strike","Setup","Deadly Poison"],"picked":"SKIP","floor":14.0},{"not_picked":["Bullet Time","Unload"],"picked":"Night Terror","floor":16.0},{"not_picked":["Noxious Fumes","Flechettes"],"picked":"Backflip+1","floor":18.0},{"not_picked":["Dagger Spray","All Out Attack"],"picked":"Flechettes","floor":20.0},{"not_picked":["Bane","Poisoned Stab","Deflect"],"picked":"SKIP","floor":22.0},{"not_picked":["Endless Agony","Tactician+1","Dagger Spray"],"picked":"SKIP","floor":23.0},{"not_picked":["Sucker Punch","Quick Slash+1"],"picked":"Prepared+1","floor":24.0},{"not_picked":["Deadly Poison","Footwork","Concentrate"],"picked":"SKIP","floor":27.0},{"not_picked":["Riddle With Holes","Acrobatics"],"picked":"Dodge and Roll+1","floor":29.0},{"not_picked":["Dodge and Roll","Slice"],"picked":"Finisher+1","floor":30.0},{"not_picked":["Bane+1","Backflip"],"picked":"Acrobatics","floor":31.0},{"not_picked":["Skewer","Concentrate"],"picked":"Tactician","floor":32.0},{"not_picked":["A Thousand Cuts","Night Terror"],"picked":"Bullet Time","floor":33.0},{"not_picked":["Blade Dance+1","Flying Knee+1"],"picked":"Caltrops+1","floor":35.0},{"not_picked":["Well Laid Plans","Dodge and Roll"],"picked":"Blur+1","floor":36.0},{"not_picked":["Dagger Throw","Sucker Punch","Outmaneuver+1"],"picked":"SKIP","floor":37.0},{"not_picked":["Tools of the Trade","Underhanded Strike+1"],"picked":"PiercingWail+1","floor":39.0},{"not_picked":["Escape Plan","Flechettes","Slice"],"picked":"SKIP","floor":40.0},{"not_picked":["Flying Knee","Reflex"],"picked":"Glass Knife","floor":42.0},{"not_picked":["Concentrate+1","Dagger Spray+1","Dodge and Roll"],"picked":"SKIP","floor":44.0},{"not_picked":["Outmaneuver+1","Deflect+1"],"picked":"Distraction+1","floor":47.0},{"not_picked":["Deflect","Poisoned Stab+1"],"picked":"Phantasmal Killer","floor":48.0}],"player_experience":840094,"relics_obtained":[{"floor":6.0,"key":"Omamori"},{"floor":8.0,"key":"Centennial Puzzle"},{"floor":9.0,"key":"Happy Flower"},{"floor":11.0,"key":"Dream Catcher"},{"floor":14.0,"key":"Lantern"},{"floor":23.0,"key":"Tiny Chest"},{"floor":26.0,"key":"Orichalcum"},{"floor":27.0,"key":"Bronze Scales"},{"floor":29.0,"key":"Shovel"},{"floor":42.0,"key":"Ninja Scroll"},{"floor":43.0,"key":"Bottled Flame"},{"floor":44.0,"key":"Whetstone"},{"floor":46.0,"key":"Nunchaku"}],"event_choices":[{"cards_removed":["Strike_G"],"damage_healed":0.0,"max_hp_gain":0.0,"max_hp_loss":0.0,"gold_gain":0.0,"event_name":"The Cleric","player_choice":"Card Removal","floor":5.0,"gold_loss":50.0,"damage_taken":0.0},{"damage_healed":0.0,"max_hp_gain":0.0,"max_hp_loss":0.0,"gold_gain":0.0,"event_name":"The Joust","player_choice":"Bet on Murderer","floor":19.0,"gold_loss":50.0,"damage_taken":0.0}],"is_beta":false,"boss_relics":[{"not_picked":["Ring of the Serpent","Empty Cage"],"picked":"Philosopher\u0027s Stone"},{"not_picked":["Snecko Eye","Runic Pyramid"],"picked":"Pandora\u0027s Box"}],"items_purged_floors":[4,21],"is_endless":false,"potions_floor_spawned":[1,6,8,11,12,18,20,22,23,30,35,36,39,44,47,48],"ascension_level":7}}