{"host":"oigynbtg272c19pw","time":1612703549,"event":{"mods":["BaseMod","Colored Map","Minty Spire (QoL Compilation)","Relic Stats","Slay the Relics Exporter","StSLib"],"gold_per_floor":[113,113,141,153,165,177,214,243,278,290,334,346,391,328,328,328,328],"floor_reached":16,"playtime":931,"items_purged":["Regret"],"score":262,"play_id":"588372a3-bf8a-4a5d-88b4-92b3524490dc","local_time":"20210207141229","is_ascension_mode":true,"campfire_choices":[{"data":"DeceiveReality","floor":6.0,"key":"SMITH"},{"data":"TalkToTheHand","floor":10.0,"key":"SMITH"},{"data":"Meditate","floor":15,"key":"SMITH"}],"circlet_count":0,"master_deck":["AscendersBane","Strike_P","Strike_P","Strike_P","Strike_P","Defend_P","Defend_P","Defend_P","Defend_P","Eruption","Vigilance","DeceiveReality+1","DeceiveReality","TalkToTheHand+1","Meditate+1","SpiritShield","EmptyFist"],"relics":["PureWater","NeowsBlessing","MawBank","Singing Bowl","Nunchaku","Torii","Golden Idol","Odd Mushroom"],"acts_visited":["Exordium"],"potions_floor_usage":[11],"damage_taken":[{"damage":0.0,"enemies":"Cultist","floor":1.0,"turns":1.0},{"damage":0.0,"enemies":"Small Slimes","floor":3.0,"turns":1.0},{"damage":0.0,"enemies":"3 Sentries","floor":7.0,"turns":1.0},{"damage":8.0,"enemies":"2 Louse","floor":8.0,"turns":5.0},{"damage":13,"enemies":"Lagavulin","floor":11,"turns":9},{"damage":30,"enemies":"The Mushroom Lair","floor":13,"turns":7},{"damage":1,"enemies":"Hexaghost","floor":16,"turns":7}],"seed_played":"8446317930734071298","potions_obtained":[{"floor":5.0,"key":"Dexterity Potion"},{"floor":5.0,"key":"SpeedPotion"},{"floor":7.0,"key":"SkillPotion"},{"floor":11,"key":"Strength Potion"}],"is_trial":false,"path_per_floor":["M","?","M","$","?","R","E","M","T","R","E","?","?","$","R","B"],"character_chosen":"WATCHER","items_purchased":[],"campfire_rested":0,"item_purchase_floors":[],"current_hp_per_floor":[61,61,61,61,61,61,61,53,53,53,40,40,10,10,10,9,9],"gold":328,"neow_bonus":"THREE_ENEMY_KILL","is_daily":false,"chose_seed":false,"campfire_upgraded":3,"win_rate":0.0,"timestamp":1612703549,"path_taken":["M","?","M","$","?","R","E","?","T","R","E","?","?","$","R","BOSS"],"items_purchased_type":[],"build_version":"2020-12-13","purchased_purges":1,"victory":false,"max_hp_per_floor":[68,68,68,68,68,68,68,68,68,68,68,62,62,62,62,62,62],"relic_stats":{"Nunchaku":[3],"Singing Bowl":0,"Torii":3,"counters":[7,31],"Golden Idol":7,"MawBank":144,"obtain_stats":[{"Nunchaku":9,"NeowsBlessing":0,"Singing Bowl":7,"Torii":11,"Golden Idol":12,"PureWater":0,"Odd Mushroom":13,"MawBank":2},{"Nunchaku":4,"NeowsBlessing":0,"Singing Bowl":3,"Torii":5,"Golden Idol":5,"PureWater":0,"Odd Mushroom":6,"MawBank":1},{"Nunchaku":8,"NeowsBlessing":0,"Singing Bowl":3,"Torii":17,"Golden Idol":17,"PureWater":0,"Odd Mushroom":24,"MawBank":1}]},"card_choices":[{"not_picked":["Halt","ClearTheMind"],"picked":"DeceiveReality","floor":1.0},{"not_picked":["JustLucky","Evaluate"],"picked":"DeceiveReality","floor":3.0},{"not_picked":["Fasting2","CrushJoints"],"picked":"TalkToTheHand","floor":7.0},{"not_picked":["EmptyFist","Perseverance"],"picked":"Meditate","floor":8.0},{"not_picked":["BowlingBash","WaveOfTheHand"],"picked":"SpiritShield","floor":11},{"not_picked":["CrushJoints","EmptyBody"],"picked":"EmptyFist","floor":13}],"player_experience":1558579,"relics_obtained":[{"floor":7.0,"key":"Singing Bowl"},{"floor":9.0,"key":"Nunchaku"},{"floor":11,"key":"Torii"},{"floor":13,"key":"Odd Mushroom"}],"event_choices":[{"damage_healed":0.0,"max_hp_gain":0.0,"max_hp_loss":0.0,"gold_gain":0.0,"event_name":"Big Fish","player_choice":"Box","floor":2.0,"gold_loss":0.0,"damage_taken":0.0,"relics_obtained":["MawBank"],"cards_obtained":["Regret"]},{"damage_healed":0.0,"max_hp_gain":0.0,"max_hp_loss":0.0,"gold_gain":0.0,"event_name":"Lab","player_choice":"Got Potions","floor":5.0,"gold_loss":0.0,"damage_taken":0.0},{"damage_healed":0,"gold_gain":0,"player_choice":"Lose Max HP","damage_taken":0,"relics_obtained":["Golden Idol"],"max_hp_gain":0,"max_hp_loss":6,"event_name":"Golden Idol","floor":12,"gold_loss":0},{"damage_healed":0,"gold_gain":0,"player_choice":"Fought Mushrooms","damage_taken":0,"max_hp_gain":0,"max_hp_loss":0,"event_name":"Mushrooms","floor":13,"gold_loss":0}],"is_beta":false,"boss_relics":[],"items_purged_floors":[14],"is_endless":false,"potions_floor_spawned":[7,8,11,13],"killed_by":"Hexaghost","ascension_level":20}}