{"host":"cijhj3091wf4aho3","time":1612664169,"event":{"mods":["BaseMod","Colored Map","Colored Powertips","Downfall","Friendly Minions","GifTheSpireLib","Highlight Path","Minty Spire (QoL Compilation)","Permanent Neow","Random Character Button","Relic Sorter","Relic Stats","StSLib","everything is the same but u backflip on backflip","slay the spire mod where everything is the same but ironclad has a cowboy hat"],"gold_per_floor":[99,115,126,138,138,8,8,27,47,47,81,81,116,32,44,44,44,44],"floor_reached":16,"language":"ENG","playtime":1068,"items_purged":["Guardian:Strike_Guardian"],"score":185,"play_id":"8c6a01f4-5a5a-4f83-b49a-6688ed1de1c0","local_time":"20210206181609","is_ascension_mode":true,"campfire_choices":[{"floor":1,"key":"RECALL"},{"data":"Guardian:ChargeUp","floor":12,"key":"SMITH"}],"circlet_count":0,"master_deck":["AscendersBane","Guardian:Strike_Guardian","Guardian:Strike_Guardian","Guardian:Defend_Guardian","Guardian:Defend_Guardian","Guardian:Defend_Guardian","Guardian:Defend_Guardian","Guardian:CurlUp","Guardian:TwinSlam","Guardian:PiercingHide","Guardian:PrimingBeam","Guardian:ChargeUp+1","Guardian:PrimingBeam","Guardian:CrystalBeam","Parasite","Guardian:BronzeOrb","Guardian:PiercingHide","Guardian:SpikerProtocol","Guardian:Gem_Lightblue"],"relics":["Guardian:ModeShifter","Blue Candle","FossilizedHelix","Bottled Lightning","Guardian:DefensiveModeMoreBlock"],"acts_visited":["Exordium"],"potions_floor_usage":[16],"damage_taken":[{"damage":0,"enemies":"Cultist","floor":2,"turns":5},{"damage":5,"enemies":"Jaw Worm","floor":3,"turns":5},{"damage":0,"enemies":"Small Slimes","floor":4,"turns":4},{"damage":0,"enemies":"downfall:FleeingMerchant","floor":6,"turns":4},{"damage":0,"enemies":"Blue Slaver","floor":8,"turns":4},{"damage":0,"enemies":"2 Fungi Beasts","floor":9,"turns":4},{"damage":16,"enemies":"3 Sentries","floor":11,"turns":11},{"damage":22,"enemies":"Lagavulin","floor":13,"turns":7},{"damage":0,"enemies":"downfall:FleeingMerchant","floor":14,"turns":4},{"damage":1,"enemies":"Lots of Slimes","floor":15,"turns":5},{"damage":50,"enemies":"DF_ARCHETYPE_STREAMLINE","floor":16,"turns":14}],"seed_played":"-1220086645321680262","potions_obtained":[{"floor":3,"key":"hexamod:SoulburnPotion"},{"floor":8,"key":"sneckomod:MuddlingPotion"},{"floor":15,"key":"Weak Potion"}],"is_trial":false,"path_per_floor":["R","M","M","M","?","$","T","M","M","?","E","R","E","$","M","B"],"character_chosen":"GUARDIAN","items_purchased":["Guardian:Gem_Purple","Guardian:SpikerProtocol"],"campfire_rested":0,"item_purchase_floors":[6,14],"current_hp_per_floor":[72,72,67,67,62,62,62,62,62,80,64,64,42,42,41,0,0,0],"gold":44,"neow_bonus":"REMOVE_CARD","is_daily":false,"chose_seed":false,"campfire_upgraded":1,"win_rate":0.0,"timestamp":1612664169,"path_taken":["R","M","M","M","?","$","T","M","M","?","E","R","E","$","M","BOSS"],"items_purchased_type":["Card","Card"],"build_version":"2020-12-22","purchased_purges":1,"victory":false,"max_hp_per_floor":[80,80,80,80,80,80,80,80,80,80,80,80,80,80,80,80,80,80],"relic_stats":{"counters":[11,67],"Blue Candle":[3],"obtain_stats":[{"Guardian:DefensiveModeMoreBlock":13,"Blue Candle":5,"Guardian:ModeShifter":0,"Bottled Lightning":11,"FossilizedHelix":7},{"Guardian:DefensiveModeMoreBlock":8,"Blue Candle":3,"Guardian:ModeShifter":0,"Bottled Lightning":7,"FossilizedHelix":4},{"Guardian:DefensiveModeMoreBlock":44,"Blue Candle":14,"Guardian:ModeShifter":0,"Bottled Lightning":37,"FossilizedHelix":18}]},"card_choices":[{"not_picked":["Guardian:Gem_Green","Guardian:Incinerate"],"picked":"Guardian:PiercingHide","floor":2},{"not_picked":["Guardian:PiercingHide","Guardian:Reroute"],"picked":"Guardian:PrimingBeam","floor":3},{"not_picked":["Guardian:Planning","Guardian:ShieldCharger"],"picked":"Guardian:ChargeUp","floor":4},{"not_picked":["Guardian:Orbwalk","Guardian:Planning"],"picked":"Guardian:Gem_Cyan","floor":6},{"not_picked":["Guardian:Gem_White","Guardian:RollAttack"],"picked":"Guardian:PrimingBeam","floor":8},{"not_picked":["Guardian:Suspension","Guardian:TemporalStrike"],"picked":"Guardian:CrystalBeam","floor":9},{"not_picked":["Guardian:Recover","Guardian:HyperBeam_Guardian"],"picked":"Guardian:Gem_Cyan","floor":11},{"not_picked":["Guardian:VentSteam","Guardian:PrismaticBarrier"],"picked":"Guardian:BronzeOrb","floor":13},{"not_picked":["Guardian:Recover","Guardian:Gem_Green"],"picked":"Guardian:PiercingHide","floor":14},{"not_picked":["Guardian:Suspension","Guardian:ChargeCore"],"picked":"Guardian:Gem_Lightblue","floor":15}],"player_experience":564044,"relics_obtained":[{"floor":7,"key":"FossilizedHelix"},{"floor":11,"key":"Bottled Lightning"},{"floor":13,"key":"Guardian:DefensiveModeMoreBlock"}],"event_choices":[{"damage_healed":20,"gold_gain":0,"player_choice":"Healed and dodged fight","damage_taken":0,"max_hp_gain":0,"max_hp_loss":0,"event_name":"Mushrooms","floor":10,"gold_loss":0,"cards_obtained":["Parasite"]}],"is_beta":false,"boss_relics":[],"items_purged_floors":[6],"is_endless":false,"potions_floor_spawned":[3,8,15],"killed_by":"DF_ARCHETYPE_STREAMLINE","ascension_level":13}}