{"host":"p0hktren06injwdf","time":1612726476,"event":{"mods":["AchievementEnabler","BaseMod","Colored Map","DeckTracker","Minty Spire (QoL Compilation)","Permanent Neow","StSLib","SuperFastMode"],"gold_per_floor":[112,123,123,141,14,14,47,62,86,10,10,27,40,60,60,137,137,151,151,169,187,112,112,112,126,126,137,137,137],"floor_reached":28,"language":"KOR","playtime":478,"items_purged":["Defend_P"],"score":452,"play_id":"220e45b4-90a5-4417-b8ff-9d5810d346dd","local_time":"20210208043436","is_ascension_mode":true,"campfire_choices":[{"data":"Eruption","floor":6.0,"key":"SMITH"},{"data":"TalkToTheHand","floor":15.0,"key":"SMITH"},{"data":"SignatureMove","floor":23.0,"key":"SMITH"}],"circlet_count":0,"master_deck":["AscendersBane","Strike_P","Strike_P","Strike_P","Strike_P+1","Defend_P","Defend_P","Eruption+1","Vigilance","EmptyFist","BowlingBash","SignatureMove+1","Wallop","TalkToTheHand+1","Adaptation","LessonLearned","Adaptation"],"relics":["PureWater","Turnip","Ancient Tea Set","Centennial Puzzle","Busted Crown","The Courier"],"acts_visited":["Exordium","TheCity"],"potions_floor_usage":[28],"damage_taken":[{"damage":0.0,"enemies":"2 Louse","floor":1.0,"turns":4.0},{"damage":0.0,"enemies":"Jaw Worm","floor":2.0,"turns":3.0},{"damage":0.0,"enemies":"Cultist","floor":4.0,"turns":3.0},{"damage":16.0,"enemies":"Gremlin Nob","floor":7.0,"turns":3.0},{"damage":5.0,"enemies":"Gremlin Gang","floor":8.0,"turns":6.0},{"damage":0.0,"enemies":"Blue Slaver","floor":12.0,"turns":2.0},{"damage":6.0,"enemies":"Looter","floor":13.0,"turns":3.0},{"damage":3.0,"enemies":"Gremlin Gang","floor":14.0,"turns":3.0},{"damage":25.0,"enemies":"The Guardian","floor":16.0,"turns":12.0},{"damage":16.0,"enemies":"Shell Parasite","floor":18.0,"turns":4.0},{"damage":0.0,"enemies":"Chosen","floor":19.0,"turns":2.0},{"damage":2.0,"enemies":"Snecko","floor":20.0,"turns":4.0},{"damage":0.0,"enemies":"Snake Plant","floor":21.0,"turns":1.0},{"damage":16.0,"enemies":"Chosen and Byrds","floor":25.0,"turns":6.0},{"damage":19.0,"enemies":"Cultist and Chosen","floor":27.0,"turns":5.0},{"damage":8,"enemies":"Snake Plant","floor":28,"turns":3}],"seed_played":"2576358154299513279","potions_obtained":[{"floor":2.0,"key":"Regen Potion"},{"floor":12.0,"key":"PowerPotion"},{"floor":13.0,"key":"GamblersBrew"},{"floor":16.0,"key":"SmokeBomb"},{"floor":20.0,"key":"Block Potion"},{"floor":27.0,"key":"Block Potion"}],"is_trial":false,"path_per_floor":["M","M","?","M","$","R","E","M","T","$","?","M","M","M","R","B",null,"M","M","M","M","?","R","?","M","T","M","M"],"character_chosen":"WATCHER","items_purchased":["BowlingBash","Wallop"],"campfire_rested":0,"item_purchase_floors":[5,10],"current_hp_per_floor":[43,43,43,43,43,43,27,34,34,34,39,39,33,30,30,5,56,40,40,38,38,38,38,38,22,22,3,0,0],"gold":137,"neow_bonus":"ONE_RARE_RELIC","is_daily":false,"chose_seed":false,"campfire_upgraded":3,"win_rate":0.0,"timestamp":1612726476,"path_taken":["M","M","?","M","$","R","E","M","T","?","?","M","?","?","R","BOSS","M","M","?","?","?","R","?","?","T","M","M"],"items_purchased_type":["Card","Card"],"build_version":"2020-12-22","purchased_purges":1,"victory":false,"max_hp_per_floor":[68,68,68,68,68,68,68,68,68,68,73,73,73,73,73,73,73,73,73,73,73,73,73,73,73,73,73,73,73],"card_choices":[{"not_picked":["Halt","CrushJoints","ClearTheMind"],"picked":"SKIP","floor":1.0},{"not_picked":["Wireheading","EmptyMind"],"picked":"EmptyFist","floor":2.0},{"not_picked":["Swivel","Fasting2","Evaluate"],"picked":"SKIP","floor":4.0},{"not_picked":["ThirdEye","BattleHymn"],"picked":"SignatureMove","floor":7.0},{"not_picked":["ForeignInfluence","Collect","EmptyBody"],"picked":"SKIP","floor":8.0},{"not_picked":["Wallop","Worship"],"picked":"TalkToTheHand","floor":12.0},{"not_picked":["Crescendo","Indignation"],"picked":"Adaptation","floor":13.0},{"not_picked":["Wireheading","Consecrate","FollowUp"],"picked":"SKIP","floor":14.0},{"not_picked":["Wireheading","Consecrate","FollowUp"],"picked":"SKIP","floor":14.0},{"not_picked":["Wish","Blasphemy"],"picked":"LessonLearned","floor":16.0},{"not_picked":[],"picked":"Adaptation","floor":18.0},{"not_picked":["Protect"],"picked":"SKIP","floor":20.0},{"not_picked":["ThirdEye"],"picked":"SKIP","floor":21.0},{"not_picked":["SashWhip"],"picked":"SKIP","floor":25.0},{"not_picked":["Wallop"],"picked":"SKIP","floor":27.0}],"player_experience":1032635,"relics_obtained":[{"floor":7.0,"key":"Ancient Tea Set"},{"floor":9.0,"key":"Centennial Puzzle"},{"floor":26.0,"key":"The Courier"}],"event_choices":[{"damage_healed":0.0,"max_hp_gain":0.0,"max_hp_loss":0.0,"gold_gain":0.0,"event_name":"Scrap Ooze","player_choice":"Fled","floor":3.0,"gold_loss":0.0,"damage_taken":0.0},{"damage_healed":0.0,"max_hp_gain":5.0,"max_hp_loss":0.0,"gold_gain":0.0,"event_name":"Big Fish","player_choice":"Donut","floor":11.0,"gold_loss":0.0,"damage_taken":0.0},{"cards_removed":["Defend_P"],"damage_healed":0.0,"max_hp_gain":0.0,"max_hp_loss":0.0,"gold_gain":0.0,"event_name":"Beggar","player_choice":"Gave Gold","floor":22.0,"gold_loss":75.0,"damage_taken":0.0},{"damage_healed":0.0,"max_hp_gain":0.0,"max_hp_loss":0.0,"gold_gain":0.0,"event_name":"Match and Keep!","player_choice":"0 cards matched","floor":24.0,"gold_loss":0.0,"damage_taken":0.0,"cards_obtained":[]}],"is_beta":false,"boss_relics":[{"not_picked":["Black Star","Tiny House"],"picked":"Busted Crown"}],"items_purged_floors":[5],"is_endless":false,"potions_floor_spawned":[2,12,13,14,16,18,20,27],"killed_by":"Snake Plant","ascension_level":20}}