{"host":"syozzdlzcqop4jia","time":1612672452,"event":{"mods":["BaseMod","Colored Map","Colored Powertips","Minty Spire (QoL Compilation)","Quick Restart"],"gold_per_floor":[116,136,153,253,103,103,55,55,55,55,81,95,95,109,109,214,214,227,241,254,18,28,28,28],"floor_reached":23,"language":"ENG","playtime":1228,"items_purged":[],"score":203,"play_id":"61b7e876-8ace-4d72-b563-bb5ae85cc7a7","local_time":"20210207053412","is_ascension_mode":true,"campfire_choices":[{"data":"Core Surge","floor":6,"key":"SMITH"},{"data":"Sunder","floor":8,"key":"SMITH"},{"data":"Conserve Battery","floor":10,"key":"SMITH"},{"floor":15,"key":"REST"}],"circlet_count":0,"master_deck":["Strike_B","Strike_B","Strike_B","Strike_B","Defend_B","Defend_B","Zap","Dualcast","Sunder+1","Melter","Storm","Core Surge+1","Conserve Battery+1","Loop","BootSequence","Echo Form","Redo+1","Conserve Battery","Lockon","Defragment+1"],"relics":["Cracked Core","InkBottle","Smiling Mask","Cursed Key","Lee\u0027s Waffle"],"acts_visited":["Exordium","TheCity"],"potions_floor_usage":[12,16,16,20],"damage_taken":[{"damage":0,"enemies":"2 Louse","floor":1,"turns":2},{"damage":0,"enemies":"Cultist","floor":2,"turns":3},{"damage":11,"enemies":"Jaw Worm","floor":3,"turns":2},{"damage":14,"enemies":"Gremlin Nob","floor":11,"turns":3},{"damage":3,"enemies":"Red Slaver","floor":12,"turns":2},{"damage":23,"enemies":"Lots of Slimes","floor":14,"turns":4},{"damage":44,"enemies":"The Guardian","floor":16,"turns":11},{"damage":0,"enemies":"Chosen","floor":18,"turns":4},{"damage":0,"enemies":"Shell Parasite","floor":19,"turns":3},{"damage":29,"enemies":"Centurion and Healer","floor":20,"turns":5},{"damage":27,"enemies":"Snake Plant","floor":22,"turns":4},{"damage":57,"enemies":"Gremlin Leader","floor":23,"turns":4}],"seed_played":"-2663115999007787502","potions_obtained":[{"floor":3,"key":"AttackPotion"},{"floor":11,"key":"SpeedPotion"},{"floor":12,"key":"GamblersBrew"},{"floor":14,"key":"Dexterity Potion"},{"floor":16,"key":"FocusPotion"},{"floor":18,"key":"Strength Potion"}],"is_trial":false,"path_per_floor":["M","M","M","?","$","R","$","R","T","R","E","M","?","M","R","B",null,"M","M","M","$","M","E"],"character_chosen":"DEFECT","items_purchased":["Core Surge","Conserve Battery","Lockon","Lee\u0027s Waffle"],"campfire_rested":1,"item_purchase_floors":[5,7,21,21],"current_hp_per_floor":[75,75,64,64,64,64,64,64,64,64,50,47,47,24,46,2,75,75,75,46,82,55,0,0],"gold":28,"neow_bonus":"TRANSFORM_CARD","is_daily":false,"chose_seed":false,"campfire_upgraded":3,"win_rate":0.0,"timestamp":1612672452,"path_taken":["M","M","M","?","?","R","$","R","T","R","E","?","?","M","R","BOSS","M","M","M","$","M","E"],"items_purchased_type":["Card","Card","Card","Relic"],"build_version":"2020-12-22","purchased_purges":0,"victory":false,"max_hp_per_floor":[75,75,75,75,75,75,75,75,75,75,75,75,75,75,75,75,75,75,75,75,82,82,82,82],"card_choices":[{"not_picked":["Turbo","Hello World","Stack"],"picked":"SKIP","floor":1},{"not_picked":["Tempest","Blizzard"],"picked":"Melter","floor":2},{"not_picked":["Coolheaded","Compile Driver"],"picked":"Storm","floor":3},{"not_picked":["Rip and Tear","Gash","Turbo"],"picked":"SKIP","floor":11},{"not_picked":["Gash","Echo Form","Coolheaded"],"picked":"SKIP","floor":12},{"not_picked":["Hello World","Sweeping Beam"],"picked":"BootSequence","floor":14},{"not_picked":["Buffer","All For One"],"picked":"Echo Form","floor":16},{"not_picked":["Beam Cell","Turbo"],"picked":"Redo+1","floor":18},{"not_picked":["Compile Driver","Steam"],"picked":"Conserve Battery","floor":19},{"not_picked":["Hologram","Amplify","Cold Snap+1"],"picked":"SKIP","floor":20},{"not_picked":["Self Repair","Beam Cell"],"picked":"Defragment+1","floor":22}],"player_experience":580665,"relics_obtained":[{"floor":9,"key":"InkBottle"},{"floor":11,"key":"Smiling Mask"}],"event_choices":[{"damage_healed":0,"gold_gain":100,"player_choice":"Pray","damage_taken":0,"max_hp_gain":0,"max_hp_loss":0,"event_name":"Golden Shrine","floor":4,"gold_loss":0},{"damage_healed":0,"gold_gain":0,"cards_transformed":["Defend_B"],"player_choice":"Transformed","damage_taken":0,"max_hp_gain":0,"max_hp_loss":0,"event_name":"Transmorgrifier","floor":13,"gold_loss":0,"cards_obtained":["Loop"]}],"is_beta":false,"boss_relics":[{"not_picked":["Ectoplasm","Velvet Choker"],"picked":"Cursed Key"}],"items_purged_floors":[],"is_endless":false,"potions_floor_spawned":[3,11,12,14,16,18],"killed_by":"Gremlin Leader","ascension_level":1}}