{"host":"w7pthw6r6331n954","time":1612719397,"event":{"mods":["AchievementEnabler","Act Like it!","BaseMod","BetterRewards","Colored Map","Colored Powertips","Custom Start","Downfall","Hallownest","Hermit","Jorbs\u0027s Wanderer Trilogy","Minty Spire (QoL Compilation)","Replay The Spire","Shop Mod","StSLib","SuperFastMode"],"gold_per_floor":[131,157,169,195,227,264,276,319,357,369,369],"floor_reached":10,"language":"ENG","playtime":1024,"items_purged":[],"score":88,"play_id":"55f5314c-5229-406d-a345-f46c320d9c95","local_time":"20210207123637","is_ascension_mode":true,"campfire_choices":[{"floor":7,"key":"REST"}],"circlet_count":0,"master_deck":["Strike_B","Strike_B","Strike_B","Strike_B","Defend_B","Defend_B","Defend_B","Defend_B","Zap","Dualcast","Streamline","ReplayTheSpireMod:Reroute Power","Injury","Fusion","ReplayTheSpireMod:Calculation Training","Gash","Sweeping Beam"],"relics":["Cracked Core","MawBank","Golden Idol","Replay:Bottled Snecko"],"acts_visited":["Exordium"],"potions_floor_usage":[10],"damage_taken":[{"damage":2,"enemies":"2 Louse","floor":1,"turns":3},{"damage":7,"enemies":"Jaw Worm","floor":2,"turns":2},{"damage":1,"enemies":"Cultist","floor":4,"turns":3},{"damage":16,"enemies":"Gremlin Gang","floor":5,"turns":6},{"damage":3,"enemies":"Large Slime","floor":6,"turns":4},{"damage":46,"enemies":"Lagavulin","floor":8,"turns":6},{"damage":23,"enemies":"3 Sentries","floor":10,"turns":4}],"seed_played":"-4404277305219864757","potions_obtained":[{"floor":5,"key":"Ancient Potion"},{"floor":6,"key":"SteroidPotion"}],"is_trial":false,"path_per_floor":["M","M","?","M","M","M","R","E","T","E"],"character_chosen":"DEFECT","items_purchased":[],"campfire_rested":1,"item_purchase_floors":[],"current_hp_per_floor":[73,66,66,65,49,46,68,22,22,0,0],"gold":369,"neow_bonus":"RANDOM_COMMON_RELIC","is_daily":false,"chose_seed":false,"campfire_upgraded":0,"win_rate":0.0,"timestamp":1612719397,"path_taken":["M","M","?","M","M","M","R","E","T","E"],"items_purchased_type":[],"build_version":"2020-12-22","purchased_purges":0,"victory":false,"max_hp_per_floor":[75,75,75,75,75,75,75,75,75,75,75],"card_choices":[{"not_picked":["Conserve Battery","Gash"],"picked":"Streamline","floor":1},{"not_picked":["Rebound","Coolheaded"],"picked":"ReplayTheSpireMod:Reroute Power","floor":2},{"not_picked":["Blizzard","Consume"],"picked":"Fusion","floor":4},{"not_picked":["Compile Driver","Biased Cognition"],"picked":"ReplayTheSpireMod:Calculation Training","floor":5},{"not_picked":["Go for the Eyes","BasicCrystalCard"],"picked":"Gash","floor":6},{"not_picked":["Reinforced Body","Coolheaded"],"picked":"Sweeping Beam","floor":8}],"player_experience":1223694,"relics_obtained":[{"floor":8,"key":"Replay:Bottled Snecko"}],"event_choices":[{"damage_healed":0,"gold_gain":0,"player_choice":"Take Wound","damage_taken":0,"relics_obtained":["Golden Idol"],"max_hp_gain":0,"max_hp_loss":0,"event_name":"Golden Idol","floor":3,"gold_loss":0,"cards_obtained":["Injury"]}],"is_beta":false,"boss_relics":[],"items_purged_floors":[],"is_endless":false,"potions_floor_spawned":[5,6],"killed_by":"3 Sentries","ascension_level":5}}