{"host":"6r762osam2bvfm66","time":1612732832,"event":{"mods":["BaseMod","Colored Map","Highlight Path","Minty Spire (QoL Compilation)"],"gold_per_floor":[110,129,141,141,161,196,196,232,232,256,256,272,308,308,308,434,434,452,470,470,470,385,385,385],"floor_reached":23,"language":"ENG","playtime":1268,"items_purged":[],"score":268,"play_id":"92b6b60f-0a7d-4d8e-8333-590763d2f23d","local_time":"20210207152032","is_ascension_mode":true,"campfire_choices":[{"floor":11,"key":"REST"},{"data":"Eruption","floor":15,"key":"SMITH"}],"circlet_count":0,"master_deck":["Eruption+1","Vigilance","FlurryOfBlows","WheelKick","FollowUp","Evaluate","Wireheading","Wallop","Nirvana","Consecrate","WaveOfTheHand","Devotion","Prostrate","BattleHymn","Conclude","WindmillStrike","Nirvana","Study","Establishment","Prostrate+1","RitualDagger","Ghostly","Ghostly","Ghostly","Ghostly","Ghostly"],"relics":["Busted Crown","Potion Belt","Golden Idol","Letter Opener","Singing Bowl","Regal Pillow","Pandora\u0027s Box","StoneCalendar"],"acts_visited":["Exordium","TheCity"],"potions_floor_usage":[8,16,19],"damage_taken":[{"damage":0,"enemies":"Small Slimes","floor":1,"turns":6},{"damage":7,"enemies":"Cultist","floor":2,"turns":3},{"damage":0,"enemies":"2 Louse","floor":3,"turns":1},{"damage":0,"enemies":"2 Fungi Beasts","floor":5,"turns":3},{"damage":25,"enemies":"3 Sentries","floor":6,"turns":8},{"damage":20,"enemies":"Lagavulin","floor":8,"turns":3},{"damage":4,"enemies":"3 Louse","floor":10,"turns":3},{"damage":3,"enemies":"Looter","floor":12,"turns":3},{"damage":3,"enemies":"3 Sentries","floor":13,"turns":6},{"damage":17,"enemies":"Hexaghost","floor":16,"turns":8},{"damage":21,"enemies":"Spheric Guardian","floor":18,"turns":4},{"damage":36,"enemies":"2 Thieves","floor":19,"turns":4},{"damage":14,"enemies":"Book of Stabbing","floor":23,"turns":1}],"seed_played":"-6146532250270370588","potions_obtained":[{"floor":2,"key":"Weak Potion"},{"floor":3,"key":"SpeedPotion"},{"floor":8,"key":"EssenceOfSteel"},{"floor":12,"key":"StancePotion"},{"floor":13,"key":"Energy Potion"}],"is_trial":false,"path_per_floor":["M","M","M","?","M","E","?","E","T","M","R","M","E","?","R","B",null,"M","M","?","?","?","E"],"character_chosen":"WATCHER","items_purchased":[],"campfire_rested":1,"item_purchase_floors":[],"current_hp_per_floor":[72,65,65,70,70,45,45,25,25,21,42,39,38,38,38,21,73,52,18,12,12,12,0,0],"gold":385,"neow_bonus":"BOSS_RELIC","is_daily":false,"chose_seed":false,"campfire_upgraded":1,"win_rate":0.0,"timestamp":1612732832,"path_taken":["M","M","M","?","M","E","?","E","T","M","R","M","E","?","R","BOSS","M","?","?","?","?","E"],"items_purchased_type":[],"build_version":"2020-12-22","purchased_purges":0,"victory":false,"max_hp_per_floor":[72,72,72,77,77,77,71,71,71,71,71,71,73,73,73,73,73,73,75,75,37,37,37,37],"card_choices":[{"not_picked":[],"picked":"FlurryOfBlows","floor":1},{"not_picked":[],"picked":"WheelKick","floor":2},{"not_picked":[],"picked":"FollowUp","floor":3},{"not_picked":[],"picked":"Evaluate","floor":5},{"not_picked":[],"picked":"Wireheading","floor":6},{"not_picked":[],"picked":"Wallop","floor":8},{"not_picked":[],"picked":"Nirvana","floor":10},{"not_picked":[],"picked":"Consecrate","floor":12},{"not_picked":["SashWhip"],"picked":"Singing Bowl","floor":13},{"not_picked":[],"picked":"Devotion","floor":16},{"not_picked":[],"picked":"Prostrate+1","floor":18},{"not_picked":["SashWhip"],"picked":"Singing Bowl","floor":19}],"player_experience":73587,"relics_obtained":[{"floor":6,"key":"Potion Belt"},{"floor":8,"key":"Letter Opener"},{"floor":9,"key":"Singing Bowl"},{"floor":13,"key":"Regal Pillow"}],"event_choices":[{"damage_healed":0,"gold_gain":0,"player_choice":"Donut","damage_taken":0,"max_hp_gain":5,"max_hp_loss":0,"event_name":"Big Fish","floor":4,"gold_loss":0},{"damage_healed":0,"gold_gain":0,"player_choice":"Lose Max HP","damage_taken":0,"relics_obtained":["Golden Idol"],"max_hp_gain":0,"max_hp_loss":6,"event_name":"Golden Idol","floor":7,"gold_loss":0},{"damage_healed":0,"gold_gain":0,"cards_transformed":["Strike_P"],"player_choice":"Transformed","damage_taken":0,"max_hp_gain":0,"max_hp_loss":0,"event_name":"Transmorgrifier","floor":14,"gold_loss":0,"cards_obtained":["WaveOfTheHand"]},{"damage_healed":0,"gold_gain":0,"player_choice":"Joined the Cult","damage_taken":6,"max_hp_gain":0,"max_hp_loss":0,"event_name":"Nest","floor":20,"gold_loss":0,"cards_obtained":["RitualDagger"]},{"damage_healed":0,"gold_gain":0,"player_choice":"Became a Ghost","damage_taken":0,"max_hp_gain":0,"max_hp_loss":38,"event_name":"Ghosts","floor":21,"gold_loss":0,"cards_obtained":["Ghostly","Ghostly","Ghostly","Ghostly","Ghostly"]},{"damage_healed":0,"gold_gain":0,"player_choice":"Obtained Relic","damage_taken":0,"relics_obtained":["StoneCalendar"],"max_hp_gain":0,"max_hp_loss":0,"event_name":"Addict","floor":22,"gold_loss":85}],"is_beta":false,"boss_relics":[{"not_picked":["VioletLotus","Empty Cage"],"picked":"Pandora\u0027s Box"}],"items_purged_floors":[],"is_endless":false,"potions_floor_spawned":[2,3,8,12,13],"killed_by":"Book of Stabbing","ascension_level":3}}