{"host":"0k696jvpnlqjk4gh","time":1612716227,"event":{"mods":["AchievementEnabler","BaseMod","Colored Map","Colored Powertips","Minty Spire (QoL Compilation)","Quick Restart"],"gold_per_floor":[99,53,53,18,18,18,18,18,18,18,18,0,0,0,0,0,0,0,0,0,0,0,0,0,0,0,0,0,0,0,0,0,0,0,0,0,0,0,0,0,0,0,0,0,0,0,0,0],"floor_reached":47,"language":"ENG","playtime":1458,"items_purged":[],"score":714,"play_id":"dcaa470f-6933-4bd2-a756-39b719a5ade1","local_time":"20210207164347","is_ascension_mode":true,"campfire_choices":[{"floor":8.0,"key":"REST"},{"floor":10.0,"key":"REST"},{"floor":15.0,"key":"REST"},{"floor":23.0,"key":"REST"},{"data":"1","floor":29.0,"key":"LIFT"},{"floor":32.0,"key":"REST"},{"floor":41,"key":"RECALL"}],"circlet_count":0,"master_deck":["Strike_B+1","Strike_B+1","Strike_B+1","Defend_B+1","Defend_B+1","Defend_B+1","Defend_B+1","Zap","Dualcast","FTL","Conserve Battery","Ball Lightning","Static Discharge","White Noise","Capacitor","Electrodynamics","Doom and Gloom","Glacier","Sweeping Beam","Self Repair+1","Beam Cell+1","Amplify","Sunder","White Noise","Gash+1"],"relics":["Ectoplasm","Centennial Puzzle","PreservedInsect","Anchor","Darkstone Periapt","Nuclear Battery","MutagenicStrength","Girya","Bottled Flame","Cables","TungstenRod","Philosopher\u0027s Stone","Frozen Egg 2","Bag of Preparation"],"acts_visited":["Exordium","TheCity","TheBeyond"],"potions_floor_usage":[44,46],"damage_taken":[{"damage":8.0,"enemies":"Jaw Worm","floor":1.0,"turns":4.0},{"damage":2.0,"enemies":"2 Louse","floor":3.0,"turns":3.0},{"damage":44.0,"enemies":"Gremlin Nob","floor":6.0,"turns":5.0},{"damage":0.0,"enemies":"Cultist","floor":11.0,"turns":3.0},{"damage":17.0,"enemies":"Exordium Thugs","floor":12.0,"turns":3.0},{"damage":2.0,"enemies":"Lagavulin","floor":13.0,"turns":4.0},{"damage":53.0,"enemies":"The Guardian","floor":16.0,"turns":11.0},{"damage":24.0,"enemies":"Shell Parasite","floor":18.0,"turns":5.0},{"damage":20.0,"enemies":"Spheric Guardian","floor":19.0,"turns":4.0},{"damage":23.0,"enemies":"Book of Stabbing","floor":24.0,"turns":4.0},{"damage":24.0,"enemies":"Snake Plant","floor":27.0,"turns":3.0},{"damage":0.0,"enemies":"Gremlin Leader","floor":28.0,"turns":4.0},{"damage":8.0,"enemies":"Slavers","floor":30.0,"turns":2.0},{"damage":0.0,"enemies":"Centurion and Healer","floor":31.0,"turns":5.0},{"damage":62.0,"enemies":"Automaton","floor":33.0,"turns":8.0},{"damage":0.0,"enemies":"Orb Walker","floor":35.0,"turns":3.0},{"damage":9.0,"enemies":"3 Shapes","floor":37.0,"turns":4.0},{"damage":24,"enemies":"Reptomancer","floor":40,"turns":4},{"damage":2,"enemies":"3 Darklings","floor":42,"turns":3},{"damage":46,"enemies":"Nemesis","floor":44,"turns":9},{"damage":14,"enemies":"Maw","floor":46,"turns":7},{"damage":28,"enemies":"Writhing Mass","floor":47,"turns":1}],"seed_played":"-7387177598147349379","potions_obtained":[{"floor":3.0,"key":"SkillPotion"},{"floor":6.0,"key":"EssenceOfSteel"},{"floor":11.0,"key":"EssenceOfSteel"},{"floor":24.0,"key":"Energy Potion"},{"floor":28.0,"key":"ColorlessPotion"},{"floor":31.0,"key":"SkillPotion"},{"floor":35.0,"key":"SteroidPotion"},{"floor":40,"key":"CultistPotion"},{"floor":46,"key":"Fruit Juice"}],"is_trial":false,"path_per_floor":["M","$","M","?","?","E","$","R","T","R","M","M","E","T","R","B",null,"M","M","?","?","$","R","E","?","T","M","E","R","E","M","R","B",null,"M","?","M","?","?","E","R","M","T","E","?","M","M"],"character_chosen":"DEFECT","items_purchased":["Conserve Battery"],"campfire_rested":5,"item_purchase_floors":[2],"current_hp_per_floor":[67,67,65,75,64,20,20,42,42,64,64,47,45,45,67,14,75,51,31,31,31,31,53,30,75,75,51,51,51,43,53,75,23,75,75,71,71,71,71,57,57,55,55,19,19,20,0,0],"gold":0,"neow_bonus":"BOSS_RELIC","is_daily":false,"chose_seed":false,"campfire_upgraded":0,"win_rate":0.0,"timestamp":1612716227,"path_taken":["M","$","M","?","?","E","?","R","T","R","?","M","E","?","R","BOSS","M","M","?","?","?","R","E","?","T","?","E","R","E","M","R","BOSS","M","?","M","?","?","E","R","?","T","E","?","M","M"],"items_purchased_type":["Card"],"build_version":"2020-12-22","purchased_purges":0,"victory":false,"max_hp_per_floor":[75,75,75,75,75,75,75,75,75,75,75,75,75,75,75,75,75,75,75,75,75,75,75,75,75,75,75,75,75,75,75,75,75,75,75,71,71,71,71,71,71,71,71,71,71,76,76,76],"card_choices":[{"not_picked":["Turbo","Barrage"],"picked":"FTL","floor":1.0},{"not_picked":["Streamline","Compile Driver"],"picked":"Ball Lightning","floor":3.0},{"not_picked":["Conserve Battery","Heatsinks"],"picked":"Static Discharge","floor":6.0},{"not_picked":["Streamline","Thunder Strike","Heatsinks"],"picked":"SKIP","floor":11.0},{"not_picked":["Blizzard","Compile Driver"],"picked":"White Noise","floor":12.0},{"not_picked":["Skim","Aggregate"],"picked":"Capacitor","floor":13.0},{"not_picked":["Thunder Strike","Rainbow"],"picked":"Electrodynamics","floor":16.0},{"not_picked":["Tempest","Redo"],"picked":"Doom and Gloom","floor":18.0},{"not_picked":["Go for the Eyes","Beam Cell"],"picked":"Capacitor","floor":19.0},{"not_picked":["Reinforced Body","Aggregate"],"picked":"Glacier","floor":24.0},{"not_picked":["Conserve Battery","Rebound"],"picked":"Sweeping Beam","floor":27.0},{"not_picked":["Hyperbeam","Consume","Compile Driver"],"picked":"SKIP","floor":28.0},{"not_picked":["Biased Cognition","Chill"],"picked":"Self Repair+1","floor":30.0},{"not_picked":["Lockon","Skim"],"picked":"Beam Cell+1","floor":31.0},{"not_picked":["Buffer","Fission"],"picked":"Amplify","floor":33.0},{"not_picked":["Turbo","Conserve Battery+1"],"picked":"BootSequence","floor":35.0},{"not_picked":["Steam","Redo+1"],"picked":"Sunder","floor":37.0},{"not_picked":["Hologram+1","Force Field+1","Lockon+1"],"picked":"SKIP","floor":40},{"not_picked":["Steam Power+1","Blizzard","Undo"],"picked":"SKIP","floor":42},{"not_picked":["Rebound","Leap+1","Conserve Battery+1"],"picked":"SKIP","floor":44},{"not_picked":["Capacitor+1","Turbo+1"],"picked":"Gash+1","floor":46}],"player_experience":224537,"relics_obtained":[{"floor":6.0,"key":"Centennial Puzzle"},{"floor":9.0,"key":"PreservedInsect"},{"floor":13.0,"key":"Anchor"},{"floor":14.0,"key":"Darkstone Periapt"},{"floor":24.0,"key":"Girya"},{"floor":26.0,"key":"Bottled Flame"},{"floor":28.0,"key":"Cables"},{"floor":30.0,"key":"TungstenRod"},{"floor":40,"key":"Frozen Egg 2"},{"floor":44,"key":"Bag of Preparation"}],"event_choices":[{"damage_healed":18.0,"max_hp_gain":0.0,"max_hp_loss":0.0,"gold_gain":0.0,"event_name":"The Cleric","player_choice":"Healed","floor":4.0,"gold_loss":35.0,"damage_taken":0.0},{"damage_healed":0.0,"max_hp_gain":0.0,"max_hp_loss":0.0,"gold_gain":75.0,"event_name":"World of Goop","player_choice":"Gather Gold","floor":5.0,"gold_loss":0.0,"damage_taken":11.0},{"damage_healed":0.0,"max_hp_gain":0.0,"max_hp_loss":0.0,"gold_gain":0.0,"event_name":"Drug Dealer","player_choice":"Inject Mutagens","floor":20.0,"gold_loss":0.0,"damage_taken":0.0,"relics_obtained":["MutagenicStrength"]},{"damage_healed":0.0,"max_hp_gain":0.0,"max_hp_loss":0.0,"gold_gain":0.0,"event_name":"Back to Basics","player_choice":"Simplicity","floor":21.0,"gold_loss":0.0,"damage_taken":0.0,"cards_upgraded":["Strike_B","Strike_B","Strike_B","Strike_B","Defend_B","Defend_B","Defend_B","Defend_B"]},{"cards_removed":["Capacitor"],"damage_healed":45.0,"max_hp_gain":0.0,"max_hp_loss":0.0,"gold_gain":0.0,"event_name":"Bonfire Elementals","player_choice":"Offered Uncommon","floor":25.0,"gold_loss":0.0,"damage_taken":0.0},{"damage_healed":0.0,"max_hp_gain":0.0,"max_hp_loss":4.0,"gold_gain":0.0,"event_name":"Winding Halls","player_choice":"Max HP","floor":36.0,"gold_loss":0.0,"damage_taken":0.0},{"cards_removed":["BootSequence"],"damage_healed":0.0,"max_hp_gain":0.0,"max_hp_loss":0.0,"gold_gain":0.0,"event_name":"Falling","player_choice":"Removed Skill","floor":38.0,"gold_loss":0.0,"damage_taken":0.0},{"damage_healed":0.0,"max_hp_gain":0.0,"max_hp_loss":0.0,"gold_gain":0.0,"event_name":"Duplicator","player_choice":"Copied","floor":39.0,"gold_loss":0.0,"damage_taken":0.0,"cards_obtained":["White Noise"]},{"cards_removed":["Strike_B"],"damage_healed":0,"gold_gain":0,"player_choice":"Purged","damage_taken":0,"max_hp_gain":0,"max_hp_loss":0,"event_name":"Purifier","floor":45,"gold_loss":0}],"is_beta":false,"boss_relics":[{"not_picked":["Velvet Choker","Astrolabe"],"picked":"Nuclear Battery"},{"not_picked":["Runic Dome","Tiny House"],"picked":"Philosopher\u0027s Stone"}],"items_purged_floors":[],"is_endless":false,"potions_floor_spawned":[3,6,11,24,28,31,35,40,46],"killed_by":"Writhing Mass","ascension_level":4}}