{"host":"dmtlrev5pkc1867p","time":1612695303,"event":{"mods":["BaseMod","Colored Map","Downfall","Hermit","Marisa¡]Ãú«B¡@Å]²z¨F¡^","Minty Spire (QoL Compilation)","Replay The Spire","StSLib","SuperFastMode","The Cursed","The Disciple","The Necromancer","The Runesmith","The Servant 0.9.4"],"gold_per_floor":[99,118,118,103,103,115,115,145,164,193,210,220,20,39,39,134,134,147,158,172,201,221,221,221,157,168,68,103,51,71,98,98,200,200,219,236,253,1252,1267,1267,1267,1267,1287,1304,1304,1304,1304,499,499,499,499],"floor_reached":50,"language":"ZHS","playtime":2757,"items_purged":["Normality"],"score":658,"play_id":"a8b58e2c-9f28-4d43-842b-274846a1784e","local_time":"20210207185503","is_ascension_mode":true,"campfire_choices":[{"floor":1.0,"key":"RECALL"},{"floor":13.0,"key":"REST"},{"data":"Cloudkill","floor":15.0,"key":"SMITH"},{"floor":27.0,"key":"REST"},{"floor":32.0,"key":"REST"},{"floor":40.0,"key":"REST"},{"data":"Slay_Living","floor":47.0,"key":"SMITH"},{"floor":49.0,"key":"REST"}],"circlet_count":0,"master_deck":["Strike_W","Strike_W","Strike_W","Defend_W","Defend_W","Defend_W","Defend_W","Negative_Energy_Arrows+1","Bone_Wall","Negative_Energy_Burst","Negative_Energy_Sphere+1","Deaths_Shadow","Cloudkill+1","Finger_Of_Death","Grasp_Heart","Strike_from_Beyond","Spectral_Walk","Bone_Bullets","Blood_Wake","Vampiric_Strike","Spectral_Armor","Negative_Energy_Shield","Slay_Living+1","Blood_Shield+1","Consume_Illness+1","Corrupt+1","Skeleton_Dragon","Bone_Shift","Negative_Energy_Burst+1","Toxic_Smoke_Screen+1","Bone_Bullets","Cloudkill","Bone_Bullets+1","Bone_Bullets+1","Parasite","Scare+1","Normality","Life_Drain","Spectral_Armor+1","Blood_Magic","Blood_Shield","Cloudkill+1","Deaths_Shadow+1","Uncharnel"],"relics":["Vampire_Amulet","Anchor","Regal Pillow","downfall:HeartBlessingBlue","downfall:HeartBlessingGreen","Red Mask","Quantum Egg","downfall:HeartBlessingRed","Happy Flower","Replay:Wax Seal","Painkiller Herb","ReplayTheSpireMod:Lightbulb","DollysMirror","Dead Branch","Orichalcum"],"acts_visited":["Exordium","TheCity","TheBeyond"],"potions_floor_usage":[50,50],"damage_taken":[{"damage":0.0,"enemies":"Small Slimes","floor":2.0,"turns":4.0},{"damage":0.0,"enemies":"downfall:FleeingMerchant","floor":4.0,"turns":4.0},{"damage":0.0,"enemies":"2 Louse","floor":6.0,"turns":1.0},{"damage":22.0,"enemies":"Gremlin Nob","floor":8.0,"turns":5.0},{"damage":0.0,"enemies":"Cultist","floor":9.0,"turns":2.0},{"damage":31.0,"enemies":"Lagavulin","floor":10.0,"turns":6.0},{"damage":1.0,"enemies":"Blue Slaver","floor":11.0,"turns":2.0},{"damage":10.0,"enemies":"Exordium Thugs","floor":12.0,"turns":3.0},{"damage":0.0,"enemies":"Exordium Wildlife","floor":14.0,"turns":3.0},{"damage":15.0,"enemies":"IC_STATUS_ARCHETYPE","floor":16.0,"turns":8.0},{"damage":0.0,"enemies":"Chosen","floor":18.0,"turns":4.0},{"damage":18.0,"enemies":"3 Cultists","floor":19.0,"turns":4.0},{"damage":24.0,"enemies":"Snake Plant","floor":20.0,"turns":4.0},{"damage":0.0,"enemies":"Masked Bandits","floor":21.0,"turns":2.0},{"damage":15.0,"enemies":"Centurion and Healer","floor":22.0,"turns":6.0},{"damage":1.0,"enemies":"downfall:FleeingMerchant","floor":25.0,"turns":4.0},{"damage":19.0,"enemies":"Snecko","floor":26.0,"turns":5.0},{"damage":28.0,"enemies":"Gremlin Leader","floor":28.0,"turns":8.0},{"damage":0.0,"enemies":"downfall:FleeingMerchant","floor":29.0,"turns":4.0},{"damage":28.0,"enemies":"Shelled Parasite and Fungi","floor":30.0,"turns":5.0},{"damage":32.0,"enemies":"SI_MIRROR_ARCHETYPE","floor":33.0,"turns":13.0},{"damage":9.0,"enemies":"Orb Walker","floor":35.0,"turns":5.0},{"damage":17.0,"enemies":"3 Darklings","floor":36.0,"turns":3.0},{"damage":33.0,"enemies":"Writhing Mass","floor":37.0,"turns":7.0},{"damage":17.0,"enemies":"4 Shapes","floor":39.0,"turns":3.0},{"damage":9.0,"enemies":"Transient","floor":43.0,"turns":5.0},{"damage":7.0,"enemies":"Writhing Mass","floor":44.0,"turns":7.0},{"damage":0.0,"enemies":"Nemesis","floor":46.0,"turns":1.0},{"damage":16.0,"enemies":"downfall:FleeingMerchant","floor":48.0,"turns":4.0},{"damage":121,"enemies":"DF_ARCHETYPE_ORBS","floor":50,"turns":8}],"seed_played":"-5796142907112644779","potions_obtained":[{"floor":6.0,"key":"EssenceOfSteel"},{"floor":8.0,"key":"SpeedPotion"},{"floor":10.0,"key":"SmokeBomb"},{"floor":14.0,"key":"Doom Potion"},{"floor":18.0,"key":"Guardian:BlockOnCardUsePotion"},{"floor":21.0,"key":"champ:CounterPotion"},{"floor":28.0,"key":"SkillPotion"},{"floor":30.0,"key":"ColorlessPotion"},{"floor":35.0,"key":"Adrenaline Potion"},{"floor":37.0,"key":"Energy Potion"},{"floor":44.0,"key":"PowerPotion"}],"is_trial":false,"path_per_floor":["R","M","?","$","?","M","T","E","M","E","M","M","R","M","R","B",null,"M","M","M","?","M","?","T","$","M","R","E","$","M","T","R","B",null,"?","?","?","?","?","T","T","?","?","?","?","E","T","T","T","B"],"character_chosen":"NECROMANCER","items_purchased":["Corrupt+1","Toxic_Smoke_Screen+1","DollysMirror","Dead Branch","Deaths_Shadow+1","Uncharnel","Orichalcum"],"campfire_rested":5,"item_purchase_floors":[25,29,48,48,48,48,48],"current_hp_per_floor":[82,82,82,82,82,82,82,62,64,35,36,30,82,86,86,73,92,92,80,58,64,55,55,55,54,40,82,68,70,46,46,88,85,92,85,70,39,39,30,72,72,72,71,72,72,72,72,62,92,0,0],"gold":499,"neow_bonus":"TEN_PERCENT_HP_BONUS","is_daily":false,"chose_seed":false,"campfire_upgraded":2,"win_rate":0.0,"timestamp":1612695303,"path_taken":["R","M","?","$","?","M","T","E","M","E","M","M","R","M","R","BOSS","M","M","?","?","M","?","T","$","M","R","E","?","M","?","R","BOSS","?","?","?","?","?","T","T","?","?","?","?","E","T","T","T","BOSS"],"items_purchased_type":["Card","Card","Relic","Relic","Card","Card","Relic"],"build_version":"2020-12-22","purchased_purges":1,"victory":false,"max_hp_per_floor":[82,82,82,82,82,82,82,82,82,82,82,82,92,92,92,92,92,92,92,92,92,92,92,92,92,92,92,92,92,92,92,92,92,92,92,92,92,92,92,92,92,92,92,92,92,92,92,92,92,92,92],"card_choices":[{"not_picked":["Bone_Bullets","Scare"],"picked":"Negative_Energy_Burst","floor":2.0},{"not_picked":["Bone_Spikes","Death_March_Dance"],"picked":"Negative_Energy_Sphere","floor":4.0},{"not_picked":["Bone_Bullets","Negative_Energy_Javelin"],"picked":"Deaths_Shadow","floor":6.0},{"not_picked":["Negative_Energy_Mist","Toxic_Smoke_Screen"],"picked":"Cloudkill","floor":8.0},{"not_picked":["Negative_Energy_Sphere","Necromantic_Selection"],"picked":"Finger_Of_Death","floor":9.0},{"not_picked":["Flesh_Made_Foul","Finger_Of_Death"],"picked":"Grasp_Heart","floor":10.0},{"not_picked":["Consume_Illness","Death_March_Dance"],"picked":"Strike_from_Beyond","floor":11.0},{"not_picked":["Vampiric_Strike","Strike_from_Beyond"],"picked":"Spectral_Walk","floor":12.0},{"not_picked":["Epidemic","Death_March_Dance"],"picked":"Bone_Bullets","floor":14.0},{"not_picked":["Grasp_Heart","Reap_The_Weak"],"picked":"Blood_Wake","floor":16.0},{"not_picked":["Necromantic_Selection","Finger_Of_Death"],"picked":"Vampiric_Strike","floor":18.0},{"not_picked":["Bone_Armor","Negative_Energy_Javelin+1"],"picked":"Spectral_Armor","floor":19.0},{"not_picked":["Shackles_Of_Pain","Blood_Curse"],"picked":"Negative_Energy_Shield","floor":20.0},{"not_picked":["Blood_Curse","Strike_from_Beyond"],"picked":"Slay_Living","floor":21.0},{"not_picked":["Bone_Armor+1","Bone_Shift"],"picked":"Blood_Shield+1","floor":22.0},{"not_picked":["Negative_Energy_Sphere","Finger_Of_Death"],"picked":"Consume_Illness+1","floor":25.0},{"not_picked":["Bone_Spikes+1","Stop_Heart"],"picked":"Skeleton_Dragon","floor":26.0},{"not_picked":["Blood_Wake","Finger_Of_Death"],"picked":"Bone_Shift","floor":28.0},{"not_picked":["Exploit","Blood_Curse"],"picked":"Negative_Energy_Burst+1","floor":29.0},{"not_picked":["Chill_Blood","Negative_Energy_Sphere"],"picked":"Bone_Bullets","floor":30.0},{"not_picked":["Reap_The_Weak","Requiem"],"picked":"Cloudkill","floor":33.0},{"not_picked":["Bone_Spikes","Vampiric_Strike"],"picked":"Bone_Bullets+1","floor":35.0},{"not_picked":["Negative_Energy_Shield","Consume_Illness+1"],"picked":"Bone_Bullets+1","floor":36.0},{"not_picked":["Death_Coil+1","Finger_Of_Death"],"picked":"Scare+1","floor":37.0},{"not_picked":["Vampiric_Strike+1","Shade_Step+1"],"picked":"Life_Drain","floor":39.0},{"not_picked":["Acid_Javelin","Corrupt+1"],"picked":"Spectral_Armor+1","floor":43.0},{"not_picked":["Bone_Armor+1","Blood_Curse"],"picked":"Blood_Magic","floor":44.0},{"not_picked":["Flesh_Made_Foul","Necromantic_Selection"],"picked":"Blood_Shield","floor":48.0}],"player_experience":627409,"relics_obtained":[{"floor":8.0,"key":"Anchor"},{"floor":10.0,"key":"Regal Pillow"},{"floor":21.0,"key":"Red Mask"},{"floor":24.0,"key":"Quantum Egg"},{"floor":28.0,"key":"Happy Flower"},{"floor":31.0,"key":"Replay:Wax Seal"},{"floor":41.0,"key":"ReplayTheSpireMod:Lightbulb"}],"event_choices":[{"damage_healed":0.0,"max_hp_gain":0.0,"max_hp_loss":0.0,"gold_gain":0.0,"event_name":"Masked Bandits","player_choice":"Fought Bandits","floor":21.0,"gold_loss":0.0,"damage_taken":0.0},{"damage_healed":0.0,"max_hp_gain":0.0,"max_hp_loss":0.0,"gold_gain":0.0,"event_name":"Vampires","player_choice":"Ignored","floor":23.0,"gold_loss":0.0,"damage_taken":0.0},{"cards_removed":["Strike_W"],"damage_healed":0.0,"max_hp_gain":0.0,"max_hp_loss":0.0,"gold_gain":0.0,"event_name":"Falling","player_choice":"Removed Attack","floor":45.0,"gold_loss":0.0,"damage_taken":0.0}],"is_beta":false,"boss_relics":[{"not_picked":["Runic Dome","Replay:Wanted Poster","Replay:Bronze Core"]},{"not_picked":["Velvet Choker","Snecko Eye"],"picked":"Painkiller Herb"}],"items_purged_floors":[48],"is_endless":false,"potions_floor_spawned":[6,8,10,14,18,21,28,30,35,37,44,46],"killed_by":"DF_ARCHETYPE_ORBS","ascension_level":1}}