{"host":"zs3tguvuxkh90jf4","time":1612663616,"event":{"mods":["AchievementEnabler","BaseMod","Better Silent Start","Better-Laid Plans","BetterRewards","Block Reminder","Colored Map","Colored Powertips","Gold Saver","Minty Spire (QoL Compilation)","Shop Mod","StSLib","Transform Curses"],"gold_per_floor":[2800,1950,1950,1465,1475,1475,1501,1501,1501,1519,1549,307,339,80,80,151,151,163,180,180,200,211,236,236,263,263,290,315,329,359,369,369,445,445,463,463,474,474,21,52,52,84,384,414,424,449,461,494,494,494,494,494],"floor_reached":51,"language":"ENG","playtime":4246,"items_purged":["Defend_R"],"score":2042,"play_id":"f7e34299-456e-479a-b1fb-d7cacc57122a","local_time":"20210206180656","is_ascension_mode":true,"campfire_choices":[{"floor":6,"key":"RECALL"},{"floor":8,"key":"REST"},{"data":"Cleave","floor":15,"key":"SMITH"},{"data":"Entrench","floor":24,"key":"SMITH"},{"data":"Infernal Blade","floor":32,"key":"SMITH"},{"floor":41,"key":"REST"},{"data":"Body Slam","floor":49,"key":"SMITH"}],"circlet_count":0,"master_deck":["AscendersBane","Strike_R","Strike_R","Strike_R","Strike_R","Defend_R","Bash","Flex","Sentinel","Shrug It Off","Body Slam+1","Cleave+1","Pommel Strike","Shrug It Off","Seeing Red","Perfected Strike+1","Iron Wave+1","Fire Breathing","Demon Form","Barricade","CurseOfTheBell","Thunderclap+1","Flex","Entrench+1","Feed+1","Feed+1","Heavy Blade+1","Infernal Blade+1","Barricade","Thunderclap+1","Madness","Madness","Perfected Strike+1","Entrench+1","Shockwave+1","Whirlwind+1","Seeing Red+1"],"relics":["Burning Blood","Paper Frog","Juzu Bracelet","MerchantsRug","Smiling Mask","Membership Card","Blood Vial","Bottled Flame","Molten Egg 2","Odd Mushroom","Pantograph","Ornamental Fan","Bronze Scales","Meat on the Bone","Orichalcum","TheAbacus","Incense Burner","Happy Flower","Self Forming Clay","Red Skull","WingedGreaves","Oddly Smooth Stone","Anchor","HornCleat","Regal Pillow","Bag of Marbles","Du-Vu Doll","MealTicket","Mercury Hourglass","Lizard Tail","Toy Ornithopter","Ancient Tea Set","Ginger","Magic Flower","Lee\u0027s Waffle","Lantern","Kunai","Toxic Egg 2","Singing Bowl","Calipers","Gremlin Horn","CaptainsWheel","Eternal Feather","Old Coin","Dream Catcher","Torii","Omamori"],"acts_visited":["Exordium","TheCity","TheBeyond"],"potions_floor_usage":[11,16,25,28,28,33,33,33,40,48,51,51],"damage_taken":[{"damage":7,"enemies":"Small Slimes","floor":1,"turns":4},{"damage":1,"enemies":"Cultist","floor":5,"turns":3},{"damage":54,"enemies":"3 Sentries","floor":7,"turns":9},{"damage":12,"enemies":"Jaw Worm","floor":10,"turns":4},{"damage":12,"enemies":"The Mushroom Lair","floor":11,"turns":4},{"damage":15,"enemies":"Lagavulin","floor":13,"turns":6},{"damage":32,"enemies":"Slime Boss","floor":16,"turns":6},{"damage":1,"enemies":"2 Thieves","floor":18,"turns":2},{"damage":0,"enemies":"Chosen","floor":19,"turns":1},{"damage":0,"enemies":"Snake Plant","floor":21,"turns":2},{"damage":0,"enemies":"3 Cultists","floor":22,"turns":3},{"damage":0,"enemies":"Gremlin Leader","floor":23,"turns":4},{"damage":14,"enemies":"Slavers","floor":25,"turns":3},{"damage":1,"enemies":"Book of Stabbing","floor":27,"turns":3},{"damage":1,"enemies":"Gremlin Leader","floor":28,"turns":4},{"damage":0,"enemies":"Snecko","floor":29,"turns":4},{"damage":7,"enemies":"Slavers","floor":30,"turns":3},{"damage":0,"enemies":"Chosen and Byrds","floor":31,"turns":3},{"damage":0,"enemies":"Automaton","floor":33,"turns":7},{"damage":13,"enemies":"3 Darklings","floor":35,"turns":3},{"damage":20,"enemies":"Orb Walker","floor":37,"turns":4},{"damage":155,"enemies":"Giant Head","floor":40,"turns":11},{"damage":0,"enemies":"Reptomancer","floor":42,"turns":4},{"damage":44,"enemies":"Giant Head","floor":44,"turns":6},{"damage":0,"enemies":"Sphere and 2 Shapes","floor":45,"turns":4},{"damage":0,"enemies":"Mind Bloom Boss Battle","floor":46,"turns":4},{"damage":0,"enemies":"Jaw Worm Horde","floor":47,"turns":1},{"damage":24,"enemies":"Nemesis","floor":48,"turns":5},{"damage":32,"enemies":"Donu and Deca","floor":50,"turns":8},{"damage":138,"enemies":"Awakened One","floor":51,"turns":9}],"seed_played":"1638711843620586121","potions_obtained":[{"floor":1,"key":"EssenceOfSteel"},{"floor":7,"key":"BlessingOfTheForge"},{"floor":11,"key":"Energy Potion"},{"floor":16,"key":"EntropicBrew"},{"floor":25,"key":"SkillPotion"},{"floor":27,"key":"Energy Potion"},{"floor":29,"key":"DistilledChaos"},{"floor":31,"key":"SpeedPotion"},{"floor":44,"key":"ColorlessPotion"},{"floor":45,"key":"CultistPotion"},{"floor":47,"key":"Regen Potion"}],"is_trial":false,"path_per_floor":["M","$","?","$","M","R","E","R","T","M","?","$","E","$","R","B",null,"M","M","?","M","M","E","R","E","T","E","E","M","E","M","R","B",null,"M","?","M","?","$","E","R","E","T","E","M","?","M","E","R","B","B"],"character_chosen":"IRONCLAD","items_purchased":["Paper Frog","Juzu Bracelet","Sentinel","Shrug It Off","Body Slam","Cleave","MerchantsRug","Membership Card","Blood Vial","Bottled Flame","Pommel Strike","Shrug It Off","Pantograph","Fire Breathing","Ornamental Fan","Bronze Scales","Meat on the Bone","Orichalcum","TheAbacus","Incense Burner","Happy Flower","Potion Belt","Self Forming Clay","Red Skull","WingedGreaves","Oddly Smooth Stone","Anchor","HornCleat","Bag of Marbles","Demon Form","Du-Vu Doll","Lee\u0027s Waffle","Lantern","Kunai","Toxic Egg 2","Singing Bowl","Calipers","Gremlin Horn"],"campfire_rested":2,"item_purchase_floors":[2,2,2,2,2,2,2,4,4,4,4,4,12,12,12,12,12,12,12,12,12,12,12,12,12,12,12,12,14,14,14,39,39,39,39,39,39,39],"current_hp_per_floor":[67,67,67,67,74,74,27,49,49,45,41,41,46,46,46,47,68,75,75,75,75,75,75,75,71,71,78,79,79,82,87,87,87,87,83,67,65,65,98,56,100,104,104,71,83,110,110,97,112,89,0,0],"gold":494,"neow_bonus":"","is_daily":false,"chose_seed":false,"campfire_upgraded":4,"win_rate":0.0,"timestamp":1612663616,"path_taken":["M","$","?","?","M","R","E","R","T","M","?","$","E","?","R","BOSS","M","M","?","M","M","E","R","E","T","E","E","M","E","M","R","BOSS","M","?","M","?","?","E","R","E","T","E","M","?","M","E","R","BOSS","BOSS"],"items_purchased_type":["Relic","Relic","Card","Card","Card","Card","Relic","Relic","Relic","Relic","Card","Card","Relic","Card","Relic","Relic","Relic","Relic","Relic","Relic","Relic","Relic","Relic","Relic","Relic","Relic","Relic","Relic","Relic","Card","Relic","Relic","Relic","Relic","Relic","Relic","Relic","Relic"],"build_version":"2020-12-22","purchased_purges":1,"victory":false,"max_hp_per_floor":[75,75,75,75,75,75,75,75,75,75,75,75,75,75,75,75,75,75,75,75,75,75,75,75,79,79,79,79,79,83,87,87,87,87,87,87,91,91,98,100,100,104,104,106,106,110,110,112,112,112,112,112],"card_choices":[{"not_picked":["Clothesline","Armaments"],"picked":"Flex","floor":1},{"not_picked":["Combust","Evolve","Pommel Strike"],"picked":"SKIP","floor":5},{"not_picked":["Searing Blow+1","Disarm"],"picked":"Seeing Red","floor":7},{"not_picked":["Wild Strike+1","Havoc"],"picked":"Perfected Strike+1","floor":10},{"not_picked":["Shrug It Off","Exhume"],"picked":"Iron Wave+1","floor":11},{"not_picked":["Hemokinesis+1","Clash+1","Havoc"],"picked":"SKIP","floor":13},{"not_picked":["Corruption","Reaper+1"],"picked":"Barricade","floor":16},{"not_picked":["Dropkick+1","Flame Barrier"],"picked":"Thunderclap+1","floor":18},{"not_picked":["Pommel Strike+1","Wild Strike+1"],"picked":"Flex","floor":19},{"not_picked":["Anger+1","Dual Wield","Warcry"],"picked":"SKIP","floor":21},{"not_picked":["Shrug It Off","Wild Strike+1"],"picked":"Feed+1","floor":22},{"not_picked":["Infernal Blade","Iron Wave+1"],"picked":"Feed+1","floor":23},{"not_picked":["Rupture","Headbutt+1"],"picked":"Heavy Blade+1","floor":25},{"not_picked":["Armaments","Iron Wave+1"],"picked":"Infernal Blade","floor":27},{"not_picked":["Corruption","True Grit"],"picked":"Barricade","floor":28},{"not_picked":["Uppercut+1","Fire Breathing"],"picked":"Thunderclap+1","floor":29},{"not_picked":["Twin Strike+1","Heavy Blade+1","Second Wind"],"picked":"SKIP","floor":30},{"not_picked":["True Grit","Rampage+1","Warcry"],"picked":"SKIP","floor":31},{"not_picked":["Sentinel","Sword Boomerang+1","Shrug It Off"],"picked":"SKIP","floor":35},{"not_picked":["Shrug It Off","Warcry"],"picked":"Perfected Strike+1","floor":37},{"not_picked":["Pummel+1","Iron Wave+1","Searing Blow+1"],"picked":"Singing Bowl","floor":40},{"not_picked":["Evolve","Battle Trance+1"],"picked":"Entrench+1","floor":42},{"not_picked":["Flex+1","Searing Blow+1","Rampage+1"],"picked":"Singing Bowl","floor":44},{"not_picked":["Searing Blow+1","Power Through+1"],"picked":"Shockwave+1","floor":45},{"not_picked":["Burning Pact+1","Headbutt+1"],"picked":"Whirlwind+1","floor":46},{"not_picked":["Searing Blow+1","Pommel Strike+1"],"picked":"Seeing Red+1","floor":47},{"not_picked":["Fiend Fire+1","Clothesline+1","Dark Embrace"],"picked":"Singing Bowl","floor":48}],"player_experience":532657,"relics_obtained":[{"floor":7,"key":"Molten Egg 2"},{"floor":9,"key":"The Courier"},{"floor":11,"key":"Odd Mushroom"},{"floor":13,"key":"Regal Pillow"},{"floor":17,"key":"MealTicket"},{"floor":17,"key":"Mercury Hourglass"},{"floor":17,"key":"Lizard Tail"},{"floor":23,"key":"Toy Ornithopter"},{"floor":25,"key":"Girya"},{"floor":27,"key":"Ancient Tea Set"},{"floor":28,"key":"Ginger"},{"floor":30,"key":"Magic Flower"},{"floor":40,"key":"CaptainsWheel"},{"floor":42,"key":"Eternal Feather"},{"floor":43,"key":"Old Coin"},{"floor":44,"key":"Dream Catcher"},{"floor":46,"key":"Torii"},{"floor":48,"key":"Omamori"}],"event_choices":[{"damage_healed":0,"gold_gain":0,"player_choice":"Gave Potion","damage_taken":0,"relics_obtained":["Smiling Mask"],"max_hp_gain":0,"max_hp_loss":0,"event_name":"WeMeetAgain","floor":3,"gold_loss":0},{"damage_healed":0,"gold_gain":0,"player_choice":"Fought Mushrooms","damage_taken":0,"max_hp_gain":0,"max_hp_loss":0,"event_name":"Mushrooms","floor":11,"gold_loss":0},{"damage_healed":0,"gold_gain":0,"player_choice":"Read","damage_taken":0,"max_hp_gain":0,"max_hp_loss":0,"event_name":"The Library","floor":20,"gold_loss":0,"cards_obtained":["Entrench"]},{"damage_healed":0,"gold_gain":0,"player_choice":"Embrace Madness","damage_taken":16,"max_hp_gain":0,"max_hp_loss":0,"event_name":"Winding Halls","floor":36,"gold_loss":0,"cards_obtained":["Madness","Madness"]},{"damage_healed":0,"gold_gain":0,"player_choice":"Ignored","damage_taken":0,"max_hp_gain":0,"max_hp_loss":0,"event_name":"Tomb of Lord Red Mask","floor":38,"gold_loss":0},{"damage_healed":0,"gold_gain":0,"player_choice":"Fight","damage_taken":0,"max_hp_gain":0,"max_hp_loss":0,"event_name":"MindBloom","floor":46,"gold_loss":0}],"is_beta":false,"boss_relics":[{"not_picked":["Coffee Dripper","Runic Dome"],"picked":"Calling Bell"},{"not_picked":["Sozu","Cursed Key"],"picked":"Empty Cage"}],"items_purged_floors":[4],"is_endless":false,"potions_floor_spawned":[1,7,11,16,21,23,25,27,29,31,44,45,47],"killed_by":"Awakened One","ascension_level":20}}