{"host":"5sge6gv1nm0vflk2","time":1612696253,"event":{"mods":["AchievementEnabler","Aspiration","Bard","BaseMod","Beaked The Cultist","Better Third Choice","BetterRewards","Challenge The Spire","Colored Powertips","Conspire","Curses Come First","Downfall","Halation","Hubris","Infinite Spire","Minty Spire (QoL Compilation)","Relic Stats","Shade Mod","Shop Mod","Spicy Shops","StSLib","The Construct","The Cursed","The Disciple","The Hierophant","The Runesmith","The Servant 0.9.4"],"gold_per_floor":[112,287,297,297,297,324,18,18,41,57,57,69,100,116,116,217,217,233,245,259,270,30,30,30],"floor_reached":23,"language":"ENG","playtime":2344,"items_purged":["Regret","Doubt"],"score":213,"play_id":"eeac1c1a-b047-459e-922b-7d2b08ed5884","local_time":"20210207051053","is_ascension_mode":true,"campfire_choices":[{"floor":8,"key":"REST"},{"floor":15,"key":"REST"}],"circlet_count":0,"master_deck":["Strike_S","Strike_S","Strike_S","Strike_S","Defend_S","Defend_S","Defend_S","Defend_S","KidneyShot","Exchange","Luminosity","Revamp","TimeWarp","Ricochet","Rearm","SpecialFormula","Starlight","GearUp","ShiftingGears","FastForward","Dilation","DoubleEdge+1","Rewind","Reset","MoonPhase","Barrier+1","Replace","SurpressingFire","ReturningBlade+1","BestPractice","InstantArmor"],"relics":["Uniform","Prayer Wheel","halation:PinkSoulGem","hubris:Metronome","MerchantsRug","halation:LostSnail","CultistMask","aspiration:DSix","Happy Flower"],"acts_visited":["Exordium","TheCity"],"potions_floor_usage":[6,13,16,20,21],"damage_taken":[{"damage":0,"enemies":"2 Louse","floor":1,"turns":2},{"damage":3,"enemies":"Small Slimes","floor":3,"turns":4},{"damage":33,"enemies":"Gremlin Nob","floor":6,"turns":5},{"damage":0,"enemies":"Cultist","floor":10,"turns":2},{"damage":13,"enemies":"Gremlin Gang","floor":12,"turns":5},{"damage":19,"enemies":"Lagavulin","floor":13,"turns":5},{"damage":0,"enemies":"3 Louse","floor":14,"turns":2},{"damage":28,"enemies":"Hexaghost","floor":16,"turns":11},{"damage":29,"enemies":"Shell Parasite","floor":18,"turns":11},{"damage":0,"enemies":"3 Byrds","floor":19,"turns":2},{"damage":15,"enemies":"3 Cultists","floor":20,"turns":5},{"damage":11,"enemies":"Centurion and Healer","floor":21,"turns":3},{"damage":41,"enemies":"Slavers","floor":23,"turns":4}],"seed_played":"-2187480913732132128","potions_obtained":[{"floor":1,"key":"Strength Potion"},{"floor":12,"key":"Dexterity Potion"},{"floor":13,"key":"Ancient Potion"},{"floor":16,"key":"Swift Potion"},{"floor":19,"key":"Block Potion"}],"is_trial":false,"path_per_floor":["M","?","M","?","?","E","$","R","T","M","?","M","E","M","R","B",null,"M","M","M","M","$","E"],"character_chosen":"THE_SERVANT","items_purchased":["MerchantsRug","halation:LostSnail","Happy Flower","BestPractice","InstantArmor"],"campfire_rested":2,"item_purchase_floors":[7,7,22,22,22],"current_hp_per_floor":[71,71,68,68,68,35,35,56,63,63,63,50,36,36,59,36,78,49,54,44,38,38,0,0],"gold":30,"neow_bonus":"TEN_PERCENT_HP_BONUS","is_daily":false,"chose_seed":false,"campfire_upgraded":0,"win_rate":0.0,"timestamp":1612696253,"path_taken":["M","?","M","?","?","E","$","R","T","M","?","M","E","M","R","BOSS","M","M","?","?","$","E"],"items_purchased_type":["Relic","Relic","Relic","Card","Card"],"build_version":"2020-12-22","purchased_purges":2,"victory":false,"max_hp_per_floor":[71,71,71,71,71,71,71,71,78,78,78,78,78,78,78,78,78,78,78,78,78,78,78,78],"relic_stats":{"Happy Flower":[1],"counters":[56,283],"Prayer Wheel":7,"obtain_stats":[{"Darkstone Periapt":48,"aspiration:Lifesprig":10,"Lantern":19,"hubris:Metronome":6,"Tiny House":34,"construct:FoamFinger":9,"Torii":39,"Uniform":0,"Bag of Preparation":25,"Cursed Key":51,"aspiration:StickyExplosives_weak":12,"conspire:InfiniteJournal":43,"Centennial Puzzle":8,"conspire:GlowingRock":23,"Shovel":0,"Mummified Hand":3,"Strawberry":40,"Prayer Wheel":4,"aspiration:DSix":13,"MerchantsRug":19,"champ:Barbells":55,"Girya":8,"Happy Flower":22,"StoneMask":25,"Blue Candle":2,"Oddly Smooth Stone":25,"halation:Thesaurus":25,"infinitespire:CheckeredPen":0,"hubris:Towel":21,"War Paint":26,"Medical Kit":3,"aspiration:IroncladSkillbook":17,"conspire:GiftBox":11,"Bird Faced Urn":31,"MysterySword":17,"hubris:PeanutButter":26,"CultistMask":11,"Art of War":9,"halation:AfternoonTea":4,"Pan":13,"halation:LostSnail":7,"halation:PinkSoulGem":4,"infinitespire:Cupcake":17,"infinitespire:Midas Blood":29,"Meat on the Bone":5},{"Darkstone Periapt":21,"aspiration:Lifesprig":4,"Lantern":9,"hubris:Metronome":46,"Tiny House":13,"construct:FoamFinger":28,"Torii":16,"Uniform":0,"Bag of Preparation":10,"Cursed Key":22,"aspiration:StickyExplosives_weak":6,"conspire:InfiniteJournal":17,"Centennial Puzzle":4,"conspire:GlowingRock":34,"Shovel":25,"Mummified Hand":26,"Strawberry":17,"Prayer Wheel":45,"aspiration:DSix":49,"MerchantsRug":9,"champ:Barbells":24,"Girya":28,"Happy Flower":55,"StoneMask":10,"Blue Candle":1,"Oddly Smooth Stone":35,"halation:Thesaurus":10,"infinitespire:CheckeredPen":38,"hubris:Towel":9,"War Paint":10,"Medical Kit":1,"aspiration:IroncladSkillbook":32,"conspire:GiftBox":29,"Bird Faced Urn":12,"MysterySword":51,"hubris:PeanutButter":35,"CultistMask":47,"Art of War":4,"halation:AfternoonTea":27,"Pan":30,"halation:LostSnail":46,"halation:PinkSoulGem":1,"infinitespire:Cupcake":8,"infinitespire:Midas Blood":11,"Meat on the Bone":27},{"Darkstone Periapt":122,"aspiration:Lifesprig":13,"Lantern":43,"hubris:Metronome":233,"Tiny House":72,"construct:FoamFinger":168,"Torii":90,"Uniform":0,"Bag of Preparation":48,"Cursed Key":140,"aspiration:StickyExplosives_weak":26,"conspire:InfiniteJournal":99,"Centennial Puzzle":13,"conspire:GlowingRock":187,"Shovel":150,"Mummified Hand":154,"Strawberry":99,"Prayer Wheel":228,"aspiration:DSix":245,"MerchantsRug":43,"champ:Barbells":145,"Girya":168,"Happy Flower":279,"StoneMask":48,"Blue Candle":3,"Oddly Smooth Stone":191,"halation:Thesaurus":48,"infinitespire:CheckeredPen":205,"hubris:Towel":43,"War Paint":48,"Medical Kit":3,"aspiration:IroncladSkillbook":183,"conspire:GiftBox":170,"Bird Faced Urn":64,"MysterySword":258,"hubris:PeanutButter":191,"CultistMask":235,"Art of War":13,"halation:AfternoonTea":162,"Pan":174,"halation:LostSnail":233,"halation:PinkSoulGem":3,"infinitespire:Cupcake":35,"infinitespire:Midas Blood":56,"Meat on the Bone":162}]},"card_choices":[{"not_picked":["Rewind","Replace"],"picked":"Luminosity","floor":1},{"not_picked":["Rewind","Replace"],"picked":"Revamp","floor":3},{"not_picked":["LightFlow","DoubleEdge"],"picked":"TimeWarp","floor":6},{"not_picked":["Starlight","ShatteredReality"],"picked":"Ricochet","floor":10},{"not_picked":["BottledTime","TimeTheft"],"picked":"Rearm","floor":10},{"not_picked":["TrueSight","Rearm"],"picked":"SpecialFormula","floor":12},{"not_picked":["Alleviate","TimeWarp"],"picked":"Starlight","floor":12},{"not_picked":["Ricochet","DoubleEdge"],"picked":"GearUp","floor":13},{"not_picked":["BottledTime","WasteNot"],"picked":"ShiftingGears","floor":14},{"not_picked":["Hightail","TimeWarp"],"picked":"FastForward","floor":14},{"not_picked":["Deny","TheWorld"],"picked":"Dilation","floor":16},{"not_picked":["Ricochet","Rewind"],"picked":"DoubleEdge+1","floor":18},{"not_picked":["Ricochet","RealityMarble"],"picked":"Rewind","floor":18},{"not_picked":["TimeWarp","Manipulate"],"picked":"Reset","floor":19},{"not_picked":["SurpressingFire","ShatteredReality"],"picked":"MoonPhase","floor":19},{"not_picked":["Potential","Alleviate"],"picked":"Barrier+1","floor":20},{"not_picked":["Alleviate","Revamp"],"picked":"Replace","floor":20},{"not_picked":["Rewind","Unruled"],"picked":"SurpressingFire","floor":21},{"not_picked":["Rewind","Ricochet"],"picked":"ReturningBlade+1","floor":21}],"player_experience":494478,"relics_obtained":[{"floor":6,"key":"hubris:Metronome"},{"floor":9,"key":"Strawberry"},{"floor":13,"key":"aspiration:DSix"}],"event_choices":[{"damage_healed":0,"gold_gain":175,"player_choice":"AGREE","damage_taken":112,"max_hp_gain":0,"max_hp_loss":0,"event_name":"betterThird:BetterSerpent","floor":2,"gold_loss":0},{"damage_healed":0,"gold_gain":0,"player_choice":"Box","damage_taken":0,"relics_obtained":["Prayer Wheel"],"max_hp_gain":0,"max_hp_loss":0,"event_name":"Big Fish","floor":4,"gold_loss":0,"cards_obtained":["Regret"]},{"damage_healed":0,"gold_gain":0,"player_choice":"Trade","damage_taken":0,"relics_obtained":["CultistMask"],"max_hp_gain":0,"max_hp_loss":0,"event_name":"FaceTrader","floor":11,"gold_loss":0}],"is_beta":false,"boss_relics":[{"not_picked":["Sozu","Ectoplasm"],"picked":"MysterySword"}],"items_purged_floors":[7,22],"is_endless":false,"potions_floor_spawned":[1,12,13,16,19],"killed_by":"Slavers","ascension_level":1}}