{"host":"6a9c3xws62y7efyw","time":1612662896,"event":{"mods":["BaseMod","Colored Map","Minty Spire (QoL Compilation)","Relic Stats","StSLib"],"gold_per_floor":[112,126,138,157,157,157,169,169,221,61,79,79,99,130,130,204,204,223,223,5,31,48,48,79,79,131,158,158,172,184,202,202,202,202],"floor_reached":33,"language":"ENG","playtime":1720,"items_purged":[],"score":578,"play_id":"301525dd-8ea1-42b2-908c-dbc0fdeabea7","local_time":"20210206175456","is_ascension_mode":true,"campfire_choices":[{"floor":6.0,"key":"REST"},{"floor":8.0,"key":"REST"},{"floor":15.0,"key":"REST"},{"data":"Wraith Form v2","floor":23.0,"key":"SMITH"},{"data":"Well Laid Plans","floor":25.0,"key":"SMITH"},{"floor":28.0,"key":"REST"},{"floor":32,"key":"REST"}],"circlet_count":0,"master_deck":["AscendersBane","Strike_G","Strike_G","Strike_G","Strike_G","Defend_G","Defend_G","Defend_G","Defend_G","Defend_G","Survivor","Neutralize","Quick Slash","Slice","Deadly Poison","Well Laid Plans+1","Dodge and Roll+1","Deflect+1","Tools of the Trade","Bullet Time+1","Dagger Throw","Wraith Form v2+1","Deadly Poison+1","Distraction+1","Acrobatics+1","Blur+1","Catalyst+1","Corpse Explosion+1","Cloak And Dagger+1","Prepared+1","Terror+1"],"relics":["WristBlade","Toxic Egg 2","Snake Skull","Lee\u0027s Waffle","MealTicket","SacredBark","TwistedFunnel","Red Mask","Ginger","Nunchaku","Prayer Wheel"],"acts_visited":["Exordium","TheCity"],"potions_floor_usage":[],"damage_taken":[{"damage":5.0,"enemies":"Jaw Worm","floor":1.0,"turns":4.0},{"damage":3.0,"enemies":"Small Slimes","floor":2.0,"turns":3.0},{"damage":1.0,"enemies":"Cultist","floor":3.0,"turns":4.0},{"damage":4.0,"enemies":"Blue Slaver","floor":4.0,"turns":5.0},{"damage":10.0,"enemies":"2 Fungi Beasts","floor":7.0,"turns":4.0},{"damage":25.0,"enemies":"Gremlin Gang","floor":11.0,"turns":5.0},{"damage":6.0,"enemies":"Large Slime","floor":13.0,"turns":6.0},{"damage":19.0,"enemies":"Lagavulin","floor":14.0,"turns":7.0},{"damage":17.0,"enemies":"Slime Boss","floor":16.0,"turns":9.0},{"damage":34.0,"enemies":"Spheric Guardian","floor":18.0,"turns":8.0},{"damage":23.0,"enemies":"Masked Bandits","floor":21.0,"turns":5.0},{"damage":10.0,"enemies":"2 Thieves","floor":22.0,"turns":4.0},{"damage":35.0,"enemies":"Slavers","floor":24.0,"turns":8.0},{"damage":21.0,"enemies":"Book of Stabbing","floor":27.0,"turns":6.0},{"damage":16.0,"enemies":"Centurion and Healer","floor":29.0,"turns":8.0},{"damage":12,"enemies":"Shelled Parasite and Fungi","floor":30,"turns":3},{"damage":3,"enemies":"Snake Plant","floor":31,"turns":3},{"damage":35,"enemies":"Collector","floor":33,"turns":3}],"seed_played":"5127597202492170441","potions_obtained":[{"floor":2.0,"key":"Ancient Potion"},{"floor":7.0,"key":"SmokeBomb"},{"floor":11.0,"key":"Strength Potion"},{"floor":14.0,"key":"SteroidPotion"},{"floor":21.0,"key":"Regen Potion"},{"floor":29.0,"key":"Explosive Potion"}],"is_trial":false,"path_per_floor":["M","M","M","M","?","R","M","R","T","$","M","?","M","E","R","B",null,"M","$","$","?","M","R","E","R","T","E","R","M","M","M","R","B"],"character_chosen":"THE_SILENT","items_purchased":["Lee\u0027s Waffle","TwistedFunnel","PowerPotion"],"campfire_rested":5,"item_purchase_floors":[10,20,20],"current_hp_per_floor":[54,51,50,46,11,30,20,39,39,73,48,48,42,23,44,27,62,28,43,58,35,25,25,42,42,42,21,42,26,14,11,32,0,0],"gold":202,"neow_bonus":"BOSS_RELIC","is_daily":false,"chose_seed":false,"campfire_upgraded":2,"win_rate":0.0,"timestamp":1612662896,"path_taken":["M","M","M","M","?","R","M","R","T","$","M","?","M","E","R","BOSS","M","?","$","?","M","R","E","R","T","E","R","M","M","M","R","BOSS"],"items_purchased_type":["Relic","Relic","Potion"],"build_version":"2020-12-22","purchased_purges":0,"victory":false,"max_hp_per_floor":[66,66,66,66,66,66,66,66,66,73,73,73,73,73,73,73,73,73,73,73,73,73,73,73,73,73,73,73,73,73,73,73,73,73],"relic_stats":{"Lee\u0027s Waffle":34,"Nunchaku":[3],"counters":[18,95],"MealTicket":30,"Prayer Wheel":3,"Snake Skull":[50],"Ginger":[0],"obtain_stats":[{"TwistedFunnel":20,"Lee\u0027s Waffle":10,"Nunchaku":26,"WristBlade":0,"SacredBark":17,"MealTicket":14,"Prayer Wheel":27,"Snake Skull":9,"Red Mask":21,"Ginger":24,"Toxic Egg 2":5,"Ring of the Snake":0},{"TwistedFunnel":10,"Lee\u0027s Waffle":5,"Nunchaku":13,"WristBlade":0,"SacredBark":9,"MealTicket":8,"Prayer Wheel":14,"Snake Skull":5,"Red Mask":11,"Ginger":13,"Toxic Egg 2":4,"Ring of the Snake":0},{"TwistedFunnel":55,"Lee\u0027s Waffle":20,"Nunchaku":72,"WristBlade":0,"SacredBark":47,"MealTicket":38,"Prayer Wheel":78,"Snake Skull":20,"Red Mask":60,"Ginger":72,"Toxic Egg 2":16,"Ring of the Snake":0}]},"card_choices":[{"not_picked":["Dodge and Roll","Backflip"],"picked":"Quick Slash","floor":1.0},{"not_picked":["Heel Hook","PiercingWail"],"picked":"Slice","floor":2.0},{"not_picked":["Backflip","Bane"],"picked":"Deadly Poison","floor":3.0},{"not_picked":["Grand Finale","Tactician"],"picked":"Well Laid Plans","floor":4.0},{"not_picked":["PiercingWail+1","Catalyst+1"],"picked":"Dodge and Roll+1","floor":7.0},{"not_picked":["Deadly Poison+1","Choke"],"picked":"Deflect+1","floor":11.0},{"not_picked":["Bane","Deflect+1"],"picked":"Bullet Time+1","floor":13.0},{"not_picked":["Prepared+1","Underhanded Strike"],"picked":"Dagger Throw","floor":14.0},{"not_picked":["After Image","Storm of Steel+1"],"picked":"Wraith Form v2","floor":16.0},{"not_picked":["Masterful Stab","Slice"],"picked":"Deadly Poison+1","floor":18.0},{"not_picked":["Flying Knee","Underhanded Strike"],"picked":"Distraction+1","floor":21.0},{"not_picked":["Quick Slash","Well Laid Plans"],"picked":"Acrobatics+1","floor":22.0},{"not_picked":["Skewer","Dagger Spray","Deadly Poison+1"],"picked":"SKIP","floor":24.0},{"not_picked":["Dagger Throw","Well Laid Plans"],"picked":"Blur+1","floor":27.0},{"not_picked":["Accuracy","Backstab"],"picked":"Catalyst+1","floor":29.0},{"not_picked":["Sucker Punch","PiercingWail+1","Caltrops"],"picked":"SKIP","floor":29.0},{"not_picked":["Bane","Blade Dance+1"],"picked":"Corpse Explosion+1","floor":30},{"not_picked":["Setup+1","Blade Dance+1"],"picked":"Cloak And Dagger+1","floor":30},{"not_picked":["Deflect+1","Acrobatics+1"],"picked":"Prepared+1","floor":31},{"not_picked":["Sucker Punch+1","Poisoned Stab"],"picked":"Terror+1","floor":31}],"player_experience":1493456,"relics_obtained":[{"floor":9.0,"key":"Snake Skull"},{"floor":14.0,"key":"MealTicket"},{"floor":21.0,"key":"Red Mask"},{"floor":24.0,"key":"Ginger"},{"floor":26.0,"key":"Nunchaku"},{"floor":27.0,"key":"Prayer Wheel"}],"event_choices":[{"damage_healed":0.0,"max_hp_gain":0.0,"max_hp_loss":0.0,"gold_gain":0.0,"event_name":"Scrap Ooze","player_choice":"Success","floor":5.0,"gold_loss":0.0,"damage_taken":35.0,"relics_obtained":["Toxic Egg 2"]},{"damage_healed":0.0,"max_hp_gain":0.0,"max_hp_loss":0.0,"gold_gain":0.0,"cards_transformed":["Strike_G"],"event_name":"Transmorgrifier","player_choice":"Transformed","floor":12.0,"gold_loss":0.0,"damage_taken":0.0,"cards_obtained":["Tools of the Trade"]},{"damage_healed":0.0,"max_hp_gain":0.0,"max_hp_loss":0.0,"gold_gain":0.0,"event_name":"Masked Bandits","player_choice":"Fought Bandits","floor":21.0,"gold_loss":0.0,"damage_taken":0.0}],"is_beta":false,"boss_relics":[{"not_picked":["Sozu","Runic Dome"],"picked":"SacredBark"}],"items_purged_floors":[],"is_endless":false,"potions_floor_spawned":[2,7,11,14,21,22,29],"killed_by":"Collector","ascension_level":20}}