{"host":"Jinnai","time":1612737156,"event":{"mods":["BaseMod","Bestiary","Block Reminder","Colored Map","Colored Powertips","Curses Come First","Highlight Path","Minty Spire (QoL Compilation)","Permanent Neow","Potion Indicator Mod","Quick Restart","Relic Stats","StSLib","ojb\u0027s Info Mod"],"gold_per_floor":[114,126,141,66,77,109,109,134,159,434,452,463,57,74,74,152,152,162,162,177,177,177,205,205,226,280,289,289,289,289,289],"floor_reached":30,"language":"ENG","playtime":1159,"items_purged":["Regret"],"score":520,"play_id":"35d6175d-2cd6-472d-9482-54ee36b7452d","local_time":"20210207173236","is_ascension_mode":true,"campfire_choices":[{"floor":7.0,"key":"REST"},{"floor":15.0,"key":"REST"},{"floor":24.0,"key":"REST"},{"floor":29.0,"key":"REST"}],"circlet_count":0,"master_deck":["AscendersBane","Strike_P","Strike_P","Strike_P","Defend_P","Defend_P","Defend_P","Eruption","Vigilance","CutThroughFate","Protect","EmptyFist","FearNoEvil","DeusExMachina","Fasting2","ThirdEye","Devotion","BowlingBash","Ragnarok","RitualDagger","CutThroughFate","Necronomicurse"],"relics":["Velvet Choker","StoneCalendar","Tiny Chest","Anchor","Thread and Needle","Sundial","CeramicFish","MealTicket","Necronomicon","Blue Candle"],"acts_visited":["Exordium","TheCity"],"potions_floor_usage":[],"damage_taken":[{"damage":2.0,"enemies":"Small Slimes","floor":1.0,"turns":3.0},{"damage":0.0,"enemies":"Cultist","floor":2.0,"turns":2.0},{"damage":2.0,"enemies":"Jaw Worm","floor":3.0,"turns":3.0},{"damage":6.0,"enemies":"Lots of Slimes","floor":5.0,"turns":5.0},{"damage":20.0,"enemies":"Lagavulin","floor":6.0,"turns":5.0},{"damage":20.0,"enemies":"3 Sentries","floor":8.0,"turns":7.0},{"damage":4.0,"enemies":"Looter","floor":11.0,"turns":2.0},{"damage":24.0,"enemies":"Exordium Thugs","floor":12.0,"turns":3.0},{"damage":2.0,"enemies":"3 Louse","floor":14.0,"turns":3.0},{"damage":2.0,"enemies":"Slime Boss","floor":16.0,"turns":7.0},{"damage":7.0,"enemies":"Spheric Guardian","floor":18.0,"turns":4.0},{"damage":0.0,"enemies":"3 Byrds","floor":20.0,"turns":5.0},{"damage":24.0,"enemies":"Slavers","floor":23.0,"turns":4.0},{"damage":1.0,"enemies":"3 Cultists","floor":25.0,"turns":5.0},{"damage":41,"enemies":"Book of Stabbing","floor":30,"turns":4}],"seed_played":"4106704032490095404","potions_obtained":[{"floor":3.0,"key":"Ambrosia"},{"floor":5.0,"key":"SneckoOil"},{"floor":6.0,"key":"BottledMiracle"},{"floor":16.0,"key":"Fire Potion"}],"is_trial":false,"path_per_floor":["M","M","M","?","M","E","R","E","T","?","M","M","$","M","R","B",null,"M","?","M","T","?","E","R","M","T","?","T","R","E"],"character_chosen":"WATCHER","items_purchased":["Thread and Needle"],"campfire_rested":4,"item_purchase_floors":[13],"current_hp_per_floor":[59,59,57,57,51,31,51,31,31,31,27,3,3,1,21,19,56,49,49,49,49,43,19,39,38,38,17,17,37,0,0],"gold":289,"neow_bonus":"BOSS_RELIC","is_daily":false,"chose_seed":false,"campfire_upgraded":0,"win_rate":0.0,"timestamp":1612737156,"path_taken":["M","M","M","?","M","E","R","E","T","?","M","?","$","M","R","BOSS","M","?","M","?","?","E","R","?","T","?","?","R","E"],"items_purchased_type":["Relic"],"build_version":"2020-12-18","purchased_purges":1,"victory":false,"max_hp_per_floor":[68,68,68,68,68,68,68,68,68,68,68,68,68,68,68,68,68,68,68,68,68,68,68,68,68,68,68,68,68,68,68],"relic_stats":{"counters":[15,62],"Sundial":[0],"CeramicFish":18,"Blue Candle":[0],"StoneCalendar":[38],"Tiny Chest":2,"MealTicket":0,"Necronomicon":[1],"obtain_stats":[{"Anchor":9,"Sundial":21,"CeramicFish":23,"Blue Candle":28,"Velvet Choker":0,"StoneCalendar":6,"Tiny Chest":8,"Thread and Needle":13,"MealTicket":26,"Necronomicon":27,"PureWater":0},{"Anchor":6,"Sundial":12,"CeramicFish":13,"Blue Candle":14,"Velvet Choker":0,"StoneCalendar":5,"Tiny Chest":6,"Thread and Needle":8,"MealTicket":14,"Necronomicon":14,"PureWater":0},{"Anchor":25,"Sundial":49,"CeramicFish":53,"Blue Candle":58,"Velvet Choker":0,"StoneCalendar":18,"Tiny Chest":25,"Thread and Needle":30,"MealTicket":58,"Necronomicon":58,"PureWater":0}]},"card_choices":[{"not_picked":["Consecrate","WaveOfTheHand"],"picked":"CutThroughFate","floor":1.0},{"not_picked":["ClearTheMind","CrushJoints"],"picked":"Protect","floor":2.0},{"not_picked":["FlyingSleeves","CutThroughFate"],"picked":"EmptyFist","floor":3.0},{"not_picked":["FlurryOfBlows","FlyingSleeves"],"picked":"FearNoEvil","floor":5.0},{"not_picked":["WreathOfFlame","Perseverance"],"picked":"DeusExMachina","floor":6.0},{"not_picked":["SpiritShield","Study"],"picked":"Fasting2","floor":8.0},{"not_picked":["EmptyBody","PathToVictory"],"picked":"ThirdEye","floor":11.0},{"not_picked":["Prostrate","Nirvana"],"picked":"Devotion","floor":12.0},{"not_picked":["Evaluate","EmptyBody"],"picked":"BowlingBash","floor":14.0},{"not_picked":["ConjureBlade","Alpha"],"picked":"Ragnarok","floor":16.0},{"not_picked":["Prostrate","EmptyMind","Nirvana"],"picked":"SKIP","floor":18.0},{"not_picked":["FollowUp+1","Prostrate","Protect"],"picked":"SKIP","floor":20.0},{"not_picked":["Pray","FlurryOfBlows","Prostrate"],"picked":"SKIP","floor":23.0},{"not_picked":["JustLucky","BattleHymn"],"picked":"CutThroughFate","floor":25.0}],"player_experience":1675494,"relics_obtained":[{"floor":6.0,"key":"StoneCalendar"},{"floor":8.0,"key":"Tiny Chest"},{"floor":9.0,"key":"Anchor"},{"floor":21.0,"key":"Sundial"},{"floor":23.0,"key":"CeramicFish"},{"floor":26.0,"key":"MealTicket"},{"floor":27.0,"key":"Necronomicon"},{"floor":28.0,"key":"Blue Candle"}],"event_choices":[{"cards_removed":["Defend_P"],"damage_healed":0.0,"max_hp_gain":0.0,"max_hp_loss":0.0,"gold_gain":0.0,"event_name":"The Cleric","player_choice":"Card Removal","floor":4.0,"gold_loss":75.0,"damage_taken":0.0},{"damage_healed":0.0,"max_hp_gain":0.0,"max_hp_loss":0.0,"gold_gain":275.0,"event_name":"Golden Shrine","player_choice":"Desecrate","floor":10.0,"gold_loss":0.0,"damage_taken":0.0,"cards_obtained":["Regret"]},{"cards_removed":["Strike_P"],"damage_healed":0.0,"max_hp_gain":0.0,"max_hp_loss":0.0,"gold_gain":0.0,"event_name":"Purifier","player_choice":"Purged","floor":19.0,"gold_loss":0.0,"damage_taken":0.0},{"damage_healed":0.0,"max_hp_gain":0.0,"max_hp_loss":0.0,"gold_gain":0.0,"event_name":"Nest","player_choice":"Joined the Cult","floor":22.0,"gold_loss":0.0,"damage_taken":6.0,"cards_obtained":["RitualDagger"]},{"damage_healed":0.0,"max_hp_gain":0.0,"max_hp_loss":0.0,"gold_gain":0.0,"event_name":"Cursed Tome","player_choice":"Obtained Book","floor":27.0,"gold_loss":0.0,"damage_taken":21.0}],"is_beta":true,"boss_relics":[{"not_picked":["Philosopher\u0027s Stone","Sozu","Busted Crown"]}],"items_purged_floors":[13],"is_endless":false,"potions_floor_spawned":[3,5,6,12,14,16,20],"killed_by":"Book of Stabbing","ascension_level":20}}