{"host":"fnndj664xgd3vavt","time":1612676287,"event":{"mods":["AchievementEnabler","BaseMod","Better Note","Colored Powertips","DeckTracker","Downfall","Highlight Path","Infinite Spire","Minty Spire (QoL Compilation)","Quick Restart","Random Character Button","Replay The Spire","StSLib"],"gold_per_floor":[99,119,130,140,155,171,171,181,181,210,223,238,238,413,426,521,521,521,534,548,548,559,578,628,628,628,8,8,108,108,151,165,268,268,168,185,185,185,203,237,284,301,201,201,235,135,162,241,258,258,258,258],"floor_reached":50,"language":"ENG","playtime":4475,"items_purged":["Doubt"],"score":703,"play_id":"9d776fdb-72aa-4d27-b37b-8eaf9dab24d6","local_time":"20210207003807","is_ascension_mode":false,"campfire_choices":[{"floor":1,"key":"DIG"},{"floor":13,"key":"REST"},{"floor":26,"key":"REST"},{"floor":35,"key":"DIG"},{"floor":43,"key":"RECALL"},{"floor":46,"key":"REST"}],"circlet_count":0,"master_deck":["sneckomod:Strike+1","sneckomod:Strike+1","sneckomod:Strike+1","sneckomod:Defend+1","sneckomod:Defend+1","sneckomod:Defend+1","sneckomod:TailWhip+1","sneckomod:SnekBite+1","sneckomod:Unknown+1","hexamod:SixthSeal","sneckomod:QuickMove+1","sneckomod:Unknown1Cost+1","sneckomod:SoulCleanse+1","sneckomod:SoulDraw+1","hexamod:Incineration+1","sneckomod:DiceCrush+1","sneckomod:Nope+1","sneckomod:QuickBite+1","CurseOfTheBell","Fission+1","sneckomod:ImprovisedGuard+1","sneckomod:UnknownWeak+1","ReplayTheSpireMod:Chaos Vortex+1","sneckomod:CheapStock+1","sneckomod:Nope+1","sneckomod:UnendingSupply+1","sneckomod:Cheat+1","sneckomod:SoulRoll+1","sneckomod:SlitherStrike+1","sneckomod:UnknownExhaust+1","Demon Form+1","ReplayTheSpireMod:Splinters"],"relics":["sneckomod:SneckoSoul","Toxic Egg 2","Mummified Hand","ReplayTheSpireMod:Shallot","Calling Bell","infinitespire:Satchel","InkBottle","Peace Pipe","Black Star","Pet Ghost","sneckomod:UnknownEgg","infinitespire:Magic Flask","ReplayTheSpireMod:Ring of Challenge","ReplayTheSpireMod:Ring of Collecting","CaptainsWheel","Replay:Ringing Soul","downfall:RedIOU","StoneCalendar","Whetstone","Busted Crown","downfall:HeartBlessingGreen","MealTicket","Ring of Fangs","Ring of Fury","Juzu Bracelet","downfall:HeartBlessingBlue","Art of War","Blood Vial","downfall:HeartBlessingRed","Replay:Accelerometer","Regal Pillow","Lantern"],"acts_visited":["Exordium","TheCity","TheBeyond"],"potions_floor_usage":[31,31,31,32,33,40,47,49,50],"damage_taken":[{"damage":11,"enemies":"Cultist","floor":2,"turns":5},{"damage":0,"enemies":"Small Slimes","floor":3,"turns":3},{"damage":0,"enemies":"2 Louse","floor":4,"turns":6},{"damage":21,"enemies":"Lots of Slimes","floor":5,"turns":8},{"damage":5,"enemies":"3 Louse","floor":6,"turns":5},{"damage":6,"enemies":"2 Fungi Beasts","floor":8,"turns":4},{"damage":29,"enemies":"3 Sentries","floor":10,"turns":7},{"damage":0,"enemies":"Large Slime","floor":11,"turns":3},{"damage":1,"enemies":"Exordium Wildlife","floor":12,"turns":4},{"damage":1,"enemies":"2 Fungi Beasts","floor":15,"turns":4},{"damage":2,"enemies":"WA_ARCHETYPE_RETAIN","floor":16,"turns":7},{"damage":16,"enemies":"3 Byrds","floor":19,"turns":5},{"damage":6,"enemies":"Chosen","floor":20,"turns":4},{"damage":25,"enemies":"Snake Plant","floor":22,"turns":3},{"damage":26,"enemies":"Snecko","floor":23,"turns":6},{"damage":0,"enemies":"downfall:FleeingMerchant","floor":27,"turns":4},{"damage":35,"enemies":"Colosseum Nobs","floor":29,"turns":5},{"damage":18,"enemies":"Gremlin Leader","floor":31,"turns":6},{"damage":7,"enemies":"Shelled Parasite and Fungi","floor":32,"turns":5},{"damage":2,"enemies":"IC_MUSHROOM_ARCHETYPE","floor":33,"turns":9},{"damage":43,"enemies":"3 Darklings","floor":36,"turns":4},{"damage":0,"enemies":"Orb Walker","floor":39,"turns":3},{"damage":0,"enemies":"3 Darklings","floor":40,"turns":6},{"damage":4,"enemies":"Spire Growth","floor":42,"turns":5},{"damage":36,"enemies":"Nemesis","floor":45,"turns":7},{"damage":83,"enemies":"Nightmare","floor":47,"turns":7},{"damage":10,"enemies":"Sphere and 2 Shapes","floor":49,"turns":5},{"damage":60,"enemies":"SI_POISON_ARCHETYPE","floor":50,"turns":5}],"seed_played":"3287545474804179205","potions_obtained":[{"floor":2,"key":"Languid Potion"},{"floor":6,"key":"LifebloodPotion"},{"floor":8,"key":"sneckomod:DiceRollPotion"},{"floor":31,"key":"ColorlessPotion"},{"floor":32,"key":"LiquidMemories"},{"floor":33,"key":"Energy Potion"},{"floor":40,"key":"Energy Potion"},{"floor":42,"key":"Energy Potion"},{"floor":47,"key":"SteroidPotion"},{"floor":48,"key":"FairyPotion"},{"floor":48,"key":"Ancient Potion"}],"is_trial":false,"path_per_floor":["R","M","M","M","M","M","T","M","R","E","M","M","R","?","M","B",null,"R","M","M","?","M","M","T","AVR","R","$","?","?","?","E","M","B",null,"R","M","?","?","M","M","T","M","R","?","E","R","NM","?","M","B"],"character_chosen":"THE_SNECKO","items_purchased":["sneckomod:UnknownEgg","infinitespire:Magic Flask"],"campfire_rested":3,"item_purchase_floors":[27,27],"current_hp_per_floor":[99,88,88,88,67,62,62,56,56,27,27,26,55,55,54,52,99,99,83,77,77,52,26,26,26,55,55,55,23,23,15,11,12,108,108,68,68,68,68,71,71,67,77,77,44,85,4,7,39,0,0,0],"gold":258,"neow_bonus":"TEN_PERCENT_HP_BONUS","is_daily":false,"chose_seed":false,"campfire_upgraded":0,"win_rate":0.0,"timestamp":1612676287,"path_taken":["R","M","M","?","M","M","T","M","R","E","?","M","R","?","M","BOSS","R","M","M","?","M","M","T","AVR","R","$","?","?","?","E","M","BOSS","R","M","?","?","M","M","T","M","R","?","E","R","NM","?","M","BOSS"],"items_purchased_type":["Relic","Relic"],"build_version":"2020-12-22","purchased_purges":1,"victory":false,"max_hp_per_floor":[99,99,99,99,99,99,99,99,99,99,99,99,99,99,99,99,99,99,99,99,99,99,99,99,99,99,99,99,102,102,102,105,108,108,108,111,111,111,111,114,114,114,124,124,127,130,130,133,133,133,133,133],"card_choices":[{"not_picked":["hexamod:FourthSeal","hexamod:SecondSeal"],"picked":"hexamod:SixthSeal","floor":2},{"not_picked":["sneckomod:WideSting","sneckomod:Unknown1Cost+1"],"picked":"sneckomod:QuickMove+1","floor":2},{"not_picked":["sneckomod:WideSting","sneckomod:UnknownX+1"],"picked":"sneckomod:Unknown1Cost+1","floor":3},{"not_picked":["sneckomod:DiceBlock+1","sneckomod:UnknownRareAttack"],"picked":"sneckomod:Unknown0Cost+1","floor":4},{"not_picked":["sneckomod:SerpentIdol+1","sneckomod:Unknown2Cost+1"],"picked":"sneckomod:SoulCleanse+1","floor":5},{"not_picked":["sneckomod:UnknownUncommonAttack","sneckomod:TrashToTreasure+1"],"picked":"sneckomod:SoulDraw+1","floor":6},{"not_picked":["sneckomod:UnknownCommonSkill+1","sneckomod:DefensiveFlair+1","sneckomod:UnknownBlock+1"],"picked":"SKIP","floor":8},{"not_picked":["sneckomod:SoulDraw+1","sneckomod:UnknownCommonAttack"],"picked":"sneckomod:DiceCrush","floor":10},{"not_picked":["sneckomod:UnknownCommonSkill+1","sneckomod:UnknownStrike"],"picked":"sneckomod:Nope+1","floor":11},{"not_picked":["sneckomod:IronFang","sneckomod:SoulCleanse+1","sneckomod:RainOfDice"],"picked":"SKIP","floor":12},{"not_picked":["sneckomod:QuickMove+1","sneckomod:MasterEye"],"picked":"sneckomod:QuickBite","floor":15},{"not_picked":["sneckomod:UnknownRareSkill+1","sneckomod:SerpentMind"],"picked":"sneckomod:Unknown3Cost+1","floor":16},{"not_picked":["sneckomod:UnknownCommonAttack","sneckomod:TrashToTreasure+1","sneckomod:RainOfDice+1"],"picked":"SKIP","floor":19},{"not_picked":["sneckomod:QuickBite","sneckomod:UnknownX+1","sneckomod:UnknownDraw+1"],"picked":"SKIP","floor":20},{"not_picked":["sneckomod:DefensiveFlair+1","sneckomod:QuickBite+1"],"picked":"sneckomod:ImprovisedGuard+1","floor":22},{"not_picked":["sneckomod:UnknownDraw+1","sneckomod:UnknownCommonSkill+1"],"picked":"sneckomod:UnknownWeak+1","floor":23},{"not_picked":["sneckomod:UnknownClassHEXA_GHOST_PURPLE+1","sneckomod:UnknownExhaust+1"],"picked":"sneckomod:CheapStock","floor":27},{"not_picked":["sneckomod:QuickBite","sneckomod:DiceBlock+1"],"picked":"sneckomod:Nope+1","floor":29},{"not_picked":["sneckomod:UnknownStrike+1","sneckomod:UnknownClassRED+1","sneckomod:UnknownExhaust+1"],"picked":"SKIP","floor":31},{"not_picked":["sneckomod:UnknownStrike+1","sneckomod:UnknownClassRED+1","sneckomod:UnknownExhaust+1"],"picked":"SKIP","floor":31},{"not_picked":["sneckomod:RainOfDice+1","sneckomod:UnknownClassBLUE+1"],"picked":"sneckomod:UnendingSupply+1","floor":32},{"not_picked":["sneckomod:SoulExchange+1","sneckomod:MorePower"],"picked":"sneckomod:Cheat+1","floor":33},{"not_picked":[],"picked":"sneckomod:SoulRoll+1","floor":36},{"not_picked":["sneckomod:UnknownClassBLUE+1"],"picked":"SKIP","floor":39},{"not_picked":[],"picked":"sneckomod:SlitherStrike","floor":40},{"not_picked":["sneckomod:DiceCrush"],"picked":"SKIP","floor":42},{"not_picked":[],"picked":"sneckomod:UnknownExhaust+1","floor":45},{"not_picked":["sneckomod:UnknownExhaust+1"],"picked":"SKIP","floor":47},{"not_picked":["sneckomod:DiceBlock+1"],"picked":"SKIP","floor":49}],"player_experience":260006,"relics_obtained":[{"floor":1,"key":"Toxic Egg 2"},{"floor":7,"key":"Mummified Hand"},{"floor":10,"key":"ReplayTheSpireMod:Shallot"},{"floor":17,"key":"infinitespire:Satchel"},{"floor":17,"key":"InkBottle"},{"floor":17,"key":"Peace Pipe"},{"floor":24,"key":"Omamori"},{"floor":28,"key":"ReplayTheSpireMod:Ring of Challenge"},{"floor":28,"key":"ReplayTheSpireMod:Ring of Collecting"},{"floor":29,"key":"CaptainsWheel"},{"floor":29,"key":"Replay:Ringing Soul"},{"floor":31,"key":"StoneCalendar"},{"floor":31,"key":"Whetstone"},{"floor":35,"key":"MealTicket"},{"floor":38,"key":"Ring of Fangs"},{"floor":41,"key":"Ring of Fury"},{"floor":41,"key":"Juzu Bracelet"},{"floor":45,"key":"Art of War"},{"floor":45,"key":"Blood Vial"},{"floor":47,"key":"Replay:Accelerometer"},{"floor":47,"key":"Regal Pillow"},{"floor":48,"key":"Lantern"}],"event_choices":[{"damage_healed":0,"gold_gain":0,"player_choice":"Ignored","damage_taken":0,"max_hp_gain":0,"max_hp_loss":0,"event_name":"betterNote:BetterNote","floor":21,"gold_loss":0,"cards_obtained":["Neutralize"]}],"is_beta":false,"boss_relics":[{"not_picked":["Cursed Key","Philosopher\u0027s Stone"],"picked":"Calling Bell"},{"not_picked":["Empty Cage","Snecko Eye"],"picked":"Busted Crown"}],"items_purged_floors":[25],"is_endless":false,"potions_floor_spawned":[2,6,8,10,11,15,19,31,32,33,40,42,47],"killed_by":"SI_POISON_ARCHETYPE","ascension_level":0}}