{"host":"o3b7ow6d1xe49css","time":1612699755,"event":{"mods":["Act Like it!","Aspiration","BaseMod","Bestiary","Better Altar","Better Match","Better Note","Better Sensory Stone","Better Skull","Better Third Choice","Colored Powertips","Conspire","Energized Spire","Force Act Four","GifTheSpireLib","Halation","Hermit","Hubris","Infinite Spire","Lobotomy","Minty Spire (QoL Compilation)","Quick Restart","Rare Cards Sparkle","Relic Filter Mod","Reliquary","Replay The Spire","Spicy Shops","Spikes Relics","Spire Arcade","StSLib","Stuff the Spire","The Blue Laboratory","Wandering Minibosses"],"gold_per_floor":[112,123,133,133,146,175,210,237,319,319,338,2,2,28,28,130,130,143,159,159,99,99,126,158,158,158,185,213,213,213,213,213,329,329,364,402,402,440,484,543,593,664,714,714,785,785,217,245,245,358,358,358,4,32,135],"floor_reached":56,"language":"ENG","playtime":3417,"items_purged":["Pride","Defend_P","Scorched","Strike_P","Pain"],"score":1870,"play_id":"3ee567f4-948f-4cf3-bb49-492c805398d3","local_time":"20210207030915","daily_mods":["Heirloom","Flight"],"is_ascension_mode":true,"campfire_choices":[{"floor":13,"key":"REST"},{"floor":15,"key":"REST"},{"data":"Eruption","floor":25,"key":"SMITH"},{"data":"BowlingBash","floor":29,"key":"SMITH"},{"floor":30,"key":"RECALL"},{"data":"Consecrate","floor":32,"key":"SMITH"},{"floor":49,"key":"REST"},{"data":"TalkToTheHand","floor":49,"key":"SMITH"},{"data":"Protect","floor":52,"key":"SMITH"}],"circlet_count":0,"master_deck":["Eruption+1","Vigilance","Halt+1","Protect+1","Indignation+1","DevaForm+1","infinitespire:Collect+1","FlurryOfBlows","ThirdEye+1","ThirdEye+1","Crescendo+1","StuffTheSpire:DeathNote","Consecrate+1","UniverseFragment","Protect+1","Wireheading+1","wanderingMiniBosses:FinaleOfPromise+1","BattleHymn+1","infinitespire:FutureSight+1","TalkToTheHand+1","BowlingBash+1","CloudedMind","hubris:Disease"],"relics":["PureWater","Ring of Chaos","CherryCoatedStake","CogitoBucket","hubris:FunFungus","aspiration:Lifesprig","Dream Catcher","Toxic Egg 2","hubris:KleinBottle","AspirationHeart","Guide Book","SnailShell","StuffTheSpire:OldFever","Coffee Dripper","halation:Sosunser","hubris:64BitClover","BlackRope","GoldenEye","infinitespire:Magic Flask","conspire:TopHat","halation:EternalFortune","infinitespire:EvilPickle","energizedSpire:CrystalSphere","Shuriken","wanderingMiniBosses:Blackblade","AtMidnight","reliquary:IridiumChain","Replay:Wax Seal","StuffTheSpire:Tea","Frozen Eye","StuffTheSpire:Mouthbags","ReplayTheSpireMod:TigerMarble","conspire:BottledYoYo","Kintsugi","Ring of Chaos","Bottled Lightning","ReplayTheSpireMod:CursedCoin","reliquary:IvoryTrinket"],"acts_visited":["Exordium","TheCity","TheBeyond","Exordium","TheEnding"],"potions_floor_usage":[6,16,23,24,27,40,41,41,50,55,55,55],"damage_taken":[{"damage":0,"enemies":"2 Louse","floor":1,"turns":2},{"damage":2,"enemies":"Cultist","floor":2,"turns":3},{"damage":1,"enemies":"conspire:RoseBush","floor":3,"turns":2},{"damage":16,"enemies":"Lots of Slimes","floor":5,"turns":9},{"damage":18,"enemies":"Gremlin Nob","floor":6,"turns":3},{"damage":7,"enemies":"3 Sentries","floor":7,"turns":2},{"damage":26,"enemies":"Lagavulin","floor":8,"turns":5},{"damage":0,"enemies":"Red Slaver","floor":11,"turns":1},{"damage":10,"enemies":"Gremlin Nob","floor":14,"turns":3},{"damage":0,"enemies":"The Guardian","floor":16,"turns":7},{"damage":0,"enemies":"2 Thieves","floor":18,"turns":2},{"damage":0,"enemies":"Spheric Guardian","floor":19,"turns":1},{"damage":3,"enemies":"Nightmare","floor":23,"turns":9},{"damage":0,"enemies":"Slavers","floor":24,"turns":1},{"damage":1,"enemies":"conspire:SneckoGhost","floor":27,"turns":4},{"damage":0,"enemies":"Gremlin Leader","floor":28,"turns":3},{"damage":0,"enemies":"Pondfish","floor":33,"turns":5},{"damage":0,"enemies":"3 Darklings","floor":35,"turns":2},{"damage":1,"enemies":"3 Shapes","floor":36,"turns":2},{"damage":5,"enemies":"Maw","floor":38,"turns":5},{"damage":0,"enemies":"Sphere and 2 Shapes","floor":39,"turns":1},{"damage":42,"enemies":"Nemesis","floor":40,"turns":5},{"damage":28,"enemies":"4 Shapes","floor":41,"turns":11},{"damage":0,"enemies":"R_Hoarder","floor":42,"turns":3},{"damage":40,"enemies":"Reptomancer","floor":45,"turns":4},{"damage":7,"enemies":"Transient","floor":48,"turns":5},{"damage":41,"enemies":"Replay:Hell Engine","floor":50,"turns":4},{"damage":2,"enemies":"Shield and Spear","floor":54,"turns":3},{"damage":18,"enemies":"The Heart","floor":55,"turns":5}],"seed_played":"6827879101385136264","potions_obtained":[{"floor":1,"key":"blueLaboratory:MidnightOil"},{"floor":5,"key":"Doom Potion"},{"floor":8,"key":"blueLaboratory:PhilterOfMotion"},{"floor":14,"key":"blueLaboratory:EpiphanyPotion"},{"floor":18,"key":"blueLaboratory:BubblePotion"},{"floor":24,"key":"LiquidMemories"},{"floor":33,"key":"blueLaboratory:FaithlessPotion"},{"floor":36,"key":"SteroidPotion"},{"floor":40,"key":"DuplicationPotion"},{"floor":41,"key":"Milkshake"},{"floor":45,"key":"blueLaboratory:BottledHope"},{"floor":55,"key":"BottledMiracle"}],"is_trial":true,"path_per_floor":["M","M","M","?","M","E","E","E","T","$","M","$","R","E","R","B",null,"M","M","AVR","?","?","NM","E","R","T","E","E","R","R","?","R","B",null,"M","M","?","M","M","E","M","E","T","?","E","AVR","$","M","R","B",null,"R","$","E","B",null],"character_chosen":"WATCHER","items_purchased":["hubris:KleinBottle","Guide Book","SnailShell","Fire Potion","TalkToTheHand","StuffTheSpire:Mouthbags","ReplayTheSpireMod:TigerMarble","Bottled Lightning","ReplayTheSpireMod:CursedCoin","PowerPotion","blueLaboratory:HummingbirdPotion"],"campfire_rested":3,"item_purchase_floors":[10,12,12,12,47,47,47,53,53,53,53],"current_hp_per_floor":[72,70,69,69,71,53,46,20,20,1,11,11,35,25,49,61,77,77,77,77,77,57,80,80,80,80,82,82,82,82,85,85,85,85,85,85,85,88,88,47,88,88,88,84,49,49,49,49,74,43,82,82,82,83,65],"gold":135,"neow_bonus":"","is_daily":false,"chose_seed":false,"campfire_upgraded":5,"win_rate":0.0,"timestamp":1612699755,"path_taken":["M","M","M","?","?","E","E","E","T","?","?","$","R","E","R","BOSS","M","M","AVR","?","?","NM","E","R","T","E","E","R","R","?","R","BOSS","M","M","?","M","?","E","M","E","T","?","E","AVR","$","M","R","BOSS","R","$","E","BOSS"],"items_purchased_type":["Relic","Relic","Relic","Potion","Card","Relic","Relic","Relic","Relic","Potion","Potion"],"build_version":"2020-12-22","purchased_purges":5,"victory":true,"max_hp_per_floor":[72,72,72,72,72,72,72,72,72,72,82,82,82,82,82,82,82,82,82,82,82,82,82,82,82,82,82,82,82,82,85,85,85,85,85,85,85,88,88,88,88,88,88,84,84,84,84,84,84,84,84,84,84,84,84],"card_choices":[{"not_picked":["GreedKing","WallGazer","OldLady"],"picked":"Singing Bowl","floor":1},{"not_picked":["Replay:AtTheReady","EmptyBody","MentalFortress"],"picked":"SKIP","floor":1},{"not_picked":["ForeignInfluence","Replay:Cycle"],"picked":"Halt","floor":2},{"not_picked":["NakedNest","OldLady","Murderer"],"picked":"Singing Bowl","floor":3},{"not_picked":["Crescendo","Replay:BluntJabs","Nirvana"],"picked":"SKIP","floor":3},{"not_picked":["Replay:ManipulateFuture","Replay:BluntJabs"],"picked":"Indignation","floor":5},{"not_picked":["BeautyBeast","FairyFestival"],"picked":"Scorched","floor":5},{"not_picked":["CrumblingArmor","Funeral","MHz"],"picked":"Singing Bowl","floor":6},{"not_picked":["InnerPeace","EmptyFist","EmptyBody"],"picked":"SKIP","floor":6},{"not_picked":["EmptyFist","LikeWater"],"picked":"DevaForm","floor":7},{"not_picked":["Mercenary","PunishingBird","MeatLantern"],"picked":"Singing Bowl","floor":7},{"not_picked":["WreathOfFlame","Sanctity","Pray"],"picked":"SKIP","floor":8},{"not_picked":["infinitespire:FutureSight","ReplayTheSpireMod:Chaos Vortex"],"picked":"infinitespire:Collect","floor":10},{"not_picked":["Replay:ManipulateFuture+1","Weave"],"picked":"FlurryOfBlows","floor":11},{"not_picked":["ShyLook","VoidDream","RedShoes"],"picked":"Singing Bowl","floor":11},{"not_picked":["PathToVictory+1","Sanctity+1"],"picked":"ThirdEye+1","floor":13},{"not_picked":["Blasphemy+1","PathToVictory+1"],"picked":"ThirdEye+1","floor":14},{"not_picked":["Halt+1","FlurryOfBlows"],"picked":"Crescendo+1","floor":15},{"not_picked":["WallGazer","Bloodbath","PunishingBird"],"picked":"Singing Bowl","floor":16},{"not_picked":["JustLucky","Protect+1"],"picked":"BowlingBash","floor":18},{"not_picked":["CENSORED","WallGazer","LaLuna"],"picked":"Singing Bowl","floor":18},{"not_picked":["Scarecrow","OSAHOGD","MHz"],"picked":"Singing Bowl","floor":19},{"not_picked":["Indignation+1","EmptyBody+1","ClearTheMind+1"],"picked":"SKIP","floor":19},{"not_picked":["SashWhip","SandsOfTime"],"picked":"Consecrate","floor":23},{"not_picked":["Variant","MeatLantern","MHz"],"picked":"Singing Bowl","floor":23},{"not_picked":["ClearTheMind+1","ConjureBlade+1","Prostrate+1"],"picked":"SKIP","floor":24},{"not_picked":["FlurryOfBlows","Establishment","LikeWater"],"picked":"SKIP","floor":27},{"not_picked":["ThirdEye+1","Adaptation+1","PathToVictory+1"],"picked":"SKIP","floor":28},{"not_picked":["CherryBlossoms","MeatLantern"],"picked":"UniverseFragment","floor":33},{"not_picked":["MasterReality","FlyingSleeves+1"],"picked":"Protect+1","floor":35},{"not_picked":["LongBird","Yin","SilentOrchestra"],"picked":"Singing Bowl","floor":35},{"not_picked":["Replay:BluntJabs+1","Crescendo+1"],"picked":"Wireheading+1","floor":36},{"not_picked":["NothingThere","MeatLantern","SpiderBud"],"picked":"Singing Bowl","floor":36},{"not_picked":["PathToVictory+1","Weave+1","Wish+1"],"picked":"SKIP","floor":38},{"not_picked":["Prostrate+1","Worship+1","Nirvana+1"],"picked":"SKIP","floor":39},{"not_picked":["Replay:AllIn+1","Replay:Anticipation+1","CrushJoints"],"picked":"SKIP","floor":40},{"not_picked":[],"picked":"wanderingMiniBosses:FinaleOfPromise","floor":41},{"not_picked":["PathToVictory+1","Evaluate+1","SashWhip+1"],"picked":"SKIP","floor":41},{"not_picked":["Crescendo+1","ReachHeaven+1","Devotion"],"picked":"SKIP","floor":42},{"not_picked":["Replay:BluntJabs+1","BowlingBash"],"picked":"BattleHymn+1","floor":45},{"not_picked":["FlurryOfBlows","EmptyBody+1","PathToVictory+1"],"picked":"SKIP","floor":48},{"not_picked":["Consecrate+1","FlurryOfBlows","Replay:ManipulateFuture+1"],"picked":"SKIP","floor":54},{"not_picked":["Consecrate+1","FlurryOfBlows","Replay:ManipulateFuture+1"],"picked":"SKIP","floor":54}],"player_experience":1316699,"relics_obtained":[{"floor":6,"key":"hubris:FunFungus"},{"floor":7,"key":"aspiration:Lifesprig"},{"floor":8,"key":"Dream Catcher"},{"floor":9,"key":"Toxic Egg 2"},{"floor":14,"key":"StuffTheSpire:OldFever"},{"floor":23,"key":"hubris:64BitClover"},{"floor":24,"key":"BlackRope"},{"floor":26,"key":"GoldenEye"},{"floor":27,"key":"infinitespire:Magic Flask"},{"floor":28,"key":"conspire:TopHat"},{"floor":38,"key":"halation:EternalFortune"},{"floor":40,"key":"Shuriken"},{"floor":41,"key":"wanderingMiniBosses:Blackblade"},{"floor":41,"key":"AtMidnight"},{"floor":42,"key":"reliquary:IridiumChain"},{"floor":43,"key":"Replay:Wax Seal"},{"floor":45,"key":"StuffTheSpire:Tea"},{"floor":48,"key":"conspire:BottledYoYo"},{"floor":54,"key":"reliquary:IvoryTrinket"}],"event_choices":[{"damage_healed":0,"gold_gain":0,"cards_transformed":["Strike_P"],"player_choice":"Transformed","damage_taken":0,"max_hp_gain":0,"max_hp_loss":0,"event_name":"Transmorgrifier","floor":4,"gold_loss":0,"cards_obtained":["Protect"]},{"damage_healed":0,"gold_gain":0,"player_choice":"Forge","damage_taken":0,"max_hp_gain":0,"max_hp_loss":0,"event_name":"Accursed Blacksmith","floor":37,"gold_loss":0,"cards_upgraded":["Halt"]},{"damage_healed":0,"gold_gain":0,"player_choice":"Max HP","damage_taken":0,"max_hp_gain":0,"max_hp_loss":4,"event_name":"Winding Halls","floor":44,"gold_loss":0}],"is_beta":false,"boss_relics":[{"not_picked":["StuffTheSpire:Kangaroo","halation:PlatinumPhoenix"],"picked":"Coffee Dripper"},{"not_picked":["conspire:SeveredTorchhead","ReplayTheSpireMod:DimensionalGlitch"],"picked":"energizedSpire:CrystalSphere"},{"not_picked":["energizedSpire:HugeHouse","Calling Bell"],"picked":"Kintsugi"}],"items_purged_floors":[12,20,46,47,53],"is_endless":true,"potions_floor_spawned":[1,5,8,14,18,24,33,36,40,41,45,55],"ascension_level":5}}