{"host":"lly094a91h6n5nv5","time":1612657101,"event":{"mods":["AchievementEnabler","BaseMod","Block Reminder","Colored Map","Minty Spire (QoL Compilation)"],"gold_per_floor":[109,109,109,128,47,90,90,125,151,151,151],"floor_reached":10,"language":"ENG","playtime":373,"items_purged":[],"score":100,"play_id":"e34f42d0-018d-4008-b5fc-6fef96d02552","local_time":"20210206181821","is_ascension_mode":true,"campfire_choices":[{"floor":7,"key":"REST"}],"circlet_count":0,"master_deck":["Strike_B","Strike_B","Strike_B+1","Strike_B","Defend_B","Defend_B","Defend_B","Defend_B","Zap","Dualcast+1","Sweeping Beam","Static Discharge","Defragment","Gash","Gash","Seek"],"relics":["Fusion Hammer","Toy Ornithopter","CeramicFish","Potion Belt","PreservedInsect"],"acts_visited":["Exordium"],"potions_floor_usage":[8],"damage_taken":[{"damage":3,"enemies":"2 Louse","floor":1,"turns":2},{"damage":2,"enemies":"Jaw Worm","floor":4,"turns":3},{"damage":27,"enemies":"Lagavulin","floor":6,"turns":8},{"damage":29,"enemies":"Gremlin Nob","floor":8,"turns":4},{"damage":20,"enemies":"Lagavulin","floor":10,"turns":3}],"seed_played":"6446893718867157351","potions_obtained":[{"floor":4,"key":"PotionOfCapacity"},{"floor":6,"key":"EssenceOfSteel"}],"is_trial":false,"path_per_floor":["M","?","T","M","$","E","R","E","T","E"],"character_chosen":"DEFECT","items_purchased":["Defragment","Gash"],"campfire_rested":1,"item_purchase_floors":[5,5],"current_hp_per_floor":[65,50,50,48,48,21,43,19,19,0,0],"gold":151,"neow_bonus":"BOSS_RELIC","is_daily":false,"chose_seed":false,"campfire_upgraded":0,"win_rate":0.0,"timestamp":1612657101,"path_taken":["M","?","?","M","?","E","R","E","T","E"],"items_purchased_type":["Card","Card"],"build_version":"2020-12-22","purchased_purges":0,"victory":false,"max_hp_per_floor":[75,75,75,75,75,75,75,75,75,75,75],"card_choices":[{"not_picked":["Go for the Eyes","Turbo"],"picked":"Sweeping Beam","floor":1},{"not_picked":["Steam","Fusion"],"picked":"Static Discharge","floor":4},{"not_picked":["FTL","Melter"],"picked":"Gash","floor":6},{"not_picked":["Leap","Defragment"],"picked":"Seek","floor":8}],"player_experience":173980,"relics_obtained":[{"floor":3,"key":"Toy Ornithopter"},{"floor":6,"key":"CeramicFish"},{"floor":8,"key":"Potion Belt"},{"floor":9,"key":"PreservedInsect"}],"event_choices":[{"damage_healed":0,"gold_gain":0,"player_choice":"Entered Light","damage_taken":15,"max_hp_gain":0,"max_hp_loss":0,"event_name":"Shining Light","floor":2,"gold_loss":0,"cards_upgraded":["Strike_B","Dualcast"]}],"is_beta":false,"boss_relics":[],"items_purged_floors":[],"is_endless":false,"potions_floor_spawned":[4,6],"killed_by":"Lagavulin","ascension_level":7}}