{"host":"7hek758ba7rrttw2","time":1612727732,"event":{"mods":["BaseMod","Minty Spire (QoL Compilation)","Weighted Paths"],"gold_per_floor":[114,125,145,157,37,66,79,93,166,198,198,212,241,241,241,343,343,362,372,382,382,382],"floor_reached":21,"language":"ENG","playtime":1258,"items_purged":["Strike_B"],"score":236,"play_id":"5657ba13-5dbd-4a72-95e9-2f009ad491a3","local_time":"20210207205532","is_ascension_mode":true,"campfire_choices":[{"floor":11,"key":"REST"},{"floor":15,"key":"REST"}],"circlet_count":0,"master_deck":["Strike_B","Strike_B","Defend_B","Defend_B","Defend_B","Defend_B","Zap","Dualcast","Gash","Reprogram","Auto Shields","Go for the Eyes","Self Repair","Hologram","Gash","Core Surge","CurseOfTheBell","All For One"],"relics":["Cracked Core","NeowsBlessing","Bird Faced Urn","Akabeko","WingedGreaves","Calling Bell","Boot","Shuriken","TungstenRod"],"acts_visited":["Exordium","TheCity"],"potions_floor_usage":[8,8,8,8,10,10,10,13,16,20,20,20,20,20,20],"damage_taken":[{"damage":0,"enemies":"Cultist","floor":1,"turns":1},{"damage":0,"enemies":"Small Slimes","floor":2,"turns":1},{"damage":0,"enemies":"2 Louse","floor":3,"turns":1},{"damage":9,"enemies":"Blue Slaver","floor":4,"turns":3},{"damage":20,"enemies":"Lagavulin","floor":6,"turns":9},{"damage":0,"enemies":"2 Fungi Beasts","floor":7,"turns":5},{"damage":9,"enemies":"Exordium Thugs","floor":8,"turns":6},{"damage":44,"enemies":"3 Sentries","floor":10,"turns":12},{"damage":7,"enemies":"Red Slaver","floor":12,"turns":4},{"damage":32,"enemies":"Lagavulin","floor":13,"turns":6},{"damage":26,"enemies":"Slime Boss","floor":16,"turns":15},{"damage":9,"enemies":"Chosen","floor":18,"turns":5},{"damage":17,"enemies":"Shell Parasite","floor":19,"turns":11},{"damage":36,"enemies":"Snecko","floor":20,"turns":6},{"damage":41,"enemies":"Cultist and Chosen","floor":21,"turns":6}],"seed_played":"8042353465207607127","potions_obtained":[{"floor":2,"key":"EssenceOfSteel"},{"floor":3,"key":"Dexterity Potion"},{"floor":7,"key":"EntropicBrew"},{"floor":8,"key":"SkillPotion"},{"floor":12,"key":"CultistPotion"},{"floor":13,"key":"Explosive Potion"},{"floor":19,"key":"EntropicBrew"},{"floor":20,"key":"Swift Potion"}],"is_trial":false,"path_per_floor":["M","M","M","M","$","E","M","M","T","E","R","M","E","?","R","B",null,"M","M","M","M"],"character_chosen":"DEFECT","items_purchased":["Go for the Eyes"],"campfire_rested":2,"item_purchase_floors":[5],"current_hp_per_floor":[75,75,75,66,66,46,46,46,46,13,35,37,14,7,29,12,75,73,65,38,0,0],"gold":382,"neow_bonus":"THREE_ENEMY_KILL","is_daily":false,"chose_seed":false,"campfire_upgraded":0,"win_rate":0.0,"timestamp":1612727732,"path_taken":["M","M","?","?","$","E","M","M","T","E","R","M","E","?","R","BOSS","M","M","M","M"],"items_purchased_type":["Card"],"build_version":"2020-12-22","purchased_purges":1,"victory":false,"max_hp_per_floor":[75,75,75,75,75,75,75,75,75,75,75,75,75,75,75,75,75,75,75,75,75,75],"card_choices":[{"not_picked":["Beam Cell","Sweeping Beam"],"picked":"Gash","floor":1},{"not_picked":["Static Discharge","Cold Snap"],"picked":"Reprogram","floor":2},{"not_picked":["Barrage","Coolheaded","Rebound"],"picked":"SKIP","floor":3},{"not_picked":["Fusion","Aggregate"],"picked":"Auto Shields","floor":4},{"not_picked":["Melter","Ball Lightning","Leap"],"picked":"SKIP","floor":6},{"not_picked":["Consume","Sweeping Beam"],"picked":"Self Repair","floor":7},{"not_picked":["BootSequence","Double Energy","Capacitor"],"picked":"SKIP","floor":8},{"not_picked":["Loop","Multi-Cast"],"picked":"Hologram","floor":10},{"not_picked":["Ball Lightning","Beam Cell"],"picked":"Gash","floor":12},{"not_picked":["Ball Lightning","Compile Driver","Darkness"],"picked":"SKIP","floor":13},{"not_picked":["Thunder Strike","Amplify"],"picked":"Core Surge","floor":16},{"not_picked":["Aggregate","Streamline","Compile Driver"],"picked":"SKIP","floor":18},{"not_picked":["Static Discharge","Leap","BootSequence"],"picked":"SKIP","floor":19},{"not_picked":["Beam Cell+1","Undo"],"picked":"All For One","floor":20}],"player_experience":369666,"relics_obtained":[{"floor":6,"key":"Bird Faced Urn"},{"floor":10,"key":"Akabeko"},{"floor":13,"key":"WingedGreaves"},{"floor":17,"key":"Boot"},{"floor":17,"key":"Shuriken"},{"floor":17,"key":"TungstenRod"}],"event_choices":[{"cards_removed":["Strike_B"],"damage_healed":0,"gold_gain":0,"player_choice":"Card Removal","damage_taken":7,"max_hp_gain":0,"max_hp_loss":0,"event_name":"Golden Wing","floor":14,"gold_loss":0}],"is_beta":false,"boss_relics":[{"not_picked":["Snecko Eye","SacredBark"],"picked":"Calling Bell"}],"items_purged_floors":[5],"is_endless":false,"potions_floor_spawned":[2,3,7,8,12,13,19,20],"killed_by":"Cultist and Chosen","ascension_level":3}}