{"host":"1c17lcvl7acx821p","time":1612705989,"event":{"mods":["AchievementEnabler","BaseMod","Bestiary","Colored Map","Minty Spire (QoL Compilation)","Quick Restart","Relic Sorter","StSLib","ojb\u0027s Better Paths Mod","ojb\u0027s Info Mod"],"gold_per_floor":[110,210,222,232,382,408,256,256,282,316,316,341,355,355,355],"floor_reached":14,"language":"ENG","playtime":280,"items_purged":["Doubt"],"score":200,"play_id":"4ad4741e-e37f-4982-8c97-bcdbc0e07c4e","local_time":"20210207155309","is_ascension_mode":true,"campfire_choices":[{"floor":8.0,"key":"REST"}],"circlet_count":0,"master_deck":["AscendersBane","Strike_B","Strike_B","Strike_B","Strike_B","Defend_B","Defend_B","Defend_B","Defend_B","Zap","Dualcast","Ball Lightning","Streamline","Leap","Cold Snap","Doom and Gloom","Reprogram","Undo","Reinforced Body"],"relics":["Cracked Core","NeowsBlessing","Boot","Blood Vial","Regal Pillow","Golden Idol"],"acts_visited":["Exordium"],"potions_floor_usage":[14],"damage_taken":[{"damage":0.0,"enemies":"Small Slimes","floor":1.0,"turns":1.0},{"damage":0.0,"enemies":"Cultist","floor":3.0,"turns":1.0},{"damage":0.0,"enemies":"Jaw Worm","floor":4.0,"turns":1.0},{"damage":35.0,"enemies":"Gremlin Nob","floor":6.0,"turns":4.0},{"damage":16.0,"enemies":"Lagavulin","floor":10.0,"turns":7.0},{"damage":14.0,"enemies":"Large Slime","floor":12.0,"turns":5.0},{"damage":6.0,"enemies":"Looter","floor":13.0,"turns":3.0},{"damage":48,"enemies":"Gremlin Nob","floor":14,"turns":4}],"seed_played":"7498605674006507937","potions_obtained":[{"floor":6.0,"key":"Strength Potion"},{"floor":13.0,"key":"SpeedPotion"}],"is_trial":false,"path_per_floor":["M","?","M","M","?","E","$","R","T","E","?","M","M","E"],"character_chosen":"DEFECT","items_purchased":["Doom and Gloom"],"campfire_rested":1,"item_purchase_floors":[7],"current_hp_per_floor":[64,64,64,64,64,29,29,50,50,36,36,24,20,0,0],"gold":355,"neow_bonus":"THREE_ENEMY_KILL","is_daily":false,"chose_seed":false,"campfire_upgraded":0,"win_rate":0.0,"timestamp":1612705989,"path_taken":["M","?","?","M","?","E","$","R","T","E","?","M","M","E"],"items_purchased_type":["Card"],"build_version":"2020-12-22","purchased_purges":1,"victory":false,"max_hp_per_floor":[71,71,71,71,71,71,71,71,71,71,64,64,64,64,64],"card_choices":[{"not_picked":["Go for the Eyes","Undo"],"picked":"Ball Lightning","floor":1.0},{"not_picked":["Coolheaded","Steam"],"picked":"Streamline","floor":3.0},{"not_picked":["Barrage","Hologram"],"picked":"Leap","floor":4.0},{"not_picked":["Aggregate","Hello World"],"picked":"Cold Snap","floor":6.0},{"not_picked":["Cold Snap","Stack"],"picked":"Reprogram","floor":10.0},{"not_picked":["Hologram","Redo"],"picked":"Undo","floor":12.0},{"not_picked":["Force Field","Recycle"],"picked":"Reinforced Body","floor":13.0}],"player_experience":296764,"relics_obtained":[{"floor":6.0,"key":"Boot"},{"floor":9.0,"key":"Blood Vial"},{"floor":10.0,"key":"Regal Pillow"}],"event_choices":[{"damage_healed":0.0,"max_hp_gain":0.0,"max_hp_loss":0.0,"gold_gain":100.0,"event_name":"Wheel of Change","player_choice":"Gold","floor":2.0,"gold_loss":0.0,"damage_taken":0.0},{"damage_healed":0.0,"max_hp_gain":0.0,"max_hp_loss":0.0,"gold_gain":150.0,"event_name":"Liars Game","player_choice":"AGREE","floor":5.0,"gold_loss":0.0,"damage_taken":0.0,"cards_obtained":["Doubt"]},{"damage_healed":0.0,"max_hp_gain":0.0,"max_hp_loss":7.0,"gold_gain":0.0,"event_name":"Golden Idol","player_choice":"Lose Max HP","floor":11.0,"gold_loss":0.0,"damage_taken":0.0,"relics_obtained":["Golden Idol"]}],"is_beta":false,"boss_relics":[],"items_purged_floors":[7],"is_endless":false,"potions_floor_spawned":[6,13],"killed_by":"Gremlin Nob","ascension_level":20}}