{"host":"5njoj2zap3ickz2y","time":1612660381,"event":{"mods":["BaseMod","Colored Map","Downfall","Minty Spire (QoL Compilation)","Permanent Neow","Quick Restart","Relic Stats","StSLib","Unceasing Turn Reminder"],"gold_per_floor":[167,178,197,216,19,54,54,54,80,105,105,125,138,156,156,228,228,242,242,242,242,88,116,116,150,150,164,164,198,216,281,281,356,356,398,445,456,456,506,563,574,574,628,1003,1003,1003,191,254,254,254,254,254,11,44,44],"floor_reached":56,"language":"ENG","playtime":4934,"items_purged":["Strike_P","Judgement"],"score":2414,"play_id":"d9768c71-3a22-40d6-869c-09eb8b3049c1","local_time":"20210206171301","is_ascension_mode":true,"campfire_choices":[{"data":"MentalFortress","floor":8,"key":"SMITH"},{"data":"CrushJoints","floor":11,"key":"SMITH"},{"data":"JustLucky","floor":15,"key":"SMITH"},{"data":"Wish","floor":28,"key":"SMITH"},{"data":"Nirvana","floor":32,"key":"SMITH"},{"data":"TalkToTheHand","floor":42,"key":"SMITH"},{"data":"Meditate","floor":45,"key":"SMITH"},{"floor":49,"key":"RECALL"},{"data":"TalkToTheHand","floor":52,"key":"SMITH"}],"circlet_count":0,"master_deck":["AscendersBane","Eruption+1","Vigilance","CutThroughFate","FlurryOfBlows","Tantrum","CrushJoints+1","JustLucky+1","MentalFortress+1","ClearTheMind","Meditate+1","Wireheading","ThirdEye","FlurryOfBlows","Tantrum","DevaForm","Weave","Wish+1","InnerPeace","EmptyBody","Weave","CarveReality","Wallop","Ghostly","Ghostly","Ghostly","Ghostly","Ghostly+1","Necronomicurse","CutThroughFate","Nirvana+1","FlurryOfBlows+1","Wallop+1","LessonLearned","JustLucky+1","Weave","Meditate+1","Protect","TalkToTheHand+1","ThirdEye","TalkToTheHand+1","ThirdEye","ThirdEye","Tantrum+1","CutThroughFate","CutThroughFate"],"relics":["Tiny House","Lantern","Blood Vial","Orichalcum","Kunai","Pandora\u0027s Box","HornCleat","Necronomicon","Oddly Smooth Stone","White Beast Statue","MutagenicStrength","Meat on the Bone","Bottled Tornado","StrikeDummy","Black Star","MealTicket","Lizard Tail","Bronze Scales","Old Coin","Blue Candle","PreservedInsect","Peace Pipe","Orrery","Ornamental Fan","Eternal Feather","Happy Flower","Nunchaku","Centennial Puzzle"],"acts_visited":["Exordium","TheCity","TheBeyond","TheEnding"],"potions_floor_usage":[6,10,14,16,29,31,37,39,40,50,55,55],"damage_taken":[{"damage":0,"enemies":"2 Louse","floor":1,"turns":4},{"damage":0,"enemies":"Small Slimes","floor":2,"turns":2},{"damage":7,"enemies":"Jaw Worm","floor":3,"turns":4},{"damage":0,"enemies":"2 Fungi Beasts","floor":4,"turns":2},{"damage":1,"enemies":"3 Sentries","floor":6,"turns":4},{"damage":14,"enemies":"Gremlin Nob","floor":10,"turns":3},{"damage":3,"enemies":"Blue Slaver","floor":12,"turns":3},{"damage":13,"enemies":"Large Slime","floor":13,"turns":3},{"damage":4,"enemies":"3 Louse","floor":14,"turns":2},{"damage":16,"enemies":"The Guardian","floor":16,"turns":9},{"damage":10,"enemies":"2 Thieves","floor":18,"turns":4},{"damage":0,"enemies":"Gremlin Leader","floor":23,"turns":4},{"damage":0,"enemies":"Book of Stabbing","floor":25,"turns":4},{"damage":0,"enemies":"3 Byrds","floor":27,"turns":3},{"damage":16,"enemies":"Gremlin Leader","floor":29,"turns":3},{"damage":4,"enemies":"3 Cultists","floor":30,"turns":4},{"damage":1,"enemies":"Slavers","floor":31,"turns":7},{"damage":0,"enemies":"Collector","floor":33,"turns":5},{"damage":9,"enemies":"3 Shapes","floor":35,"turns":4},{"damage":7,"enemies":"Orb Walker","floor":36,"turns":3},{"damage":4,"enemies":"3 Darklings","floor":37,"turns":6},{"damage":21,"enemies":"4 Shapes","floor":39,"turns":5},{"damage":3,"enemies":"Reptomancer","floor":40,"turns":5},{"damage":0,"enemies":"Maw","floor":41,"turns":4},{"damage":28,"enemies":"2 Orb Walkers","floor":44,"turns":6},{"damage":0,"enemies":"Giant Head","floor":48,"turns":5},{"damage":0,"enemies":"Awakened One","floor":50,"turns":8},{"damage":24,"enemies":"Shield and Spear","floor":54,"turns":7},{"damage":29,"enemies":"The Heart","floor":55,"turns":7}],"seed_played":"5951090978772548692","potions_obtained":[{"floor":0,"key":"Fruit Juice"},{"floor":3,"key":"champ:CounterPotion"},{"floor":6,"key":"PowerPotion"},{"floor":10,"key":"BlessingOfTheForge"},{"floor":14,"key":"AttackPotion"},{"floor":16,"key":"SpeedPotion"},{"floor":18,"key":"bronze:BurnAndBuffPotion"},{"floor":25,"key":"BottledMiracle"},{"floor":29,"key":"Regen Potion"},{"floor":31,"key":"Explosive Potion"},{"floor":33,"key":"Guardian:BlockOnCardUsePotion"},{"floor":37,"key":"SmokeBomb"},{"floor":39,"key":"PowerPotion"},{"floor":40,"key":"SpeedPotion"},{"floor":41,"key":"sneckomod:MuddlingPotion"},{"floor":44,"key":"EssenceOfSteel"}],"is_trial":false,"path_per_floor":["M","M","M","M","$","E","?","R","T","E","R","M","M","M","R","B",null,"M","?","?","?","$","E","?","E","T","M","R","E","M","E","R","B",null,"M","M","M","?","M","E","M","R","T","?","R","?","$","E","R","B",null,"R","$","E","B",null],"character_chosen":"WATCHER","items_purchased":["MentalFortress","ClearTheMind","Oddly Smooth Stone","PreservedInsect","Peace Pipe","Orrery","PowerPotion","Tantrum","Happy Flower","CutThroughFate","PowerPotion"],"campfire_rested":0,"item_purchase_floors":[5,5,22,47,47,47,47,47,53,53,53],"current_hp_per_floor":[66,66,59,59,59,58,55,55,55,43,43,42,31,34,34,20,64,56,56,39,23,23,25,25,27,27,29,29,27,25,26,26,28,36,29,24,37,37,28,27,29,29,29,15,15,10,25,27,37,37,37,37,37,25,30],"gold":44,"neow_bonus":"BOSS_RELIC","is_daily":false,"chose_seed":false,"campfire_upgraded":8,"win_rate":0.0,"timestamp":1612660381,"path_taken":["M","M","M","M","$","E","?","R","T","E","R","M","M","M","R","BOSS","M","?","?","?","?","E","?","E","T","M","R","E","M","E","R","BOSS","M","M","M","?","M","E","M","R","T","?","R","?","$","E","R","BOSS","R","$","E","BOSS"],"items_purchased_type":["Card","Card","Relic","Relic","Relic","Relic","Potion","Card","Relic","Card","Potion"],"build_version":"2020-12-22","purchased_purges":2,"victory":true,"max_hp_per_floor":[73,73,73,73,73,73,73,73,73,73,73,73,73,78,78,78,78,78,78,39,39,39,39,39,39,39,39,39,39,39,39,39,39,39,39,39,39,37,37,37,37,37,37,37,37,37,37,37,37,37,37,37,37,37,37],"relic_stats":{"Happy Flower":[4],"counters":[29,130],"Blue Candle":[0],"Eternal Feather":10,"PreservedInsect":207,"Orichalcum":[120],"Blood Vial":42,"Peace Pipe":1,"Lizard Tail":18,"Nunchaku":[5],"Centennial Puzzle":[3],"Ornamental Fan":[156],"Bronze Scales":[202],"Pandora\u0027s Box":["Weave","Wish","InnerPeace","Judgement","EmptyBody","Weave","CarveReality"],"MealTicket":15,"Necronomicon":[32],"Black Star":3,"Kunai":[110],"obtain_stats":[{"Lantern":6,"Tiny House":0,"Bottled Tornado":29,"Old Coin":44,"Blood Vial":7,"Lizard Tail":40,"Nunchaku":54,"Centennial Puzzle":54,"HornCleat":19,"MealTicket":40,"Necronomicon":21,"Kunai":10,"Happy Flower":53,"Blue Candle":46,"Oddly Smooth Stone":22,"Eternal Feather":48,"PreservedInsect":47,"Orichalcum":9,"White Beast Statue":23,"Peace Pipe":47,"Ornamental Fan":48,"MutagenicStrength":24,"Bronze Scales":43,"Orrery":47,"Pandora\u0027s Box":17,"Black Star":34,"PureWater":0,"StrikeDummy":31,"Meat on the Bone":25},{"Lantern":5,"Tiny House":0,"Bottled Tornado":15,"Old Coin":25,"Blood Vial":5,"Lizard Tail":23,"Nunchaku":28,"Centennial Puzzle":28,"HornCleat":11,"MealTicket":23,"Necronomicon":11,"Kunai":6,"Happy Flower":27,"Blue Candle":25,"Oddly Smooth Stone":11,"Eternal Feather":26,"PreservedInsect":25,"Orichalcum":5,"White Beast Statue":12,"Peace Pipe":25,"Ornamental Fan":26,"MutagenicStrength":12,"Bronze Scales":24,"Orrery":25,"Pandora\u0027s Box":10,"Black Star":18,"PureWater":0,"StrikeDummy":17,"Meat on the Bone":13},{"Lantern":16,"Tiny House":0,"Bottled Tornado":54,"Old Coin":103,"Blood Vial":16,"Lizard Tail":93,"Nunchaku":123,"Centennial Puzzle":123,"HornCleat":40,"MealTicket":93,"Necronomicon":40,"Kunai":19,"Happy Flower":116,"Blue Candle":103,"Oddly Smooth Stone":40,"Eternal Feather":108,"PreservedInsect":103,"Orichalcum":16,"White Beast Statue":44,"Peace Pipe":103,"Ornamental Fan":108,"MutagenicStrength":44,"Bronze Scales":97,"Orrery":103,"Pandora\u0027s Box":36,"Black Star":70,"PureWater":0,"StrikeDummy":65,"Meat on the Bone":48}],"Meat on the Bone":60},"card_choices":[{"not_picked":["WreathOfFlame","JustLucky"],"picked":"CutThroughFate","floor":0},{"not_picked":["PathToVictory","EmptyMind"],"picked":"FlurryOfBlows","floor":1},{"not_picked":["ThirdEye","BowlingBash"],"picked":"Tantrum","floor":2},{"not_picked":["ThirdEye","Sanctity"],"picked":"CrushJoints","floor":3},{"not_picked":["ConjureBlade","Halt"],"picked":"JustLucky","floor":4},{"not_picked":["SignatureMove","Protect"],"picked":"Meditate","floor":6},{"not_picked":["Conclude","Judgement"],"picked":"Wireheading","floor":10},{"not_picked":["JustLucky","Evaluate"],"picked":"ThirdEye","floor":12},{"not_picked":["SignatureMove","WindmillStrike"],"picked":"FlurryOfBlows","floor":13},{"not_picked":["MentalFortress","Worship"],"picked":"Tantrum","floor":14},{"not_picked":["Omniscience","Devotion"],"picked":"DevaForm","floor":16},{"not_picked":["EmptyFist","ReachHeaven"],"picked":"Wallop","floor":18},{"not_picked":["DeceiveReality","ReachHeaven"],"picked":"CutThroughFate","floor":23},{"not_picked":["EmptyBody","Pray","CrushJoints"],"picked":"SKIP","floor":25},{"not_picked":["InnerPeace","FlyingSleeves"],"picked":"Nirvana","floor":27},{"not_picked":["SpiritShield","Protect"],"picked":"FlurryOfBlows","floor":29},{"not_picked":["WheelKick","ThirdEye+1"],"picked":"Wallop+1","floor":30},{"not_picked":["Worship","SashWhip","Consecrate"],"picked":"SKIP","floor":31},{"not_picked":["Establishment","Devotion"],"picked":"LessonLearned","floor":33},{"not_picked":["Prostrate","Consecrate"],"picked":"JustLucky+1","floor":35},{"not_picked":["JustLucky","FollowUp"],"picked":"Weave","floor":36},{"not_picked":["Judgement","FollowUp"],"picked":"Meditate+1","floor":37},{"not_picked":["Fasting2","SashWhip"],"picked":"Protect","floor":39},{"not_picked":["CrushJoints","CutThroughFate+1"],"picked":"TalkToTheHand","floor":40},{"not_picked":["Crescendo","JustLucky"],"picked":"ThirdEye","floor":41},{"not_picked":["Judgement","Scrawl"],"picked":"TalkToTheHand","floor":47},{"not_picked":["CarveReality+1","Study"],"picked":"ThirdEye","floor":47},{"not_picked":["CrushJoints+1","Evaluate"],"picked":"ThirdEye","floor":47},{"not_picked":["JustLucky+1","ThirdEye","BowlingBash"],"picked":"SKIP","floor":48},{"not_picked":["ForeignInfluence+1","InnerPeace"],"picked":"CutThroughFate","floor":54}],"player_experience":1776583,"relics_obtained":[{"floor":6,"key":"Lantern"},{"floor":9,"key":"Orichalcum"},{"floor":10,"key":"Kunai"},{"floor":21,"key":"Necronomicon"},{"floor":23,"key":"White Beast Statue"},{"floor":25,"key":"Meat on the Bone"},{"floor":29,"key":"Bottled Tornado"},{"floor":31,"key":"StrikeDummy"},{"floor":40,"key":"MealTicket"},{"floor":40,"key":"Lizard Tail"},{"floor":43,"key":"Bronze Scales"},{"floor":44,"key":"Old Coin"},{"floor":48,"key":"Ornamental Fan"},{"floor":48,"key":"Eternal Feather"},{"floor":54,"key":"Nunchaku"},{"floor":54,"key":"Centennial Puzzle"}],"event_choices":[{"damage_healed":0,"gold_gain":0,"player_choice":"Success","damage_taken":3,"relics_obtained":["Blood Vial"],"max_hp_gain":0,"max_hp_loss":0,"event_name":"Scrap Ooze","floor":7,"gold_loss":0},{"damage_healed":0,"gold_gain":0,"player_choice":"Opened","damage_taken":0,"relics_obtained":["HornCleat"],"max_hp_gain":0,"max_hp_loss":0,"event_name":"The Mausoleum","floor":19,"gold_loss":0},{"damage_healed":0,"gold_gain":0,"player_choice":"Became a Ghost","damage_taken":0,"max_hp_gain":0,"max_hp_loss":39,"event_name":"Ghosts","floor":20,"gold_loss":0,"cards_obtained":["Ghostly","Ghostly","Ghostly","Ghostly","Ghostly"]},{"damage_healed":0,"gold_gain":0,"player_choice":"Obtained Book","damage_taken":16,"max_hp_gain":0,"max_hp_loss":0,"event_name":"Cursed Tome","floor":21,"gold_loss":0},{"damage_healed":0,"gold_gain":0,"player_choice":"Inject Mutagens","damage_taken":0,"relics_obtained":["MutagenicStrength"],"max_hp_gain":0,"max_hp_loss":0,"event_name":"Drug Dealer","floor":24,"gold_loss":0},{"damage_healed":0,"gold_gain":0,"player_choice":"Max HP","damage_taken":0,"max_hp_gain":0,"max_hp_loss":2,"event_name":"Winding Halls","floor":38,"gold_loss":0},{"damage_healed":0,"gold_gain":0,"player_choice":"Fight","damage_taken":0,"max_hp_gain":0,"max_hp_loss":0,"event_name":"Mysterious Sphere","floor":44,"gold_loss":0}],"is_beta":false,"boss_relics":[{"not_picked":["Calling Bell","Snecko Eye"],"picked":"Pandora\u0027s Box"},{"not_picked":["SacredBark","Astrolabe"],"picked":"Black Star"}],"items_purged_floors":[5,47],"is_endless":false,"potions_floor_spawned":[3,6,10,14,16,18,25,27,29,30,31,33,35,36,37,39,40,41,44,48,54],"ascension_level":14}}