{"host":"fjxvvz27jn1pmjgm","time":1612739679,"event":{"mods":["Act Like it!","Astrologer","BaseMod","Beaked The Cultist","Bestiary","BetterRewards","Downfall","Friendly Minions","GifTheSpireLib","Glutton Mod","GungeonMod","Marisa????????","Minty Spire (QoL Compilation)","Railgun Mod","Robot Space Explorer","SIMod","Shade Mod","Shop Mod","Somnambulant","StSLib","The Alterego","The Animator","The Bladedancer","The Disciple","The Dragon Tamer","The Elementalist","The Hayseed","The Hierophant","The Judge","The Mystic","The Problem Sleuth","The Runesmith","The Showman","The Spell Scribe","TheBandit","TheFirefly","TheSwordswoman","thorton"],"gold_per_floor":[19,40,40,0,30,70,70,70,95,134,66,104,27,70,71,205,209,278,327,370,427,435,511,545,555,566,644,296,301,356,440,448,627,639,712,626,752,805,901,919,1046,1187,1210,1373,1400,1565,1596,1727,1761,1899,1936,1974,1440,1621,1565],"floor_reached":56,"language":"ENG","playtime":4771,"items_purged":["Normality","Writhe"],"score":2376,"play_id":"5457150a-e819-4c20-9b79-3bf1ce89a98b","local_time":"20210207171438","is_ascension_mode":false,"campfire_choices":[{"data":"Apotheosis","floor":8.0,"key":"SMITH"},{"data":"thethorton:CreditCard","floor":15.0,"key":"SMITH"},{"floor":25.0,"key":"REST"},{"data":"thethorton:TemporalBlast","floor":29.0,"key":"SMITH"},{"data":"thethorton:CreditCard+1","floor":32.0,"key":"SMITH"},{"data":"thethorton:CreditCard+2","floor":40.0,"key":"SMITH"},{"floor":49,"key":"RECALL"},{"data":"thethorton:ScalingIsWin","floor":52,"key":"SMITH"}],"circlet_count":0,"master_deck":["thethorton:Strike","thethorton:Strike","thethorton:Strike+1","thethorton:Defend","thethorton:Defend","thethorton:Defend","thethorton:Defend","thethorton:Heckle","thethorton:CreditCard+3","thethorton:Octopus","thethorton:CashBash","thethorton:LongTermPayoff","thethorton:ScalingIsWin+1","Apotheosis+1","thethorton:TakeAccounts","thethorton:DockPay","thethorton:LongTermPayoff","thethorton:CashBash","thethorton:FearfulRun","thethorton:PowerUp","thethorton:EquivalentExchange","thethorton:TemporalBlast+1","thethorton:CannonShot+1","thethorton:PocketChange","thethorton:DualBap","thethorton:CoffeeBlast+1","thethorton:LongDaysWork+1","thethorton:SummonProfit","thethorton:WhirlingBriefcase+1","thethorton:PocketChange","Flash of Steel","thethorton:CoinShield+1","thethorton:PocketChange","thethorton:Hexaghostify","thethorton:MomentaryBreak","thethorton:WhirlingBriefcase","thethorton:CannonShot","thethorton:CoinShield+1","thethorton:GoldBuffer","thethorton:Fatigue","blademaster:WrongfulFootwork","thethorton:BusinessBoom+1","thethorton:MomentaryBreak","Purity","thethorton:GemGun","thethorton:CallIn","thethorton:PowerUp","thethorton:GoldBuffer+1","thethorton:SheetShred+1","thethorton:GoldBuffer","thethorton:DoubleRun","thethorton:PocketChange+1","thethorton:PocketChange"],"relics":["thethorton:CouragePotion","thethorton:Resume","thethorton:BusinessCardPrinter","Tiny Chest","Happy Flower","Regal Pillow","thethorton:BankDeed","Gremlin Horn","SlaversCollar","Dream Catcher","Question Card","Nunchaku","Bag of Preparation","Ornamental Fan","Blood Vial","TungstenRod","PreservedInsect","Mercury Hourglass","Cursed Key","Darkstone Periapt","thethorton:StoneOfSprinting","CatCart","Gambling Chip","Art of War","Runesmith:AutoHammer","Prayer Wheel","Vajra","Orrery","Runesmith:Nanobots","Kunai","Pocketwatch"],"acts_visited":["Exordium","TheCity","TheBeyond","TheEnding"],"potions_floor_usage":[48,48,55,55,55],"damage_taken":[{"damage":17.0,"enemies":"Cultist","floor":1.0,"turns":6.0},{"damage":4.0,"enemies":"2 Louse","floor":2.0,"turns":3.0},{"damage":3.0,"enemies":"Small Slimes","floor":5.0,"turns":5.0},{"damage":5.0,"enemies":"Gremlin Nob","floor":6.0,"turns":4.0},{"damage":1.0,"enemies":"Exordium Wildlife","floor":10.0,"turns":4.0},{"damage":0.0,"enemies":"3 Sentries","floor":11.0,"turns":1.0},{"damage":3.0,"enemies":"Looter","floor":12.0,"turns":2.0},{"damage":4.0,"enemies":"2 Fungi Beasts","floor":14.0,"turns":4.0},{"damage":8.0,"enemies":"Hexaghost","floor":16.0,"turns":10.0},{"damage":21.0,"enemies":"Spheric Guardian","floor":18.0,"turns":8.0},{"damage":33.0,"enemies":"Chosen","floor":19.0,"turns":8.0},{"damage":19.0,"enemies":"Snecko","floor":20.0,"turns":7.0},{"damage":43.0,"enemies":"Snake Plant","floor":21.0,"turns":6.0},{"damage":21.0,"enemies":"Book of Stabbing","floor":23.0,"turns":6.0},{"damage":23.0,"enemies":"Gremlin Leader","floor":27.0,"turns":5.0},{"damage":16.0,"enemies":"Book of Stabbing","floor":30.0,"turns":5.0},{"damage":0.0,"enemies":"Shelled Parasite and Fungi","floor":31.0,"turns":4.0},{"damage":14.0,"enemies":"Collector","floor":33.0,"turns":8.0},{"damage":4.0,"enemies":"Orb Walker","floor":35.0,"turns":3.0},{"damage":9.0,"enemies":"Orin","floor":37.0,"turns":6.0},{"damage":31.0,"enemies":"3 Shapes","floor":38.0,"turns":4.0},{"damage":0.0,"enemies":"Maw","floor":39.0,"turns":8.0},{"damage":13,"enemies":"Writhing Mass","floor":41,"turns":9},{"damage":6,"enemies":"Transient","floor":42,"turns":5},{"damage":10,"enemies":"Sphere and 2 Shapes","floor":44,"turns":6},{"damage":19,"enemies":"Nemesis","floor":46,"turns":7},{"damage":39,"enemies":"4 Shapes","floor":48,"turns":6},{"damage":60,"enemies":"Time Eater","floor":50,"turns":10},{"damage":35,"enemies":"Shield and Spear","floor":54,"turns":6},{"damage":39,"enemies":"The Heart","floor":55,"turns":9}],"seed_played":"291890953889213319","potions_obtained":[{"floor":1.0,"key":"Explosive Potion"},{"floor":5.0,"key":"Block Potion"},{"floor":6.0,"key":"Ancient Potion"},{"floor":7.0,"key":"AttackPotion"},{"floor":7.0,"key":"GamblersBrew"},{"floor":7.0,"key":"Block Potion"},{"floor":11.0,"key":"LiquidMemories"},{"floor":20.0,"key":"Regen Potion"},{"floor":21.0,"key":"EssenceOfSteel"},{"floor":30.0,"key":"Swift Potion"},{"floor":33.0,"key":"Dexterity Potion"},{"floor":37.0,"key":"Explosive Potion"},{"floor":41,"key":"Energy Potion"}],"is_trial":false,"path_per_floor":["M","M","?","$","M","E","?","R","T","M","E","M","$","M","R","B",null,"M","M","M","M","?","E","T","R","T","E","$","R","E","M","R","B",null,"M","$","?","M","M","R","M","M","T","M","?","E","?","M","R","B",null,"R","$","E","B",null],"character_chosen":"THE_THORT","items_purchased":["thethorton:Resume","thethorton:BusinessCardPrinter","Apotheosis","thethorton:PowerUp","thethorton:BankDeed","PreservedInsect","thethorton:PocketChange","Flash of Steel","thethorton:StoneOfSprinting","thethorton:PowerUp","Orrery","Runesmith:Nanobots","Dexterity Potion","SkillPotion"],"campfire_rested":1,"item_purchase_floors":[4,4,4,13,13,28,28,28,36,53,53,53,53,53],"current_hp_per_floor":[51,47,47,47,44,39,39,39,39,38,38,35,35,31,31,23,68,47,14,49,18,18,47,47,68,68,45,45,45,31,68,68,54,68,64,64,59,33,43,43,36,36,42,42,42,29,29,2,2,22,74,74,74,43,14],"gold":1596,"neow_bonus":"THREE_RARE_CARDS","is_daily":false,"chose_seed":false,"campfire_upgraded":6,"win_rate":0.0,"timestamp":1612739678,"path_taken":["M","M","?","$","?","E","?","R","T","?","E","M","$","M","R","BOSS","M","M","M","M","?","E","?","R","T","E","$","R","E","M","R","BOSS","M","$","?","M","M","R","M","M","T","M","?","E","?","M","R","BOSS","R","$","E","BOSS"],"items_purchased_type":["Relic","Relic","Card","Card","Relic","Relic","Card","Card","Relic","Card","Relic","Relic","Potion","Potion"],"build_version":"2020-12-22","purchased_purges":2,"victory":true,"max_hp_per_floor":[68,68,68,68,68,68,68,68,68,68,68,68,68,68,68,68,68,68,68,68,68,68,68,68,68,68,68,68,68,68,68,68,68,68,68,68,68,68,68,68,68,68,74,74,74,74,74,74,74,74,74,74,74,74,74],"card_choices":[{"not_picked":["thethorton:ScalingIsWin","thethorton:Portfolio"],"picked":"thethorton:Octopus","floor":0.0},{"not_picked":["thethorton:LastDitchEffort","thethorton:BookBash"],"picked":"thethorton:CashBash","floor":1.0},{"not_picked":["thethorton:RunningKick","thethorton:WhirlingBriefcase"],"picked":"thethorton:LongTermPayoff","floor":2.0},{"not_picked":["thethorton:StumblingSlap","thethorton:RunningKick"],"picked":"thethorton:TakeAccounts","floor":5.0},{"not_picked":["thethorton:TakeAccounts","thethorton:Hindsight"],"picked":"thethorton:DockPay","floor":6.0},{"not_picked":["thethorton:FearfulRun","thethorton:Escape"],"picked":"thethorton:LongTermPayoff","floor":10.0},{"not_picked":["thethorton:DownPayment","thethorton:RunningFeint"],"picked":"thethorton:CashBash","floor":11.0},{"not_picked":["thethorton:OddChange","thethorton:TakeAccounts"],"picked":"thethorton:FearfulRun","floor":12.0},{"not_picked":["thethorton:CannonShot","thethorton:RunningFeint"],"picked":"thethorton:EquivalentExchange","floor":14.0},{"not_picked":["thethorton:DodgeAndRollAndRun","thethorton:Octopus"],"picked":"thethorton:TemporalBlast","floor":16.0},{"not_picked":["thethorton:ShoutAndRun","thethorton:FearfulRun"],"picked":"thethorton:CannonShot+1","floor":18.0},{"not_picked":["thethorton:HitAhead","thethorton:LongTermPayoff"],"picked":"thethorton:PocketChange","floor":19.0},{"not_picked":["thethorton:DesperateRun","thethorton:RunningFeint"],"picked":"thethorton:DualBap","floor":20.0},{"not_picked":["thethorton:Hindsight+1","thethorton:ElbowSmash"],"picked":"thethorton:CoffeeBlast+1","floor":21.0},{"not_picked":["thethorton:BookBash","thethorton:LastDitchEffort","thethorton:DualBap+1"],"picked":"thethorton:LongDaysWork+1","floor":23.0},{"not_picked":["thethorton:TakeAccounts","thethorton:BoardroomBlast","thethorton:Hindsight"],"picked":"thethorton:SummonProfit","floor":25.0},{"not_picked":["thethorton:DualBap+1","thethorton:Distance","thethorton:RunningKick"],"picked":"thethorton:WhirlingBriefcase+1","floor":27.0},{"not_picked":["thethorton:HitAhead","thethorton:CoinClash+1","thethorton:FeelNoBrain"],"picked":"thethorton:CoinShield+1","floor":30.0},{"not_picked":["thethorton:ShoutAndRun","thethorton:HedgeFund+1","thethorton:BookBash"],"picked":"thethorton:PocketChange","floor":31.0},{"not_picked":["thethorton:CrashingStocks","thethorton:Escape","thethorton:PennyToss"],"picked":"thethorton:Hexaghostify","floor":33.0},{"not_picked":["thethorton:GemGun","thethorton:StumblingSlap+1","thethorton:BookBash+1"],"picked":"thethorton:MomentaryBreak","floor":35.0},{"not_picked":["thethorton:ElbowSmash+1","thethorton:FearfulRun","thethorton:StumblingSlap"],"picked":"thethorton:WhirlingBriefcase","floor":37.0},{"not_picked":["thethorton:WhirlingBriefcase+1","thethorton:LongTermPayoff+1","thethorton:FearfulRun"],"picked":"thethorton:CannonShot","floor":38.0},{"not_picked":["thethorton:SicklyRun+1","thethorton:AngerMoment+1","thethorton:CoinClash"],"picked":"thethorton:CoinShield+1","floor":39.0},{"not_picked":["thethorton:BookBash+1","thethorton:RunningKick","thethorton:DualBap+1"],"picked":"thethorton:GoldBuffer","floor":41},{"not_picked":["thethorton:ChartProject+1","thethorton:FearfulRun+1","thethorton:RunningKick+1"],"picked":"thethorton:Fatigue","floor":42},{"not_picked":["thethorton:CoffeeBlast","thethorton:FearfulRun+1","thethorton:SnowDay+1"],"picked":"thethorton:BusinessBoom+1","floor":44},{"not_picked":["thethorton:LongTermPayoff+1","thethorton:DockPay","thethorton:PowerUp+1"],"picked":"thethorton:MomentaryBreak","floor":46},{"not_picked":["Enlightenment","The Bomb","DemoMod:Spice"],"picked":"Purity","floor":47},{"not_picked":["thethorton:AngerMoment+1","thethorton:StampSmack","thethorton:Hindsight+1"],"picked":"thethorton:GemGun","floor":48},{"not_picked":["thethorton:TakeAccounts+1","thethorton:Distance+1","thethorton:CoinClash+1"],"picked":"thethorton:CallIn","floor":48},{"not_picked":["thethorton:DualBap+1","thethorton:CoinClash","thethorton:Hexaghostify"],"picked":"thethorton:GoldBuffer+1","floor":53},{"not_picked":["thethorton:BusinessCard","thethorton:TakeAccounts","thethorton:FearfulRun+1"],"picked":"thethorton:SheetShred+1","floor":53},{"not_picked":["thethorton:DesperateRun","thethorton:WhirlingBriefcase","thethorton:StumblingSlap+1"],"picked":"thethorton:GoldBuffer","floor":53},{"not_picked":["thethorton:LongDaysWork","thethorton:PocketChange","thethorton:Fatigue"],"picked":"thethorton:DoubleRun","floor":53},{"not_picked":["thethorton:Octopus","thethorton:ROI","thethorton:RunningKick"],"picked":"thethorton:PocketChange+1","floor":53},{"not_picked":["thethorton:CoffeeBlast","thethorton:TakeAccounts","thethorton:ThickSkin+1"],"picked":"thethorton:PocketChange","floor":54}],"player_experience":445364,"relics_obtained":[{"floor":6.0,"key":"Tiny Chest"},{"floor":9.0,"key":"Happy Flower"},{"floor":11.0,"key":"Regal Pillow"},{"floor":23.0,"key":"Nunchaku"},{"floor":24.0,"key":"Bag of Preparation"},{"floor":26.0,"key":"Ornamental Fan"},{"floor":27.0,"key":"TungstenRod"},{"floor":30.0,"key":"Mercury Hourglass"},{"floor":37.0,"key":"CatCart"},{"floor":46,"key":"Prayer Wheel"},{"floor":54,"key":"Pocketwatch"}],"event_choices":[{"damage_healed":0.0,"max_hp_gain":0.0,"max_hp_loss":0.0,"gold_gain":0.0,"cards_transformed":["thethorton:Strike"],"event_name":"Transmorgrifier","player_choice":"Transformed","floor":3.0,"gold_loss":0.0,"damage_taken":0.0,"cards_obtained":["thethorton:ScalingIsWin"]},{"damage_healed":0.0,"max_hp_gain":0.0,"max_hp_loss":0.0,"gold_gain":0.0,"event_name":"Lab","player_choice":"Got Potions","floor":7.0,"gold_loss":0.0,"damage_taken":0.0},{"damage_healed":0.0,"max_hp_gain":0.0,"max_hp_loss":0.0,"gold_gain":0.0,"event_name":"The Mausoleum","player_choice":"Opened","floor":22.0,"gold_loss":0.0,"damage_taken":0.0,"relics_obtained":["Question Card"],"cards_obtained":["Writhe"]},{"damage_healed":0.0,"max_hp_gain":0.0,"max_hp_loss":0.0,"gold_gain":0.0,"event_name":"OrinTheCat","player_choice":"Fight","floor":37.0,"gold_loss":0.0,"damage_taken":0.0},{"damage_healed":0,"gold_gain":0,"player_choice":"Memory 1","damage_taken":0,"max_hp_gain":0,"max_hp_loss":0,"event_name":"SensoryStone","floor":47,"gold_loss":0}],"is_beta":false,"boss_relics":[{"not_picked":["Velvet Choker","Ectoplasm"],"picked":"SlaversCollar"},{"not_picked":["bronze:MakeshiftBattery","Runic Pyramid"],"picked":"Cursed Key"}],"items_purged_floors":[28,36],"is_endless":false,"potions_floor_spawned":[1,5,6,11,20,21,30,33,37,41,42],"ascension_level":0}}