{"host":"s41rn2jhghpwfrvz","time":1612670235,"event":{"mods":["BaseMod","Minty Spire (QoL Compilation)","Quick Restart","Relic Stats","SuperFastMode"],"gold_per_floor":[110,127,127,107,119,147,147,173,173,173,189,221,239,266,266,339,339,349,274,289,289,302,329,329,363,412,440,440,365,376,393,393,469,469,479,479,479,496,396,396,413,438,438,438,463,497,497,522,522,522,522,522,522,46,80,80],"floor_reached":57,"language":"ENG","playtime":1955,"items_purged":["Twin Strike+1","Prepared+1"],"score":3687,"play_id":"e76cca6e-9933-4693-9744-739f9afebb4e","local_time":"20210207055715","daily_mods":["SealedDeck","Diverse","DeadlyEvents"],"is_ascension_mode":true,"campfire_choices":[{"data":"Rage","floor":7,"key":"SMITH"},{"data":"Blade Dance","floor":10,"key":"SMITH"},{"data":"Prostrate","floor":15,"key":"SMITH"},{"floor":24,"key":"RECALL"},{"data":"Skim","floor":28,"key":"SMITH"},{"data":"Escape Plan","floor":32,"key":"SMITH"}],"circlet_count":0,"master_deck":["AscendersBane","Heatsinks+1","Escape Plan+1","Quick Slash+1","Acrobatics+1","Skim+1","Rage+1","Quick Slash+1","Backflip+1","Blade Dance+1","LessonLearned+1","Prostrate+1","Adrenaline+1","Madness+1","Madness+1","Body Slam+1","Offering+1"],"relics":["Burning Blood","Question Card","Bottled Tornado","Gremlin Horn","Vajra","Oddly Smooth Stone","Coffee Dripper","Ice Cream","Pear","Lantern","Ornamental Fan","Fusion Hammer","Strawberry","Orichalcum","Bag of Marbles","Eternal Feather","Calipers","TheAbacus","Pantograph"],"acts_visited":["Exordium","TheCity","TheBeyond","TheEnding"],"potions_floor_usage":[6,8,12,56,56],"damage_taken":[{"damage":3,"enemies":"Jaw Worm","floor":1,"turns":3},{"damage":3,"enemies":"2 Louse","floor":2,"turns":3},{"damage":0,"enemies":"Cultist","floor":5,"turns":3},{"damage":0,"enemies":"3 Sentries","floor":6,"turns":9},{"damage":17,"enemies":"Lagavulin","floor":8,"turns":7},{"damage":0,"enemies":"Lots of Slimes","floor":11,"turns":3},{"damage":37,"enemies":"Gremlin Nob","floor":12,"turns":4},{"damage":0,"enemies":"2 Fungi Beasts","floor":13,"turns":3},{"damage":9,"enemies":"3 Sentries","floor":14,"turns":7},{"damage":0,"enemies":"Hexaghost","floor":16,"turns":6},{"damage":2,"enemies":"2 Thieves","floor":18,"turns":4},{"damage":0,"enemies":"Spheric Guardian","floor":20,"turns":4},{"damage":0,"enemies":"Centurion and Healer","floor":22,"turns":4},{"damage":9,"enemies":"Gremlin Leader","floor":23,"turns":4},{"damage":16,"enemies":"Slavers","floor":25,"turns":3},{"damage":0,"enemies":"Gremlin Leader","floor":27,"turns":2},{"damage":0,"enemies":"Cultist and Chosen","floor":30,"turns":4},{"damage":0,"enemies":"3 Cultists","floor":31,"turns":2},{"damage":0,"enemies":"Champ","floor":33,"turns":4},{"damage":0,"enemies":"Orb Walker","floor":35,"turns":1},{"damage":0,"enemies":"3 Shapes","floor":38,"turns":1},{"damage":0,"enemies":"Spire Growth","floor":41,"turns":1},{"damage":0,"enemies":"Giant Head","floor":42,"turns":1},{"damage":0,"enemies":"Reptomancer","floor":45,"turns":1},{"damage":8,"enemies":"Giant Head","floor":46,"turns":2},{"damage":0,"enemies":"Nemesis","floor":48,"turns":4},{"damage":6,"enemies":"Donu and Deca","floor":50,"turns":1},{"damage":6,"enemies":"Awakened One","floor":51,"turns":2},{"damage":6,"enemies":"Shield and Spear","floor":55,"turns":1},{"damage":6,"enemies":"The Heart","floor":56,"turns":5}],"seed_played":"8967630929503522626","potions_obtained":[{"floor":1,"key":"PowerPotion"},{"floor":2,"key":"DuplicationPotion"},{"floor":8,"key":"DuplicationPotion"},{"floor":11,"key":"SneckoOil"},{"floor":18,"key":"FearPotion"},{"floor":23,"key":"Block Potion"}],"is_trial":true,"path_per_floor":["M","M","?","?","M","E","R","E","T","R","M","E","M","E","R","B",null,"M","$","M","?","M","E","R","E","T","E","R","?","M","M","R","B",null,"M","?","?","M","$","R","M","E","T","R","E","E","T","E","R","B","B",null,"R","$","E","B",null],"character_chosen":"IRONCLAD","items_purchased":["Calipers","TheAbacus"],"campfire_rested":0,"item_purchase_floors":[54,54],"current_hp_per_floor":[71,74,74,74,75,75,75,64,64,64,70,39,45,42,42,48,68,72,72,75,54,60,57,57,57,57,63,63,63,69,75,75,81,88,90,74,74,80,80,80,86,97,97,97,97,95,95,97,97,97,97,97,97,97,97,97],"gold":80,"neow_bonus":"","is_daily":false,"chose_seed":false,"campfire_upgraded":5,"win_rate":0.0,"timestamp":1612670235,"path_taken":["M","M","?","?","?","E","R","?","T","R","M","E","M","E","R","BOSS","M","$","M","?","M","E","R","E","T","E","R","?","M","?","R","BOSS","M","?","?","M","$","R","?","E","T","R","?","E","?","?","R","BOSS","BOSS","R","$","E","BOSS"],"items_purchased_type":["Relic","Relic"],"build_version":"2020-12-22","purchased_purges":2,"victory":true,"max_hp_per_floor":[75,75,75,75,75,75,75,75,75,75,75,75,75,75,75,75,75,75,75,75,80,80,80,80,90,90,90,90,90,90,90,90,90,90,90,90,90,90,90,90,90,97,97,97,97,97,97,97,97,97,97,97,97,97,97,97],"relic_stats":{"TheAbacus":[102],"Gremlin Horn":[28,28],"counters":[30,99],"Ornamental Fan":[276],"Pantograph":0,"Eternal Feather":0,"Orichalcum":[0],"Question Card":23,"obtain_stats":[{"Ice Cream":23,"Lantern":26,"Pear":25,"Calipers":54,"Gremlin Horn":9,"Vajra":12,"Oddly Smooth Stone":14,"Eternal Feather":47,"Bottled Tornado":8,"Orichalcum":45,"Question Card":6,"Burning Blood":0,"TheAbacus":54,"Ornamental Fan":27,"Strawberry":42,"Pantograph":55,"Fusion Hammer":34,"Coffee Dripper":17,"Bag of Marbles":46},{"Ice Cream":14,"Lantern":15,"Pear":15,"Calipers":28,"Gremlin Horn":5,"Vajra":7,"Oddly Smooth Stone":9,"Eternal Feather":25,"Bottled Tornado":5,"Orichalcum":24,"Question Card":4,"Burning Blood":0,"TheAbacus":28,"Ornamental Fan":16,"Strawberry":23,"Pantograph":29,"Fusion Hammer":19,"Coffee Dripper":10,"Bag of Marbles":25},{"Ice Cream":64,"Lantern":67,"Pear":67,"Calipers":93,"Gremlin Horn":25,"Vajra":32,"Oddly Smooth Stone":42,"Eternal Feather":86,"Bottled Tornado":25,"Orichalcum":84,"Question Card":18,"Burning Blood":0,"TheAbacus":93,"Ornamental Fan":69,"Strawberry":83,"Pantograph":94,"Fusion Hammer":79,"Coffee Dripper":48,"Bag of Marbles":86}],"Burning Blood":150},"card_choices":[{"not_picked":["Blizzard","CutThroughFate"],"picked":"Quick Slash","floor":1},{"not_picked":["Heel Hook","Dagger Spray"],"picked":"Backflip","floor":2},{"not_picked":["Hyperbeam","Backflip"],"picked":"Blade Dance","floor":5},{"not_picked":["Wallop","Rip and Tear","Cleave"],"picked":"SKIP","floor":6},{"not_picked":["Infernal Blade","Inflame","Vengeance","Hemokinesis"],"picked":"SKIP","floor":8},{"not_picked":["Cleave","Flying Knee","Blade Dance","Intimidate"],"picked":"SKIP","floor":11},{"not_picked":["Reaper","FollowUp","Vengeance","Slice"],"picked":"SKIP","floor":12},{"not_picked":["PathToVictory","White Noise","Burning Pact"],"picked":"Prostrate","floor":13},{"not_picked":["Crescendo","Amplify","Redo"],"picked":"LessonLearned","floor":14},{"not_picked":["Fire Breathing","CrushJoints","FlyingSleeves","Predator"],"picked":"SKIP","floor":18},{"not_picked":["Pummel","Evaluate","Tantrum","Predator"],"picked":"SKIP","floor":20},{"not_picked":["Ghostly Armor","Evaluate","Stack","Pommel Strike"],"picked":"SKIP","floor":22},{"not_picked":["Demon Form","Steam Power+1","Dash"],"picked":"Prostrate+1","floor":23},{"not_picked":["Meditate","Flying Knee","Cloak And Dagger","Amplify"],"picked":"SKIP","floor":25},{"not_picked":["Pommel Strike","Reprogram","Carnage","PathToVictory"],"picked":"SKIP","floor":27},{"not_picked":["Pummel","Blade Dance","Hemokinesis","Sucker Punch"],"picked":"SKIP","floor":30},{"not_picked":["Poisoned Stab","Go for the Eyes","Acrobatics","Reprogram"],"picked":"SKIP","floor":31},{"not_picked":["Biased Cognition","Fission","Double Tap"],"picked":"Adrenaline","floor":33},{"not_picked":["Deadly Poison","Twin Strike","Dash+1","ClearTheMind"],"picked":"SKIP","floor":35},{"not_picked":["Anger","Halt","Whirlwind+1","Loop"],"picked":"SKIP","floor":38},{"not_picked":["Establishment","Distraction+1","Streamline","BowlingBash"],"picked":"SKIP","floor":41},{"not_picked":["Alpha","Shockwave","Setup","Self Repair"],"picked":"SKIP","floor":42},{"not_picked":["Prepared+1","Twin Strike","Clash+1"],"picked":"Body Slam+1","floor":45},{"not_picked":["Ball Lightning","Protect","Adaptation+1","Dagger Spray"],"picked":"SKIP","floor":46},{"not_picked":["Hologram+1","Study","Underhanded Strike"],"picked":"Offering","floor":48},{"not_picked":["Cleave","Poisoned Stab","Chaos","Night Terror"],"picked":"SKIP","floor":55}],"player_experience":1884448,"relics_obtained":[{"floor":6,"key":"Question Card"},{"floor":8,"key":"Bottled Tornado"},{"floor":9,"key":"Gremlin Horn"},{"floor":12,"key":"Vajra"},{"floor":14,"key":"Oddly Smooth Stone"},{"floor":23,"key":"Ice Cream"},{"floor":25,"key":"Pear"},{"floor":26,"key":"Lantern"},{"floor":27,"key":"Ornamental Fan"},{"floor":42,"key":"Strawberry"},{"floor":45,"key":"Orichalcum"},{"floor":46,"key":"Bag of Marbles"},{"floor":47,"key":"Eternal Feather"},{"floor":55,"key":"Pantograph"}],"event_choices":[{"cards_removed":["ClearTheMind"],"damage_healed":0,"gold_gain":0,"player_choice":"Forget","damage_taken":0,"max_hp_gain":0,"max_hp_loss":0,"event_name":"Living Wall","floor":3,"gold_loss":0},{"damage_healed":0,"gold_gain":0,"player_choice":"Bought 1 Potion","damage_taken":0,"max_hp_gain":0,"max_hp_loss":0,"event_name":"The Woman in Blue","floor":4,"gold_loss":0},{"damage_healed":0,"gold_gain":0,"player_choice":"Shed Blood","damage_taken":26,"max_hp_gain":5,"max_hp_loss":0,"event_name":"Forgotten Altar","floor":21,"gold_loss":0},{"cards_removed":["Dagger Throw"],"damage_healed":0,"gold_gain":0,"player_choice":"Gave Gold","damage_taken":0,"max_hp_gain":0,"max_hp_loss":0,"event_name":"Beggar","floor":29,"gold_loss":75},{"damage_healed":0,"gold_gain":0,"player_choice":"Embrace Madness","damage_taken":16,"max_hp_gain":0,"max_hp_loss":0,"event_name":"Winding Halls","floor":36,"gold_loss":0,"cards_obtained":["Madness","Madness"]},{"cards_removed":["Prostrate"],"damage_healed":0,"gold_gain":0,"player_choice":"Removed Skill","damage_taken":0,"max_hp_gain":0,"max_hp_loss":0,"event_name":"Falling","floor":37,"gold_loss":0}],"is_beta":false,"boss_relics":[{"not_picked":["Black Blood","SacredBark"],"picked":"Coffee Dripper"},{"not_picked":["Runic Cube","Velvet Choker"],"picked":"Fusion Hammer"}],"items_purged_floors":[19,39],"is_endless":false,"potions_floor_spawned":[1,2,8,11,18,20,23,33,38,41,42,45],"ascension_level":20}}