{"host":"ml2ro5l6hu6y0pll","time":1612732751,"event":{"mods":["AchievementEnabler","BaseMod","Colored Map","Colored Powertips","Custom Start","Downfall","Googly Eyes","Minty Spire (QoL Compilation)","Quick Restart","Rare Cards Sparkle","Relic Stats","StSLib","everything is the same but u backflip on backflip"],"gold_per_floor":[110,35,46,58,17,17,30,59,59,59,94,94,120,130,130,202,202,215,215,231,231,231,231,249,279,279,279,114,114,127,158,158,232,232,250,268,225,275,300,300,320,346,346,379,379,407,407,426,426,426,426,426,426,209,237,237],"floor_reached":57,"language":"ENG","playtime":4183,"items_purged":["Parasite"],"score":2842,"play_id":"f89d408c-af87-486c-bd00-ff5753ec4a22","local_time":"20210207211911","is_ascension_mode":true,"campfire_choices":[{"data":"Genetic Algorithm","floor":6,"key":"SMITH"},{"data":"Capacitor","floor":10,"key":"SMITH"},{"data":"Genetic Algorithm","floor":15,"key":"SMITH"},{"data":"Loop","floor":23,"key":"SMITH"},{"data":"Barrage","floor":27,"key":"SMITH"},{"data":"White Noise","floor":29,"key":"SMITH"},{"data":"Sweeping Beam","floor":32,"key":"SMITH"},{"data":"Defragment","floor":40,"key":"SMITH"},{"floor":45,"key":"RECALL"},{"data":"Capacitor","floor":49,"key":"SMITH"},{"data":"Reinforced Body","floor":53,"key":"SMITH"}],"circlet_count":0,"master_deck":["Capacitor+1","Self Repair","FTL","Coolheaded","Conserve Battery","Defend_B","Defend_B","Coolheaded","Conserve Battery","Barrage+1","Sweeping Beam+1","Ball Lightning","Strike_B+1","Strike_B","Turbo+1","Genetic Algorithm+1","Reinforced Body+1","White Noise+1","Genetic Algorithm+1","Echo Form","Compile Driver","Loop+1","Glacier","Creative AI","Defragment+1","Capacitor+1","Consume+1","Echo Form","Finesse+1","Hologram+1","White Noise+1"],"relics":["Cracked Core","Mummified Hand","Ice Cream","ClockworkSouvenir","Cables","Ornamental Fan","Strawberry","Toy Ornithopter","Cursed Key","Pear","Bag of Preparation","Nuclear Battery","CaptainsWheel","Toxic Egg 2","Gambling Chip","Torii","Runic Capacitor","Shuriken"],"acts_visited":["Exordium","TheCity","TheBeyond","TheEnding"],"potions_floor_usage":[20,25,31,46,56],"damage_taken":[{"damage":3,"enemies":"Jaw Worm","floor":1,"turns":2},{"damage":7,"enemies":"2 Louse","floor":3,"turns":2},{"damage":0,"enemies":"Cultist","floor":4,"turns":3},{"damage":6,"enemies":"Large Slime","floor":7,"turns":4},{"damage":15,"enemies":"Gremlin Nob","floor":8,"turns":4},{"damage":10,"enemies":"3 Sentries","floor":11,"turns":6},{"damage":10,"enemies":"Gremlin Nob","floor":13,"turns":4},{"damage":0,"enemies":"Blue Slaver","floor":14,"turns":3},{"damage":25,"enemies":"Slime Boss","floor":16,"turns":11},{"damage":0,"enemies":"Spheric Guardian","floor":18,"turns":4},{"damage":3,"enemies":"3 Byrds","floor":20,"turns":4},{"damage":10,"enemies":"3 Cultists","floor":24,"turns":5},{"damage":40,"enemies":"Slavers","floor":25,"turns":6},{"damage":0,"enemies":"Snecko","floor":30,"turns":5},{"damage":1,"enemies":"Gremlin Leader","floor":31,"turns":5},{"damage":34,"enemies":"Collector","floor":33,"turns":11},{"damage":28,"enemies":"3 Darklings","floor":35,"turns":5},{"damage":11,"enemies":"3 Shapes","floor":36,"turns":13},{"damage":11,"enemies":"2 Orb Walkers","floor":38,"turns":4},{"damage":0,"enemies":"Mind Bloom Boss Battle","floor":39,"turns":5},{"damage":0,"enemies":"Jaw Worm Horde","floor":41,"turns":3},{"damage":0,"enemies":"Giant Head","floor":42,"turns":10},{"damage":0,"enemies":"Nemesis","floor":44,"turns":11},{"damage":7,"enemies":"Reptomancer","floor":46,"turns":5},{"damage":0,"enemies":"Spire Growth","floor":48,"turns":5},{"damage":60,"enemies":"Awakened One","floor":50,"turns":13},{"damage":1,"enemies":"Time Eater","floor":51,"turns":17},{"damage":1,"enemies":"Shield and Spear","floor":55,"turns":8},{"damage":17,"enemies":"The Heart","floor":56,"turns":17}],"seed_played":"-3793321032606227126","potions_obtained":[{"floor":1,"key":"SkillPotion"},{"floor":8,"key":"DistilledChaos"},{"floor":20,"key":"EssenceOfSteel"},{"floor":25,"key":"Explosive Potion"},{"floor":33,"key":"Ancient Potion"},{"floor":42,"key":"LiquidMemories"},{"floor":55,"key":"AttackPotion"}],"is_trial":true,"path_per_floor":["M","?","M","M","$","R","M","E","T","R","E","?","E","M","R","B",null,"M","?","M","?","T","R","M","E","T","R","$","R","M","E","R","B",null,"M","M","$","?","?","R","M","E","T","E","R","E","?","M","R","B","B",null,"R","$","E","B",null],"character_chosen":"DEFECT","items_purchased":["Genetic Algorithm","Glacier","Defragment","Runic Capacitor","Hologram+1"],"campfire_rested":0,"item_purchase_floors":[5,28,37,54,54],"current_hp_per_floor":[68,68,68,71,71,71,71,63,63,63,67,44,41,48,48,30,66,73,73,78,78,78,78,75,55,55,55,55,55,62,73,73,46,75,61,57,57,53,60,60,67,74,74,85,85,85,85,85,85,39,52,77,77,77,83,78],"gold":237,"neow_bonus":"","is_daily":false,"chose_seed":false,"campfire_upgraded":10,"win_rate":0.0,"timestamp":1612732751,"path_taken":["M","?","M","M","?","R","M","E","T","R","E","?","E","M","R","BOSS","M","?","M","?","?","R","?","E","T","R","$","R","M","E","R","BOSS","M","M","$","?","?","R","M","E","T","E","R","E","?","M","R","BOSS","BOSS","R","$","E","BOSS"],"items_purchased_type":["Card","Card","Card","Relic","Card"],"build_version":"2020-12-22","purchased_purges":1,"victory":true,"max_hp_per_floor":[71,71,71,71,71,71,71,71,71,71,78,78,78,78,78,78,78,78,78,78,78,78,78,78,88,88,88,85,85,85,85,85,85,85,85,85,85,85,85,85,85,85,85,85,85,85,85,85,85,85,85,85,85,85,85,85],"relic_stats":{"Torii":8,"counters":[29,194],"Mummified Hand":[291],"Ornamental Fan":[248],"Shuriken":[3],"Gambling Chip":[23],"Bag of Preparation":[28],"Cursed Key":1,"obtain_stats":[{"Ice Cream":0,"Pear":25,"Torii":46,"Bag of Preparation":31,"Runic Capacitor":54,"Cursed Key":17,"ClockworkSouvenir":0,"Cables":8,"Nuclear Battery":34,"CaptainsWheel":39,"Mummified Hand":0,"Ornamental Fan":9,"Shuriken":55,"Strawberry":11,"Gambling Chip":44,"Toxic Egg 2":42,"Cracked Core":0,"Toy Ornithopter":13},{"Ice Cream":0,"Pear":13,"Torii":24,"Bag of Preparation":15,"Runic Capacitor":27,"Cursed Key":9,"ClockworkSouvenir":0,"Cables":5,"Nuclear Battery":16,"CaptainsWheel":20,"Mummified Hand":0,"Ornamental Fan":5,"Shuriken":28,"Strawberry":6,"Gambling Chip":23,"Toxic Egg 2":22,"Cracked Core":0,"Toy Ornithopter":7},{"Ice Cream":0,"Pear":58,"Torii":134,"Bag of Preparation":68,"Runic Capacitor":169,"Cursed Key":39,"ClockworkSouvenir":0,"Cables":15,"Nuclear Battery":79,"CaptainsWheel":105,"Mummified Hand":0,"Ornamental Fan":15,"Shuriken":177,"Strawberry":21,"Gambling Chip":129,"Toxic Egg 2":118,"Cracked Core":0,"Toy Ornithopter":25}],"Toy Ornithopter":23,"Cables":[169,80,65,0,24]},"card_choices":[{"not_picked":["Tempest","Leap","Conserve Battery"],"picked":"SKIP","floor":1},{"not_picked":["Storm","Stack"],"picked":"Turbo","floor":3},{"not_picked":["Hologram","Thunder Strike","Beam Cell"],"picked":"SKIP","floor":4},{"not_picked":["Darkness","Steam Power","Steam"],"picked":"SKIP","floor":7},{"not_picked":["Tempest","Turbo"],"picked":"Reinforced Body","floor":8},{"not_picked":["Hello World","Undo"],"picked":"White Noise","floor":11},{"not_picked":["Beam Cell","Meteor Strike","Turbo"],"picked":"SKIP","floor":13},{"not_picked":["Go for the Eyes","Conserve Battery"],"picked":"Genetic Algorithm","floor":14},{"not_picked":["Creative AI","Multi-Cast"],"picked":"Echo Form","floor":16},{"not_picked":["Cold Snap","Steam"],"picked":"Compile Driver","floor":18},{"not_picked":["BootSequence","Cold Snap"],"picked":"Loop","floor":20},{"not_picked":["Sweeping Beam","Blizzard","Cold Snap"],"picked":"SKIP","floor":24},{"not_picked":["Steam Power","Sunder","Coolheaded"],"picked":"SKIP","floor":25},{"not_picked":["Rebound","Coolheaded","Gash"],"picked":"SKIP","floor":30},{"not_picked":["Stack","Thunder Strike","Gash"],"picked":"SKIP","floor":31},{"not_picked":["All For One","Seek"],"picked":"Creative AI","floor":33},{"not_picked":["Streamline+1","Leap","Darkness"],"picked":"SKIP","floor":35},{"not_picked":["Sweeping Beam+1","Redo","Tempest"],"picked":"SKIP","floor":36},{"not_picked":["Go for the Eyes","Chaos+1"],"picked":"Capacitor","floor":39},{"not_picked":["Leap","Auto Shields"],"picked":"Consume+1","floor":41},{"not_picked":["Aggregate+1","Redo+1","Leap+1"],"picked":"SKIP","floor":42},{"not_picked":["Turbo+1","Heatsinks"],"picked":"Echo Form","floor":44},{"not_picked":["Hologram+1","Barrage","Double Energy+1"],"picked":"SKIP","floor":46},{"not_picked":["Deep Breath+1","Impatience+1"],"picked":"Finesse+1","floor":47},{"not_picked":["Skim+1","Compile Driver+1","Hologram+1"],"picked":"SKIP","floor":48},{"not_picked":["Static Discharge+1","Barrage"],"picked":"White Noise+1","floor":55}],"player_experience":988033,"relics_obtained":[{"floor":8,"key":"Cables"},{"floor":9,"key":"Ornamental Fan"},{"floor":11,"key":"Strawberry"},{"floor":13,"key":"Toy Ornithopter"},{"floor":25,"key":"Pear"},{"floor":31,"key":"Bag of Preparation"},{"floor":39,"key":"CaptainsWheel"},{"floor":42,"key":"Toxic Egg 2"},{"floor":44,"key":"Gambling Chip"},{"floor":46,"key":"Torii"},{"floor":55,"key":"Shuriken"}],"event_choices":[{"cards_removed":["Strike_B"],"damage_healed":0,"gold_gain":0,"player_choice":"Card Removal","damage_taken":0,"max_hp_gain":0,"max_hp_loss":0,"event_name":"The Cleric","floor":2,"gold_loss":75},{"damage_healed":0,"gold_gain":0,"player_choice":"Entered Light","damage_taken":23,"max_hp_gain":0,"max_hp_loss":0,"event_name":"Shining Light","floor":12,"gold_loss":0,"cards_upgraded":["Turbo","Strike_B"]},{"damage_healed":0,"gold_gain":0,"player_choice":"Ignored","damage_taken":0,"max_hp_gain":0,"max_hp_loss":0,"event_name":"Vampires","floor":19,"gold_loss":0},{"damage_healed":0,"gold_gain":0,"player_choice":"Ignored","damage_taken":0,"max_hp_gain":0,"max_hp_loss":0,"event_name":"The Mausoleum","floor":21,"gold_loss":0},{"damage_healed":0,"gold_gain":0,"player_choice":"Fight","damage_taken":0,"max_hp_gain":0,"max_hp_loss":0,"event_name":"Mysterious Sphere","floor":38,"gold_loss":0},{"damage_healed":0,"gold_gain":0,"player_choice":"Fight","damage_taken":0,"max_hp_gain":0,"max_hp_loss":0,"event_name":"MindBloom","floor":39,"gold_loss":0},{"damage_healed":0,"gold_gain":0,"player_choice":"Memory 1","damage_taken":0,"max_hp_gain":0,"max_hp_loss":0,"event_name":"SensoryStone","floor":47,"gold_loss":0}],"is_beta":false,"boss_relics":[{"not_picked":["Philosopher\u0027s Stone","Coffee Dripper"],"picked":"Cursed Key"},{"not_picked":["Pandora\u0027s Box","Snecko Eye"],"picked":"Nuclear Battery"}],"items_purged_floors":[28],"is_endless":false,"potions_floor_spawned":[1,8,11,14,20,24,25,30,33,38,39,41,42,55],"ascension_level":20}}