{"host":"agdto6ifbg57aw9m","time":1612673576,"event":{"mods":["2.2 Compatiblity","Aspiration","BaseMod","BetterRewards","Duelist Mod","Friendly Minions","GifTheSpireLib","Halation","Infinite Spire","Minty Spire (QoL Compilation)","Replay The Spire","Spikes Relics","StSLib","Stuff the Spire","The Spell Scribe"],"gold_per_floor":[143,154,174,185,204,204,231,245,319,349,349,380,380,405,405,479,479,490,502,117,132,149,177,194,225,278,303,313,340,360,360,360,434,434,454,474,474,489,499,499,534,534,558,558,558,576,603,616,616,687,687,701,701,708,402,426,434,434,442,491,496,496,510,510,521,521,542,542,550,550,55,56,56,74,78,76,76,95,95,107,129,134,134,184,184,197,210,231,242,252,272,272,279,279,279,279,310,310,331,331,383,383,383],"floor_reached":102,"language":"ENG","playtime":8995,"items_purged":["theDuelist:VampireCurse","theDuelist:Wiretap","theDuelist:NaturiaBeast","theDuelist:HeartUnderdog+1"],"score":4603,"play_id":"27cf7834-9edd-4899-867e-20ce25437eb3","local_time":"20210206235256","is_ascension_mode":true,"campfire_choices":[{"data":"theDuelist:NaturiaEggplant","floor":6,"key":"SMITH"},{"floor":11,"key":"REST"},{"data":"theDuelist:ConvulsionNature","floor":13,"key":"SMITH"},{"data":"Secret Weapon","floor":15,"key":"SMITH"},{"floor":32,"key":"REST"},{"floor":40,"key":"REST"},{"floor":44,"key":"REST"},{"data":"theDuelist:NaturiaPumpkin","floor":49,"key":"SMITH"},{"data":"StuffTheSpire:CuriosityCurse","floor":58,"key":"SMITH"},{"data":"ReplayReversal","floor":64,"key":"SMITH"},{"data":"theDuelist:LuminousMoss+1","floor":66,"key":"SMITH"},{"data":"theDuelist:PotAvarice","floor":83,"key":"SMITH"},{"data":"theDuelist:LuminousMoss+2","floor":92,"key":"SMITH"},{"data":"infinitespire:Gouge","floor":95,"key":"SMITH"},{"floor":100,"key":"DIG"}],"circlet_count":0,"master_deck":["theDuelist:NaturiaEggplant+1","theDuelist:NaturiaLadybug+1","theDuelist:NaturiaHydrangea+1","theDuelist:FuryFire","theDuelist:CastleWalls+1","theDuelist:ConvulsionNature+1","theDuelist:NaturiaTulip","theDuelist:CastleWalls+1","theDuelist:HammerShot+1","theDuelist:HuntingInstinct","theDuelist:CastleWalls+1","theDuelist:NaturiaRock","AscendersBane","theDuelist:NaturiaRock","theDuelist:NaturiaCliff","theDuelist:PotAvarice+1","theDuelist:Sparks+1","theDuelist:Sparks+1","Secret Weapon+1","theDuelist:NaturiaForest","theDuelist:NaturiaPineapple","theDuelist:NaturiaButterfly","theDuelist:PotGenerosity+1","theDuelist:NaturiaParadizo","theDuelist:NaturiaAntjaw","theDuelist:SummoningSwarm+1","Panache","theDuelist:LuminousMoss+3","theDuelist:NaturiaMantis+1","theDuelist:NaturiaPumpkin+1","theDuelist:NatureReflection+1","theDuelist:NaturiaBarkion+1","theDuelist:NaturiaDragonfly+1","ReplayReversal+1","Panache+1","theDuelist:MultiplicationOfAnts+1","theDuelist:NaturiaLandoise+1","infinitespire:Gouge+1","theDuelist:NaturiaPumpkin+1","theDuelist:NaturiaDragonfly+1","theDuelist:NaturiaHorneedle+1","theDuelist:FutureFusion+1","theDuelist:NaturiaSunflower+1","theDuelist:NaturalDisaster+1","theDuelist:NaturiaRosewhip+1","theDuelist:NaturiaSacredTree+1","theDuelist:NaturiaSacredTree+1","infinitespire:TheBestDefense+1","infinitespire:Gouge+1","theDuelist:AcidTrapHole+1"],"relics":["theDuelist:MillenniumPuzzle","theDuelist:CardPoolRelic","theDuelist:CardPoolBasicRelic","theDuelist:BoosterPackPoolRelic","theDuelist:CardPoolAddRelic","theDuelist:CardPoolMinusRelic","theDuelist:CardPoolSaveRelic","theDuelist:CardPoolOptionsRelic","NeowsBlessing","halation:PromiseList","Chameleon Ring","aspiration:StickyExplosives_weak","BicycleWheel","StuffTheSpire:HeavyRock","theDuelist:GamblerChip","Replay:Baseball","LugNut","Gremlin Food","aspiration:TomeofQuesting","halation:KoshaPiece","aspiration:IroncladSkillbook","theDuelist:MillenniumScale","theDuelist:TributeEggRelic","halation:PinkSoulGem","theDuelist:SummonAnchor","Bag of Preparation","halation:Prosthetics","CosmicIsotope","Garlic","halation:PrussianBluePaint","theDuelist:NaturiaRelic","MealTicket","Bronze Scales","Replay:Bronze Core","theDuelist:BoosterPackHealer","infinitespire:Freezer","StuffTheSpire:EmeraldSignet","StuffTheSpire:Mouthbags","Carrot","Replay:Kaleidoscope","Pet Ghost","infinitespire:EvilPickle","StuffTheSpire:RunicHypercube","Ancient Tea Set","Toxic Egg 2","Lee\u0027s Waffle","StuffTheSpire:PointBlank","infinitespire:Broken Mirror","infinitespire:Cupcake"],"acts_visited":["Exordium","TheCity","TheBeyond","Exordium","TheCity","TheBeyond","Exordium"],"potions_floor_usage":[12,12,19,27,33,38,50,74,101],"damage_taken":[{"damage":0,"enemies":"infinitespire:Voidling","floor":1,"turns":1},{"damage":0,"enemies":"2 Louse","floor":2,"turns":1},{"damage":0,"enemies":"Jaw Worm","floor":3,"turns":1},{"damage":5,"enemies":"Large Slime","floor":4,"turns":7},{"damage":0,"enemies":"Blue Slaver","floor":5,"turns":4},{"damage":10,"enemies":"3 Sentries","floor":7,"turns":6},{"damage":1,"enemies":"2 Fungi Beasts","floor":8,"turns":3},{"damage":18,"enemies":"Replay:BlueRogue","floor":10,"turns":6},{"damage":8,"enemies":"3 Sentries","floor":12,"turns":6},{"damage":14,"enemies":"Gremlin Nob","floor":14,"turns":5},{"damage":0,"enemies":"Fading Forest","floor":16,"turns":11},{"damage":16,"enemies":"2 Thieves","floor":18,"turns":4},{"damage":12,"enemies":"Spheric Guardian","floor":19,"turns":4},{"damage":0,"enemies":"Cultist and Chosen","floor":21,"turns":4},{"damage":0,"enemies":"Snecko","floor":22,"turns":4},{"damage":1,"enemies":"theDuelist:KaibaA2","floor":23,"turns":4},{"damage":0,"enemies":"Chosen and Byrds","floor":24,"turns":3},{"damage":11,"enemies":"Nightmare","floor":25,"turns":6},{"damage":0,"enemies":"Slavers","floor":27,"turns":3},{"damage":0,"enemies":"Shelled Parasite and Fungi","floor":28,"turns":4},{"damage":0,"enemies":"Book of Stabbing","floor":29,"turns":4},{"damage":1,"enemies":"Cultist and Chosen","floor":30,"turns":4},{"damage":0,"enemies":"Automaton","floor":33,"turns":7},{"damage":39,"enemies":"3 Darklings","floor":35,"turns":3},{"damage":4,"enemies":"Orb Walker","floor":36,"turns":3},{"damage":16,"enemies":"Jaw Worm Horde","floor":38,"turns":4},{"damage":7,"enemies":"Transient","floor":39,"turns":5},{"damage":12,"enemies":"R_Hoarder","floor":41,"turns":6},{"damage":0,"enemies":"Sphere and 2 Shapes","floor":46,"turns":3},{"damage":6,"enemies":"Spire Growth","floor":48,"turns":5},{"damage":0,"enemies":"Donu and Deca","floor":50,"turns":5},{"damage":0,"enemies":"2 Louse","floor":52,"turns":1},{"damage":0,"enemies":"Jaw Worm","floor":54,"turns":2},{"damage":0,"enemies":"Lagavulin","floor":57,"turns":4},{"damage":0,"enemies":"Replay:BlueRogue","floor":59,"turns":3},{"damage":0,"enemies":"Cultist","floor":61,"turns":2},{"damage":0,"enemies":"3 Louse","floor":63,"turns":1},{"damage":0,"enemies":"Exordium Wildlife","floor":65,"turns":1},{"damage":0,"enemies":"Fading Forest","floor":67,"turns":7},{"damage":0,"enemies":"3 Byrds","floor":69,"turns":2},{"damage":0,"enemies":"2 Thieves","floor":72,"turns":1},{"damage":0,"enemies":"Gremlin Leader","floor":74,"turns":2},{"damage":0,"enemies":"3 Cultists","floor":75,"turns":2},{"damage":0,"enemies":"Shelled Parasite and Fungi","floor":76,"turns":2},{"damage":0,"enemies":"Slavers","floor":78,"turns":1},{"damage":0,"enemies":"Sentry and Sphere","floor":80,"turns":1},{"damage":0,"enemies":"theDuelist:KaibaA2","floor":81,"turns":1},{"damage":0,"enemies":"Snake Plant","floor":82,"turns":1},{"damage":23,"enemies":"Pondfish","floor":84,"turns":4},{"damage":0,"enemies":"Orb Walker","floor":86,"turns":1},{"damage":0,"enemies":"3 Shapes","floor":87,"turns":2},{"damage":29,"enemies":"Writhing Mass","floor":88,"turns":3},{"damage":0,"enemies":"4 Shapes","floor":89,"turns":3},{"damage":0,"enemies":"Spire Growth","floor":90,"turns":3},{"damage":9,"enemies":"R_Hoarder","floor":91,"turns":4},{"damage":0,"enemies":"Maw","floor":93,"turns":2},{"damage":0,"enemies":"Reptomancer","floor":97,"turns":3},{"damage":0,"enemies":"3 Darklings","floor":99,"turns":3},{"damage":7,"enemies":"Awakened One","floor":101,"turns":5}],"seed_played":"-3933279386248704368","potions_obtained":[{"floor":2,"key":"Flashbang"},{"floor":4,"key":"theDuelist:SealedPack"},{"floor":14,"key":"Elixir"},{"floor":16,"key":"Weak Potion"},{"floor":23,"key":"PowerPotion"},{"floor":27,"key":"theDuelist:CoolBottle"},{"floor":35,"key":"theDuelist:BigOrbBottle"},{"floor":41,"key":"DistilledChaos"},{"floor":54,"key":"Fire Potion"},{"floor":78,"key":"Milkshake"}],"is_trial":false,"path_per_floor":["M","M","M","M","M","R","E","M","T","E","R","E","R","E","R","B",null,"M","M","$","M","M","E","M","NM","T","E","M","E","M","?","R","B",null,"M","M","?","M","M","R","E","?","T","R","?","M","?","M","R","B",null,"M","AVR","M","$","?","E","R","E","T","M","?","M","R","M","R","B",null,"M","?","$","M","T","E","M","M","T","E","?","M","E","M","R","B",null,"M","M","M","M","M","E","R","M","T","R","AVR","E","?","M","R","B",null],"character_chosen":"THE_DUELIST","items_purchased":["theDuelist:PotGenerosity","theDuelist:NaturiaParadizo","theDuelist:NaturiaRosewhip","Specialist","ReplayReversal","halation:PrussianBluePaint","theDuelist:BoosterPackHealer","infinitespire:Freezer"],"campfire_rested":4,"item_purchase_floors":[20,20,20,20,55,55,71,71],"current_hp_per_floor":[72,72,72,67,67,67,57,56,56,38,62,54,54,40,40,40,70,54,42,42,42,42,41,41,30,30,30,30,30,29,29,53,53,73,38,38,38,26,23,47,39,39,39,63,63,67,67,65,65,69,45,45,45,45,45,45,45,45,45,45,45,45,45,45,45,45,45,45,45,45,45,45,45,45,45,45,45,45,45,45,45,45,45,26,40,45,45,20,28,36,35,35,39,39,39,52,52,52,52,52,49,51,51],"gold":383,"neow_bonus":"THREE_ENEMY_KILL","is_daily":false,"chose_seed":false,"campfire_upgraded":10,"win_rate":0.0,"timestamp":1612673576,"path_taken":["M","M","M","M","M","R","E","M","T","E","R","E","R","E","R","BOSS","M","M","$","M","M","E","M","NM","T","E","?","E","M","?","R","BOSS","M","M","?","M","M","R","E","?","T","R","?","M","?","?","R","BOSS","M","AVR","M","$","?","E","R","E","T","?","?","M","R","M","R","BOSS","M","?","$","M","?","E","M","M","T","E","?","M","E","M","R","BOSS","M","M","M","?","M","E","R","M","T","R","AVR","E","?","M","R","BOSS"],"items_purchased_type":["Card","Card","Card","Card","Card","Relic","Relic","Relic"],"build_version":"2020-12-22","purchased_purges":4,"victory":false,"max_hp_per_floor":[80,80,80,80,80,80,80,80,80,80,80,80,80,80,80,80,80,80,80,80,80,80,80,80,80,80,80,80,80,80,80,80,80,80,80,80,80,80,80,80,80,80,80,80,80,80,80,80,80,80,45,45,45,45,45,45,45,45,45,45,45,45,45,45,45,45,45,45,45,45,45,45,45,45,45,45,45,45,45,45,45,45,45,45,45,45,45,45,45,45,45,45,45,45,45,52,52,52,52,52,52,52,52],"card_choices":[{"not_picked":["theDuelist:SangaEarth","theDuelist:SpacetimeTranscendence","theDuelist:NaturiaHydrangea","theDuelist:BrainCrusher"],"picked":"theDuelist:NaturiaLadybug","floor":1},{"not_picked":["theDuelist:VenomShot","theDuelist:FrozenRose","theDuelist:FossilExcavation","theDuelist:GracefulCharity"],"picked":"theDuelist:FuryFire","floor":2},{"not_picked":["theDuelist:NaturiaHydrangea","theDuelist:NaturiaTulip","theDuelist:Spore","theDuelist:NaturiaLeodrake"],"picked":"theDuelist:NaturiaEggplant","floor":3},{"not_picked":["theDuelist:NaturiaCliff","theDuelist:NaturiaTulip","theDuelist:FossilDig","theDuelist:LonefireBlossom"],"picked":"theDuelist:NaturiaRock","floor":4},{"not_picked":["theDuelist:MultiplicationOfAnts","theDuelist:HeartUnderdog"],"picked":"theDuelist:HuntingInstinct","floor":5},{"not_picked":["theDuelist:NaturiaEggplant","theDuelist:NaturiaDragonfly","theDuelist:NaturiaCliff","theDuelist:NaturiaBeetle"],"picked":"theDuelist:NaturiaHydrangea","floor":7},{"not_picked":["theDuelist:NaturiaLeodrake","theDuelist:NaturalDisaster","theDuelist:LeodrakeMane","theDuelist:NatureReflection"],"picked":"theDuelist:ConvulsionNature","floor":8},{"not_picked":["theDuelist:DestroyerGolem","theDuelist:MillenniumGolem","theDuelist:BlockGolem","theDuelist:ShardGreed"],"picked":"theDuelist:PotAvarice","floor":10},{"not_picked":["theDuelist:Sangan","theDuelist:DestroyerGolem","theDuelist:MudragonSwamp","theDuelist:Fissure"],"picked":"theDuelist:HammerShot","floor":12},{"not_picked":["Discovery","Finesse","Jack Of All Trades"],"picked":"Secret Weapon","floor":14},{"not_picked":["theDuelist:DemiseLand","theDuelist:SeismicShockwave","theDuelist:HuntingInstinct","theDuelist:MultiplicationOfAnts"],"picked":"theDuelist:NaturiaForest","floor":16},{"not_picked":["theDuelist:NaturiaSpiderfang","theDuelist:NaturiaBambooShoot+1","theDuelist:CopyPlant","theDuelist:LonefireBlossom+1"],"picked":"theDuelist:NaturiaPineapple","floor":18},{"not_picked":["theDuelist:NaturiaMosquito","theDuelist:NaturiaMarron","theDuelist:Anteater","theDuelist:NaturiaLeodrake"],"picked":"theDuelist:NaturiaButterfly","floor":19},{"not_picked":["theDuelist:NaturiaDragonfly","theDuelist:NaturiaHydrangea","theDuelist:NaturiaTulip","theDuelist:NaturiaCosmobeet"],"picked":"theDuelist:NaturiaAntjaw","floor":21},{"not_picked":["theDuelist:NaturiaEggplant","theDuelist:FossilDig","theDuelist:NaturiaMantis+1","theDuelist:NaturiaAntjaw"],"picked":"theDuelist:SummoningSwarm+1","floor":22},{"not_picked":["Metamorphosis","PanicButton+1","Trip"],"picked":"Panache","floor":23},{"not_picked":["theDuelist:NaturiaDragonfly","theDuelist:NaturiaMantis+1","theDuelist:NaturiaAntjaw","theDuelist:Spore","theDuelist:BarkionBark+1"],"picked":"SKIP","floor":24},{"not_picked":["theDuelist:DemiseLand","theDuelist:Wildfire","theDuelist:AfterGenocide","theDuelist:ClosedForest"],"picked":"theDuelist:LuminousMoss+1","floor":25},{"not_picked":["theDuelist:SurvivalInstinct","theDuelist:Pollinosis","theDuelist:BottomlessTrapHole","theDuelist:AcidTrapHole"],"picked":"theDuelist:Wiretap","floor":27},{"not_picked":["theDuelist:NaturiaTulip+1","theDuelist:NaturiaDragonfly","theDuelist:SummoningSwarm+1","theDuelist:NaturiaRock"],"picked":"theDuelist:NaturiaHydrangea","floor":28},{"not_picked":["theDuelist:NaturiaHydrangea","theDuelist:NaturiaEggplant","theDuelist:NaturiaDragonfly","theDuelist:NaturiaCliff","theDuelist:WildNatureRelease"],"picked":"SKIP","floor":29},{"not_picked":["theDuelist:BottomlessTrapHole","theDuelist:NaturiaMarron","theDuelist:LuminousMoss","theDuelist:NaturiaLeodrake"],"picked":"theDuelist:DigitalBug","floor":30},{"not_picked":["theDuelist:SeismicShockwave","theDuelist:NaturiaVein","theDuelist:MultiplicationOfAnts","theDuelist:Wildfire"],"picked":"theDuelist:HuntingInstinct","floor":33},{"not_picked":["theDuelist:NaturiaForest","theDuelist:NaturiaVein","theDuelist:ClosedForest","theDuelist:HeartUnderdog"],"picked":"theDuelist:NaturiaHorneedle","floor":35},{"not_picked":["theDuelist:NaturiaSpiderfang","theDuelist:LuminousMoss+2","theDuelist:NaturiaMosquito","theDuelist:SurvivalInstinct"],"picked":"theDuelist:NaturiaMantis+1","floor":36},{"not_picked":["theDuelist:NaturalDisaster","theDuelist:LeodrakeMane","theDuelist:LairWire"],"picked":"theDuelist:NaturiaLeodrake+1","floor":38},{"not_picked":["theDuelist:NaturalDisaster","theDuelist:LairWire+1","theDuelist:Anteater"],"picked":"theDuelist:NaturiaSacredTree+1","floor":39},{"not_picked":["theDuelist:NaturiaGaiastrio","theDuelist:NaturiaCherries","theDuelist:MillenniumScorpion+1","theDuelist:NaturiaHorneedle+1"],"picked":"theDuelist:NaturiaPumpkin","floor":41},{"not_picked":["theDuelist:SurvivalInstinct","theDuelist:NaturalDisaster","theDuelist:Wiretap","theDuelist:BottomlessTrapHole"],"picked":"theDuelist:NatureReflection+1","floor":46},{"not_picked":["theDuelist:SeismicShockwave+1","theDuelist:ClosedForest","theDuelist:Canyon","theDuelist:NaturiaHorneedle"],"picked":"theDuelist:NaturiaBarkion+1","floor":48},{"not_picked":["theDuelist:ConvulsionNature+1","theDuelist:NaturiaLeodrake+1","theDuelist:LairWire+1"],"picked":"theDuelist:Anteater+1","floor":52},{"not_picked":["theDuelist:NaturiaHydrangea+1","theDuelist:NaturiaEggplant+1","theDuelist:NaturiaCliff+1","theDuelist:BrainCrusher+1"],"picked":"theDuelist:NaturiaDragonfly+1","floor":54},{"not_picked":["theDuelist:NaturiaHydrangea+1","theDuelist:NaturiaEggplant+1","theDuelist:NaturiaCliff+1","theDuelist:NaturiaGuardian+1"],"picked":"theDuelist:NaturiaDragonfly+1","floor":57},{"not_picked":["Bandage Up+1","Metamorphosis+1","Secret Weapon+1"],"picked":"Panache+1","floor":59},{"not_picked":["theDuelist:NaturiaVein+1","theDuelist:NaturiaBarkion+1","theDuelist:Canyon+1","theDuelist:Wildfire+4"],"picked":"theDuelist:MultiplicationOfAnts+1","floor":61},{"not_picked":["theDuelist:NaturiaRock+1","theDuelist:NaturiaGaiastrio+1","theDuelist:CrystalRose+1","theDuelist:NaturiaCliff+1"],"picked":"theDuelist:NaturiaLandoise+1","floor":63},{"not_picked":["theDuelist:WingedKuriboh+1","theDuelist:MagicHoleGolem+1","theDuelist:HaneHane+1","theDuelist:DianKeto+7","theDuelist:Fissure+1"],"picked":"SKIP","floor":65},{"not_picked":["ReplayTheSpireMod:Echoes of Time","infinitespire:Starlight"],"picked":"infinitespire:Gouge","floor":67},{"not_picked":["theDuelist:DemiseLand+1","theDuelist:HuntingInstinct+1","theDuelist:Canyon+1","theDuelist:Wildfire+4"],"picked":"theDuelist:NaturiaBarkion+1","floor":67},{"not_picked":["theDuelist:NaturiaHydrangea+1","theDuelist:NaturiaEggplant+1","theDuelist:NaturiaDragonfly+1","theDuelist:NaturiaCliff+1"],"picked":"theDuelist:NaturiaPumpkin+1","floor":69},{"not_picked":["theDuelist:NaturiaForest+1","theDuelist:DemiseLand+1","theDuelist:NaturiaVein+1","theDuelist:MultiplicationOfAnts+1"],"picked":"theDuelist:NaturiaHorneedle+1","floor":72},{"not_picked":["theDuelist:Pollinosis+1","theDuelist:NaturiaTulip+1","theDuelist:AfterGenocide+1","theDuelist:BarkionBark+1"],"picked":"theDuelist:NaturiaRosewhip+1","floor":74},{"not_picked":["theDuelist:ConvulsionNature+1","theDuelist:NatureReflection+1","theDuelist:LairWire+1"],"picked":"theDuelist:NaturiaLeodrake+1","floor":75},{"not_picked":["theDuelist:DemiseLand+1","theDuelist:SeismicShockwave+1","theDuelist:NaturiaBarkion+1","theDuelist:Canyon+1"],"picked":"theDuelist:NaturiaHorneedle+1","floor":76},{"not_picked":["theDuelist:DestroyerGolem+1","theDuelist:WingedKuriboh+1","theDuelist:DarkHole+1","theDuelist:DianKeto+7"],"picked":"theDuelist:FutureFusion+1","floor":78},{"not_picked":["theDuelist:NatureReflection+1","theDuelist:LairWire+1","theDuelist:Anteater+1"],"picked":"theDuelist:NaturiaSacredTree+1","floor":80},{"not_picked":["theDuelist:NaturiaEggplant+1","theDuelist:NaturiaParadizo+1","theDuelist:NaturiaBeans+1","theDuelist:NaturiaExterio+1"],"picked":"theDuelist:NaturiaSunflower+1","floor":81},{"not_picked":["theDuelist:ClosedForest+1","theDuelist:Wildfire+4"],"picked":"theDuelist:HeartUnderdog+1","floor":82},{"not_picked":["theDuelist:NaturiaForest+1","theDuelist:DemiseLand+1","theDuelist:NaturiaBarkion+1","theDuelist:Canyon+1"],"picked":"theDuelist:HuntingInstinct+1","floor":84},{"not_picked":["theDuelist:NaturiaLeodrake+1","theDuelist:LairWire+1","theDuelist:Anteater+1","theDuelist:LeodrakeMane+1"],"picked":"theDuelist:NaturalDisaster+1","floor":86},{"not_picked":["theDuelist:FuryFire+4","theDuelist:LuminousMoss+5","theDuelist:VenomShot+4","theDuelist:Wildfire+4"],"picked":"theDuelist:Wiretap+5","floor":87},{"not_picked":["theDuelist:NaturiaEggplant+1","theDuelist:NaturiaMantis+1","theDuelist:NaturiaAntjaw+1","theDuelist:LeodrakeMane+1"],"picked":"theDuelist:NaturiaRosewhip+1","floor":88},{"not_picked":["theDuelist:WildNatureRelease+1","theDuelist:FossilExcavation+1","theDuelist:ConvulsionNature+1","theDuelist:PotDuality+1"],"picked":"theDuelist:NaturiaSacredTree+1","floor":89},{"not_picked":["theDuelist:NaturiaBeast+1","theDuelist:NaturiaParadizo+1","theDuelist:NaturiaAntjaw+1","theDuelist:NaturiaBarkion+1","theDuelist:NaturiaBambooShoot+1"],"picked":"SKIP","floor":90},{"not_picked":["theDuelist:Sangan+1","theDuelist:HammerShot+1","theDuelist:MillenniumGolem+1","theDuelist:AttackTheMoon+1","theDuelist:MudragonSwamp+1"],"picked":"SKIP","floor":91},{"not_picked":["theDuelist:NaturalDisaster+1","theDuelist:LeodrakeMane+1","theDuelist:LairWire+1","theDuelist:NaturiaLeodrake+1"],"picked":"theDuelist:NaturiaSacredTree+1","floor":93},{"not_picked":["theDuelist:NaturiaHydrangea+1","theDuelist:NaturiaEggplant+1","theDuelist:NaturiaDragonfly+1","theDuelist:NaturiaCliff+1"],"picked":"theDuelist:AcidTrapHole+1","floor":97},{"not_picked":["theDuelist:VenomShot+4","theDuelist:GracefulCharity+1","theDuelist:ConvulsionNature+1","theDuelist:WormBait+1"],"picked":"theDuelist:NaturiaSacredTree+1","floor":99}],"player_experience":601093,"relics_obtained":[{"floor":7,"key":"halation:PromiseList"},{"floor":9,"key":"Chameleon Ring"},{"floor":10,"key":"aspiration:StickyExplosives_weak"},{"floor":12,"key":"BicycleWheel"},{"floor":14,"key":"StuffTheSpire:HeavyRock"},{"floor":23,"key":"Replay:Baseball"},{"floor":25,"key":"LugNut"},{"floor":26,"key":"Gremlin Food"},{"floor":27,"key":"aspiration:TomeofQuesting"},{"floor":29,"key":"halation:KoshaPiece"},{"floor":41,"key":"theDuelist:TributeEggRelic"},{"floor":43,"key":"theDuelist:SummonAnchor"},{"floor":57,"key":"theDuelist:NaturiaRelic"},{"floor":59,"key":"MealTicket"},{"floor":60,"key":"Bronze Scales"},{"floor":73,"key":"StuffTheSpire:EmeraldSignet"},{"floor":74,"key":"StuffTheSpire:Mouthbags"},{"floor":77,"key":"Carrot"},{"floor":78,"key":"Replay:Kaleidoscope"},{"floor":81,"key":"Pet Ghost"},{"floor":91,"key":"Ancient Tea Set"},{"floor":94,"key":"Toxic Egg 2"},{"floor":97,"key":"StuffTheSpire:PointBlank"},{"floor":100,"key":"infinitespire:Broken Mirror"}],"event_choices":[{"damage_healed":0,"gold_gain":0,"player_choice":"Simplicity","damage_taken":0,"max_hp_gain":0,"max_hp_loss":0,"event_name":"Back to Basics","floor":31,"gold_loss":0,"cards_upgraded":["theDuelist:Sparks","theDuelist:CastleWalls","theDuelist:CastleWalls","theDuelist:CastleWalls","theDuelist:Sparks","theDuelist:Sparks"]},{"damage_healed":0,"gold_gain":0,"player_choice":"Took item - Received: Millennium Scale","duelist":true,"damage_taken":0,"max_hp_gain":0,"max_hp_loss":0,"event_name":"Millennium Items","floor":37,"gold_loss":0},{"damage_healed":0,"gold_gain":0,"player_choice":"Sold Sparks+ for 27 Gold.","duelist":true,"damage_taken":0,"max_hp_gain":0,"max_hp_loss":0,"event_name":"Card Trader","floor":47,"gold_loss":0},{"damage_healed":0,"gold_gain":0,"player_choice":"Sold Naturia Rosewhip for 24 Gold.","duelist":true,"damage_taken":0,"max_hp_gain":0,"max_hp_loss":0,"event_name":"Card Trader","floor":56,"gold_loss":0},{"damage_healed":0,"gold_gain":0,"player_choice":"Leave","duelist":true,"damage_taken":0,"max_hp_gain":0,"max_hp_loss":0,"event_name":"Tomb of the Nameless","floor":70,"gold_loss":0},{"damage_healed":0,"gold_gain":0,"player_choice":"0 cards matched","damage_taken":0,"max_hp_gain":0,"max_hp_loss":0,"event_name":"Match and Keep!","floor":79,"gold_loss":0,"cards_obtained":[]},{"damage_healed":0,"gold_gain":0,"player_choice":"Forge","damage_taken":0,"max_hp_gain":0,"max_hp_loss":0,"event_name":"Accursed Blacksmith","floor":98,"gold_loss":0,"cards_upgraded":["infinitespire:Gouge"]}],"is_beta":false,"boss_relics":[{"not_picked":["Replay:Ancient Bell","halation:ForbiddenBikini"],"picked":"theDuelist:GamblerChip"},{"not_picked":["Replay:Grab Bag","Painkiller Herb"],"picked":"aspiration:IroncladSkillbook"},{"not_picked":["Abe\u0027s Treasure","Cursed Key"],"picked":"halation:Prosthetics"},{"not_picked":["Velvet Choker","StuffTheSpire:RunicConfusion"],"picked":"Replay:Bronze Core"},{"not_picked":["Ring of Chaos","Runic Cube"],"picked":"StuffTheSpire:RunicHypercube"},{"not_picked":["Calling Bell","Snecko Eye"],"picked":"infinitespire:Cupcake"}],"items_purged_floors":[53,55,71,96],"is_endless":true,"potions_floor_spawned":[2,4,5,8,14,16,23,24,27,28,29,35,41,48,54,57,61,69,78,80,81,87,88,97],"ascension_level":13}}