{"host":"nxma0dbhh74lxenq","time":1612686768,"event":{"mods":["Astrologer","BaseMod","Beaked The Cultist","CapriCore","Colored Map","DeckTracker","Gremlin Mod","HololiveMod","KinomotoSakuraMod(ñÿîVñ{?)","Koishi","Mad Scientist","Minty Spire (QoL Compilation)","Prisma Mod","StSLib","SuperFastMode","The Bladedancer","The Cursed","The Immortal","The Mystic","YoumuÅiç∞ÈÆódöÎÅj"],"gold_per_floor":[80,80,158,54,78,113,113,133,181,216,234,257,281,325,325,449,449,476,500,500,390,128,128,187,221,246,270,300,343,367,391,391,509,509,525,525,559,591,924,969,969,1014,1039,679,282,282,282,41,41,41,41],"floor_reached":50,"language":"JPN","playtime":1503,"items_purged":["Hololive_Strike","Hololive_Strike"],"score":1649,"play_id":"9d4e0494-61c3-4c6d-bd26-1ff98cd4d5a4","local_time":"20210207173248","is_ascension_mode":true,"campfire_choices":[{"data":"Hololive_CallHoushouMarine","floor":15.0,"key":"SMITH"},{"data":"Hololive_CallAmaneKanata","floor":23.0,"key":"SMITH"},{"data":"Hololive_CallShiranuiFlare","floor":32.0,"key":"SMITH"},{"data":"Hololive_DDD","floor":41.0,"key":"SMITH"},{"data":"Hololive_Yoholoon","floor":46,"key":"SMITH"},{"data":"Hololive_Yoholoon","floor":49,"key":"SMITH"}],"circlet_count":0,"master_deck":["AscendersBane","Hololive_Defend","Hololive_DevilCharm+1","Hololive_CallYuzukiChoco","Hololive_CallShirakamiFubuki","Hololive_CallDoris+1","Hololive_CallHoushouMarine+1","Hololive_CallOkamiMio","Hololive_CallNekomataOkayu","Hololive_Breathe","Hololive_CallKiryuuCoco","Hololive_CocoNews","Hololive_CallTsunomakiWatame","Hololive_CallAkiRosenthal","Hololive_CallAmaneKanata+1","Hololive_CallShiranuiFlare+1","Hololive_CallSakuraMiko","Hololive_Thief+1","Hololive_Rebound+1","Hololive_CallNakiriAyame","Hololive_CallUruhaRushia","Hololive_Breathe","Hololive_CallHimemoriLuna+1","Hololive_DDD+1","Hololive_CallRoboco+1","Hololive_FlyingPonyTail+1","Hololive_ScarfAndHalo","Hololive_CallFriendA+1","Hololive_CallMinatoAqua+1","Hololive_CocoNews+1","Hololive_CallAmaneKanata+1","Hololive_CallOzoraSubaru+1","Hololive_Yoholoon+1","Hololive_Yoholoon+1"],"relics":["Hololive_TheStar","beaked:ShinyBauble","White Beast Statue","Omamori","Vajra","Eternal Feather","CeramicFish","Calling Bell","Bronze Scales","Gremlin Horn","Gambling Chip","Art of War","Meat on the Bone","Blood Vial","Frozen Egg 2","Philosopher\u0027s Stone","Pocketwatch","War Paint","Toy Ornithopter","Bottled Lightning","OrangePellets","Juzu Bracelet","ClockworkSouvenir"],"acts_visited":["Exordium","TheCity","TheBeyond"],"potions_floor_usage":[],"damage_taken":[{"damage":0.0,"enemies":"2 Louse","floor":1.0,"turns":2.0},{"damage":0.0,"enemies":"Jaw Worm","floor":5.0,"turns":2.0},{"damage":0.0,"enemies":"3 Sentries","floor":6.0,"turns":4.0},{"damage":0.0,"enemies":"Small Slimes","floor":8.0,"turns":2.0},{"damage":0.0,"enemies":"Lagavulin","floor":10.0,"turns":3.0},{"damage":0.0,"enemies":"Blue Slaver","floor":11.0,"turns":2.0},{"damage":0.0,"enemies":"Gremlin Gang","floor":12.0,"turns":4.0},{"damage":0.0,"enemies":"Red Slaver","floor":13.0,"turns":2.0},{"damage":0.0,"enemies":"Gremlin Nob","floor":14.0,"turns":3.0},{"damage":0.0,"enemies":"Hexaghost","floor":16.0,"turns":4.0},{"damage":1.0,"enemies":"Shell Parasite","floor":18.0,"turns":4.0},{"damage":0.0,"enemies":"Spheric Guardian","floor":19.0,"turns":2.0},{"damage":0.0,"enemies":"Gremlin Leader","floor":24.0,"turns":4.0},{"damage":0.0,"enemies":"Snake Plant","floor":25.0,"turns":3.0},{"damage":0.0,"enemies":"Centurion and Healer","floor":27.0,"turns":4.0},{"damage":0.0,"enemies":"Cultist and Chosen","floor":28.0,"turns":3.0},{"damage":0.0,"enemies":"Slavers","floor":29.0,"turns":4.0},{"damage":0.0,"enemies":"Shelled Parasite and Fungi","floor":30.0,"turns":3.0},{"damage":0.0,"enemies":"Snecko","floor":31.0,"turns":3.0},{"damage":0.0,"enemies":"Collector","floor":33.0,"turns":6.0},{"damage":0.0,"enemies":"3 Shapes","floor":35.0,"turns":3.0},{"damage":2.0,"enemies":"3 Darklings","floor":37.0,"turns":3.0},{"damage":0.0,"enemies":"Spire Growth","floor":38.0,"turns":2.0},{"damage":9.0,"enemies":"Giant Head","floor":40.0,"turns":6.0},{"damage":0.0,"enemies":"Nemesis","floor":42.0,"turns":5.0},{"damage":56,"enemies":"Awakened One","floor":50,"turns":3}],"seed_played":"-57107719400672104","potions_obtained":[{"floor":0.0,"key":"Fruit Juice"},{"floor":0.0,"key":"SneckoOil"},{"floor":0.0,"key":"LiquidMemories"},{"floor":5.0,"key":"Block Potion"},{"floor":6.0,"key":"Fruit Juice"},{"floor":8.0,"key":"Swift Potion"},{"floor":11.0,"key":"Block Potion"},{"floor":19.0,"key":"DuplicationPotion"},{"floor":24.0,"key":"Fruit Juice"},{"floor":27.0,"key":"Energy Potion"}],"is_trial":false,"path_per_floor":["M","?","T","$","M","E","?","M","T","E","M","M","M","E","R","B",null,"M","M","?","?","$","R","E","M","T","M","M","E","M","M","R","B",null,"M","?","M","M","?","E","R","E","T","$","$","R","?","$","R","B"],"character_chosen":"Hololive_HololiveCharacter","items_purchased":["Hololive_Breathe","Art of War","Hololive_CallOzoraSubaru+1","Bottled Lightning","OrangePellets","Hololive_Yoholoon","Juzu Bracelet","Hololive_Yoholoon","ClockworkSouvenir"],"campfire_rested":0,"item_purchase_floors":[4,22,44,44,45,45,45,48,48],"current_hp_per_floor":[32,32,32,32,32,37,11,11,11,11,11,11,11,11,23,23,34,33,33,33,33,33,37,37,37,37,42,42,42,42,42,42,42,42,42,42,40,42,42,33,42,42,42,42,42,42,42,42,42,0,0],"gold":41,"neow_bonus":"THREE_SMALL_POTIONS","is_daily":false,"chose_seed":false,"campfire_upgraded":6,"win_rate":0.0,"timestamp":1612686768,"path_taken":["M","?","?","$","M","E","?","M","T","E","M","M","M","E","R","BOSS","M","M","?","?","$","R","E","M","T","M","?","E","M","M","R","BOSS","M","?","?","?","?","E","R","E","T","?","$","R","?","$","R","BOSS"],"items_purchased_type":["Card","Relic","Card","Relic","Relic","Card","Relic","Card","Relic"],"build_version":"2020-12-22","purchased_purges":2,"victory":false,"max_hp_per_floor":[35,32,32,32,32,37,37,37,37,37,37,37,37,37,37,37,37,37,37,37,37,37,37,37,37,37,42,42,42,42,42,42,42,42,42,42,42,42,42,42,42,42,42,42,42,42,42,42,42,42,42],"card_choices":[{"not_picked":["Hololive_CallHoushouMarine","Hololive_CallShirakamiFubuki","Hololive_SoulCatcher"],"picked":"Hololive_CallNekomataOkayu","floor":1.0},{"not_picked":["Hololive_StrengthChampion","Hololive_FlyingPonyTail","Hololive_Sequa"],"picked":"Hololive_CallHimemoriLuna","floor":5.0},{"not_picked":["Hololive_Sequa","Hololive_FlyingPonyTail","Hololive_Psychosis"],"picked":"Hololive_CallKiryuuCoco","floor":6.0},{"not_picked":["Hololive_FlyingPonyTail","Hololive_OvertimeWork","Hololive_StrengthChampion"],"picked":"Hololive_CocoNews","floor":8.0},{"not_picked":["Hololive_Psychosis","Hololive_ScarfAndHalo","Hololive_Trident"],"picked":"Hololive_CallTsunomakiWatame","floor":10.0},{"not_picked":["Hololive_OvertimeWork","Hololive_HuntDinosaur","Hololive_Watashimo"],"picked":"Hololive_CallAkiRosenthal","floor":11.0},{"not_picked":["Hololive_Psychosis","Hololive_CallDoris","Hololive_CallRoboco"],"picked":"Hololive_CallAmaneKanata","floor":12.0},{"not_picked":["Hololive_CallAiraniIofifteen","Hololive_Breathe","Hololive_RevenueBasedLive"],"picked":"Hololive_CallShiranuiFlare","floor":13.0},{"not_picked":["Hololive_CallAiraniIofifteen","Hololive_Drill","Hololive_RevenueBasedLive"],"picked":"Hololive_CallSakuraMiko","floor":14.0},{"not_picked":["Hololive_ASMR","Hololive_Nanodesu","Hololive_FlareMind"],"picked":"Hololive_Thief","floor":16.0},{"not_picked":["Hololive_StrengthChampion+1","Hololive_Sequa","Hololive_CallHoshimachiSuisei"],"picked":"Hololive_Rebound+1","floor":18.0},{"not_picked":["Hololive_Rebound","Hololive_LuckPotion","Hololive_RevenueBasedLive","Hololive_CocoNews"],"picked":"SKIP","floor":19.0},{"not_picked":["Hololive_CallTsunomakiWatame+1","Hololive_ScarfAndHalo","Hololive_Sequa"],"picked":"Hololive_CallNakiriAyame","floor":24.0},{"not_picked":["Hololive_LuckPotion","Hololive_Rebound","Hololive_BringToTrial"],"picked":"Hololive_CallUruhaRushia","floor":25.0},{"not_picked":["Hololive_Sequa","Hololive_Drill","Hololive_HuntDinosaur"],"picked":"Hololive_Breathe","floor":27.0},{"not_picked":["Hololive_Drill","Hololive_LuckPotion","Hololive_CallYukihanaLamy"],"picked":"Hololive_CallHimemoriLuna+1","floor":28.0},{"not_picked":["Hololive_ManjiGathering+1","Hololive_CallKiryuuCoco+1","Hololive_Breathe"],"picked":"Hololive_DDD","floor":29.0},{"not_picked":["Hololive_Drill+1","Hololive_HuntDinosaur","Hololive_Breathe"],"picked":"Hololive_CallRoboco+1","floor":30.0},{"not_picked":["Hololive_Rebirth","Hololive_CallOkamiMio+1","Hololive_OvertimeWork"],"picked":"Hololive_FlyingPonyTail","floor":31.0},{"not_picked":["Hololive_AWSL","Hololive_Nanodesu","Hololive_IdolExercise"],"picked":"Hololive_ScarfAndHalo","floor":33.0},{"not_picked":["Hololive_Breathe+1","Hololive_CallKiryuuCoco+1","Hololive_Trident","Hololive_CallTsunomakiWatame+1"],"picked":"SKIP","floor":35.0},{"not_picked":["Hololive_BringToTrial","Hololive_RevenueBasedLive","Hololive_StrengthChampion"],"picked":"Hololive_CallFriendA+1","floor":37.0},{"not_picked":["Hololive_Trident","Hololive_Psychosis","Hololive_CallNakiriAyame+1"],"picked":"Hololive_CallMinatoAqua+1","floor":38.0},{"not_picked":["Hololive_CallTsunomakiWatame+1","Hololive_FlyingPonyTail","Hololive_CallYuzukiChoco+1"],"picked":"Hololive_CocoNews+1","floor":40.0},{"not_picked":["Hololive_CocoNews","Hololive_Rebound","Hololive_Drill+1"],"picked":"Hololive_CallAmaneKanata+1","floor":42.0}],"player_experience":577759,"relics_obtained":[{"floor":3.0,"key":"beaked:ShinyBauble"},{"floor":6.0,"key":"White Beast Statue"},{"floor":9.0,"key":"Vajra"},{"floor":10.0,"key":"Eternal Feather"},{"floor":14.0,"key":"CeramicFish"},{"floor":17.0,"key":"Bronze Scales"},{"floor":17.0,"key":"Gremlin Horn"},{"floor":17.0,"key":"Gambling Chip"},{"floor":24.0,"key":"Meat on the Bone"},{"floor":26.0,"key":"Blood Vial"},{"floor":29.0,"key":"Frozen Egg 2"},{"floor":40.0,"key":"Pocketwatch"},{"floor":42.0,"key":"War Paint"},{"floor":43.0,"key":"Toy Ornithopter"}],"event_choices":[{"damage_healed":0.0,"max_hp_gain":0.0,"max_hp_loss":3.0,"gold_gain":0.0,"event_name":"Golden Idol","player_choice":"Lose Max HP","floor":2.0,"gold_loss":0.0,"damage_taken":0.0,"relics_obtained":["Golden Idol"]},{"damage_healed":0.0,"max_hp_gain":0.0,"max_hp_loss":0.0,"gold_gain":0.0,"event_name":"Scrap Ooze","player_choice":"Success","floor":7.0,"gold_loss":0.0,"damage_taken":26.0,"relics_obtained":["Omamori"]},{"damage_healed":0.0,"max_hp_gain":0.0,"max_hp_loss":0.0,"gold_gain":0.0,"event_name":"Vampires","player_choice":"Ignored","floor":20.0,"gold_loss":0.0,"damage_taken":0.0},{"cards_removed":["Hololive_Defend"],"damage_healed":0.0,"max_hp_gain":0.0,"max_hp_loss":0.0,"gold_gain":0.0,"event_name":"Designer","player_choice":"Upgrade and Remove","floor":21.0,"gold_loss":110.0,"damage_taken":0.0,"cards_upgraded":["Hololive_CallDoris"]},{"cards_removed":["Hololive_CallHimemoriLuna"],"damage_healed":0.0,"max_hp_gain":0.0,"max_hp_loss":0.0,"gold_gain":0.0,"event_name":"Purifier","player_choice":"Purged","floor":36.0,"gold_loss":0.0,"damage_taken":0.0},{"damage_healed":0.0,"max_hp_gain":0.0,"max_hp_loss":0.0,"gold_gain":333.0,"event_name":"The Moai Head","player_choice":"Gave Idol","floor":39.0,"relics_lost":["Golden Idol"],"gold_loss":0.0,"damage_taken":0.0},{"damage_healed":0,"gold_gain":0,"player_choice":"Forge","damage_taken":0,"max_hp_gain":0,"max_hp_loss":0,"event_name":"Accursed Blacksmith","floor":47,"gold_loss":0,"cards_upgraded":["Hololive_Thief"]}],"is_beta":false,"boss_relics":[{"not_picked":["Runic Pyramid","SlaversCollar"],"picked":"Calling Bell"},{"not_picked":["beaked:MawFillet","Hololive_Finger"],"picked":"Philosopher\u0027s Stone"}],"items_purged_floors":[4,22],"is_endless":false,"potions_floor_spawned":[5,6,8,10,11,12,13,14,16,18,19,24,25,27,28,29,30,31,33,35,37,38,40,42],"killed_by":"Awakened One","ascension_level":20}}