{"host":"l5zfpd2l2htson6l","time":1612685398,"event":{"mods":["AchievementEnabler","BaseMod","Colored Map","Colored Powertips","Minty Spire (QoL Compilation)","Permanent Neow","Quick Restart","Rare Cards Sparkle","Relic Stats","SuperFastMode"],"gold_per_floor":[213,213,224,235,3,3,21,31,57,72,101,101,114,142,142,142,142],"floor_reached":16,"language":"ENG","playtime":523,"items_purged":["Strike_R"],"score":228,"play_id":"a88a4cf2-44bf-4e41-b221-ab7b29c59b76","local_time":"20210207000958","is_ascension_mode":true,"campfire_choices":[{"data":"Twin Strike","floor":6.0,"key":"SMITH"},{"data":"Perfected Strike","floor":12.0,"key":"SMITH"},{"data":"Demon Form","floor":15.0,"key":"SMITH"}],"circlet_count":0,"master_deck":["AscendersBane","Strike_R","Strike_R","Strike_R","Strike_R","Defend_R","Defend_R","Defend_R","Defend_R","Bash+1","Twin Strike+1","Demon Form+1","Perfected Strike+1","Shrug It Off","Sword Boomerang","Shrug It Off","Pommel Strike","Reaper"],"relics":["Burning Blood","Vajra","Ancient Tea Set","MealTicket","Blood Vial"],"acts_visited":["Exordium"],"potions_floor_usage":[],"damage_taken":[{"damage":9.0,"enemies":"2 Louse","floor":1.0,"turns":3.0},{"damage":14.0,"enemies":"Jaw Worm","floor":3.0,"turns":4.0},{"damage":7.0,"enemies":"Small Slimes","floor":4.0,"turns":4.0},{"damage":12.0,"enemies":"Looter","floor":7.0,"turns":3.0},{"damage":10.0,"enemies":"Gremlin Gang","floor":8.0,"turns":3.0},{"damage":15.0,"enemies":"Exordium Wildlife","floor":10.0,"turns":3.0},{"damage":17.0,"enemies":"Lagavulin","floor":11.0,"turns":7.0},{"damage":1.0,"enemies":"Looter","floor":13.0,"turns":4.0},{"damage":28.0,"enemies":"Gremlin Nob","floor":14.0,"turns":4.0},{"damage":23,"enemies":"Hexaghost","floor":16,"turns":7}],"seed_played":"5493761124100714455","potions_obtained":[{"floor":3.0,"key":"Regen Potion"},{"floor":7.0,"key":"Weak Potion"}],"is_trial":false,"path_per_floor":["M","?","M","M","$","R","M","M","T","M","E","R","M","E","R","B"],"character_chosen":"IRONCLAD","items_purchased":["Vajra"],"campfire_rested":0,"item_purchase_floors":[5],"current_hp_per_floor":[65,65,57,56,56,56,50,46,46,37,38,38,43,21,21,0,0],"gold":142,"neow_bonus":"HUNDRED_GOLD","is_daily":false,"chose_seed":false,"campfire_upgraded":3,"win_rate":0.0,"timestamp":1612685398,"path_taken":["M","?","M","M","$","R","M","M","T","M","E","R","M","E","R","BOSS"],"items_purchased_type":["Relic"],"build_version":"2020-12-22","purchased_purges":1,"victory":false,"max_hp_per_floor":[75,75,75,75,75,75,75,75,75,75,75,75,75,75,75,75,75],"relic_stats":{"Blood Vial":2,"counters":[10,42],"MealTicket":0,"obtain_stats":[{"Blood Vial":14,"Vajra":5,"MealTicket":11,"Ancient Tea Set":9,"Burning Blood":0},{"Blood Vial":9,"Vajra":3,"MealTicket":7,"Ancient Tea Set":5,"Burning Blood":0},{"Blood Vial":35,"Vajra":11,"MealTicket":27,"Ancient Tea Set":17,"Burning Blood":0}],"Burning Blood":54},"card_choices":[{"not_picked":["Sword Boomerang","Warcry"],"picked":"Twin Strike","floor":1.0},{"not_picked":["Cleave","Intimidate","Heavy Blade"],"picked":"SKIP","floor":3.0},{"not_picked":["Iron Wave","Perfected Strike"],"picked":"Demon Form","floor":4.0},{"not_picked":["Clothesline","Iron Wave"],"picked":"Perfected Strike","floor":7.0},{"not_picked":["Thunderclap","Barricade"],"picked":"Shrug It Off","floor":8.0},{"not_picked":["Clash","Power Through"],"picked":"Sword Boomerang","floor":10.0},{"not_picked":["Juggernaut","Searing Blow"],"picked":"Shrug It Off","floor":11.0},{"not_picked":["Clash","Perfected Strike"],"picked":"Pommel Strike","floor":13.0},{"not_picked":["Clash","Bloodletting"],"picked":"Reaper","floor":14.0}],"player_experience":934419,"relics_obtained":[{"floor":9.0,"key":"Ancient Tea Set"},{"floor":11.0,"key":"MealTicket"},{"floor":14.0,"key":"Blood Vial"}],"event_choices":[{"damage_healed":0.0,"max_hp_gain":0.0,"max_hp_loss":0.0,"gold_gain":0.0,"event_name":"Living Wall","player_choice":"Grow","floor":2.0,"gold_loss":0.0,"damage_taken":0.0,"cards_upgraded":["Bash"]}],"is_beta":false,"boss_relics":[],"items_purged_floors":[5],"is_endless":false,"potions_floor_spawned":[3,7,8],"killed_by":"Hexaghost","ascension_level":20}}