{"host":"8ps3pfk2b2drr3ex","time":1612721654,"event":{"mods":["2.2 Compatiblity","AchievementEnabler","Act Like it!","BaseMod","Bestiary","Better Match","BetterRewards","Colored Map","Colored Powertips","Conspire","Downfall","Evolution","GifTheSpireLib","Gold Saver","Hallownest","Hubris","Minty Spire (QoL Compilation)","Permanent Neow","Relic Filter","Replay The Spire","Shop Mod","StSLib","Stuff the Spire","The Cursed"],"gold_per_floor":[290,302,315,378,66,101,101,101,127,127,112,128,128,159,170,279,279,279,297,297,297,130,158,158,195,378,424,424,424,424,438,449,547,547,547,565,565,585,510,549,576,276,286,317,170,180,205,205,223,223,223,250,32,32,32,32],"floor_reached":57,"language":"ENG","playtime":10036,"items_purged":["ReplayTheSpireMod:Restless Dread"],"score":1841,"play_id":"0a7500e9-311b-4b76-ae5d-79f20e1696b4","local_time":"20210207131414","is_ascension_mode":true,"campfire_choices":[{"data":"sneckomod:TailWhip","floor":1.0,"key":"SMITH"},{"data":"sneckomod:Nope","floor":8.0,"key":"SMITH"},{"floor":10.0,"key":"REST"},{"floor":13.0,"key":"REST"},{"data":"TheCursedMod:NeowsMight","floor":18.0,"key":"SMITH"},{"data":"sneckomod:IronFang","floor":28.0,"key":"SMITH"},{"data":"Pot Of Greed","floor":30.0,"key":"SMITH"},{"floor":35.0,"key":"RECALL"},{"data":"TheCursedMod:NeowsMight","floor":42.0,"key":"SMITH"},{"data":"sneckomod:SnekBeam","floor":54,"key":"SMITH"}],"circlet_count":0,"master_deck":["sneckomod:QuickBite+1","sneckomod:DiceCrush","sneckomod:RainOfDice","sneckomod:DiceBlock+1","sneckomod:QuickMove","sneckomod:DiceBlock+1","sneckomod:TailWhip+1","sneckomod:SnekBite","sneckomod:Unknown+1","sneckomod:Unknown","sneckomod:UnknownUncommonSkill","sneckomod:Unknown1Cost+1","sneckomod:UnknownRareAttack+1","sneckomod:UnknownUncommonPower","sneckomod:UnknownUncommonPower+1","sneckomod:Nope+1","sneckomod:UnknownClassTHE_BRONZE_AUTOMATON","TheCursedMod:CircleOfCorruption","sneckomod:Rotation","TheCursedMod:SpitefulPlan+1","sneckomod:IronFang","sneckomod:Restock","TheCursedMod:NeowsMight+1","TheCursedMod:NeowsMight+1","TheCursedMod:SmokeScreen","sneckomod:UnknownDexterity","sneckomod:SnekBeam+1","sneckomod:UnknownUncommonSkill","Pot Of Greed+1","Pot Of Greed+1","Pot Of Greed+1","sneckomod:UnknownUncommonSkill+1","TheCursedMod:WearCloak","hexamod:SixthSeal","sneckomod:Unknown1Cost+1","sneckomod:MorePower","downfall:Icky","Pot Of Greed","Shame","downfall:Bewildered","sneckomod:UnknownUncommonPower+1","TheCursedMod:Obscuration+1","sneckomod:UnknownClassTHE_BRONZE_AUTOMATON+1","sneckomod:UnknownX+1","sneckomod:UnknownUncommonPower+1","ReplayTheSpireMod:IOU","TheCursedMod:ReleasedStrength","sneckomod:UnknownX+1","TheCursedMod:CursedRelics","sneckomod:UnknownX+1","Pot Of Greed","TheCursedMod:HellfireBreathing+1","sneckomod:UnknownX+1","sneckomod:IronFang+1","sneckomod:UnknownRareAttack+1","sneckomod:UnknownRarePower+1","sneckomod:SnekBeam"],"relics":["EVO:Axolotl","hubris:TerracottaHorce","Matryoshka","conspire:Dentures","Akabeko","hubris:DisguiseKit","conspire:DeflatedDodgeball","StuffTheSpire:HeavyRock","Gremlin Horn","bronze:MakeshiftBattery","Cursed Key","Runic Pyramid","Replay:Rubber Ducky","Bird Faced Urn","Grinning Jar","Orichalcum","MerchantsRug","StuffTheSpire:Mouthbags","Replay:Ancient Bell","ReplayFunnel","White Beast Statue","TungstenRod","WingedGreaves","downfall:HeartBlessingRed","downfall:HeartBlessingGreen","downfall:HeartBlessingBlue","Pen Nib","Sling","Bag of Preparation","sneckomod:BlankCard","hubris:SlimyHat"],"acts_visited":["Exordium","TheCity","TheBeyond","TheEnding"],"potions_floor_usage":[56,56,56],"damage_taken":[{"damage":0.0,"enemies":"Jaw Worm","floor":2.0,"turns":1.0},{"damage":1.0,"enemies":"conspire:RoseBush","floor":3.0,"turns":2.0},{"damage":16.0,"enemies":"Lagavulin Event","floor":4.0,"turns":4.0},{"damage":0.0,"enemies":"downfall:FleeingMerchant","floor":5.0,"turns":4.0},{"damage":26.0,"enemies":"Gremlin Nob","floor":6.0,"turns":4.0},{"damage":38.0,"enemies":"3 Sentries","floor":9.0,"turns":7.0},{"damage":0.0,"enemies":"downfall:FleeingMerchant","floor":11.0,"turns":4.0},{"damage":1.0,"enemies":"Small Slimes","floor":12.0,"turns":3.0},{"damage":1.0,"enemies":"Replay:BlueRogue","floor":14.0,"turns":5.0},{"damage":8.0,"enemies":"conspire:2 RoseBushes","floor":15.0,"turns":3.0},{"damage":50.0,"enemies":"DF_ARCHETYPE_STREAMLINE","floor":16.0,"turns":13.0},{"damage":0.0,"enemies":"Shell Parasite","floor":19.0,"turns":3.0},{"damage":0.0,"enemies":"downfall:FleeingMerchant","floor":22.0,"turns":4.0},{"damage":15.0,"enemies":"Snake Plant","floor":23.0,"turns":3.0},{"damage":0.0,"enemies":"conspire:MimicChest","floor":25.0,"turns":7.0},{"damage":0.0,"enemies":"downfall:FleeingMerchant","floor":26.0,"turns":3.0},{"damage":0.0,"enemies":"conspire:Head Lice","floor":27.0,"turns":7.0},{"damage":0.0,"enemies":"Sentry and Sphere","floor":31.0,"turns":5.0},{"damage":0.0,"enemies":"Chosen and Byrds","floor":32.0,"turns":4.0},{"damage":28.0,"enemies":"WA_ARCHETYPE_CALM","floor":33.0,"turns":9.0},{"damage":19.0,"enemies":"3 Darklings","floor":36.0,"turns":5.0},{"damage":0.0,"enemies":"3 Shapes","floor":38.0,"turns":5.0},{"damage":6.0,"enemies":"R_Hoarder","floor":40.0,"turns":12.0},{"damage":0.0,"enemies":"3 Darklings","floor":43.0,"turns":2.0},{"damage":7.0,"enemies":"Nemesis","floor":44.0,"turns":6.0},{"damage":20.0,"enemies":"Writhing Mass","floor":46.0,"turns":5.0},{"damage":0.0,"enemies":"R_Hoarder","floor":47.0,"turns":3.0},{"damage":2,"enemies":"Spire Growth","floor":49,"turns":4},{"damage":37,"enemies":"SI_POISON_ARCHETYPE","floor":50,"turns":10},{"damage":71,"enemies":"downfall:CharBossMerchant","floor":52,"turns":10},{"damage":9,"enemies":"downfall:NeowBoss","floor":55,"turns":12},{"damage":67,"enemies":"downfall:NeowBossFinal","floor":56,"turns":8}],"seed_played":"6268435434243921523","potions_obtained":[{"floor":4.0,"key":"Reflective Coating"},{"floor":9.0,"key":"Flashbang"},{"floor":12.0,"key":"Milkshake"},{"floor":14.0,"key":"Flashbang"},{"floor":19.0,"key":"Fruit Juice"},{"floor":27.0,"key":"BlessingOfTheForge"},{"floor":36.0,"key":"Guardian:BlockOnCardUsePotion"},{"floor":38.0,"key":"LiquidMemories"},{"floor":44.0,"key":"DuplicationPotion"},{"floor":46.0,"key":"FearPotion"},{"floor":49,"key":"Elixir"}],"is_trial":false,"path_per_floor":["R","M","M","?","$","E","T","R","E","R","$","M","R","E","M","B",null,"R","M","?","?","$","M","T","?","$","E","R","$","R","M","M","B",null,"R","M","?","M","$","E","T","R","M","E","$","M","E","$","M","B",null,"E","$","R","B","B",null],"character_chosen":"THE_SNECKO","items_purchased":["conspire:Dentures","sneckomod:UnknownUncommonPower","sneckomod:UnknownDexterity","sneckomod:SnekBeam","Orichalcum","MerchantsRug","Sling","hubris:SlimyHat","sneckomod:SnekBeam"],"campfire_rested":2,"item_purchase_floors":[5,5,22,22,26,26,45,53,53],"current_hp_per_floor":[93,93,92,76,76,50,50,50,12,39,39,38,65,64,63,13,73,73,73,73,73,73,63,63,93,97,98,98,98,98,98,98,72,92,92,91,91,97,97,98,98,108,108,108,108,108,108,108,106,86,103,54,54,54,65,16],"gold":32,"neow_bonus":"BOSS_RELIC","is_daily":false,"chose_seed":false,"campfire_upgraded":7,"win_rate":0.0,"timestamp":1612721654,"path_taken":["R","M","M","?","$","E","T","R","E","R","$","M","R","E","M","BOSS","R","M","?","?","$","M","T","?","$","E","R","$","R","?","M","BOSS","R","M","?","M","$","E","T","R","M","E","$","?","E","$","M","BOSS","E","$","R","BOSS","BOSS"],"items_purchased_type":["Relic","Card","Card","Card","Relic","Relic","Relic","Relic","Card"],"build_version":"2020-12-22","purchased_purges":1,"victory":true,"max_hp_per_floor":[93,93,93,93,93,93,93,93,93,93,93,93,93,93,93,93,93,93,93,93,93,93,98,98,98,98,98,98,98,98,98,98,98,98,98,98,98,98,98,98,98,108,108,108,108,108,108,108,108,108,108,108,108,108,108,108],"card_choices":[{"not_picked":["sneckomod:SoulDraw","sneckomod:UnknownVulnerable"],"picked":"sneckomod:IronFang","floor":2.0},{"not_picked":["sneckomod:DiceBlock","sneckomod:UnknownCommonAttack"],"picked":"sneckomod:UnknownUncommonSkill","floor":3.0},{"not_picked":["sneckomod:DiceCrush","sneckomod:QuickMove"],"picked":"sneckomod:Unknown1Cost","floor":4.0},{"not_picked":["sneckomod:UnknownX","sneckomod:UnknownBlock"],"picked":"sneckomod:UnknownRareAttack","floor":5.0},{"not_picked":["sneckomod:DiceCrush","sneckomod:ImprovisedAttack"],"picked":"sneckomod:Nope","floor":6.0},{"not_picked":["sneckomod:SnekBeam","sneckomod:QuickMove","TheCursedMod:Evocation"],"picked":"sneckomod:UnknownClassTHE_BRONZE_AUTOMATON","floor":9.0},{"not_picked":["sneckomod:SoulRoll","sneckomod:GlitteringGambit","sneckomod:UnknownClassHEXA_GHOST_PURPLE"],"picked":"TheCursedMod:CircleOfCorruption","floor":11.0},{"not_picked":["sneckomod:QuickMove","sneckomod:IronFang","TheCursedMod:Stigma"],"picked":"sneckomod:Rotation","floor":12.0},{"not_picked":["sneckomod:UnknownColorless","sneckomod:UnknownClassGREEN","sneckomod:Unknown0Cost"],"picked":"TheCursedMod:SpitefulPlan","floor":14.0},{"not_picked":["sneckomod:DiceBoulder","sneckomod:Mudshield","TheCursedMod:Stigma"],"picked":"sneckomod:IronFang","floor":15.0},{"not_picked":["sneckomod:DangerNoodle","sneckomod:Unknown3Cost","TheCursedMod:ShockAndAwe"],"picked":"sneckomod:Restock","floor":16.0},{"not_picked":["sneckomod:SoulExchange","sneckomod:Unknown3Cost","sneckomod:MorePower"],"picked":"TheCursedMod:NeowsMight","floor":16.0},{"not_picked":["sneckomod:UnknownRareSkill","sneckomod:Cheat","sneckomod:Unknown3Cost"],"picked":"TheCursedMod:NeowsMight","floor":16.0},{"not_picked":["sneckomod:RainOfDice","sneckomod:UnknownDraw","sneckomod:DiceCrush","TheCursedMod:WearCloak"],"picked":"SKIP","floor":19.0},{"not_picked":["sneckomod:DefensiveFlair","sneckomod:UnknownExhaust","sneckomod:Nope"],"picked":"TheCursedMod:SmokeScreen","floor":22.0},{"not_picked":["sneckomod:Unknown1Cost+1","sneckomod:WideSting","TheCursedMod:RapidMovement"],"picked":"sneckomod:UnknownUncommonSkill","floor":23.0},{"not_picked":["sneckomod:UnknownDexterity","sneckomod:IronFang","TheCursedMod:EmpowerCircles"],"picked":"sneckomod:UnknownUncommonSkill","floor":25.0},{"not_picked":["sneckomod:MixItUp+1","sneckomod:Nope","sneckomod:SoulDraw","TheCursedMod:Wield"],"picked":"SKIP","floor":26.0},{"not_picked":["sneckomod:DiceBlock+1","sneckomod:DefensiveFlair","sneckomod:UnknownBoss","TheCursedMod:RavingStaff"],"picked":"SKIP","floor":27.0},{"not_picked":["sneckomod:UnknownVulnerable+1","sneckomod:UnknownColorless","sneckomod:UnknownClassGREEN+1"],"picked":"TheCursedMod:WearCloak","floor":31.0},{"not_picked":["hexamod:ThirdSeal","hexamod:FirstSeal"],"picked":"hexamod:SixthSeal","floor":32.0},{"not_picked":["sneckomod:UnknownStrike","sneckomod:SnakeSap","TheCursedMod:SmokeScreen"],"picked":"sneckomod:Unknown1Cost+1","floor":32.0},{"not_picked":["sneckomod:UnknownRarePower","sneckomod:UnknownBoss","TheCursedMod:DemonSword"],"picked":"sneckomod:MorePower","floor":33.0},{"not_picked":["hubris:Gluttony","downfall:Aged","Normality"],"picked":"downfall:Icky","floor":34.0},{"not_picked":["ReplayTheSpireMod:IOU","Normality","Clumsy"],"picked":"Shame","floor":34.0},{"not_picked":["Languid","hubris:Envy","Normality"],"picked":"downfall:Bewildered","floor":34.0},{"not_picked":["sneckomod:UnknownRareSkill+1","sneckomod:Unknown0Cost+1"],"picked":"sneckomod:UnknownUncommonPower+1","floor":36.0},{"not_picked":["sneckomod:SnakeSap","sneckomod:Unknown1Cost","sneckomod:UnknownBlock","TheCursedMod:VitalStrike"],"picked":"SKIP","floor":36.0},{"not_picked":["sneckomod:SerpentIdol+1","sneckomod:Unknown0Cost+1","sneckomod:UnknownClassGREEN+1"],"picked":"TheCursedMod:Obscuration","floor":38.0},{"not_picked":["sneckomod:UnknownVulnerable+1","sneckomod:Unknown0Cost+1"],"picked":"sneckomod:UnknownClassTHE_BRONZE_AUTOMATON+1","floor":38.0},{"not_picked":["sneckomod:UnknownStrength+1","sneckomod:UnknownUncommonSkill+1"],"picked":"sneckomod:UnknownX+1","floor":40.0},{"not_picked":["sneckomod:Unknown2Cost+1","sneckomod:UnknownBlock+1"],"picked":"sneckomod:UnknownUncommonPower+1","floor":40.0},{"not_picked":["sneckomod:IronFang+1","sneckomod:UnknownCommonAttack","sneckomod:DiceCrush+1","TheCursedMod:CursedAmulet"],"picked":"SKIP","floor":40.0},{"not_picked":["sneckomod:QuickBite+1","sneckomod:MorePower","sneckomod:QuickMove","TheCursedMod:CursedMace"],"picked":"SKIP","floor":40.0},{"not_picked":["sneckomod:UnendingSupply+1","sneckomod:UnknownCommonAttack","sneckomod:UnknownDexterity","TheCursedMod:Obscuration"],"picked":"SKIP","floor":40.0},{"not_picked":["sneckomod:UnknownClassHEXA_GHOST_PURPLE+1","sneckomod:UnknownUncommonSkill","sneckomod:SoulDraw"],"picked":"TheCursedMod:ReleasedStrength","floor":43.0},{"not_picked":["sneckomod:UnknownStrength+1","sneckomod:UnknownRareSkill+1"],"picked":"sneckomod:UnknownX+1","floor":43.0},{"not_picked":["sneckomod:Unknown1Cost+1","sneckomod:UnknownDexterity+1","sneckomod:UnknownCommonAttack"],"picked":"TheCursedMod:CursedRelics","floor":43.0},{"not_picked":["sneckomod:RainOfDice+1","sneckomod:DiceBlock+1","sneckomod:UnknownUncommonPower","TheCursedMod:Stigma"],"picked":"SKIP","floor":43.0},{"not_picked":["sneckomod:UnknownBoss+1","sneckomod:UnknownUncommonSkill+1"],"picked":"sneckomod:UnknownX+1","floor":44.0},{"not_picked":["sneckomod:ImprovisedAttack+1","sneckomod:Restock","sneckomod:UnknownCommonAttack+1"],"picked":"TheCursedMod:HellfireBreathing","floor":44.0},{"not_picked":["sneckomod:QuickMove+1","sneckomod:SnakeSap+1","TheCursedMod:AshesToAshes"],"picked":"sneckomod:UnknownX+1","floor":46.0},{"not_picked":["sneckomod:QuickBite+1","sneckomod:MasterEye","sneckomod:ImprovisedAttack+1","TheCursedMod:CursedShiv"],"picked":"SKIP","floor":47.0},{"not_picked":["sneckomod:UnknownUncommonAttack+1","sneckomod:UnknownClassGREEN+1"],"picked":"sneckomod:UnknownRareAttack+1","floor":49},{"not_picked":["sneckomod:UnknownCommonSkill+1","sneckomod:UnknownBlock","sneckomod:UnknownDexterity+1","TheCursedMod:CircleOfCorruption"],"picked":"SKIP","floor":49},{"not_picked":["sneckomod:Unknown1Cost+1","sneckomod:UnknownWeak+1"],"picked":"sneckomod:UnknownRarePower+1","floor":52},{"not_picked":["sneckomod:RainOfDice+1","sneckomod:UnknownUncommonPower+1","sneckomod:UnknownDraw+1","TheCursedMod:AntiAging"],"picked":"SKIP","floor":52}],"player_experience":969203,"relics_obtained":[{"floor":4.0,"key":"Matryoshka"},{"floor":6.0,"key":"Akabeko"},{"floor":7.0,"key":"hubris:DisguiseKit"},{"floor":7.0,"key":"conspire:DeflatedDodgeball"},{"floor":9.0,"key":"StuffTheSpire:HeavyRock"},{"floor":14.0,"key":"Gremlin Horn"},{"floor":24.0,"key":"Replay:Rubber Ducky"},{"floor":24.0,"key":"Bird Faced Urn"},{"floor":25.0,"key":"Grinning Jar"},{"floor":27.0,"key":"StuffTheSpire:Mouthbags"},{"floor":40.0,"key":"WingedGreaves"},{"floor":44.0,"key":"Pen Nib"},{"floor":47.0,"key":"Bag of Preparation"},{"floor":52,"key":"sneckomod:BlankCard"}],"event_choices":[{"damage_healed":0.0,"max_hp_gain":0.0,"max_hp_loss":0.0,"gold_gain":0.0,"event_name":"Vampires","player_choice":"Ignored","floor":20.0,"gold_loss":0.0,"damage_taken":0.0},{"damage_healed":0.0,"max_hp_gain":0.0,"max_hp_loss":0.0,"gold_gain":0.0,"event_name":"NoteForYourself","player_choice":"Ignored","floor":37.0,"gold_loss":0.0,"damage_taken":0.0}],"is_beta":false,"boss_relics":[{"not_picked":["SlaversCollar","StuffTheSpire:RunicHypercube"],"picked":"Replay:Grab Bag"},{"not_picked":["Fusion Hammer","conspire:SlowCooker"],"picked":"bronze:MakeshiftBattery"},{"not_picked":["Velvet Choker","Runic Dome"],"picked":"Cursed Key"},{"not_picked":["sneckomod:SneckoBoss","Empty Cage"],"picked":"Runic Pyramid"},{"not_picked":["Astrolabe","Black Star"],"picked":"Replay:Ancient Bell"},{"not_picked":["Regal Pillow","StuffTheSpire:Experiment12"],"picked":"ReplayFunnel"},{"not_picked":["StuffTheSpire:SapphireSignet","Ornamental Fan"],"picked":"White Beast Statue"},{"not_picked":["Pondfish Scales","StuffTheSpire:NeowsTribute"],"picked":"TungstenRod"}],"items_purged_floors":[39],"is_endless":false,"potions_floor_spawned":[4,9,12,14,15,19,27,31,36,38,40,43,44,46,47,49,52],"ascension_level":6}}