{"host":"hzswyuuwdl03wwzr","time":1612709938,"event":{"mods":["100% Spire Juice","ATMod(∞¢Ë™Mod)","AchievementEnabler","Act Like it!","BaseMod","Gensokyo","Hallownest","Marisa£®ÏF”Í°°ƒß¿Ì…≥£©","Minty Spire (QoL Compilation)","Reliquary","Remilia_Scarlet Moed£®¿Ÿ√◊¿Ú—«°§Àπø®¿◊Ãÿ£©3.3.5","Replay The Spire","StSLib","The Bug Knight","The Cursed","The Senshi","The Servant 0.9.4","Yakumo Yukari mod","Youmu£®ªÍ∆«—˝√Œ£©","Yuyuko","°æπ¶ƒ‹Mod°øªÏ„Á÷Æª∑–ﬁ∏¥≤π∂°","°æ“≈ŒÔø®≈∆°øREMEMod"],"gold_per_floor":[140,240,252,266,280,306,306,306,330,342,342,342,307,382,382,477,477,495,495,97,114,132,167,220,220,220,175,186,205,205,205,205,305,305,323,323,323,152,152,179,179,179,179,197,197,197],"floor_reached":45,"language":"ZHS","playtime":1927,"items_purged":["AT_purpleEX"],"score":486,"play_id":"bf06bfa4-212d-4841-a716-51dbdd150917","local_time":"20210207225858","is_ascension_mode":false,"campfire_choices":[{"data":"Theboundaryofcreation_purpleEX","floor":7,"key":"SMITH"},{"floor":11,"key":"REST"},{"floor":15,"key":"REST"},{"floor":32,"key":"REST"},{"data":"Crow Ritual","floor":42,"key":"SMITH"}],"circlet_count":0,"master_deck":["AT_purpleEX","AT_purpleEX+1","Defend_purpleEX","Defend_purpleEX","Defend_purpleEX","Defend_purpleEX","Observe_purple_1","Observe_purple_2","Theboundaryofcreation_purpleEX+1","AdvanceAttack_purple","Line_surface_state_purple","StateErode_purple+1","MagicEyes_LaplaceDemon_purple","Worldmountain_purple+1","REME_ProfessionalPlagiarism","RuleDissolution_purple+1","AdvanceAttack_purple+1","WeekHit_purple+1","Crow Ritual+1","Boundary_DreamRealityDamnation_purple+1"],"relics":["Boundary_crack","Memoryfragments_purpleEX","AT_ATBox","REME_ComplimentaryCards","reliquary:PartyBalloon","REME_HandOfSuture","SlaversCollar","Red Mask","Antimatter_spacedebris","Vajra","AT_ChloranthyRing","Replay:Bottled Snecko","Runic Pyramid","Gensokyo:TheCrow","Replay:Bottled Steam","Replay:Multitool"],"acts_visited":["Exordium","Hallownest:CityofTears","Gensokyo:Gensokyoest"],"potions_floor_usage":[6,10,29,45,45,45],"damage_taken":[{"damage":6,"enemies":"Jaw Worm","floor":1,"turns":4},{"damage":0,"enemies":"Cultist","floor":3,"turns":4},{"damage":10,"enemies":"Small Slimes","floor":4,"turns":3},{"damage":4,"enemies":"Blue Slaver","floor":5,"turns":4},{"damage":32,"enemies":"3 Sentries","floor":6,"turns":10},{"damage":8,"enemies":"2 Fungi Beasts","floor":10,"turns":4},{"damage":24,"enemies":"Slime Boss","floor":16,"turns":7},{"damage":0,"enemies":"Hallownest:Guard_and_Sentry","floor":18,"turns":4},{"damage":15,"enemies":"Hallownest:3_Youths","floor":21,"turns":5},{"damage":24,"enemies":"Hallownest:Master_and_Novice","floor":22,"turns":5},{"damage":16,"enemies":"Hallownest:eliteSoulWarrior","floor":23,"turns":6},{"damage":22,"enemies":"Hallownest:Glutton_and_Coward","floor":24,"turns":5},{"damage":0,"enemies":"Hallownest:monsterShrumalOgre","floor":28,"turns":5},{"damage":0,"enemies":"Hallownest:3_Mistakes","floor":29,"turns":7},{"damage":45,"enemies":"Hallownest:BossSoulMaster","floor":33,"turns":8},{"damage":16,"enemies":"Gensokyo:AncientGuardian","floor":35,"turns":4},{"damage":56,"enemies":"Gensokyo:Kasen","floor":40,"turns":5},{"damage":3,"enemies":"Gensokyo:3_Bats","floor":44,"turns":3},{"damage":14,"enemies":"Gensokyo:Sharpion","floor":45,"turns":2}],"seed_played":"8495747027956821208","potions_obtained":[{"floor":5,"key":"Toxic Potion"},{"floor":10,"key":"Fruit Juice"},{"floor":16,"key":"SteroidPotion"},{"floor":21,"key":"SteroidPotion"},{"floor":33,"key":"Reflective Coating"},{"floor":35,"key":"SpeedPotion"}],"is_trial":false,"path_per_floor":["M","?","M","M","M","E","R","?","T","M","R","?","?","?","R","B",null,"M","?","$","M","M","E","M","?","T","?","M","M","?","?","R","B",null,"M","?","?","$","?","E","COS","R","T","M","M"],"character_chosen":"Youkari","items_purchased":["Antimatter_spacedebris","REME_ProfessionalPlagiarism","Crow Ritual"],"campfire_rested":3,"item_purchase_floors":[20,20,38],"current_hp_per_floor":[66,66,71,62,59,28,28,10,10,10,33,17,36,25,48,28,78,78,78,78,67,44,29,15,15,15,15,17,17,17,17,40,3,78,64,64,64,64,64,12,12,12,12,10,0,0],"gold":197,"neow_bonus":"RANDOM_EVENT","is_daily":false,"chose_seed":false,"campfire_upgraded":2,"win_rate":0.0,"timestamp":1612709938,"path_taken":["M","?","M","?","M","E","R","?","T","M","R","?","?","?","R","BOSS","M","?","?","M","M","E","M","?","T","?","M","?","?","?","R","BOSS","M","?","?","$","?","E","COS","R","T","M","M"],"items_purchased_type":["Relic","Card","Card"],"build_version":"2020-12-22","purchased_purges":1,"victory":false,"max_hp_per_floor":[70,70,73,73,73,73,73,73,73,78,78,78,78,78,78,78,78,78,78,78,78,78,78,78,78,78,78,78,78,78,78,78,78,78,78,78,78,78,78,78,78,78,78,78,78,78],"card_choices":[{"not_picked":["OmniscientAndOmnipotent_Monster_purple","Realm_recovery_purpleEX"],"picked":"AdvanceAttack_purple","floor":1},{"not_picked":["ExternalForce_HighSpeedFlying_purple","RuptureOfTimeAndSpace_purple"],"picked":"Line_surface_state_purple","floor":3},{"not_picked":["SharpContractionReality_purple","StateDuplicate_purple","Realm_recovery_purpleEX"],"picked":"SKIP","floor":4},{"not_picked":["ExistenceContinue_purple","SfantasyHide_purple","WeekHit_purple"],"picked":"SKIP","floor":5},{"not_picked":["Line_surface_state_purple","StateDuplicate_purple"],"picked":"StateErode_purple","floor":6},{"not_picked":["Photoelasticity_Doppler_Effect_purple","StretchesForeverDream_purple","Worldmountain_purple"],"picked":"SKIP","floor":10},{"not_picked":["Boundary_LifeAndDeath_purple","ProofOfUnderstanding_purple"],"picked":"MagicEyes_LaplaceDemon_purple","floor":16},{"not_picked":["WorldDissolvedintheRealm_purple","MNeedle_purple"],"picked":"Worldmountain_purple+1","floor":18},{"not_picked":["SharpContractionReality_purple","CommonSense_AntiCommonSense_purple"],"picked":"RuleDissolution_purple+1","floor":21},{"not_picked":["RuptureOfTimeAndSpace_purple","MonsterNeedle_purple"],"picked":"AdvanceAttack_purple+1","floor":22},{"not_picked":["Boundary_DynamicStaticEquilibrium_purple+1","MonsterNeedle_purple","ButterflyHabitatTemple_purple"],"picked":"SKIP","floor":23},{"not_picked":["DimensionStaggered_purple","RuleDissolution_purple","Boundary_DynamicStaticEquilibrium_purple"],"picked":"SKIP","floor":24},{"not_picked":["StateErode_purple","RuleDissolution_purple","OmniscientAndOmnipotent_Monster_purple"],"picked":"SKIP","floor":28},{"not_picked":["Extrememeaning_purpleEX","Mirror_FormAndEmptin_purple","Mirror_WaveAndshot_purple+1"],"picked":"SKIP","floor":29},{"not_picked":["RuleDissolution_purple+1","Bait_HighSpeedFlying_purple"],"picked":"WeekHit_purple+1","floor":35},{"not_picked":["StretchesForeverDream_purple","StateDuplicate_purple+1"],"picked":"Boundary_DreamRealityDamnation_purple+1","floor":40},{"not_picked":["Line_surface_state_purple+1","StateDuplicate_purple+1","MagicEyes_LaplaceDemon_purple"],"picked":"SKIP","floor":44}],"player_experience":45683,"relics_obtained":[{"floor":6,"key":"reliquary:PartyBalloon"},{"floor":23,"key":"Vajra"},{"floor":26,"key":"Replay:Bottled Snecko"},{"floor":40,"key":"Replay:Bottled Steam"},{"floor":43,"key":"Replay:Multitool"}],"event_choices":[{"damage_healed":0,"gold_gain":0,"cards_transformed":["AT_purpleEX"],"player_choice":"Change","damage_taken":0,"max_hp_gain":0,"max_hp_loss":0,"event_name":"Living Wall","floor":0,"gold_loss":0,"cards_obtained":["Theboundaryofcreation_purpleEX"]},{"damage_healed":0,"gold_gain":100,"player_choice":"Pray","damage_taken":0,"max_hp_gain":0,"max_hp_loss":0,"event_name":"Golden Shrine","floor":2,"gold_loss":0},{"damage_healed":0,"gold_gain":0,"player_choice":"Success","damage_taken":18,"relics_obtained":["REME_HandOfSuture"],"max_hp_gain":0,"max_hp_loss":0,"event_name":"Scrap Ooze","floor":8,"gold_loss":0},{"damage_healed":0,"gold_gain":0,"player_choice":"Entered Light","damage_taken":16,"max_hp_gain":0,"max_hp_loss":0,"event_name":"Shining Light","floor":12,"gold_loss":0,"cards_upgraded":["StateErode_purple","AT_purpleEX"]},{"damage_healed":19,"gold_gain":0,"player_choice":"Healed","damage_taken":0,"max_hp_gain":0,"max_hp_loss":0,"event_name":"The Cleric","floor":13,"gold_loss":35},{"damage_healed":0,"gold_gain":75,"player_choice":"Gather Gold","damage_taken":11,"max_hp_gain":0,"max_hp_loss":0,"event_name":"World of Goop","floor":14,"gold_loss":0}],"is_beta":false,"boss_relics":[{"not_picked":["AT_TrinityForce","Sozu"],"picked":"SlaversCollar"},{"not_picked":["Ring of Chaos","Snecko Eye"],"picked":"Runic Pyramid"}],"items_purged_floors":[20],"is_endless":false,"potions_floor_spawned":[5,10,16,21,33,35],"killed_by":"Gensokyo:Sharpion","ascension_level":0}}