{"host":"c6xy0a74zz7y4nf6","time":1612677190,"event":{"mods":["BaseMod","Colored Map","Hermit","Minty Spire (QoL Compilation)","Replay The Spire","Robot Space Explorer","StSLib","The Cursed","The Death Knight","The Exalted","The Servant 0.9.4","The Wild Card"],"gold_per_floor":[118,218,230,248,248,282,315,54,135,135,135,155,155,175,175,175,175],"floor_reached":16,"language":"ENG","playtime":716,"items_purged":["DeathKnight:Strike_DeathKnight"],"score":110,"play_id":"f53e3476-aa27-41a9-bbeb-88872ced3f33","local_time":"20210206235310","is_ascension_mode":false,"campfire_choices":[{"floor":11,"key":"REST"},{"floor":13,"key":"REST"},{"floor":15,"key":"REST"}],"circlet_count":0,"master_deck":["DeathKnight:Strike_DeathKnight","DeathKnight:Strike_DeathKnight","DeathKnight:Strike_DeathKnight","DeathKnight:Strike_DeathKnight","DeathKnight:Defend_DeathKnight","DeathKnight:Defend_DeathKnight","DeathKnight:Defend_DeathKnight","DeathKnight:Defend_DeathKnight","DeathKnight:Defend_DeathKnight","DeathKnight:RuneTap","DeathKnight:RuneStrike","DeathKnight:UnholyPresence","DeathKnight:RunicCorruption","DeathKnight:Pestilence","DeathKnight:BloodBoil","DeathKnight:WraithWalk","DeathKnight:HowlingBlast","DeathKnight:FrosPresence","DeathKnight:SindragosasBreath","DeathKnight:Outbreak","DeathKnight:DeathGrip"],"relics":["DeathKnight:BrokenRuneblade","NeowsBlessing","Golden Idol","WingedGreaves","Dream Catcher","Bottled Tornado","ReplayTheSpireMod:TigerMarble"],"acts_visited":["Exordium"],"potions_floor_usage":[6,6,7,16],"damage_taken":[{"damage":0,"enemies":"Jaw Worm","floor":1,"turns":1},{"damage":0,"enemies":"Cultist","floor":3,"turns":1},{"damage":0,"enemies":"Small Slimes","floor":4,"turns":2},{"damage":35,"enemies":"Lagavulin","floor":6,"turns":6},{"damage":15,"enemies":"3 Sentries","floor":7,"turns":9},{"damage":12,"enemies":"3 Louse","floor":12,"turns":4},{"damage":0,"enemies":"Exordium Wildlife","floor":14,"turns":3},{"damage":57,"enemies":"The Guardian","floor":16,"turns":8}],"seed_played":"6894252104416865624","potions_obtained":[{"floor":1,"key":"PowerPotion"},{"floor":4,"key":"LiquidBronze"},{"floor":6,"key":"BlessingOfTheForge"},{"floor":7,"key":"FearPotion"}],"is_trial":false,"path_per_floor":["M","?","M","M","?","E","E","$","T","?","R","M","R","M","R","B"],"character_chosen":"DEATH_KNIGHT","items_purchased":["DeathKnight:HowlingBlast","DeathKnight:FrosPresence","DeathKnight:SindragosasBreath"],"campfire_rested":3,"item_purchase_floors":[8,8,8],"current_hp_per_floor":[75,75,75,75,69,34,19,19,19,1,21,9,29,29,49,0,0],"gold":175,"neow_bonus":"THREE_ENEMY_KILL","is_daily":false,"chose_seed":false,"campfire_upgraded":0,"win_rate":0.0,"timestamp":1612677190,"path_taken":["M","?","?","M","?","E","E","$","T","?","R","M","R","M","R","BOSS"],"items_purchased_type":["Card","Card","Card"],"build_version":"2020-12-22","purchased_purges":1,"victory":false,"max_hp_per_floor":[75,75,75,75,69,69,69,69,69,69,69,69,69,69,69,69,69],"card_choices":[{"not_picked":["DeathKnight:ChainsOfIce","DeathKnight:Obliterate"],"picked":"DeathKnight:UnholyPresence","floor":1},{"not_picked":["DeathKnight:UnholyFrenzy","DeathKnight:DeathsAdvance"],"picked":"DeathKnight:RunicCorruption","floor":3},{"not_picked":["DeathKnight:BladedArmor","DeathKnight:Contagion"],"picked":"DeathKnight:Pestilence","floor":4},{"not_picked":["DeathKnight:GargoyleSkin","DeathKnight:ReapingStrike"],"picked":"DeathKnight:BloodBoil","floor":6},{"not_picked":["DeathKnight:PathOfFrost","DeathKnight:BladedArmor"],"picked":"DeathKnight:WraithWalk","floor":7},{"not_picked":["DeathKnight:HornOfWinter","DeathKnight:Ossuary","DeathKnight:BloodBoil"],"picked":"SKIP","floor":12},{"not_picked":["DeathKnight:RaiseAlly","DeathKnight:DarkSuccor"],"picked":"DeathKnight:Outbreak","floor":13},{"not_picked":["DeathKnight:BloodTap","DeathKnight:BladedArmor"],"picked":"DeathKnight:DeathGrip","floor":14}],"player_experience":110765,"relics_obtained":[{"floor":6,"key":"WingedGreaves"},{"floor":7,"key":"Dream Catcher"},{"floor":9,"key":"Bottled Tornado"}],"event_choices":[{"damage_healed":0,"gold_gain":100,"player_choice":"Pray","damage_taken":0,"max_hp_gain":0,"max_hp_loss":0,"event_name":"Golden Shrine","floor":2,"gold_loss":0},{"damage_healed":0,"gold_gain":0,"player_choice":"Lose Max HP","damage_taken":0,"relics_obtained":["Golden Idol"],"max_hp_gain":0,"max_hp_loss":6,"event_name":"Golden Idol","floor":5,"gold_loss":0},{"damage_healed":0,"gold_gain":0,"player_choice":"Success","damage_taken":18,"relics_obtained":["ReplayTheSpireMod:TigerMarble"],"max_hp_gain":0,"max_hp_loss":0,"event_name":"Scrap Ooze","floor":10,"gold_loss":0}],"is_beta":false,"boss_relics":[],"items_purged_floors":[8],"is_endless":false,"potions_floor_spawned":[1,4,6,7],"killed_by":"The Guardian","ascension_level":0}}