{"host":"i4vlfbz13gs2xtdj","time":1612728424,"event":{"mods":["2.2 Compatiblity","AchievementEnabler","Act Like it!","Aspiration","BaseMod","Bestiary","Better Altar","Better Match","Better Note","Better Sensory Stone","Better Skull","Better Third Choice","BetterRewards","CatGirl Mod","Challenge The Spire","Colored Map","Colored Powertips","Curses Come First","Defuse TimeMaze Blight","Elementarium","Energized Spire","Fox Events","Friendly Minions","GifTheSpireLib","Halation","Hubris","Infinite Spire","Jedi Mod","Marked Mod","Menagerie","Minty Spire (QoL Compilation)","Pale of the Ancients","Potionbrewer","Rare Cards Sparkle","Relic Sorter","Relic Stats","Reliquary","Replay The Spire","Shop Mod","Somnambulant","Spicy Shops","Spikes Relics","Spire Arcade","StSLib","Stuff the Spire","The Blue Laboratory","The Marked","The Sage","Trackpad","Useless Jewels Mod","Wandering Minibosses"],"gold_per_floor":[114,129,129,154,178,213,213,229,229,229,54,80,80,98,98,98,98],"floor_reached":16,"language":"ENG","playtime":926,"items_purged":[],"score":104,"play_id":"b25ebcdf-6752-490e-bd6c-49f68496dc08","local_time":"20210207150704","is_ascension_mode":false,"campfire_choices":[{"floor":7,"key":"REST"},{"floor":15,"key":"REST"}],"circlet_count":0,"master_deck":["theMarked:Strike","theMarked:Strike","theMarked:Strike","theMarked:Strike","theMarked:Strike","theMarked:Defend","theMarked:Defend","theMarked:Defend","theMarked:Defend","theMarked:SoldierOfQuellstein","theMarked:AttractMetal","theMarked:EmpowerWeapon","theMarked:PowerFlow","theMarked:ParalyzingBlade","theMarked:Improvise","theMarked:MysticalArsenal","Mind Blast","theMarked:SelfDefenseTraining"],"relics":["theMarked:ArtifactOfAir","NeowsBlessing","Golden Idol","SpikesRelics:DaevaFist","Menagerie:HuntersKnife","halation:LostSnail"],"acts_visited":["Menagerie:Menagerie"],"potions_floor_usage":[6,10],"damage_taken":[{"damage":0,"enemies":"Menagerie:2_RABBITS","floor":1,"turns":1},{"damage":0,"enemies":"Menagerie:WhisperingWraith","floor":2,"turns":1},{"damage":1,"enemies":"Menagerie:MonstrousExperiment","floor":4,"turns":1},{"damage":14,"enemies":"Menagerie:RedMage","floor":5,"turns":4},{"damage":26,"enemies":"Menagerie:VoidReaper","floor":6,"turns":7},{"damage":15,"enemies":"Menagerie:DREAD_MOTH_AND_GRAFTED_WORMS","floor":8,"turns":6},{"damage":11,"enemies":"Menagerie:STYGIAN_BOAR_AND_WHISPERING_WRAITH","floor":12,"turns":5},{"damage":4,"enemies":"Menagerie:RedMage","floor":14,"turns":4},{"damage":23,"enemies":"Menagerie:Chimera","floor":16,"turns":10}],"seed_played":"-227515309616093072","potions_obtained":[{"floor":1,"key":"jedi:StrikingPotion"},{"floor":5,"key":"jedi:mysterypotion"}],"is_trial":false,"path_per_floor":["M","M","?","M","M","E","R","M","T","?","$","M","?","M","R","B"],"character_chosen":"THE_DEFAULT","items_purchased":["Mind Blast","halation:LostSnail"],"campfire_rested":2,"item_purchase_floors":[11,11],"current_hp_per_floor":[70,70,53,52,38,12,33,18,18,18,18,7,7,3,22,0,0],"gold":98,"neow_bonus":"THREE_ENEMY_KILL","is_daily":false,"chose_seed":false,"campfire_upgraded":0,"win_rate":0.0,"timestamp":1612728424,"path_taken":["M","M","?","M","M","E","R","?","T","?","?","?","?","M","R","BOSS"],"items_purchased_type":["Card","Relic"],"build_version":"2020-12-22","purchased_purges":0,"victory":false,"max_hp_per_floor":[70,70,70,70,70,70,70,70,70,65,65,65,65,65,65,65,65],"relic_stats":{"counters":[34,145],"Golden Idol":26,"obtain_stats":[{"Regal Pillow":22,"Calipers":0,"sagemod:Falmels_Amulet":17,"Menagerie:HuntersKnife":8,"Vajra":8,"aspiration:TomeofQuesting":30,"Juzu Bracelet":27,"hubris:EmptyBottle":26,"reliquary:HotPoker":9,"Nunchaku":12,"Ring of Peace":9,"Replay:Antivirus Software":24,"Replay:Bottled Eggs":10,"Cracked Core":0,"hubris:TinFlute":6,"BicycleWheel":9,"Potion Belt":26,"MerchantsRug":22,"potionbrewer:WarMedal":20,"NeowsBlessing":0,"Golden Idol":3,"ReplayTheSpireMod:Ring of Addiction":26,"reliquary:RosewoodLute":31,"Ring of Misfortune":4,"ReplayTheSpireMod:Ring of Collecting":4,"SpikesRelics:DaevaFist":6,"halation:LostSnail":11,"halation:PinkSoulGem":21},{"Regal Pillow":12,"Calipers":0,"sagemod:Falmels_Amulet":10,"Menagerie:HuntersKnife":21,"Vajra":6,"aspiration:TomeofQuesting":15,"Juzu Bracelet":15,"hubris:EmptyBottle":14,"reliquary:HotPoker":6,"Nunchaku":24,"Ring of Peace":6,"Replay:Antivirus Software":13,"Replay:Bottled Eggs":22,"Cracked Core":0,"hubris:TinFlute":5,"BicycleWheel":21,"Potion Belt":14,"MerchantsRug":12,"potionbrewer:WarMedal":12,"NeowsBlessing":16,"Golden Idol":27,"ReplayTheSpireMod:Ring of Addiction":14,"reliquary:RosewoodLute":15,"Ring of Misfortune":3,"ReplayTheSpireMod:Ring of Collecting":3,"SpikesRelics:DaevaFist":30,"halation:LostSnail":31,"halation:PinkSoulGem":12},{"Regal Pillow":42,"Calipers":0,"sagemod:Falmels_Amulet":33,"Menagerie:HuntersKnife":83,"Vajra":17,"aspiration:TomeofQuesting":60,"Juzu Bracelet":60,"hubris:EmptyBottle":54,"reliquary:HotPoker":17,"Nunchaku":100,"Ring of Peace":17,"Replay:Antivirus Software":47,"Replay:Bottled Eggs":90,"Cracked Core":0,"hubris:TinFlute":14,"BicycleWheel":83,"Potion Belt":54,"MerchantsRug":42,"potionbrewer:WarMedal":42,"NeowsBlessing":68,"Golden Idol":108,"ReplayTheSpireMod:Ring of Addiction":54,"reliquary:RosewoodLute":60,"Ring of Misfortune":7,"ReplayTheSpireMod:Ring of Collecting":7,"SpikesRelics:DaevaFist":120,"halation:LostSnail":126,"halation:PinkSoulGem":42}]},"card_choices":[{"not_picked":["theMarked:Panic","theMarked:Overcharge"],"picked":"theMarked:AttractMetal","floor":1},{"not_picked":["theMarked:BanishingStrike","theMarked:Improvise"],"picked":"theMarked:EmpowerWeapon","floor":2},{"not_picked":["theMarked:Reabsorb","theMarked:RepellingDischarge"],"picked":"theMarked:PowerFlow","floor":4},{"not_picked":["theMarked:Aftermath","theMarked:Overthink"],"picked":"theMarked:ParalyzingBlade","floor":5},{"not_picked":["theMarked:Parkour","theMarked:Heritage"],"picked":"theMarked:Improvise","floor":6},{"not_picked":["theMarked:ResourceFulStrike","theMarked:Parkour"],"picked":"theMarked:MysticalArsenal","floor":8},{"not_picked":["theMarked:SwordAndMagic","theMarked:ResourceFulStrike","theMarked:Improvise"],"picked":"SKIP","floor":12},{"not_picked":["theMarked:Aftermath","theMarked:Electrify"],"picked":"theMarked:SelfDefenseTraining","floor":14}],"player_experience":356353,"relics_obtained":[{"floor":6,"key":"SpikesRelics:DaevaFist"}],"event_choices":[{"damage_healed":0,"gold_gain":0,"player_choice":"Take Damage","damage_taken":17,"relics_obtained":["Golden Idol"],"max_hp_gain":0,"max_hp_loss":0,"event_name":"Golden Idol","floor":3,"gold_loss":0},{"damage_healed":0,"gold_gain":0,"player_choice":"Take","damage_taken":0,"relics_obtained":["Menagerie:HuntersKnife"],"max_hp_gain":0,"max_hp_loss":5,"event_name":"Menagerie:BigGameHunter","floor":10,"gold_loss":0}],"is_beta":false,"boss_relics":[],"items_purged_floors":[],"is_endless":false,"potions_floor_spawned":[1,5],"killed_by":"Menagerie:Chimera","ascension_level":0}}