{"host":"u0qetpmu4y58k1tf","time":1612703182,"event":{"mods":["AchievementEnabler","BaseMod","Colored Map","Colored Powertips","Hermit","Marisa£¨Ùöéë¡¡Øª×âÞÞ£©","Minty Spire (QoL Compilation)","Reliquary","Replay The Spire","StSLib","SuperFastMode","The Bug Knight","The Cursed","The Hierophant","The Runesmith"],"gold_per_floor":[118,118,43,125,136,167,167,197,197,197,209,219,249,249,249,350,350,361,376,389,488,488,519,434,434,484,502,502,537,299,299,299,330,330,350,350,330,189,189,189,210,210,210],"floor_reached":42,"language":"KOR","playtime":1748,"items_purged":["Strike_B","Shame","ReplayTheSpireMod:Splinters"],"score":625,"play_id":"921197f5-9bd7-407d-8651-87929c8fadc8","local_time":"20210207220622","is_ascension_mode":true,"campfire_choices":[{"data":"Dualcast","floor":7,"key":"SMITH"},{"data":"Redo","floor":10,"key":"SMITH"},{"data":"Zap","floor":15,"key":"SMITH"},{"data":"ReplayTheSpireMod:Calculation Training","floor":25,"key":"SMITH"},{"data":"Strike_B","floor":32,"key":"PURGE"}],"circlet_count":0,"master_deck":["Defend_B","Zap+1","Dualcast+1","Doom and Gloom","Storm","Redo+1","Turbo","Self Repair","ReplayTheSpireMod:Calculation Training+1","Echo Form","Static Discharge","Force Field+1","Skim","Machine Learning+1","Redo+1","Creative AI+1","Injury","BasicCrystalCard+1","Leap+1"],"relics":["Cracked Core","NeowsBlessing","FaceOfCleric","ReplayTheSpireMod:Shallot","reliquary:BallBearing","Torii","Question Card","Counterbalance","reliquary:FeatherDuster","Nuclear Battery","ReplayTheSpireMod:Ring of Collecting","Ring of Shattering","Golden Egg","Darkstone Periapt","Ring of Greed","Golden Idol","Replay:Wax Seal","Ring of Panic","HollowMod:LifeEnderRelic","Iron Hammer","Membership Card","FossilizedHelix","Kintsugi","Raider\u0027s Mask"],"acts_visited":["Exordium","TheCity","TheBeyond"],"potions_floor_usage":[8,13,16,29,33,33,41,42,42],"damage_taken":[{"damage":0,"enemies":"2 Louse","floor":1,"turns":1},{"damage":0,"enemies":"Cultist","floor":5,"turns":1},{"damage":0,"enemies":"3 Sentries","floor":6,"turns":1},{"damage":0,"enemies":"Lagavulin","floor":8,"turns":5},{"damage":0,"enemies":"Small Slimes","floor":11,"turns":2},{"damage":6,"enemies":"2 Fungi Beasts","floor":12,"turns":3},{"damage":36,"enemies":"Gremlin Nob","floor":13,"turns":4},{"damage":36,"enemies":"Slime Boss","floor":16,"turns":8},{"damage":18,"enemies":"Spheric Guardian","floor":18,"turns":4},{"damage":2,"enemies":"Shell Parasite","floor":19,"turns":4},{"damage":27,"enemies":"Cultist and Chosen","floor":20,"turns":6},{"damage":14,"enemies":"Replay:Snechameleon","floor":23,"turns":4},{"damage":23,"enemies":"Snake Plant","floor":27,"turns":4},{"damage":13,"enemies":"Gremlin Leader","floor":29,"turns":5},{"damage":10,"enemies":"Pondfish","floor":33,"turns":8},{"damage":40,"enemies":"3 Shapes","floor":35,"turns":4},{"damage":61,"enemies":"3 Darklings","floor":41,"turns":5},{"damage":58,"enemies":"Reptomancer","floor":42,"turns":3}],"seed_played":"-6572144831123672065","potions_obtained":[{"floor":5,"key":"EssenceOfSteel"},{"floor":12,"key":"EssenceOfSteel"},{"floor":13,"key":"SpeedPotion"},{"floor":16,"key":"FocusPotion"},{"floor":18,"key":"SpeedPotion"},{"floor":19,"key":"PotionOfCapacity"},{"floor":29,"key":"SkillPotion"},{"floor":33,"key":"FearPotion"},{"floor":37,"key":"Swift Potion"},{"floor":41,"key":"Regen Potion"}],"is_trial":false,"path_per_floor":["M","?","$","T","M","E","R","E","T","R","M","M","E","?","R","B",null,"M","M","M","?","?","E","?","R","T","M","T","E","$","?","R_BF","B",null,"M","?","?","$","PTL","PTL","M","E"],"character_chosen":"DEFECT","items_purchased":["Membership Card","FossilizedHelix","Raider\u0027s Mask"],"campfire_rested":0,"item_purchase_floors":[30,30,38],"current_hp_per_floor":[75,75,75,75,76,77,77,78,78,78,79,80,52,45,45,17,82,72,84,65,65,65,59,59,59,59,44,44,39,51,51,51,49,113,88,88,88,88,88,88,35,0,0],"gold":210,"neow_bonus":"THREE_ENEMY_KILL","is_daily":false,"chose_seed":false,"campfire_upgraded":4,"win_rate":0.0,"timestamp":1612703182,"path_taken":["M","?","$","?","M","E","R","E","T","R","M","M","E","?","R","BOSS","M","M","M","?","?","E","?","R","T","M","?","E","?","?","R_BF","BOSS","M","?","?","$","PTL","PTL","M","E"],"items_purchased_type":["Relic","Relic","Relic"],"build_version":"2020-12-22","purchased_purges":3,"victory":false,"max_hp_per_floor":[75,75,75,75,76,77,77,78,78,78,79,80,81,81,81,82,82,83,84,85,85,85,86,86,86,86,87,87,88,100,100,100,101,113,114,114,114,114,114,114,115,115,115],"card_choices":[{"not_picked":["Beam Cell","Stack"],"picked":"Doom and Gloom","floor":1},{"not_picked":["Compile Driver","Barrage"],"picked":"Storm","floor":5},{"not_picked":["Coolheaded","Heatsinks"],"picked":"Redo","floor":6},{"not_picked":["Fission","BasicCrystalCard"],"picked":"Turbo","floor":8},{"not_picked":["Undo","BasicCrystalCard","Rebound"],"picked":"Self Repair","floor":11},{"not_picked":["Sweeping Beam","ReplayTheSpireMod:Repulse","Turbo","Rebound"],"picked":"SKIP","floor":12},{"not_picked":["Hyperbeam","Beam Cell","Meteor Strike"],"picked":"ReplayTheSpireMod:Calculation Training","floor":13},{"not_picked":["ReplayTheSpireMod:Omega Cannon","Biased Cognition","Meteor Strike"],"picked":"Echo Form","floor":16},{"not_picked":["Beam Cell","Sweeping Beam","ReplayTheSpireMod:Reroute Power"],"picked":"Static Discharge","floor":18},{"not_picked":["Cold Snap","Genetic Algorithm","Go for the Eyes"],"picked":"Force Field+1","floor":19},{"not_picked":["Beam Cell","Turbo+1","Aggregate+1"],"picked":"Skim","floor":20},{"not_picked":["Scrape","Conserve Battery","Heatsinks+1"],"picked":"Machine Learning","floor":23},{"not_picked":["Compile Driver","Ball Lightning","BasicCrystalCard"],"picked":"Redo+1","floor":27},{"not_picked":["Gash","Hologram","Sunder+1","Melter"],"picked":"SKIP","floor":29},{"not_picked":["Multi-Cast","Biased Cognition","Electrodynamics"],"picked":"Creative AI","floor":33},{"not_picked":["Compile Driver","Ball Lightning+1","Turbo+1"],"picked":"BasicCrystalCard+1","floor":35},{"not_picked":["Hologram+1","Rebound","Steam+1"],"picked":"Leap+1","floor":41}],"player_experience":82469,"relics_obtained":[{"floor":4,"key":"ReplayTheSpireMod:Shallot"},{"floor":6,"key":"reliquary:BallBearing"},{"floor":8,"key":"Torii"},{"floor":9,"key":"Question Card"},{"floor":13,"key":"Counterbalance"},{"floor":22,"key":"ReplayTheSpireMod:Ring of Collecting"},{"floor":22,"key":"Ring of Shattering"},{"floor":23,"key":"Golden Egg"},{"floor":26,"key":"Ring of Greed"},{"floor":26,"key":"Golden Idol"},{"floor":26,"key":"Replay:Wax Seal"},{"floor":28,"key":"Ring of Panic"},{"floor":28,"key":"HollowMod:LifeEnderRelic"},{"floor":29,"key":"Iron Hammer"}],"event_choices":[{"damage_healed":0,"gold_gain":0,"player_choice":"Trade","damage_taken":0,"relics_obtained":["FaceOfCleric"],"max_hp_gain":0,"max_hp_loss":0,"event_name":"FaceTrader","floor":2,"gold_loss":0},{"damage_healed":0,"gold_gain":0,"player_choice":"Success","damage_taken":7,"relics_obtained":["reliquary:FeatherDuster"],"max_hp_gain":0,"max_hp_loss":0,"event_name":"Scrap Ooze","floor":14,"gold_loss":0},{"damage_healed":0,"gold_gain":99,"player_choice":"Stole From Cult","damage_taken":0,"max_hp_gain":0,"max_hp_loss":0,"event_name":"Nest","floor":21,"gold_loss":0},{"damage_healed":0,"gold_gain":0,"player_choice":"Obtained Relic","damage_taken":0,"relics_obtained":["Darkstone Periapt"],"max_hp_gain":0,"max_hp_loss":0,"event_name":"Addict","floor":24,"gold_loss":85},{"cards_removed":["Voices"],"damage_healed":0,"gold_gain":0,"player_choice":"Elegance","damage_taken":0,"max_hp_gain":0,"max_hp_loss":0,"event_name":"Back to Basics","floor":31,"gold_loss":0},{"damage_healed":0,"gold_gain":0,"player_choice":"Ignored","damage_taken":0,"max_hp_gain":0,"max_hp_loss":0,"event_name":"Tomb of Lord Red Mask","floor":36,"gold_loss":0},{"damage_healed":0,"gold_gain":0,"player_choice":"Bought 1 Potion","damage_taken":0,"max_hp_gain":0,"max_hp_loss":0,"event_name":"The Woman in Blue","floor":37,"gold_loss":0}],"is_beta":false,"boss_relics":[{"not_picked":["SlaversCollar","Replay:Wanted Poster"],"picked":"Nuclear Battery"},{"not_picked":["Fusion Hammer","FrozenCore"],"picked":"Kintsugi"}],"items_purged_floors":[3,30,38],"is_endless":false,"potions_floor_spawned":[5,12,13,16,18,19,29,33,41],"killed_by":"Reptomancer","ascension_level":3}}