{"host":"e7sl0pd4xxdbbdh2","time":1612660743,"event":{"mods":["AchievementEnabler","BaseMod","Colored Map","Colored Powertips","Minty Spire (QoL Compilation)","StSLib","SuperFastMode"],"gold_per_floor":[113,124,199,199,216,216,249,249,249,274,287,287,136,148,148,227,227,239,250,275,175,195,495,525,525,525,536,546,571,108,119,119,191,191,206,37,55,68,68,68,96,96,121,138,138,156,176,101,101,101,101],"floor_reached":50,"language":"SPA","playtime":3278,"items_purged":["Strike_G","Strike_G","Strike_G"],"score":1148,"play_id":"8f98c1ee-6416-49df-836b-cb42a8e8683c","local_time":"20210206221903","is_ascension_mode":true,"campfire_choices":[{"data":"Skewer","floor":6,"key":"SMITH"},{"data":"Calculated Gamble","floor":8,"key":"SMITH"},{"data":"Tactician","floor":12,"key":"SMITH"},{"data":"Leg Sweep","floor":15,"key":"SMITH"},{"floor":23,"key":"DIG"},{"floor":25,"key":"REST"},{"floor":32,"key":"REST"},{"floor":40,"key":"DIG"},{"floor":42,"key":"DIG"},{"floor":45,"key":"RECALL"},{"floor":49,"key":"REST"}],"circlet_count":0,"master_deck":["AscendersBane","Strike_G","Defend_G","Defend_G","Defend_G","Defend_G","Defend_G","Survivor","Neutralize","Backstab","Skewer+1","Calculated Gamble+1","Tactician+1","Eviscerate","Escape Plan","Calculated Gamble","Leg Sweep+1","Wraith Form v2","Acrobatics","Outmaneuver","Dagger Spray","Blur","Escape Plan","Night Terror","Acrobatics","Acrobatics","Backflip+1","Heel Hook","After Image","Eviscerate","Noxious Fumes"],"relics":["Runic Pyramid","Shovel","Mercury Hourglass","Gremlin Horn","Fusion Hammer","Pen Nib","Old Coin","Calipers","Kunai","Pear","White Beast Statue","SacredBark","OrangePellets","FossilizedHelix","Boot","Dream Catcher"],"acts_visited":["Exordium","TheCity","TheBeyond"],"potions_floor_usage":[24,27,29,31,33,41,44],"damage_taken":[{"damage":1,"enemies":"Small Slimes","floor":1,"turns":4},{"damage":0,"enemies":"Cultist","floor":2,"turns":4},{"damage":0,"enemies":"2 Louse","floor":5,"turns":2},{"damage":7,"enemies":"3 Sentries","floor":7,"turns":9},{"damage":7,"enemies":"Lagavulin","floor":10,"turns":6},{"damage":6,"enemies":"Red Slaver","floor":11,"turns":2},{"damage":0,"enemies":"2 Fungi Beasts","floor":14,"turns":2},{"damage":3,"enemies":"The Guardian","floor":16,"turns":12},{"damage":10,"enemies":"3 Byrds","floor":18,"turns":3},{"damage":0,"enemies":"Chosen","floor":19,"turns":4},{"damage":10,"enemies":"Snake Plant","floor":22,"turns":4},{"damage":0,"enemies":"Book of Stabbing","floor":24,"turns":4},{"damage":0,"enemies":"Cultist and Chosen","floor":27,"turns":5},{"damage":0,"enemies":"Snecko","floor":28,"turns":2},{"damage":27,"enemies":"Slavers","floor":29,"turns":6},{"damage":0,"enemies":"Centurion and Healer","floor":31,"turns":3},{"damage":6,"enemies":"Collector","floor":33,"turns":12},{"damage":12,"enemies":"3 Darklings","floor":35,"turns":6},{"damage":7,"enemies":"3 Shapes","floor":37,"turns":9},{"damage":11,"enemies":"Spire Growth","floor":38,"turns":8},{"damage":0,"enemies":"Reptomancer","floor":41,"turns":12},{"damage":0,"enemies":"Jaw Worm Horde","floor":44,"turns":5},{"damage":0,"enemies":"4 Shapes","floor":46,"turns":7},{"damage":0,"enemies":"Spire Growth","floor":47,"turns":7},{"damage":0,"enemies":"Time Eater","floor":50,"turns":2}],"seed_played":"-7543502476268540798","potions_obtained":[{"floor":7,"key":"Poison Potion"},{"floor":16,"key":"FearPotion"},{"floor":18,"key":"Energy Potion"},{"floor":24,"key":"LiquidBronze"},{"floor":31,"key":"PowerPotion"},{"floor":33,"key":"Explosive Potion"},{"floor":35,"key":"Weak Potion"},{"floor":41,"key":"Strength Potion"},{"floor":44,"key":"Explosive Potion"},{"floor":46,"key":"DuplicationPotion"}],"is_trial":false,"path_per_floor":["M","M","?","?","M","R","E","R","T","E","M","R","$","M","R","B",null,"M","M","T","$","M","R","E","R","T","M","M","E","$","M","R","B",null,"M","$","M","M","$","R","E","R","T","M","R","M","M","$","R","B"],"character_chosen":"THE_SILENT","items_purchased":["Calculated Gamble","White Beast Statue","Swift Potion","OrangePellets","Eviscerate"],"campfire_rested":3,"item_purchase_floors":[13,30,30,36,48],"current_hp_per_floor":[58,58,47,47,47,47,40,40,40,33,27,27,27,27,27,24,56,46,46,46,46,36,36,36,55,55,55,55,38,38,38,60,54,71,59,59,52,41,41,41,41,41,41,41,41,41,41,41,63,63,63],"gold":101,"neow_bonus":"BOSS_RELIC","is_daily":false,"chose_seed":false,"campfire_upgraded":4,"win_rate":0.0,"timestamp":1612660743,"path_taken":["M","M","?","?","M","R","E","R","T","E","M","R","$","?","R","BOSS","M","M","?","$","M","R","E","R","T","M","M","E","$","M","R","BOSS","M","$","M","M","$","R","E","R","T","M","R","M","M","$","R","BOSS"],"items_purchased_type":["Card","Relic","Potion","Relic","Card"],"build_version":"2020-12-22","purchased_purges":3,"victory":false,"max_hp_per_floor":[66,66,66,66,66,66,66,66,66,66,66,66,66,66,66,66,66,66,66,66,66,66,66,66,66,66,66,66,76,76,76,76,76,76,76,76,76,76,76,76,76,76,76,76,76,76,76,76,76,76,76],"card_choices":[{"not_picked":["Dagger Throw","Acrobatics"],"picked":"Backstab","floor":1},{"not_picked":["Poisoned Stab","Riddle With Holes"],"picked":"Skewer","floor":2},{"not_picked":["Flying Knee","Setup"],"picked":"Calculated Gamble","floor":5},{"not_picked":["Catalyst","Distraction"],"picked":"Tactician","floor":7},{"not_picked":["Bane","Cloak And Dagger"],"picked":"Eviscerate","floor":10},{"not_picked":["Prepared","Flying Knee"],"picked":"Escape Plan","floor":11},{"not_picked":["Flying Knee","Outmaneuver"],"picked":"Leg Sweep","floor":14},{"not_picked":["Night Terror","Die Die Die"],"picked":"Wraith Form v2","floor":16},{"not_picked":["Choke","Dagger Throw"],"picked":"Acrobatics","floor":18},{"not_picked":["Acrobatics","Prepared"],"picked":"Outmaneuver","floor":19},{"not_picked":["Deflect","Dagger Spray","Prepared"],"picked":"SKIP","floor":22},{"not_picked":["Deflect","Prepared"],"picked":"Dagger Spray","floor":22},{"not_picked":["All Out Attack","Setup","Bane"],"picked":"SKIP","floor":24},{"not_picked":["Underhanded Strike","Predator"],"picked":"Blur","floor":27},{"not_picked":["Cloak And Dagger","Crippling Poison","Outmaneuver"],"picked":"SKIP","floor":28},{"not_picked":["Sucker Punch","Choke"],"picked":"Escape Plan","floor":29},{"not_picked":["Concentrate","Deflect","Slice"],"picked":"SKIP","floor":31},{"not_picked":["Venomology","Tools of the Trade"],"picked":"Night Terror","floor":33},{"not_picked":["Well Laid Plans","Blade Dance"],"picked":"Acrobatics","floor":35},{"not_picked":["Distraction","Deflect","Poisoned Stab"],"picked":"SKIP","floor":37},{"not_picked":["Poisoned Stab+1","Catalyst"],"picked":"Acrobatics","floor":38},{"not_picked":["Dash","Storm of Steel"],"picked":"Backflip+1","floor":41},{"not_picked":["Endless Agony","Poisoned Stab+1","Cloak And Dagger"],"picked":"SKIP","floor":44},{"not_picked":["Slice","Deadly Poison"],"picked":"Heel Hook","floor":46},{"not_picked":["Bane","Dagger Spray"],"picked":"After Image","floor":47},{"not_picked":["Deflect","Skewer+1"],"picked":"Noxious Fumes","floor":49}],"player_experience":1678940,"relics_obtained":[{"floor":7,"key":"Shovel"},{"floor":9,"key":"Mercury Hourglass"},{"floor":10,"key":"Gremlin Horn"},{"floor":20,"key":"Pen Nib"},{"floor":23,"key":"Old Coin"},{"floor":24,"key":"Calipers"},{"floor":26,"key":"Kunai"},{"floor":29,"key":"Pear"},{"floor":40,"key":"FossilizedHelix"},{"floor":41,"key":"Boot"},{"floor":42,"key":"Dream Catcher"}],"event_choices":[{"damage_healed":0,"gold_gain":75,"player_choice":"Gather Gold","damage_taken":11,"max_hp_gain":0,"max_hp_loss":0,"event_name":"World of Goop","floor":3,"gold_loss":0},{"cards_removed":["Strike_G"],"damage_healed":0,"gold_gain":0,"player_choice":"Offered Basic","damage_taken":0,"max_hp_gain":0,"max_hp_loss":0,"event_name":"Bonfire Elementals","floor":4,"gold_loss":0}],"is_beta":false,"boss_relics":[{"not_picked":["Black Star","Calling Bell"],"picked":"Fusion Hammer"},{"not_picked":["SlaversCollar","Tiny House"],"picked":"SacredBark"}],"items_purged_floors":[13,21,30],"is_endless":false,"potions_floor_spawned":[7,16,18,24,31,33,35,37,38,41,44,46,47],"killed_by":"Time Eater","ascension_level":20}}