{"host":"p0hktren06injwdf","time":1612720354,"event":{"mods":["AchievementEnabler","BaseMod","Colored Map","DeckTracker","Minty Spire (QoL Compilation)","Permanent Neow","StSLib","SuperFastMode"],"gold_per_floor":[112,92,110,120,136,136,165,183,210,222,245,309,351,381,393,483,495,479,491,522,534,546,558,570,582,582],"floor_reached":25,"language":"KOR","playtime":407,"items_purged":[],"score":406,"play_id":"2608740e-2e2f-4848-ab25-b0f69d7c13d5","local_time":"20210208025234","is_ascension_mode":true,"campfire_choices":[{"data":"Armaments","floor":6.0,"key":"SMITH"},{"data":"Blood for Blood","floor":10,"key":"SMITH"},{"data":"Disarm","floor":15,"key":"SMITH"},{"data":"Immolate","floor":23,"key":"SMITH"}],"circlet_count":0,"master_deck":["AscendersBane","Strike_R","Strike_R","Strike_R","Strike_R","Strike_R","Defend_R","Defend_R","Defend_R","Defend_R","Bash","Armaments+1","Anger","Reckless Charge","Headbutt","Blood for Blood+1","Second Wind","Shrug It Off","Disarm+1","Immolate+1"],"relics":["Black Blood","Singing Bowl","MawBank","Nilry\u0027s Codex"],"acts_visited":["Exordium","TheCity"],"potions_floor_usage":[16],"damage_taken":[{"damage":4.0,"enemies":"2 Louse","floor":1.0,"turns":3.0},{"damage":6.0,"enemies":"Cultist","floor":3.0,"turns":3.0},{"damage":2.0,"enemies":"Jaw Worm","floor":4.0,"turns":3.0},{"damage":11.0,"enemies":"2 Fungi Beasts","floor":5.0,"turns":4.0},{"damage":41.0,"enemies":"Lagavulin","floor":7.0,"turns":8.0},{"damage":10,"enemies":"Large Slime","floor":8,"turns":5},{"damage":6,"enemies":"Looter","floor":11,"turns":4},{"damage":10,"enemies":"2 Fungi Beasts","floor":14,"turns":3},{"damage":35,"enemies":"Hexaghost","floor":16,"turns":12},{"damage":15,"enemies":"2 Thieves","floor":18,"turns":4},{"damage":41,"enemies":"3 Byrds","floor":20,"turns":6},{"damage":42,"enemies":"Gremlin Leader","floor":25,"turns":4}],"seed_played":"-8750437872152562573","potions_obtained":[{"floor":2.0,"key":"Regen Potion"},{"floor":4.0,"key":"Ancient Potion"},{"floor":8,"key":"LiquidMemories"},{"floor":16,"key":"Ancient Potion"}],"is_trial":false,"path_per_floor":["M","?","M","M","M","R","E","M","T","R","M","?","?","M","R","B",null,"M","?","M","$","?","R","?","E"],"character_chosen":"IRONCLAD","items_purchased":[],"campfire_rested":0,"item_purchase_floors":[],"current_hp_per_floor":[70,70,70,74,69,69,46,42,42,42,42,42,42,40,40,11,61,60,60,33,33,49,49,28,0,0],"gold":582,"neow_bonus":"THREE_CARDS","is_daily":false,"chose_seed":false,"campfire_upgraded":4,"win_rate":0.0,"timestamp":1612720354,"path_taken":["M","?","M","M","?","R","E","M","T","R","M","?","?","M","R","BOSS","M","?","M","$","?","R","?","E"],"items_purchased_type":[],"build_version":"2020-12-22","purchased_purges":0,"victory":false,"max_hp_per_floor":[75,75,75,75,75,75,75,75,75,75,75,75,75,77,77,77,77,79,79,81,81,81,81,81,81,81],"card_choices":[{"not_picked":["True Grit","Heavy Blade"],"picked":"Armaments","floor":0.0},{"not_picked":["Clash","Clothesline"],"picked":"Anger","floor":1.0},{"not_picked":["Heavy Blade","Anger"],"picked":"Reckless Charge","floor":3.0},{"not_picked":["Twin Strike","Brutality"],"picked":"Headbutt","floor":4.0},{"not_picked":["Perfected Strike","Infernal Blade"],"picked":"Blood for Blood","floor":5.0},{"not_picked":["Pommel Strike","Heavy Blade"],"picked":"Second Wind","floor":7.0},{"not_picked":["Clash","Heavy Blade"],"picked":"Shrug It Off","floor":8},{"not_picked":["Whirlwind","Sentinel"],"picked":"Disarm","floor":11},{"not_picked":["Carnage","Perfected Strike","Reckless Charge"],"picked":"Singing Bowl","floor":14},{"not_picked":["Exhume","Corruption"],"picked":"Immolate","floor":16},{"not_picked":["Flex","Havoc+1","Perfected Strike"],"picked":"Singing Bowl","floor":18},{"not_picked":["Heavy Blade","Reckless Charge","Cleave"],"picked":"Singing Bowl","floor":20}],"player_experience":1027163,"relics_obtained":[{"floor":7.0,"key":"Singing Bowl"},{"floor":9,"key":"MawBank"},{"floor":24,"key":"Nilry\u0027s Codex"}],"event_choices":[{"damage_healed":0.0,"max_hp_gain":0.0,"max_hp_loss":0.0,"gold_gain":0.0,"event_name":"The Woman in Blue","player_choice":"Bought 1 Potion","floor":2.0,"gold_loss":0.0,"damage_taken":0.0},{"damage_healed":0,"gold_gain":52,"player_choice":"Gained Gold","damage_taken":0,"max_hp_gain":0,"max_hp_loss":0,"event_name":"Golden Wing","floor":12,"gold_loss":0},{"damage_healed":0,"gold_gain":30,"player_choice":"Searched \u00272\u0027 times","damage_taken":0,"max_hp_gain":0,"max_hp_loss":0,"event_name":"Dead Adventurer","floor":13,"gold_loss":0},{"damage_healed":0,"gold_gain":0,"player_choice":"Ignored","damage_taken":0,"max_hp_gain":0,"max_hp_loss":0,"event_name":"The Mausoleum","floor":19,"gold_loss":0},{"damage_healed":16,"gold_gain":0,"player_choice":"Heal","damage_taken":0,"max_hp_gain":0,"max_hp_loss":0,"event_name":"The Library","floor":22,"gold_loss":0},{"damage_healed":0,"gold_gain":0,"player_choice":"Obtained Book","damage_taken":21,"max_hp_gain":0,"max_hp_loss":0,"event_name":"Cursed Tome","floor":24,"gold_loss":0}],"is_beta":false,"boss_relics":[{"not_picked":["Ectoplasm","Black Star"],"picked":"Black Blood"}],"items_purged_floors":[],"is_endless":false,"potions_floor_spawned":[4,5,8,14,16,20],"killed_by":"Gremlin Leader","ascension_level":20}}