{"host":"zmnaju399zpax9sm","time":1612718561,"event":{"mods":["BaseMod","Hermit","Minty Spire (QoL Compilation)","StSLib","The Cursed","The Poker Player","The Runesmith"],"gold_per_floor":[112,125,144,144,94,127,202,202,202,202,216,228,228,258,258,361,361,374,3,303,243,261,288,299,46,46,46,71,83,94,113,113,218,218,232,282,298,298,308,308,308,308],"floor_reached":40,"language":"KOR","playtime":3134,"items_purged":["PokerPlayerMod:Diamond1","PokerPlayerMod:Spade1"],"score":463,"play_id":"6b643943-edc6-459e-b184-0d7b9d1b82dd","local_time":"20210208022241","is_ascension_mode":false,"metric_token":478,"campfire_choices":[{"floor":8.0,"key":"REST"},{"data":"PokerPlayerMod:Club2","floor":13.0,"key":"SMITH"},{"data":"PokerPlayerMod:Raise","floor":15.0,"key":"SMITH"},{"data":"PokerPlayerMod:ClubShade","floor":27.0,"key":"SMITH"},{"data":"PokerPlayerMod:Spade2","floor":32.0,"key":"SMITH"}],"circlet_count":0,"master_deck":["PokerPlayerMod:Diamond2","PokerPlayerMod:Diamond3","PokerPlayerMod:Diamond4","PokerPlayerMod:Diamond5","PokerPlayerMod:Spade3","PokerPlayerMod:Spade3","PokerPlayerMod:Spade5","PokerPlayerMod:Club3","PokerPlayerMod:Heart2","PokerPlayerMod:BadJoker","PokerPlayerMod:Mulligan","PokerPlayerMod:Spade6","PokerPlayerMod:WasteCollection","PokerPlayerMod:Club3","PokerPlayerMod:Club3","PokerPlayerMod:Club4","PokerPlayerMod:Club5","PokerPlayerMod:Club6","PokerPlayerMod:Spade5","PokerPlayerMod:Spade6","PokerPlayerMod:Raise+1","PokerPlayerMod:ChangeRules","PokerPlayerMod:ClubShade+1","PokerPlayerMod:Club10+","PokerPlayerMod:Club5","PokerPlayerMod:Club5","PokerPlayerMod:Duplicate","PokerPlayerMod:Configure+1"],"relics":["PokerPlayerMod:DeckCase","NeowsBlessing","Du-Vu Doll","Runesmith:Nanobots","The Courier","Empty Cage","FossilizedHelix","PokerPlayerMod:Splitter","Old Coin","Smiling Mask","Oddly Smooth Stone","Meat on the Bone","Sozu","Incense Burner"],"acts_visited":["Exordium","TheCity","TheBeyond"],"potions_floor_usage":[40],"damage_taken":[{"damage":0.0,"enemies":"Cultist","floor":1.0,"turns":1.0},{"damage":0.0,"enemies":"Jaw Worm","floor":2.0,"turns":1.0},{"damage":0.0,"enemies":"Small Slimes","floor":3.0,"turns":1.0},{"damage":26.0,"enemies":"Gremlin Nob","floor":6.0,"turns":6.0},{"damage":3.0,"enemies":"Looter","floor":11.0,"turns":2.0},{"damage":0.0,"enemies":"2 Fungi Beasts","floor":12.0,"turns":2.0},{"damage":15.0,"enemies":"Lagavulin","floor":14.0,"turns":4.0},{"damage":1.0,"enemies":"Hexaghost","floor":16.0,"turns":8.0},{"damage":0.0,"enemies":"Spheric Guardian","floor":18.0,"turns":1.0},{"damage":0.0,"enemies":"Shell Parasite","floor":22.0,"turns":3.0},{"damage":9.0,"enemies":"Gremlin Leader","floor":23.0,"turns":4.0},{"damage":0.0,"enemies":"Shelled Parasite and Fungi","floor":24.0,"turns":2.0},{"damage":0.0,"enemies":"Slavers","floor":28.0,"turns":2.0},{"damage":3.0,"enemies":"Centurion and Healer","floor":29.0,"turns":3.0},{"damage":0.0,"enemies":"Sentry and Sphere","floor":30.0,"turns":2.0},{"damage":0.0,"enemies":"Shelled Parasite and Fungi","floor":31.0,"turns":2.0},{"damage":2.0,"enemies":"Champ","floor":33.0,"turns":10.0},{"damage":0.0,"enemies":"3 Darklings","floor":35.0,"turns":2.0},{"damage":0.0,"enemies":"Mind Bloom Boss Battle","floor":36.0,"turns":5.0},{"damage":0.0,"enemies":"Orb Walker","floor":37.0,"turns":2.0},{"damage":0.0,"enemies":"Spire Growth","floor":39.0,"turns":4.0},{"damage":63,"enemies":"Giant Head","floor":40,"turns":11}],"seed_played":"-7049877249835088651","potions_obtained":[{"floor":3.0,"key":"PowerPotion"},{"floor":12.0,"key":"Ancient Potion"},{"floor":16.0,"key":"DuplicationPotion"},{"floor":24.0,"key":"Ancient Potion"},{"floor":29.0,"key":"Fire Potion"}],"is_trial":false,"path_per_floor":["M","M","M","?","?","E","?","R","T","?","M","M","R","E","R","B",null,"M","$","T","$","M","E","M","$","T","R","E","M","M","M","R","B",null,"M","?","M","?","M","E"],"character_chosen":"THE_POKER_PLAYER","items_purchased":["FossilizedHelix","PokerPlayerMod:Splitter","PokerPlayerMod:ClubShade","Fruit Juice","Oddly Smooth Stone"],"campfire_rested":1,"item_purchase_floors":[19,19,19,25,25],"current_hp_per_floor":[52,52,52,42,42,16,5,20,20,20,19,27,27,17,17,23,52,52,52,52,52,52,43,52,57,57,57,57,54,54,54,54,57,57,57,57,57,57,57,0,0,0],"gold":308,"neow_bonus":"THREE_ENEMY_KILL","is_daily":false,"chose_seed":false,"campfire_upgraded":4,"win_rate":0.0,"timestamp":1612718561,"path_taken":["M","M","?","?","?","E","?","R","T","?","?","M","R","E","R","BOSS","M","$","?","?","M","E","M","$","T","R","E","M","M","M","R","BOSS","M","?","M","?","M","E"],"items_purchased_type":["Relic","Relic","Card","Potion","Relic"],"build_version":"2020-12-22","purchased_purges":2,"victory":false,"max_hp_per_floor":[52,52,52,52,52,52,52,52,52,52,52,52,52,52,52,52,52,52,52,52,52,52,52,52,57,57,57,57,57,57,57,57,57,57,57,57,57,57,57,57,57,57],"card_choices":[{"not_picked":["PokerPlayerMod:Diamond3","PokerPlayerMod:Club1"],"picked":"PokerPlayerMod:RiskyBet","floor":1.0},{"not_picked":["PokerPlayerMod:Diamond4","PokerPlayerMod:CloakAndDiamond"],"picked":"PokerPlayerMod:Spade6","floor":2.0},{"not_picked":["PokerPlayerMod:CardBurn","PokerPlayerMod:CloakAndDiamond"],"picked":"PokerPlayerMod:HiddenCard","floor":3.0},{"not_picked":["PokerPlayerMod:Club3","PokerPlayerMod:MagicTrick"],"picked":"PokerPlayerMod:WasteCollection","floor":6.0},{"not_picked":["PokerPlayerMod:Diamond1","PokerPlayerMod:Heart2"],"picked":"PokerPlayerMod:Spade5","floor":11.0},{"not_picked":["PokerPlayerMod:Diamond2","PokerPlayerMod:RiskyBet"],"picked":"PokerPlayerMod:Spade6","floor":12.0},{"not_picked":["PokerPlayerMod:Spade1","PokerPlayerMod:ClubDance"],"picked":"PokerPlayerMod:Raise","floor":14.0},{"not_picked":["PokerPlayerMod:WildCard","PokerPlayerMod:ItsShowtime"],"picked":"PokerPlayerMod:ChangeRules","floor":16.0},{"not_picked":["PokerPlayerMod:Trickery","PokerPlayerMod:Diamond1","PokerPlayerMod:Extraction"],"picked":"SKIP","floor":18.0},{"not_picked":["PokerPlayerMod:Club2","PokerPlayerMod:SecondChance+1"],"picked":"PokerPlayerMod:Club10+","floor":22.0},{"not_picked":["PokerPlayerMod:Diamond5","PokerPlayerMod:MagicTrick","PokerPlayerMod:Diamond3"],"picked":"SKIP","floor":23.0},{"not_picked":["PokerPlayerMod:HeartStrike+1","PokerPlayerMod:CardBurn","PokerPlayerMod:Spade2"],"picked":"SKIP","floor":24.0},{"not_picked":["PokerPlayerMod:Raise","PokerPlayerMod:DartThrow"],"picked":"PokerPlayerMod:Club5","floor":28.0},{"not_picked":["PokerPlayerMod:Trickery+1","PokerPlayerMod:Diamond2","PokerPlayerMod:Club4"],"picked":"SKIP","floor":29.0},{"not_picked":["PokerPlayerMod:Diamond1","PokerPlayerMod:CardPrinter","PokerPlayerMod:Diamond2"],"picked":"SKIP","floor":30.0},{"not_picked":["PokerPlayerMod:Club1","PokerPlayerMod:Fold"],"picked":"PokerPlayerMod:Club5","floor":31.0},{"not_picked":["PokerPlayerMod:Diamond9","PokerPlayerMod:Spade8"],"picked":"PokerPlayerMod:Duplicate","floor":33.0},{"not_picked":["PokerPlayerMod:Spade1","PokerPlayerMod:Spade3"],"picked":"PokerPlayerMod:Configure+1","floor":35.0},{"not_picked":["PokerPlayerMod:Club3","PokerPlayerMod:CloakAndDiamond","PokerPlayerMod:Configure+1"],"picked":"SKIP","floor":37.0},{"not_picked":["PokerPlayerMod:Diamond3","PokerPlayerMod:Spade4","PokerPlayerMod:Diamond4"],"picked":"SKIP","floor":39.0}],"player_experience":480986,"relics_obtained":[{"floor":6.0,"key":"Du-Vu Doll"},{"floor":9.0,"key":"Runesmith:Nanobots"},{"floor":14.0,"key":"The Courier"},{"floor":20.0,"key":"Old Coin"},{"floor":23.0,"key":"Smiling Mask"},{"floor":28.0,"key":"Meat on the Bone"},{"floor":36.0,"key":"Incense Burner"}],"event_choices":[{"damage_healed":0.0,"max_hp_gain":0.0,"max_hp_loss":0.0,"gold_gain":0.0,"event_name":"Shining Light","player_choice":"Entered Light","floor":4.0,"gold_loss":0.0,"damage_taken":10.0,"cards_upgraded":["PokerPlayerMod:Spade5","PokerPlayerMod:Club3"]},{"cards_removed":["PokerPlayerMod:Club1"],"damage_healed":0.0,"max_hp_gain":0.0,"max_hp_loss":0.0,"gold_gain":0.0,"event_name":"The Cleric","player_choice":"Card Removal","floor":5.0,"gold_loss":50.0,"damage_taken":0.0},{"damage_healed":0.0,"max_hp_gain":0.0,"max_hp_loss":0.0,"gold_gain":75.0,"event_name":"World of Goop","player_choice":"Gather Gold","floor":7.0,"gold_loss":0.0,"damage_taken":11.0},{"damage_healed":0.0,"max_hp_gain":0.0,"max_hp_loss":0.0,"gold_gain":0.0,"event_name":"PokerPlayerMod:ExordiumClub","player_choice":"Jackpot","floor":10.0,"gold_loss":0.0,"damage_taken":0.0,"cards_obtained":["PokerPlayerMod:Club2","PokerPlayerMod:Club3","PokerPlayerMod:Club4","PokerPlayerMod:Club5","PokerPlayerMod:Club6"]},{"damage_healed":0.0,"max_hp_gain":0.0,"max_hp_loss":0.0,"gold_gain":0.0,"event_name":"PokerPlayerMod:ExordiumClub","player_choice":"Jackpot","floor":10.0,"gold_loss":0.0,"damage_taken":0.0,"cards_obtained":["PokerPlayerMod:Club2","PokerPlayerMod:Club3","PokerPlayerMod:Club4","PokerPlayerMod:Club5","PokerPlayerMod:Club6"]},{"damage_healed":0.0,"max_hp_gain":0.0,"max_hp_loss":0.0,"gold_gain":0.0,"event_name":"PokerPlayerMod:ExordiumClub","player_choice":"Jackpot","floor":10.0,"gold_loss":0.0,"damage_taken":0.0,"cards_obtained":["PokerPlayerMod:Club2","PokerPlayerMod:Club3","PokerPlayerMod:Club4","PokerPlayerMod:Club5","PokerPlayerMod:Club6"]},{"damage_healed":0.0,"max_hp_gain":0.0,"max_hp_loss":0.0,"gold_gain":0.0,"event_name":"PokerPlayerMod:ExordiumClub","player_choice":"Jackpot","floor":10.0,"gold_loss":0.0,"damage_taken":0.0,"cards_obtained":["PokerPlayerMod:Club2","PokerPlayerMod:Club3","PokerPlayerMod:Club4","PokerPlayerMod:Club5","PokerPlayerMod:Club6"]},{"damage_healed":0.0,"max_hp_gain":0.0,"max_hp_loss":0.0,"gold_gain":0.0,"event_name":"PokerPlayerMod:ExordiumClub","player_choice":"Jackpot","floor":10.0,"gold_loss":0.0,"damage_taken":0.0,"cards_obtained":["PokerPlayerMod:Club2","PokerPlayerMod:Club3","PokerPlayerMod:Club4","PokerPlayerMod:Club5","PokerPlayerMod:Club6"]},{"damage_healed":0.0,"max_hp_gain":0.0,"max_hp_loss":0.0,"gold_gain":0.0,"event_name":"MindBloom","player_choice":"Fight","floor":36.0,"gold_loss":0.0,"damage_taken":0.0},{"cards_removed":["PokerPlayerMod:TrumpStrike"],"damage_healed":0.0,"max_hp_gain":0.0,"max_hp_loss":0.0,"gold_gain":0.0,"event_name":"Falling","player_choice":"Removed Attack","floor":38.0,"gold_loss":0.0,"damage_taken":0.0}],"is_beta":false,"boss_relics":[{"not_picked":["Ectoplasm","PokerPlayerMod:AceCard"],"picked":"Empty Cage"},{"not_picked":["Astrolabe","Fusion Hammer"],"picked":"Sozu"}],"items_purged_floors":[21,25],"is_endless":false,"potions_floor_spawned":[3,12,16,18,22,24,29,30,36,39],"killed_by":"Giant Head","ascension_level":0}}