{"host":"fevvm7bbzuh4s1jc","time":1612656139,"event":{"mods":["BaseMod","Highlight Path","Minty Spire (QoL Compilation)","Relic Stats"],"gold_per_floor":[11,21,21,21,21,21,61,61,61,94,118,139,139,160,160,256,256,269,288,46,69,69,100,100,131,158,176,209,230,230,230,230,323,323,338,338,60,60,393,422,422,448,500,500,517,542,542,542,542,542,542,542,542,178,209,209],"floor_reached":57,"language":"ENG","playtime":4796,"items_purged":["Strike_P","Strike_P+1","FollowUp+1"],"score":3148,"play_id":"bea142c7-5d69-452e-8e2d-c7f6d3495797","local_time":"20210206190219","is_ascension_mode":true,"campfire_choices":[{"data":"EmptyFist","floor":6.0,"key":"SMITH"},{"data":"FollowUp","floor":8.0,"key":"SMITH"},{"data":"Eruption","floor":13.0,"key":"SMITH"},{"data":"SpiritShield","floor":15.0,"key":"SMITH"},{"data":"Nirvana","floor":24.0,"key":"SMITH"},{"data":"Strike_P+1","floor":30.0,"key":"PURGE"},{"data":"Defend_P+1","floor":32.0,"key":"PURGE"},{"floor":41.0,"key":"RECALL"},{"data":"Writhe","floor":44,"key":"PURGE"},{"data":"Defend_P+1","floor":47,"key":"PURGE"},{"data":"Defend_P+1","floor":49,"key":"PURGE"},{"data":"CarveReality","floor":53,"key":"PURGE"}],"circlet_count":0,"master_deck":["AscendersBane","Eruption+1","Vigilance","Vengeance","SpiritShield+1","EmptyFist+1","Perseverance+1","CutThroughFate","CutThroughFate","ThirdEye+1","Establishment","CurseOfTheBell","CutThroughFate","Nirvana+1","WaveOfTheHand+1","Wireheading+1","CrushJoints+1","Meditate+1","CutThroughFate","Master of Strategy+1","Apotheosis+1","TalkToTheHand","Nirvana","Finesse+1"],"relics":["PureWater","Toy Ornithopter","Gambling Chip","Toxic Egg 2","Ancient Tea Set","Calling Bell","Happy Flower","Ornamental Fan","Peace Pipe","Bag of Preparation","Singing Bowl","Art of War","Thread and Needle","Cursed Key","Eternal Feather","PreservedInsect","Incense Burner","Pen Nib"],"acts_visited":["Exordium","TheCity","TheBeyond","TheEnding"],"potions_floor_usage":[50,56,56],"damage_taken":[{"damage":9.0,"enemies":"2 Louse","floor":1.0,"turns":2.0},{"damage":5.0,"enemies":"Small Slimes","floor":2.0,"turns":2.0},{"damage":11.0,"enemies":"3 Sentries","floor":7.0,"turns":4.0},{"damage":6.0,"enemies":"Gremlin Nob","floor":10.0,"turns":3.0},{"damage":0.0,"enemies":"Jaw Worm","floor":11.0,"turns":2.0},{"damage":0.0,"enemies":"3 Louse","floor":12.0,"turns":1.0},{"damage":0.0,"enemies":"Blue Slaver","floor":14.0,"turns":2.0},{"damage":20.0,"enemies":"Hexaghost","floor":16.0,"turns":8.0},{"damage":0.0,"enemies":"Spheric Guardian","floor":18.0,"turns":3.0},{"damage":2.0,"enemies":"2 Thieves","floor":19.0,"turns":4.0},{"damage":15.0,"enemies":"Sentry and Sphere","floor":21.0,"turns":9.0},{"damage":26.0,"enemies":"Slavers","floor":23.0,"turns":8.0},{"damage":0.0,"enemies":"Book of Stabbing","floor":25.0,"turns":5.0},{"damage":0.0,"enemies":"Snecko","floor":27.0,"turns":6.0},{"damage":0.0,"enemies":"Gremlin Leader","floor":28.0,"turns":5.0},{"damage":0.0,"enemies":"Snake Plant","floor":29.0,"turns":5.0},{"damage":0.0,"enemies":"Collector","floor":33.0,"turns":11.0},{"damage":0.0,"enemies":"3 Darklings","floor":35.0,"turns":4.0},{"damage":0.0,"enemies":"Giant Head","floor":40.0,"turns":7.0},{"damage":0,"enemies":"Reptomancer","floor":42,"turns":4},{"damage":0,"enemies":"Orb Walker","floor":45,"turns":2},{"damage":0,"enemies":"Mind Bloom Boss Battle","floor":46,"turns":5},{"damage":19,"enemies":"Time Eater","floor":50,"turns":14},{"damage":0,"enemies":"Awakened One","floor":51,"turns":8},{"damage":0,"enemies":"Shield and Spear","floor":55,"turns":5},{"damage":29,"enemies":"The Heart","floor":56,"turns":9}],"seed_played":"-806613986910573369","potions_obtained":[{"floor":1.0,"key":"BlessingOfTheForge"},{"floor":2.0,"key":"Ancient Potion"},{"floor":10.0,"key":"Regen Potion"},{"floor":12.0,"key":"Block Potion"},{"floor":16.0,"key":"DuplicationPotion"},{"floor":19.0,"key":"Dexterity Potion"},{"floor":21.0,"key":"SmokeBomb"},{"floor":25.0,"key":"Energy Potion"},{"floor":28.0,"key":"Ancient Potion"},{"floor":40.0,"key":"PowerPotion"}],"is_trial":false,"path_per_floor":["M","M","?","?","?","R","E","R","T","E","M","M","R","M","R","B",null,"M","M","$","M","?","E","R","E","T","M","E","M","R","?","R","B",null,"M","?","$","?","?","E","R","E","T","R","M","?","R","?","R","B","B",null,"R","$","E","B",null],"character_chosen":"WATCHER","items_purchased":["Nirvana","WaveOfTheHand+1","Master of Strategy+1","Nirvana","Swift Potion","Finesse+1"],"campfire_rested":0,"item_purchase_floors":[20,20,37,54,54,54],"current_hp_per_floor":[52,47,47,47,42,42,36,36,36,30,30,30,30,30,30,10,49,62,60,60,50,50,29,29,31,31,33,35,35,35,35,35,37,62,62,62,62,56,56,58,73,73,73,76,78,80,80,80,80,66,66,77,80,80,82,53],"gold":209,"neow_bonus":"TRANSFORM_TWO_CARDS","is_daily":false,"chose_seed":false,"campfire_upgraded":5,"win_rate":0.0,"timestamp":1612656139,"path_taken":["M","M","?","?","?","R","E","R","T","E","M","M","R","M","R","BOSS","M","M","$","M","?","E","R","E","T","M","E","M","R","?","R","BOSS","M","?","$","?","?","E","R","E","T","R","M","?","R","?","R","BOSS","BOSS","R","$","E","BOSS"],"items_purchased_type":["Card","Card","Card","Card","Potion","Card"],"build_version":"2020-12-22","purchased_purges":3,"victory":true,"max_hp_per_floor":[68,68,62,62,62,62,62,62,62,62,62,62,62,62,62,62,62,62,62,62,62,62,62,62,64,64,66,68,68,68,68,68,70,70,70,70,70,74,74,76,76,76,76,76,78,80,80,80,80,80,80,80,80,80,82,82],"relic_stats":{"Happy Flower":[38],"Singing Bowl":20,"counters":[26,138],"Eternal Feather":21,"PreservedInsect":77,"Pen Nib":[4],"Bag of Preparation":[28],"Cursed Key":1,"Peace Pipe":7,"Ornamental Fan":[396],"Gambling Chip":[96],"Art of War":[6],"obtain_stats":[{"Happy Flower":17,"Singing Bowl":25,"Golden Idol":3,"Thread and Needle":28,"Eternal Feather":40,"PreservedInsect":42,"Pen Nib":55,"Bag of Preparation":23,"Incense Burner":46,"Ancient Tea Set":10,"Cursed Key":34,"Calling Bell":17,"Peace Pipe":17,"Ornamental Fan":17,"Gambling Chip":7,"Art of War":26,"PureWater":0,"Toxic Egg 2":9,"Toy Ornithopter":5},{"Happy Flower":8,"Singing Bowl":13,"Golden Idol":2,"Thread and Needle":15,"Eternal Feather":19,"PreservedInsect":20,"Pen Nib":25,"Bag of Preparation":12,"Incense Burner":22,"Ancient Tea Set":4,"Cursed Key":17,"Calling Bell":8,"Peace Pipe":8,"Ornamental Fan":8,"Gambling Chip":3,"Art of War":13,"PureWater":0,"Toxic Egg 2":3,"Toy Ornithopter":2},{"Happy Flower":24,"Singing Bowl":53,"Golden Idol":4,"Thread and Needle":64,"Eternal Feather":91,"PreservedInsect":95,"Pen Nib":129,"Bag of Preparation":48,"Incense Burner":102,"Ancient Tea Set":11,"Cursed Key":80,"Calling Bell":24,"Peace Pipe":24,"Ornamental Fan":24,"Gambling Chip":8,"Art of War":53,"PureWater":0,"Toxic Egg 2":8,"Toy Ornithopter":4}],"Toy Ornithopter":25},"card_choices":[{"not_picked":["Swivel","EmptyMind"],"picked":"FollowUp","floor":1.0},{"not_picked":["Consecrate","Nirvana"],"picked":"EmptyFist","floor":2.0},{"not_picked":["Consecrate","DeceiveReality"],"picked":"CarveReality","floor":7.0},{"not_picked":["Consecrate","CrushJoints"],"picked":"Perseverance+1","floor":10.0},{"not_picked":["Prostrate+1","Fasting2"],"picked":"CutThroughFate","floor":11.0},{"not_picked":["Halt+1","Nirvana"],"picked":"CutThroughFate","floor":12.0},{"not_picked":["FlurryOfBlows","Halt+1"],"picked":"ThirdEye+1","floor":14.0},{"not_picked":["ConjureBlade+1","Devotion"],"picked":"Establishment","floor":16.0},{"not_picked":["Perseverance+1","Halt+1"],"picked":"CutThroughFate","floor":18.0},{"not_picked":["LikeWater","CarveReality"],"picked":"JustLucky+1","floor":19.0},{"not_picked":["FlyingSleeves","ThirdEye+1"],"picked":"Wireheading+1","floor":21.0},{"not_picked":["FlurryOfBlows","Judgement+1"],"picked":"CrushJoints+1","floor":23.0},{"not_picked":["FollowUp","Perseverance+1","Halt+1"],"picked":"Singing Bowl","floor":25.0},{"not_picked":["Evaluate+1","FlyingSleeves","BattleHymn"],"picked":"Singing Bowl","floor":27.0},{"not_picked":["FlyingSleeves","Worship+1","FlurryOfBlows+1"],"picked":"Singing Bowl","floor":28.0},{"not_picked":["CarveReality+1","CrushJoints+1"],"picked":"Meditate+1","floor":29.0},{"not_picked":["LessonLearned","Alpha+1","MasterReality"],"picked":"Singing Bowl","floor":33.0},{"not_picked":["Crescendo+1","FollowUp+1"],"picked":"CutThroughFate","floor":35.0},{"not_picked":["Purity+1","Jack Of All Trades+1","Trip+1"],"picked":"Singing Bowl","floor":38.0},{"not_picked":["Bandage Up+1","PanicButton+1"],"picked":"Apotheosis+1","floor":38.0},{"not_picked":["The Bomb+1","Flash of Steel","PanicButton+1"],"picked":"Singing Bowl","floor":38.0},{"not_picked":["InnerPeace+1","ClearTheMind+1","Evaluate+1"],"picked":"Singing Bowl","floor":40.0},{"not_picked":["Wallop","Consecrate"],"picked":"TalkToTheHand","floor":42},{"not_picked":["Perseverance+1","Evaluate+1","SashWhip"],"picked":"Singing Bowl","floor":45},{"not_picked":["Wallop","Swivel+1","Crescendo+1"],"picked":"Singing Bowl","floor":46},{"not_picked":["EmptyBody+1","SpiritShield+1","Consecrate+1"],"picked":"Singing Bowl","floor":55}],"player_experience":2790456,"relics_obtained":[{"floor":7.0,"key":"Gambling Chip"},{"floor":9.0,"key":"Toxic Egg 2"},{"floor":10.0,"key":"Ancient Tea Set"},{"floor":17.0,"key":"Happy Flower"},{"floor":17.0,"key":"Ornamental Fan"},{"floor":17.0,"key":"Peace Pipe"},{"floor":23.0,"key":"Bag of Preparation"},{"floor":25.0,"key":"Singing Bowl"},{"floor":26.0,"key":"Art of War"},{"floor":28.0,"key":"Thread and Needle"},{"floor":40.0,"key":"Eternal Feather"},{"floor":42,"key":"PreservedInsect"},{"floor":46,"key":"Incense Burner"},{"floor":55,"key":"Pen Nib"}],"event_choices":[{"damage_healed":0.0,"max_hp_gain":0.0,"max_hp_loss":6.0,"gold_gain":0.0,"event_name":"Golden Idol","player_choice":"Lose Max HP","floor":3.0,"gold_loss":0.0,"damage_taken":0.0,"relics_obtained":["Golden Idol"]},{"damage_healed":0.0,"max_hp_gain":0.0,"max_hp_loss":0.0,"gold_gain":0.0,"event_name":"Liars Game","player_choice":"Ignored","floor":4.0,"gold_loss":0.0,"damage_taken":0.0},{"damage_healed":0.0,"max_hp_gain":0.0,"max_hp_loss":0.0,"gold_gain":0.0,"event_name":"Scrap Ooze","player_choice":"Success","floor":5.0,"gold_loss":0.0,"damage_taken":5.0,"relics_obtained":["Toy Ornithopter"]},{"damage_healed":0.0,"max_hp_gain":0.0,"max_hp_loss":0.0,"gold_gain":0.0,"event_name":"Back to Basics","player_choice":"Simplicity","floor":22.0,"gold_loss":0.0,"damage_taken":0.0,"cards_upgraded":["Strike_P","Strike_P","Defend_P","Defend_P","Defend_P"]},{"damage_healed":0.0,"max_hp_gain":0.0,"max_hp_loss":0.0,"gold_gain":0.0,"event_name":"Vampires","player_choice":"Ignored","floor":31.0,"gold_loss":0.0,"damage_taken":0.0},{"cards_removed":["JustLucky"],"damage_healed":0.0,"max_hp_gain":0.0,"max_hp_loss":0.0,"gold_gain":0.0,"event_name":"Falling","player_choice":"Removed Attack","floor":36.0,"gold_loss":0.0,"damage_taken":0.0},{"damage_healed":0.0,"max_hp_gain":0.0,"max_hp_loss":0.0,"gold_gain":0.0,"event_name":"SensoryStone","player_choice":"Memory 3","floor":38.0,"gold_loss":0.0,"damage_taken":10.0},{"damage_healed":0.0,"max_hp_gain":0.0,"max_hp_loss":0.0,"gold_gain":333.0,"event_name":"The Moai Head","player_choice":"Gave Idol","floor":39.0,"relics_lost":["Golden Idol"],"gold_loss":0.0,"damage_taken":0.0},{"damage_healed":0,"gold_gain":0,"player_choice":"Fight","damage_taken":0,"max_hp_gain":0,"max_hp_loss":0,"event_name":"MindBloom","floor":46,"gold_loss":0},{"damage_healed":0,"gold_gain":0,"player_choice":"Ignored","damage_taken":0,"max_hp_gain":0,"max_hp_loss":0,"event_name":"Tomb of Lord Red Mask","floor":48,"gold_loss":0}],"is_beta":false,"boss_relics":[{"not_picked":["Runic Dome","SacredBark"],"picked":"Calling Bell"},{"not_picked":["Empty Cage","Philosopher\u0027s Stone"],"picked":"Cursed Key"}],"items_purged_floors":[20,37,54],"is_endless":false,"potions_floor_spawned":[1,2,10,12,16,19,21,25,28,40,46],"ascension_level":20}}