{"host":"121m0oxswv9tg9hk","time":1612707822,"event":{"mods":["AchievementEnabler","BaseMod","Better Third Choice","Downfall","Minty Spire (QoL Compilation)","StSLib"],"gold_per_floor":[99,118,129,23,23,53,53,53,73,73,373,373,373,408,420,420,420,420],"floor_reached":16,"language":"ENG","playtime":1365,"items_purged":[],"score":173,"play_id":"8e0cc49f-7860-4434-8d43-2c2de0c64b46","local_time":"20210207152342","is_ascension_mode":true,"campfire_choices":[{"data":"sneckomod:Unknown","floor":1,"key":"SMITH"},{"data":"sneckomod:DiceBoulder","floor":8,"key":"SMITH"},{"data":"sneckomod:DiceBoulder+1","floor":10,"key":"SMITH"},{"data":"sneckomod:UnknownDexterity","floor":13,"key":"SMITH"}],"circlet_count":0,"master_deck":["sneckomod:Strike+1","sneckomod:Strike","sneckomod:Strike","sneckomod:Defend","sneckomod:Defend","sneckomod:Defend","sneckomod:TailWhip","sneckomod:SnekBite","sneckomod:Unknown+1","sneckomod:Unknown+1","sneckomod:ImprovisedAttack","sneckomod:UnknownDexterity+1","sneckomod:DiceBoulder+2","sneckomod:UnknownUncommonPower","sneckomod:MasterEye+1","sneckomod:QuickMove","sneckomod:UnknownDraw","sneckomod:UnknownStrike","downfall:Icky","downfall:Icky","sneckomod:PureSnecko","sneckomod:UnknownBlock"],"relics":["sneckomod:SneckoSoul","Boot","hexamod:CandleOfCauterizing","Juzu Bracelet"],"acts_visited":["Exordium"],"potions_floor_usage":[14,15,16,16],"damage_taken":[{"damage":0,"enemies":"2 Louse","floor":2,"turns":2},{"damage":13,"enemies":"Jaw Worm","floor":3,"turns":4},{"damage":0,"enemies":"downfall:FleeingMerchant","floor":4,"turns":4},{"damage":28,"enemies":"3 Sentries","floor":6,"turns":8},{"damage":0,"enemies":"Cultist","floor":9,"turns":2},{"damage":16,"enemies":"Gremlin Nob","floor":14,"turns":2},{"damage":14,"enemies":"Lots of Slimes","floor":15,"turns":5},{"damage":21,"enemies":"DF_ARCHETYPE_STREAMLINE","floor":16,"turns":4}],"seed_played":"1030254196746411429","potions_obtained":[{"floor":3,"key":"Weak Potion"},{"floor":6,"key":"DuplicationPotion"},{"floor":9,"key":"GamblersBrew"},{"floor":15,"key":"champ:CounterPotion"}],"is_trial":false,"path_per_floor":["R","M","M","$","?","E","T","R","M","R","?","?","R","E","M","B"],"character_chosen":"THE_SNECKO","items_purchased":["sneckomod:MasterEye","sneckomod:QuickMove"],"campfire_rested":0,"item_purchase_floors":[4,4],"current_hp_per_floor":[81,81,68,68,68,40,40,40,40,40,40,40,40,34,20,0,0,0],"gold":420,"neow_bonus":"THREE_CARDS","is_daily":false,"chose_seed":false,"campfire_upgraded":4,"win_rate":0.0,"timestamp":1612707822,"path_taken":["R","M","M","$","?","E","T","R","M","R","?","?","R","E","M","BOSS"],"items_purchased_type":["Card","Card"],"build_version":"2020-12-22","purchased_purges":0,"victory":false,"max_hp_per_floor":[90,90,90,90,90,90,90,90,90,90,90,90,90,90,90,90,90,90],"card_choices":[{"not_picked":["sneckomod:MixItUp","sneckomod:Unknown1Cost"],"picked":"sneckomod:ImprovisedAttack","floor":0},{"not_picked":["sneckomod:WideSting","sneckomod:RainOfDice"],"picked":"sneckomod:UnknownDexterity","floor":2},{"not_picked":["sneckomod:WideSting","sneckomod:DefensiveFlair"],"picked":"sneckomod:DiceBoulder","floor":3},{"not_picked":["sneckomod:UnknownCommonSkill","sneckomod:DiceCrush"],"picked":"sneckomod:UnknownUncommonPower","floor":4},{"not_picked":["sneckomod:Unknown0Cost","sneckomod:SerpentIdol"],"picked":"sneckomod:UnknownDraw","floor":6},{"not_picked":["sneckomod:SoulRoll","sneckomod:QuickMove"],"picked":"sneckomod:UnknownStrike","floor":9},{"not_picked":["sneckomod:UnknownDexterity","sneckomod:SnakeSap"],"picked":"sneckomod:PureSnecko","floor":14},{"not_picked":["sneckomod:WideSting","sneckomod:DiceCrush"],"picked":"sneckomod:UnknownBlock","floor":15}],"player_experience":2628363,"relics_obtained":[{"floor":6,"key":"Boot"},{"floor":7,"key":"hexamod:CandleOfCauterizing"},{"floor":14,"key":"Juzu Bracelet"}],"event_choices":[{"cards_removed":["downfall:Malfunctioning"],"damage_healed":0,"gold_gain":0,"player_choice":"Card Removal","damage_taken":0,"max_hp_gain":0,"max_hp_loss":0,"event_name":"The Cleric","floor":12,"gold_loss":0}],"is_beta":false,"boss_relics":[],"items_purged_floors":[],"is_endless":false,"potions_floor_spawned":[3,6,9,15],"killed_by":"DF_ARCHETYPE_STREAMLINE","ascension_level":6}}