{"host":"j5shy70asow5koz5","time":1612712203,"event":{"mods":["2.2 Compatiblity","Act Like it!","Arknights","BaseMod","Colored Map","Marisa£¨Ùöéë¡¡Øª×âÞÞ£©","Minty Spire (QoL Compilation)","Prisma Mod","StSLib","SuperFastMode","Td1madao Mod","The Disciple","The Gatherer","The Servant 0.9.4","Waifu the Spire"],"gold_per_floor":[118,118,134,150,150,150,165,165,192,192,206,238,256,270,270,371,371,382,392,407,407,418,418,435,27,27,44,44,69,20,20,20],"floor_reached":31,"language":"KOR","playtime":923,"items_purged":["Strike_B"],"score":261,"play_id":"2f64b963-ea5c-43c9-9c5c-5a255219e997","local_time":"20210208003643","is_ascension_mode":false,"campfire_choices":[{"data":"Dualcast","floor":6,"key":"SMITH"},{"data":"Reboot","floor":8,"key":"SMITH"},{"data":"Coolheaded","floor":10,"key":"SMITH"},{"data":"Seek","floor":15,"key":"SMITH"},{"floor":23,"key":"REST"}],"circlet_count":0,"master_deck":["Strike_B","Defend_B","Defend_B","Defend_B","Defend_B","Zap+1","Dualcast+1","Reboot+1","Coolheaded+1","Cold Snap","Cold Snap","Conserve Battery","Reboot","Seek+1","Electrodynamics","Static Discharge","Defragment","Storm","Loop","Chaos","Apotheosis","Static Discharge+1","Double Energy","Ball Lightning"],"relics":["FrozenCore","Strawberry","Toy Ornithopter","Dream Catcher","MutagenicStrength","TungstenRod"],"acts_visited":["Exordium","TheCity"],"potions_floor_usage":[20,29,29,31],"damage_taken":[{"damage":6,"enemies":"Jaw Worm","floor":1,"turns":4},{"damage":0,"enemies":"Cultist","floor":3,"turns":3},{"damage":0,"enemies":"Small Slimes","floor":4,"turns":3},{"damage":1,"enemies":"Blue Slaver","floor":7,"turns":4},{"damage":0,"enemies":"Looter","floor":11,"turns":2},{"damage":10,"enemies":"Gremlin Nob","floor":12,"turns":5},{"damage":0,"enemies":"Exordium Thugs","floor":13,"turns":4},{"damage":0,"enemies":"Large Slime","floor":14,"turns":5},{"damage":50,"enemies":"The Guardian","floor":16,"turns":17},{"damage":25,"enemies":"2 Thieves","floor":18,"turns":4},{"damage":2,"enemies":"3 Byrds","floor":19,"turns":2},{"damage":5,"enemies":"3 Cultists","floor":20,"turns":5},{"damage":15,"enemies":"Snecko","floor":22,"turns":7},{"damage":6,"enemies":"Sentry and Sphere","floor":24,"turns":12},{"damage":23,"enemies":"Snake Plant","floor":27,"turns":4},{"damage":37,"enemies":"Slavers","floor":29,"turns":3},{"damage":13,"enemies":"Centurion and Healer","floor":31,"turns":5}],"seed_played":"7444449637540434820","potions_obtained":[{"floor":1,"key":"SpeedPotion"},{"floor":4,"key":"Dexterity Potion"},{"floor":7,"key":"GamblersBrew"},{"floor":19,"key":"ColorlessPotion"},{"floor":20,"key":"Explosive Potion"}],"is_trial":false,"path_per_floor":["M","?","M","M","?","R","M","R","T","R","M","E","M","M","R","B",null,"M","M","M","?","M","R","M","$","T","M","?","E","$","M"],"character_chosen":"DEFECT","items_purchased":["Loop","Chaos","Apotheosis","Ball Lightning"],"campfire_rested":1,"item_purchase_floors":[25,25,25,30],"current_hp_per_floor":[69,69,69,69,69,69,68,68,75,75,75,65,65,65,65,15,82,57,55,55,55,40,64,58,58,58,35,35,8,8,0,0],"gold":20,"neow_bonus":"TRANSFORM_CARD","is_daily":false,"chose_seed":false,"campfire_upgraded":4,"win_rate":0.0,"timestamp":1612712203,"path_taken":["M","?","M","?","?","R","M","R","T","R","M","E","M","M","R","BOSS","M","M","M","?","M","R","M","$","T","?","?","E","$","M"],"items_purchased_type":["Card","Card","Card","Card"],"build_version":"2020-12-22","purchased_purges":1,"victory":false,"max_hp_per_floor":[75,75,75,75,75,75,75,75,82,82,82,82,82,82,82,82,82,82,82,82,82,82,82,82,82,82,82,82,82,82,82,82],"card_choices":[{"not_picked":["Storm","Force Field"],"picked":"Coolheaded","floor":1},{"not_picked":["Streamline","Sweeping Beam"],"picked":"Cold Snap","floor":3},{"not_picked":["Gash","Blizzard"],"picked":"Cold Snap","floor":4},{"not_picked":["Beam Cell","Go for the Eyes"],"picked":"Conserve Battery","floor":7},{"not_picked":["Chaos","Conserve Battery"],"picked":"Reboot","floor":11},{"not_picked":["Stack","Steam"],"picked":"Seek","floor":12},{"not_picked":["Cold Snap","Beam Cell","Go for the Eyes"],"picked":"SKIP","floor":13},{"not_picked":["Sweeping Beam","Tempest","Hologram"],"picked":"SKIP","floor":14},{"not_picked":["Amplify","Multi-Cast"],"picked":"Electrodynamics","floor":16},{"not_picked":["Leap","Stack+1"],"picked":"Static Discharge","floor":18},{"not_picked":["Chill+1","Cold Snap","Barrage"],"picked":"SKIP","floor":19},{"not_picked":["Darkness","Barrage+1","Force Field"],"picked":"SKIP","floor":20},{"not_picked":["Consume","Barrage+1"],"picked":"Defragment","floor":22},{"not_picked":["Lockon","Cold Snap"],"picked":"Storm","floor":24},{"not_picked":["Heatsinks","Streamline"],"picked":"Static Discharge+1","floor":27},{"not_picked":["Chill","Gash"],"picked":"Double Energy","floor":29}],"player_experience":80620,"relics_obtained":[{"floor":9,"key":"Strawberry"},{"floor":12,"key":"Toy Ornithopter"},{"floor":26,"key":"Dream Catcher"},{"floor":29,"key":"TungstenRod"}],"event_choices":[{"damage_healed":0,"gold_gain":0,"player_choice":"Forge","damage_taken":0,"max_hp_gain":0,"max_hp_loss":0,"event_name":"Accursed Blacksmith","floor":2,"gold_loss":0,"cards_upgraded":["Zap"]},{"cards_removed":["Strike_B"],"damage_healed":0,"gold_gain":0,"player_choice":"Purged","damage_taken":0,"max_hp_gain":0,"max_hp_loss":0,"event_name":"Purifier","floor":5,"gold_loss":0},{"damage_healed":0,"gold_gain":0,"player_choice":"0 cards matched","damage_taken":0,"max_hp_gain":0,"max_hp_loss":0,"event_name":"Match and Keep!","floor":21,"gold_loss":0,"cards_obtained":[]},{"damage_healed":0,"gold_gain":0,"player_choice":"Inject Mutagens","damage_taken":0,"relics_obtained":["MutagenicStrength"],"max_hp_gain":0,"max_hp_loss":0,"event_name":"Drug Dealer","floor":28,"gold_loss":0}],"is_beta":false,"boss_relics":[{"not_picked":["Busted Crown","Black Star"],"picked":"FrozenCore"}],"items_purged_floors":[25],"is_endless":false,"potions_floor_spawned":[1,4,7,12,19,20],"killed_by":"Centurion and Healer","ascension_level":0}}