{"host":"l15sdf2mmi0nobpi","time":1612668366,"event":{"mods":["BaseMod","Highlight Path","Minty Spire (QoL Compilation)","MostiFishMod","Quick Restart","StSLib","¡¾¹¦ÄÜMod¡¿Neow½±Àø"],"gold_per_floor":[113,128,128,0,10,41,59,59,59,89,89,123,135,146,146,220,220,237,248,198,113,129,160,160,175,201,248,210,229,154,181,181,257,257,269,286,236,288,288,320,340,374,374,374,406,426,203,213,213,213,213,213,213,163,189,189],"floor_reached":57,"language":"ZHS","playtime":2494,"items_purged":["Strike_G","Strike_G","Strike_G","Strike_G","Pain","Defend_G"],"score":3719,"play_id":"f263eef2-d53f-470f-9f42-4c7f40f99f69","local_time":"20210207112606","is_ascension_mode":true,"campfire_choices":[{"data":"Blade Dance","floor":8.0,"key":"SMITH"},{"data":"Acrobatics","floor":11.0,"key":"SMITH"},{"floor":15.0,"key":"DIG"},{"floor":24.0,"key":"DIG"},{"floor":32.0,"key":"DIG"},{"floor":49,"key":"RECALL"},{"floor":53,"key":"DIG"}],"circlet_count":0,"master_deck":["AscendersBane","Defend_G","Defend_G","Defend_G","Defend_G","Survivor","Neutralize","Acrobatics+1","Well Laid Plans","Reflex","Infinite Blades","Riddle With Holes","Blade Dance+1","Prepared","Finisher","MostiFishMod:WinterMarkForm","Calculated Gamble","MostiFishMod:Confrontation","Grand Finale","After Image","MostiFishMod:PerfectParry","After Image","MostiFishMod:ShivMaster","A Thousand Cuts","Backflip+1"],"relics":["Ring of the Snake","DaveBox","BirthdayGift-Tetrahedron","Smiling Mask","SynthV:TestCard","Bag of Marbles","Pear","Matryoshka","Shovel","Eternal Feather","Snecko Eye","Torii","Strawberry","Calipers","MawBank","Pen Nib","CaptainsWheel","Art of War","Fusion Hammer","Gambling Chip","Oddly Smooth Stone","Akabeko","Letter Opener","Bottled Lightning","WarpedTongs","Nunchaku","Orrery","ImprovedEquipment","Bronze Scales"],"acts_visited":["Exordium","TheCity","TheBeyond","TheEnding"],"potions_floor_usage":[56,56],"damage_taken":[{"damage":2.0,"enemies":"Small Slimes","floor":1.0,"turns":2.0},{"damage":2.0,"enemies":"Cultist","floor":2.0,"turns":2.0},{"damage":2.0,"enemies":"2 Louse","floor":5.0,"turns":2.0},{"damage":5.0,"enemies":"3 Sentries","floor":6.0,"turns":3.0},{"damage":2.0,"enemies":"Blue Slaver","floor":7.0,"turns":2.0},{"damage":4.0,"enemies":"Lagavulin","floor":10.0,"turns":3.0},{"damage":4.0,"enemies":"3 Sentries","floor":12.0,"turns":3.0},{"damage":6.0,"enemies":"Exordium Thugs","floor":13.0,"turns":2.0},{"damage":0.0,"enemies":"Looter","floor":14.0,"turns":1.0},{"damage":9.0,"enemies":"The Guardian","floor":16.0,"turns":5.0},{"damage":4.0,"enemies":"Spheric Guardian","floor":18.0,"turns":3.0},{"damage":2.0,"enemies":"Chosen","floor":19.0,"turns":2.0},{"damage":3.0,"enemies":"Centurion and Healer","floor":22.0,"turns":2.0},{"damage":4.0,"enemies":"Book of Stabbing","floor":23.0,"turns":3.0},{"damage":4.0,"enemies":"Snecko","floor":25.0,"turns":3.0},{"damage":4.0,"enemies":"Slavers","floor":27.0,"turns":3.0},{"damage":2.0,"enemies":"Chosen and Byrds","floor":29.0,"turns":2.0},{"damage":5.0,"enemies":"Book of Stabbing","floor":31.0,"turns":3.0},{"damage":4.0,"enemies":"Collector","floor":33.0,"turns":3.0},{"damage":2.0,"enemies":"Orb Walker","floor":35.0,"turns":2.0},{"damage":0.0,"enemies":"3 Shapes","floor":36.0,"turns":1.0},{"damage":4.0,"enemies":"2 Orb Walkers","floor":38.0,"turns":3.0},{"damage":4.0,"enemies":"Nemesis","floor":40.0,"turns":3.0},{"damage":2.0,"enemies":"Spire Growth","floor":41.0,"turns":2.0},{"damage":6.0,"enemies":"Reptomancer","floor":42.0,"turns":4.0},{"damage":9,"enemies":"Nemesis","floor":45,"turns":3},{"damage":0,"enemies":"Writhing Mass","floor":46,"turns":1},{"damage":2,"enemies":"Maw","floor":48,"turns":2},{"damage":21,"enemies":"Awakened One","floor":50,"turns":3},{"damage":6,"enemies":"Donu and Deca","floor":51,"turns":4},{"damage":4,"enemies":"Shield and Spear","floor":55,"turns":3},{"damage":9,"enemies":"The Heart","floor":56,"turns":5}],"seed_played":"7594631660339484843","potions_obtained":[{"floor":2.0,"key":"Explosive Potion"},{"floor":5.0,"key":"SkillPotion"},{"floor":16.0,"key":"Fruit Juice"},{"floor":22.0,"key":"EssenceOfSteel"},{"floor":33.0,"key":"PowerPotion"},{"floor":41.0,"key":"BlessingOfTheForge"},{"floor":46,"key":"GhostInAJar"}],"is_trial":false,"path_per_floor":["M","M","?","$","M","E","M","R","T","E","R","E","M","M","R","B",null,"M","M","$","?","M","E","R","M","T","E","$","M","?","E","R","B",null,"M","M","$","?","?","E","M","E","T","?","E","M","$","M","R","B","B",null,"R","$","E","B",null],"character_chosen":"THE_SILENT","items_purchased":["Infinite Blades","Orrery"],"campfire_rested":0,"item_purchase_floors":[4,47],"current_hp_per_floor":[57,55,55,55,53,48,46,46,56,52,52,48,42,42,42,33,65,61,59,59,59,61,64,76,72,72,68,68,66,66,61,73,69,83,81,81,81,77,77,73,71,65,65,65,56,56,56,54,69,48,42,77,88,88,84,75],"gold":189,"neow_bonus":"RANDOM_COMMON_RELIC","is_daily":false,"chose_seed":false,"campfire_upgraded":2,"win_rate":0.0,"timestamp":1612668366,"path_taken":["M","M","?","$","?","E","M","R","T","E","R","E","M","M","R","BOSS","M","M","$","?","M","E","R","M","T","E","$","M","?","E","R","BOSS","M","M","$","?","?","E","M","E","T","?","E","M","$","?","R","BOSS","BOSS","R","$","E","BOSS"],"items_purchased_type":["Card","Relic"],"build_version":"2020-12-22","purchased_purges":6,"victory":true,"max_hp_per_floor":[66,66,66,66,66,66,66,66,76,76,76,76,76,76,76,76,76,76,76,76,76,81,88,88,88,88,88,88,88,88,88,88,88,88,88,88,88,88,88,88,88,88,88,88,88,88,88,88,88,88,88,88,88,88,88,88],"card_choices":[{"not_picked":["Backflip","Dagger Spray"],"picked":"Acrobatics","floor":1.0},{"not_picked":["Prepared","Cloak And Dagger","Masterful Stab","Terror"],"picked":"Well Laid Plans","floor":2.0},{"not_picked":["Cloak And Dagger","MostiFishMod:AdrenalineArouse","Flechettes","MostiFishMod:FrostNova"],"picked":"Riddle With Holes","floor":5.0},{"not_picked":["Bane","Outmaneuver","PiercingWail","Leg Sweep","Well Laid Plans"],"picked":"SKIP","floor":6.0},{"not_picked":["Deadly Poison","Backflip","Deflect","Accuracy"],"picked":"Blade Dance","floor":7.0},{"not_picked":["Riddle With Holes","Acrobatics","Dodge and Roll","Heel Hook","Dash"],"picked":"SKIP","floor":10.0},{"not_picked":["Poisoned Stab","Glass Knife","Acrobatics","Backflip","Endless Agony"],"picked":"SKIP","floor":12.0},{"not_picked":["PiercingWail","Deadly Poison","Flying Knee","Cloak And Dagger"],"picked":"Prepared","floor":13.0},{"not_picked":["Dagger Spray","Quick Slash","PiercingWail","Leg Sweep"],"picked":"Finisher","floor":14.0},{"not_picked":["MostiFishMod:Confrontation","Malaise","Envenom","MostiFishMod:Wind"],"picked":"MostiFishMod:WinterMarkForm","floor":16.0},{"not_picked":["Deflect","Cloak And Dagger","Outmaneuver","Quick Slash+1","MostiFishMod:LethalBlade"],"picked":"SKIP","floor":18.0},{"not_picked":["Bane","Catalyst","Sucker Punch","Deadly Poison"],"picked":"Calculated Gamble","floor":19.0},{"not_picked":["Eviscerate","Dagger Throw+1","Masterful Stab","PiercingWail"],"picked":"MostiFishMod:Confrontation","floor":22.0},{"not_picked":["Outmaneuver","Eviscerate","Backstab","Skewer","All Out Attack"],"picked":"SKIP","floor":23.0},{"not_picked":["Terror","Infinite Blades","Dodge and Roll","Cloak And Dagger","Deadly Poison"],"picked":"SKIP","floor":25.0},{"not_picked":["Noxious Fumes","Outmaneuver","Dagger Throw","Expertise"],"picked":"Grand Finale","floor":27.0},{"not_picked":["Quick Slash","Bane+1","Prepared","Setup+1","Sucker Punch"],"picked":"SKIP","floor":29.0},{"not_picked":["Backstab","Slice","Dagger Throw","Tactician+1","MostiFishMod:PerfectParry"],"picked":"SKIP","floor":31.0},{"not_picked":["MostiFishMod:AdrenalineArouse","Burst","Corpse Explosion","Adrenaline"],"picked":"After Image","floor":33.0},{"not_picked":["Deadly Poison","Flechettes","Dagger Spray","MostiFishMod:FrostNova","Blade Dance"],"picked":"SKIP","floor":35.0},{"not_picked":["Quick Slash","MostiFishMod:ThornCasing+1","Escape Plan","Adrenaline","Predator"],"picked":"SKIP","floor":36.0},{"not_picked":["MostiFishMod:GrandStart","Underhanded Strike+1","Backstab+1","Heel Hook"],"picked":"MostiFishMod:PerfectParry","floor":40.0},{"not_picked":["PiercingWail+1","Masterful Stab","Caltrops","Flying Knee","Terror"],"picked":"SKIP","floor":41.0},{"not_picked":["Escape Plan+1","Poisoned Stab","Dodge and Roll+1","All Out Attack"],"picked":"After Image","floor":42.0},{"not_picked":["Choke","Outmaneuver+1","Poisoned Stab+1","MostiFishMod:PerfectParry","Concentrate"],"picked":"SKIP","floor":45},{"not_picked":["Prepared","MostiFishMod:PerfectParry+1","Concentrate+1","Caltrops","Slice"],"picked":"SKIP","floor":46},{"not_picked":["Backstab","Reflex","Dodge and Roll","Blur"],"picked":"MostiFishMod:ShivMaster","floor":47},{"not_picked":["Doppelganger","Sucker Punch","MostiFishMod:InvigoratingSolution+1","Blade Dance"],"picked":"A Thousand Cuts","floor":47},{"not_picked":["Flying Knee+1","MostiFishMod:FrostNova","Skewer+1","Dagger Spray","Escape Plan+1"],"picked":"SKIP","floor":48},{"not_picked":["Eviscerate","Deflect","Well Laid Plans","Dodge and Roll"],"picked":"Backflip+1","floor":55}],"player_experience":553347,"relics_obtained":[{"floor":1.0,"key":"SynthV:TestCard"},{"floor":6.0,"key":"Bag of Marbles"},{"floor":9.0,"key":"Pear"},{"floor":10.0,"key":"Matryoshka"},{"floor":12.0,"key":"Shovel"},{"floor":15.0,"key":"Eternal Feather"},{"floor":23.0,"key":"Strawberry"},{"floor":24.0,"key":"Calipers"},{"floor":26.0,"key":"MawBank"},{"floor":27.0,"key":"Pen Nib"},{"floor":31.0,"key":"CaptainsWheel"},{"floor":32.0,"key":"Art of War"},{"floor":38.0,"key":"Gambling Chip"},{"floor":40.0,"key":"Oddly Smooth Stone"},{"floor":42.0,"key":"Akabeko"},{"floor":43.0,"key":"Letter Opener"},{"floor":43.0,"key":"Bottled Lightning"},{"floor":45,"key":"Nunchaku"},{"floor":53,"key":"ImprovedEquipment"},{"floor":55,"key":"Bronze Scales"}],"event_choices":[{"damage_healed":0.0,"max_hp_gain":0.0,"max_hp_loss":0.0,"gold_gain":0.0,"event_name":"Match and Keep!","player_choice":"1 cards matched","floor":3.0,"gold_loss":0.0,"damage_taken":0.0,"cards_obtained":["Reflex"]},{"damage_healed":0.0,"max_hp_gain":0.0,"max_hp_loss":0.0,"gold_gain":0.0,"event_name":"Addict","player_choice":"Obtained Relic","floor":21.0,"gold_loss":85.0,"damage_taken":0.0,"relics_obtained":["Torii"]},{"cards_removed":["Strike_G"],"damage_healed":0.0,"max_hp_gain":0.0,"max_hp_loss":0.0,"gold_gain":0.0,"event_name":"Beggar","player_choice":"Gave Gold","floor":30.0,"gold_loss":75.0,"damage_taken":0.0},{"damage_healed":0.0,"max_hp_gain":0.0,"max_hp_loss":0.0,"gold_gain":0.0,"event_name":"Mysterious Sphere","player_choice":"Fight","floor":38.0,"gold_loss":0.0,"damage_taken":0.0},{"damage_healed":0.0,"max_hp_gain":0.0,"max_hp_loss":0.0,"gold_gain":0.0,"event_name":"Tomb of Lord Red Mask","player_choice":"Ignored","floor":39.0,"gold_loss":0.0,"damage_taken":0.0},{"damage_healed":0,"gold_gain":0,"player_choice":"Rummage","damage_taken":0,"relics_obtained":["WarpedTongs"],"max_hp_gain":0,"max_hp_loss":0,"event_name":"Accursed Blacksmith","floor":44,"gold_loss":0,"cards_obtained":["Pain"]}],"is_beta":false,"boss_relics":[{"not_picked":["FixedStarFall","Ectoplasm"],"picked":"Snecko Eye"},{"not_picked":["Transparent","Runic Dome"],"picked":"Fusion Hammer"}],"items_purged_floors":[4,20,28,37,47,54],"is_endless":false,"potions_floor_spawned":[2,5,6,13,14,16,22,23,27,33,36,41,45,46,48],"ascension_level":20}}