{"host":"815dqs41i1y8uxms","time":1612727190,"event":{"mods":["2.2 Compatiblity","A Penny For Your Troubles","Act Like it!","BaseMod","Dark Map","Elementarium","Fox Events","Jorbs\u0027s Wanderer Trilogy","Minty Spire (QoL Compilation)","Rare Cards Sparkle","Shop Mod","Spire Arcade","StSLib","The Jungle","The Marked"],"gold_per_floor":[116,93,93,108,119,119,119,119,142,161,196,196,227,242,242,344,344,356,356,148,148,103,121,121,121],"floor_reached":24,"language":"ENG","playtime":1322,"items_purged":[],"score":204,"play_id":"1a3a8aa9-462e-4087-8081-0ce2ea1dabc8","local_time":"20210207204630","is_ascension_mode":false,"campfire_choices":[{"floor":6.0,"key":"REST"},{"floor":8.0,"key":"REST"},{"floor":12.0,"key":"REST"},{"floor":15.0,"key":"REST"}],"circlet_count":0,"master_deck":["theMarked:Strike","theMarked:Strike","theMarked:Strike","theMarked:Strike","theMarked:Strike","theMarked:Defend","theMarked:Defend","theMarked:Defend","theMarked:Defend","theMarked:SoldierOfQuellstein","theMarked:StartUp","theMarked:EmpowerWeapon","theMarked:Generate+1","theMarked:HeightenedSenses","theMarked:EmpowerWeapon","theMarked:Static","theMarked:Improvise","theMarked:ContemptForTheProud","theMarked:DispelDoubt","theMarked:StartUp+1","theMarked:ChainLightning+1","theMarked:Static","theMarked:TurnInvisible","theMarked:ChannelForce","theMarked:RogueSparks","theMarked:TakeCover","theMarked:EmpowerWeapon"],"relics":["theMarked:ArtifactOfAir","Dream Catcher","Vajra","Ornamental Fan","Molten Egg 2","theMarked:Eyepatch","Shovel","MerchantsRug"],"acts_visited":["Exordium","Exordium"],"potions_floor_usage":[],"damage_taken":[{"damage":0.0,"enemies":"2 Louse","floor":1.0,"turns":3.0},{"damage":3.0,"enemies":"Small Slimes","floor":4.0,"turns":3.0},{"damage":6.0,"enemies":"Jaw Worm","floor":5.0,"turns":2.0},{"damage":6.0,"enemies":"2 Fungi Beasts","floor":10.0,"turns":4.0},{"damage":30.0,"enemies":"Lagavulin","floor":11.0,"turns":6.0},{"damage":42.0,"enemies":"Gremlin Nob","floor":13.0,"turns":5.0},{"damage":5.0,"enemies":"Lots of Slimes","floor":14.0,"turns":3.0},{"damage":15.0,"enemies":"Hexaghost","floor":16.0,"turns":10.0},{"damage":2.0,"enemies":"theJungle:GiantWrat","floor":18.0,"turns":5.0},{"damage":34.0,"enemies":"Shell Parasite","floor":23.0,"turns":6.0},{"damage":40,"enemies":"theJungle:MamaSnecko","floor":24,"turns":4}],"seed_played":"1209041057242829925","potions_obtained":[{"floor":4.0,"key":"SpeedPotion"},{"floor":5.0,"key":"Ancient Potion"},{"floor":10.0,"key":"SpeedPotion"},{"floor":14.0,"key":"SkillPotion"},{"floor":16.0,"key":"AttackPotion"},{"floor":18.0,"key":"Explosive Potion"}],"is_trial":false,"path_per_floor":["M","$","?","M","M","R","?","R","T","M","E","R","E","M","R","B",null,"M","?","$","?","$","M","E"],"character_chosen":"THE_DEFAULT","items_purchased":["theMarked:EmpowerWeapon","MerchantsRug","theMarked:RogueSparks","theMarked:TakeCover"],"campfire_rested":4,"item_purchase_floors":[2,20,20,22],"current_hp_per_floor":[70,70,70,67,61,70,70,70,70,64,34,55,13,8,29,14,70,68,68,68,68,68,34,0,0],"gold":121,"neow_bonus":"RANDOM_COMMON_RELIC","is_daily":false,"chose_seed":false,"campfire_upgraded":0,"win_rate":0.0,"timestamp":1612727190,"path_taken":["M","$","?","M","M","R","?","R","T","?","E","R","E","M","R","BOSS","M","?","$","?","$","M","E"],"items_purchased_type":["Card","Relic","Card","Card"],"build_version":"2020-12-22","purchased_purges":0,"victory":false,"max_hp_per_floor":[70,70,70,70,70,70,70,70,70,70,70,70,70,70,70,70,70,70,70,70,70,70,70,70,70],"card_choices":[{"not_picked":["theMarked:Memento","theMarked:TakeCover"],"picked":"theMarked:StartUp","floor":1.0},{"not_picked":["theMarked:Parkour","theMarked:HeightenedSenses"],"picked":"theMarked:Generate","floor":4.0},{"not_picked":["theMarked:Frustration","theMarked:ElectricStrings"],"picked":"theMarked:HeightenedSenses","floor":5.0},{"not_picked":["theMarked:StartUp","theMarked:Indomitable"],"picked":"theMarked:EmpowerWeapon","floor":6.0},{"not_picked":["theMarked:ShockingTouch","theMarked:Abjuration"],"picked":"theMarked:Static","floor":8.0},{"not_picked":["theMarked:HeightenedSenses","theMarked:TakeCover"],"picked":"theMarked:Improvise","floor":10.0},{"not_picked":["theMarked:Memento","theMarked:WardOff"],"picked":"theMarked:ContemptForTheProud","floor":11.0},{"not_picked":["theMarked:WastefulAttack","theMarked:RepellingDischarge"],"picked":"theMarked:DispelDoubt","floor":12.0},{"not_picked":["theMarked:Generate","theMarked:FavorableWinds"],"picked":"theMarked:StartUp+1","floor":13.0},{"not_picked":["theMarked:HeightenedSenses","theMarked:ElectricStrings+1"],"picked":"theMarked:ChainLightning+1","floor":14.0},{"not_picked":["theMarked:RepellingDischarge","theMarked:SuspiciousRaven"],"picked":"theMarked:Static","floor":15.0},{"not_picked":["theMarked:Challenge","theMarked:Vacuum+1"],"picked":"theMarked:TurnInvisible","floor":16.0},{"not_picked":["theMarked:StartUp+1","theMarked:Heritage"],"picked":"theMarked:ChannelForce","floor":18.0},{"not_picked":["theMarked:WastefulAttack+1","theMarked:WardOff"],"picked":"theMarked:EmpowerWeapon","floor":23.0}],"player_experience":3884439,"relics_obtained":[{"floor":9.0,"key":"Vajra"},{"floor":11.0,"key":"Ornamental Fan"},{"floor":13.0,"key":"Molten Egg 2"}],"event_choices":[{"damage_healed":0.0,"max_hp_gain":0.0,"max_hp_loss":0.0,"gold_gain":0.0,"event_name":"The Cleric","player_choice":"Leave","floor":3.0,"gold_loss":0.0,"damage_taken":0.0},{"damage_healed":0.0,"max_hp_gain":0.0,"max_hp_loss":0.0,"gold_gain":0.0,"event_name":"Living Wall","player_choice":"Grow","floor":7.0,"gold_loss":0.0,"damage_taken":0.0,"cards_upgraded":["theMarked:Generate"]},{"cards_removed":["Writhe"],"damage_healed":0.0,"max_hp_gain":0.0,"max_hp_loss":0.0,"gold_gain":0.0,"event_name":"Fountain of Cleansing","player_choice":"Removed Curses","floor":21.0,"gold_loss":0.0,"damage_taken":0.0}],"is_beta":false,"boss_relics":[{"not_picked":["SlaversCollar","Snecko Eye"],"picked":"theMarked:Eyepatch"}],"items_purged_floors":[],"is_endless":false,"potions_floor_spawned":[4,5,10,14,16,18],"killed_by":"theJungle:MamaSnecko","ascension_level":0}}