{"host":"bplbr8uekuotory4","time":1612697802,"event":{"mods":["Act Like it!","BaseMod","GungeonMod","Hermit","KinomotoSakuraMod(木之本樱)","Marisa（F雨　魔理沙）","Minty Spire (QoL Compilation)","Prisma Mod","Quick Restart","Reimu（博丽灵梦）","SOS（斯巴达之子）","Spicy Shops","StSLib","TestMod","The Blackbeard","The Cursed","The Mystic","The Poker Player","The Saiyan","The Senshi","The Servant 0.9.4","Yuri Mod","[IsaacMod]以撒尖塔"],"gold_per_floor":[115,540,638,648,666,694,712,742,768,768,0,0],"floor_reached":11,"language":"ZHS","playtime":165,"items_purged":["theSenshi:SailorBlock"],"score":95,"play_id":"5dd0d418-8bb9-4e21-9a0a-73de95749d16","local_time":"20210207193642","is_ascension_mode":true,"campfire_choices":[],"circlet_count":0,"master_deck":["theSenshi:SailorKick","theSenshi:SailorKick","theSenshi:SailorKick","theSenshi:SailorKick","theSenshi:SailorBlock","theSenshi:SailorBlock","theSenshi:SailorBlock","theSenshi:RoseThrow","theSenshi:MoonPrismPowerMakeUp","theSenshi:MoonCrystalPowerMakeUp","theSenshi:LunasBite","theSenshi:CrisisMakeUp","Poor:ReiMu"],"relics":["theSenshi:TransformationBroochRelic","testmod-TestBox","HushsDoor","MaYiHuaBei","testmod-Brilliant","NeowsBlessing","testmod-Maize","DemoMod:GlassGuonStoneRelic","Juzu Bracelet","DemoMod:ClearGuonStone","YidongShenshe:ReiMu"],"acts_visited":["Exordium"],"potions_floor_usage":[11],"damage_taken":[{"damage":0,"enemies":"Small Slimes","floor":1,"turns":1},{"damage":0,"enemies":"Cultist","floor":4,"turns":1},{"damage":0,"enemies":"Jaw Worm","floor":5,"turns":1},{"damage":16,"enemies":"Lagavulin","floor":6,"turns":5},{"damage":0,"enemies":"Lots of Slimes","floor":7,"turns":1},{"damage":11,"enemies":"Gremlin Nob","floor":8,"turns":3},{"damage":0,"enemies":"Lagavulin","floor":11,"turns":1}],"seed_played":"4149957715322796422","potions_obtained":[{"floor":1,"key":"ColorlessPotion"},{"floor":4,"key":"Swift Potion"}],"is_trial":false,"path_per_floor":["M","$","?","M","M","E","M","E","T","?","E"],"character_chosen":"THE_SENSHI","items_purchased":[],"campfire_rested":0,"item_purchase_floors":[],"current_hp_per_floor":[75,75,60,60,60,44,44,33,33,33,33,33],"gold":0,"neow_bonus":"THREE_ENEMY_KILL","is_daily":false,"chose_seed":false,"campfire_upgraded":0,"win_rate":0.0,"timestamp":1612697802,"path_taken":["M","$","?","M","M","E","M","E","T","?","E"],"items_purchased_type":[],"build_version":"2020-12-22","purchased_purges":1,"victory":false,"max_hp_per_floor":[75,75,75,75,75,75,75,75,75,75,75,75],"card_choices":[{"not_picked":["theSenshi:SailorMercuryAssists","theSenshi:SailorUranusAssists"],"picked":"theSenshi:MoonCrystalPowerMakeUp","floor":1},{"not_picked":["theSenshi:SchoolBag","theSenshi:MoonTiaraMagic","theSenshi:SailorPlanetPower"],"picked":"SKIP","floor":4},{"not_picked":["theSenshi:MoonKick","theSenshi:SchoolBag"],"picked":"theSenshi:LunasBite","floor":5},{"not_picked":["theSenshi:TuxedoSmokingBomber","theSenshi:SailorNeptuneAssists","theSenshi:FatedKiss"],"picked":"SKIP","floor":6},{"not_picked":["theSenshi:SailorVenusAssists","theSenshi:InTheNickOfTime","theSenshi:MoonKick"],"picked":"SKIP","floor":7},{"not_picked":["theSenshi:KlutzyLuck","theSenshi:MoonKick"],"picked":"theSenshi:CrisisMakeUp","floor":8}],"player_experience":1124149,"relics_obtained":[{"floor":6,"key":"testmod-Maize"},{"floor":8,"key":"Juzu Bracelet"},{"floor":9,"key":"DemoMod:ClearGuonStone"}],"event_choices":[{"damage_healed":0,"gold_gain":0,"player_choice":"带走神社","damage_taken":0,"relics_obtained":["YidongShenshe:ReiMu"],"max_hp_gain":0,"max_hp_loss":0,"event_name":"yidonshenshe","floor":10,"gold_loss":0,"cards_obtained":["Poor:ReiMu"]}],"is_beta":false,"boss_relics":[],"items_purged_floors":[2],"is_endless":false,"potions_floor_spawned":[1,4],"killed_by":"Lagavulin","ascension_level":3}}