{"host":"eaiphzh066bwqdh7","time":1612676498,"event":{"mods":["BaseMod","Better Note","Halation","Hubris","Minty Spire (QoL Compilation)","Reliquary","Replay The Spire","StSLib"],"gold_per_floor":[219,235,249,249,249,23,57,8,53,81,81,92,92,111,111,111,111],"floor_reached":16,"language":"ENG","playtime":390,"items_purged":["Defend_P"],"score":132,"play_id":"dcf7f670-d928-4bf5-969e-928bfc865bac","local_time":"20210207004138","is_ascension_mode":true,"campfire_choices":[{"floor":11,"key":"REST"},{"floor":13,"key":"REST"},{"floor":15,"key":"REST"}],"circlet_count":0,"master_deck":["Strike_P+1","Strike_P+1","Strike_P","Strike_P","Defend_P","Defend_P","Defend_P","Eruption","Vigilance","CommonCold","Prostrate","Study"],"relics":["PureWater","halation:PinkSoulGem","Ring of Misfortune","ReplayTheSpireMod:Ring of Challenge","Guide Book","halation:LettersToHer","reliquary:RosewoodLute","reliquary:PorcupineQuills"],"acts_visited":["Exordium"],"potions_floor_usage":[7,16,16],"damage_taken":[{"damage":2,"enemies":"2 Louse","floor":1,"turns":2},{"damage":24,"enemies":"Jaw Worm","floor":2,"turns":2},{"damage":0,"enemies":"Cultist","floor":3,"turns":2},{"damage":5,"enemies":"Lagavulin","floor":7,"turns":6},{"damage":34,"enemies":"Gremlin Nob","floor":10,"turns":4},{"damage":0,"enemies":"Gremlin Gang","floor":12,"turns":1},{"damage":5,"enemies":"Red Slaver","floor":14,"turns":4},{"damage":66,"enemies":"Hexaghost","floor":16,"turns":3}],"seed_played":"8980692095983874989","potions_obtained":[{"floor":2,"key":"Venom Potion"},{"floor":3,"key":"Swift Potion"},{"floor":10,"key":"PowerPotion"},{"floor":12,"key":"Milkshake"}],"is_trial":false,"path_per_floor":["M","M","M","?","?","$","E","$","T","E","R","M","R","M","R","B"],"character_chosen":"WATCHER","items_purchased":["Guide Book","Prostrate"],"campfire_rested":3,"item_purchase_floors":[6,8],"current_hp_per_floor":[70,46,46,46,46,46,41,41,41,7,28,28,49,44,65,0,0],"gold":111,"neow_bonus":"HUNDRED_GOLD","is_daily":false,"chose_seed":false,"campfire_upgraded":0,"win_rate":0.0,"timestamp":1612676498,"path_taken":["M","M","M","?","?","$","E","?","T","E","R","?","R","?","R","BOSS"],"items_purchased_type":["Relic","Card"],"build_version":"2020-12-22","purchased_purges":1,"victory":false,"max_hp_per_floor":[72,72,72,72,72,72,72,72,72,72,72,72,72,72,72,72,72],"card_choices":[{"not_picked":["Replay:AtTheReady","CrushJoints","SashWhip"],"picked":"SKIP","floor":1},{"not_picked":["Protect","SignatureMove","FlurryOfBlows"],"picked":"SKIP","floor":2},{"not_picked":["Swivel","ConjureBlade","Replay:Vibes"],"picked":"SKIP","floor":3},{"not_picked":["WindmillStrike","Replay:AtTheReady","Perseverance"],"picked":"SKIP","floor":7},{"not_picked":["Wallop","ClearTheMind","EmptyBody"],"picked":"SKIP","floor":10},{"not_picked":["ThirdEye","Ragnarok"],"picked":"Study","floor":12},{"not_picked":["Fasting2","Conclude","Replay:ManipulateFuture"],"picked":"SKIP","floor":14}],"player_experience":274336,"relics_obtained":[{"floor":5,"key":"Ring of Misfortune"},{"floor":5,"key":"ReplayTheSpireMod:Ring of Challenge"},{"floor":7,"key":"halation:LettersToHer"},{"floor":9,"key":"halation:LettersToHer"},{"floor":9,"key":"reliquary:RosewoodLute"},{"floor":10,"key":"reliquary:PorcupineQuills"}],"event_choices":[],"is_beta":false,"boss_relics":[],"items_purged_floors":[6],"is_endless":false,"potions_floor_spawned":[2,3,10,12],"killed_by":"Hexaghost","ascension_level":4}}