{"host":"nfwmt9fllo89vsai","time":1612724468,"event":{"mods":["AchievementEnabler","BaseMod","Colored Map","Colored Powertips","Curses Come First","Dark Map","Minty Spire (QoL Compilation)","Potion Indicator Mod","Quick Restart","Relic Stats","StSLib","SuperFastMode"],"gold_per_floor":[218,14,14,14,28,28,68,68,95,139,139,94,94,133,133,252,252,277,300,148,161,204,204,243,243,243,264,282,29,29,29,29,159,159,172,192,192,217,217,217,217,253,253,70,114,128,128,128,128,128],"floor_reached":51,"language":"ENG","playtime":2473,"items_purged":[],"score":823,"play_id":"7618d8d2-8feb-4455-beb5-4e2f1ece2e1c","local_time":"20210207120108","is_ascension_mode":true,"campfire_choices":[{"data":"Perfected Strike","floor":6,"key":"SMITH"},{"data":"Perfected Strike","floor":8,"key":"SMITH"},{"floor":13,"key":"REST"},{"data":"Offering","floor":15,"key":"SMITH"},{"data":"Perfected Strike","floor":23,"key":"SMITH"},{"floor":25,"key":"REST"},{"data":"BowlingBash","floor":32,"key":"SMITH"},{"floor":40,"key":"REST"},{"floor":47,"key":"REST"},{"floor":49,"key":"REST"}],"circlet_count":0,"master_deck":["Strike_R","Strike_R","Strike_R+1","Strike_R","Strike_R","Defend_R","Defend_R+1","Bash","Twin Strike+1","Shrug It Off+1","Perfected Strike+1","Perfected Strike+1","Perfected Strike+1","Offering+1","Feed","Heavy Blade+1","Sword Boomerang+1","Spot Weakness+1","Pommel Strike+1","Go for the Eyes+1","BowlingBash+1","Armaments+1","Dash+1","Headbutt+1","Shame","Sadistic Nature","Beam Cell","Evolve+1","Dramatic Entrance","Madness","Discovery","Double Energy+1","Fire Breathing","Flash of Steel+1","Deadly Poison"],"relics":["Burning Blood","Happy Flower","Champion Belt","Golden Idol","MealTicket","Centennial Puzzle","Red Skull","Juzu Bracelet","Astrolabe","PrismaticShard","Red Mask","Letter Opener","Eternal Feather","Self Forming Clay","Pen Nib","Fusion Hammer","Nunchaku","Sundial","War Paint","Bronze Scales","Whetstone"],"acts_visited":["Exordium","TheCity","TheBeyond"],"potions_floor_usage":[16,35,35,50],"damage_taken":[{"damage":5,"enemies":"2 Louse","floor":1,"turns":3},{"damage":0,"enemies":"Small Slimes","floor":5,"turns":3},{"damage":15,"enemies":"Lagavulin","floor":7,"turns":5},{"damage":16,"enemies":"Gremlin Nob","floor":10,"turns":4},{"damage":13,"enemies":"Lagavulin","floor":14,"turns":3},{"damage":34,"enemies":"Hexaghost","floor":16,"turns":4},{"damage":5,"enemies":"Chosen","floor":18,"turns":3},{"damage":16,"enemies":"2 Thieves","floor":19,"turns":2},{"damage":28,"enemies":"Snecko","floor":21,"turns":4},{"damage":15,"enemies":"Masked Bandits","floor":22,"turns":3},{"damage":18,"enemies":"Gremlin Leader","floor":24,"turns":5},{"damage":21,"enemies":"3 Cultists","floor":27,"turns":4},{"damage":7,"enemies":"Centurion and Healer","floor":28,"turns":3},{"damage":73,"enemies":"Collector","floor":33,"turns":8},{"damage":35,"enemies":"3 Darklings","floor":35,"turns":4},{"damage":0,"enemies":"Orb Walker","floor":36,"turns":1},{"damage":16,"enemies":"4 Shapes","floor":38,"turns":3},{"damage":33,"enemies":"Giant Head","floor":42,"turns":6},{"damage":22,"enemies":"Reptomancer","floor":45,"turns":5},{"damage":34,"enemies":"Spire Growth","floor":46,"turns":4},{"damage":71,"enemies":"Time Eater","floor":50,"turns":7}],"seed_played":"272099679341520683","potions_obtained":[{"floor":7,"key":"FearPotion"},{"floor":14,"key":"Energy Potion"},{"floor":19,"key":"GamblersBrew"},{"floor":21,"key":"PowerPotion"},{"floor":33,"key":"Fruit Juice"},{"floor":35,"key":"LiquidMemories"},{"floor":36,"key":"SteroidPotion"},{"floor":45,"key":"EntropicBrew"}],"is_trial":false,"path_per_floor":["M","$","?","?","M","R","E","R","T","E","?","$","R","E","R","B",null,"M","M","$","M","?","R","E","R","T","M","M","$","?","?","R","B",null,"M","M","?","M","?","R","?","E","T","$","E","M","R","T","R","B",null],"character_chosen":"IRONCLAD","items_purchased":["Happy Flower","Shrug It Off","Perfected Strike","PrismaticShard","Self Forming Clay","War Paint","Fire Breathing"],"campfire_rested":5,"item_purchase_floors":[2,2,12,20,29,44,44],"current_hp_per_floor":[80,80,47,47,53,53,44,44,44,34,34,49,71,64,64,36,74,74,67,77,55,49,49,37,61,61,46,45,60,60,60,75,8,80,56,62,62,56,56,89,79,52,52,67,51,23,70,70,89,24],"gold":128,"neow_bonus":"HUNDRED_GOLD","is_daily":false,"chose_seed":false,"campfire_upgraded":5,"win_rate":0.0,"timestamp":1612724468,"path_taken":["M","$","?","?","M","R","E","R","T","E","?","$","R","E","R","BOSS","M","M","$","M","?","R","E","R","T","M","M","$","?","?","R","BOSS","M","M","?","M","?","R","?","E","T","$","E","M","R","?","R","BOSS"],"items_purchased_type":["Relic","Card","Card","Relic","Relic","Relic","Card"],"build_version":"2020-12-22","purchased_purges":0,"victory":true,"max_hp_per_floor":[80,80,80,74,74,74,74,74,74,74,74,74,74,74,74,74,74,74,77,77,77,80,80,80,80,80,80,80,80,80,80,80,80,80,85,85,85,89,89,89,89,89,89,89,89,89,89,89,89,89],"relic_stats":{"Happy Flower":[27],"counters":[21,84],"Golden Idol":173,"Self Forming Clay":[87],"Astrolabe":["Heavy Blade","Sword Boomerang","Spot Weakness"],"Eternal Feather":70,"Pen Nib":[9],"Juzu Bracelet":0,"Letter Opener":[40],"Whetstone":["Strike_R","Headbutt"],"War Paint":["Defend_R","Shrug It Off"],"Burning Blood":124,"Centennial Puzzle":[51],"Nunchaku":[4],"Sundial":[0],"Bronze Scales":[39],"MealTicket":55,"Champion Belt":[13],"obtain_stats":[{"Happy Flower":2,"Golden Idol":4,"Self Forming Clay":29,"Astrolabe":17,"Eternal Feather":26,"Pen Nib":31,"Juzu Bracelet":14,"Letter Opener":24,"Whetstone":48,"War Paint":44,"PrismaticShard":20,"Burning Blood":0,"Centennial Puzzle":9,"Nunchaku":42,"Sundial":43,"Bronze Scales":45,"MealTicket":7,"Fusion Hammer":34,"Red Mask":22,"Champion Belt":3,"Red Skull":10},{"Happy Flower":1,"Golden Idol":1,"Self Forming Clay":13,"Astrolabe":6,"Eternal Feather":11,"Pen Nib":13,"Juzu Bracelet":5,"Letter Opener":11,"Whetstone":20,"War Paint":18,"PrismaticShard":8,"Burning Blood":0,"Centennial Puzzle":3,"Nunchaku":18,"Sundial":18,"Bronze Scales":19,"MealTicket":3,"Fusion Hammer":14,"Red Mask":10,"Champion Belt":1,"Red Skull":4},{"Happy Flower":3,"Golden Idol":3,"Self Forming Clay":46,"Astrolabe":22,"Eternal Feather":39,"Pen Nib":46,"Juzu Bracelet":18,"Letter Opener":39,"Whetstone":77,"War Paint":68,"PrismaticShard":27,"Burning Blood":0,"Centennial Puzzle":11,"Nunchaku":68,"Sundial":68,"Bronze Scales":73,"MealTicket":11,"Fusion Hammer":54,"Red Mask":34,"Champion Belt":3,"Red Skull":15}]},"card_choices":[{"not_picked":["Warcry","Hemokinesis"],"picked":"Twin Strike","floor":1},{"not_picked":["Whirlwind","Twin Strike"],"picked":"Perfected Strike","floor":5},{"not_picked":["Pummel","Feed"],"picked":"Perfected Strike","floor":7},{"not_picked":["Offering","Rupture"],"picked":"Clash","floor":10},{"not_picked":["Cleave","Heavy Blade"],"picked":"Offering","floor":14},{"not_picked":["Offering","Corruption"],"picked":"Feed","floor":16},{"not_picked":["Shrug It Off","Thunderclap+1"],"picked":"Pommel Strike+1","floor":18},{"not_picked":["Iron Wave","True Grit"],"picked":"Shrug It Off","floor":19},{"not_picked":["Indignation","Prepared"],"picked":"Go for the Eyes+1","floor":21},{"not_picked":["Sanctity","Wraith Form v2"],"picked":"BowlingBash","floor":22},{"not_picked":["Quick Slash","Jack Of All Trades"],"picked":"Armaments+1","floor":24},{"not_picked":["Footwork","Reinforced Body"],"picked":"Dash+1","floor":27},{"not_picked":["Sucker Punch+1","EmptyBody"],"picked":"Headbutt","floor":28},{"not_picked":["Panache","Establishment"],"picked":"Sadistic Nature","floor":33},{"not_picked":["Blade Dance+1","Blizzard+1"],"picked":"Beam Cell","floor":35},{"not_picked":["EmptyBody","Blur","Auto Shields"],"picked":"SKIP","floor":36},{"not_picked":["Worship+1","Shrug It Off"],"picked":"Evolve+1","floor":38},{"not_picked":["Trip","PanicButton"],"picked":"Dramatic Entrance","floor":41},{"not_picked":["Trip","Impatience"],"picked":"Madness","floor":41},{"not_picked":["Transmutation","Bandage Up"],"picked":"Discovery","floor":41},{"not_picked":["Prepared+1","Anger+1"],"picked":"Double Energy+1","floor":42},{"not_picked":["TalkToTheHand","Coolheaded"],"picked":"Flash of Steel+1","floor":45},{"not_picked":["EmptyBody","PanicButton"],"picked":"Deadly Poison","floor":46}],"player_experience":27157,"relics_obtained":[{"floor":7,"key":"MealTicket"},{"floor":9,"key":"Centennial Puzzle"},{"floor":10,"key":"Red Skull"},{"floor":14,"key":"Juzu Bracelet"},{"floor":22,"key":"Red Mask"},{"floor":24,"key":"Letter Opener"},{"floor":26,"key":"Eternal Feather"},{"floor":42,"key":"Nunchaku"},{"floor":43,"key":"Sundial"},{"floor":45,"key":"Bronze Scales"},{"floor":48,"key":"Whetstone"}],"event_choices":[{"damage_healed":0,"gold_gain":0,"player_choice":"Success","damage_taken":33,"relics_obtained":["Champion Belt"],"max_hp_gain":0,"max_hp_loss":0,"event_name":"Scrap Ooze","floor":3,"gold_loss":0},{"damage_healed":0,"gold_gain":0,"player_choice":"Lose Max HP","damage_taken":0,"relics_obtained":["Golden Idol"],"max_hp_gain":0,"max_hp_loss":6,"event_name":"Golden Idol","floor":4,"gold_loss":0},{"damage_healed":0,"gold_gain":0,"player_choice":"Upgraded","damage_taken":0,"max_hp_gain":0,"max_hp_loss":0,"event_name":"Upgrade Shrine","floor":11,"gold_loss":0,"cards_upgraded":["Twin Strike"]},{"damage_healed":0,"gold_gain":0,"player_choice":"Fought Bandits","damage_taken":0,"max_hp_gain":0,"max_hp_loss":0,"event_name":"Masked Bandits","floor":22,"gold_loss":0},{"damage_healed":0,"gold_gain":0,"player_choice":"Ignored","damage_taken":0,"max_hp_gain":0,"max_hp_loss":0,"event_name":"Vampires","floor":30,"gold_loss":0},{"damage_healed":0,"gold_gain":0,"player_choice":"Stole Relic","damage_taken":0,"relics_obtained":["Pen Nib"],"max_hp_gain":0,"max_hp_loss":0,"event_name":"Addict","floor":31,"gold_loss":0,"cards_obtained":["Shame"]},{"damage_healed":0,"gold_gain":0,"player_choice":"Ignored","damage_taken":0,"max_hp_gain":0,"max_hp_loss":0,"event_name":"The Moai Head","floor":37,"gold_loss":0},{"cards_removed":["Shrug It Off"],"damage_healed":0,"gold_gain":0,"player_choice":"Removed Skill","damage_taken":0,"max_hp_gain":0,"max_hp_loss":0,"event_name":"Falling","floor":39,"gold_loss":0},{"damage_healed":0,"gold_gain":0,"player_choice":"Memory 3","damage_taken":10,"max_hp_gain":0,"max_hp_loss":0,"event_name":"SensoryStone","floor":41,"gold_loss":0}],"is_beta":false,"boss_relics":[{"not_picked":["Cursed Key","Black Blood"],"picked":"Astrolabe"},{"not_picked":["Runic Cube","Velvet Choker"],"picked":"Fusion Hammer"}],"items_purged_floors":[],"is_endless":false,"potions_floor_spawned":[7,14,19,21,24,27,33,35,36,45],"ascension_level":1}}