{"host":"bf5upntvbdompq33","time":1612669658,"event":{"mods":["BaseMod","Colored Map","Colored Powertips","Curses Come First","Minty Spire (QoL Compilation)","StSLib","The Dragon Tamer","The Hierophant","The Marked","The Mystic","The Servant 0.9.4"],"gold_per_floor":[118,7,7,26,26,39,39,114,114,289,56,56,3,3,3],"floor_reached":14,"language":"ENG","playtime":580,"items_purged":["Regret"],"score":87,"play_id":"02206553-4e59-4dbf-b573-8d0e9494e9ca","local_time":"20210206204738","is_ascension_mode":true,"campfire_choices":[{"floor":7,"key":"REST"},{"floor":12,"key":"REST"}],"circlet_count":0,"master_deck":["Strike_P","Strike_P","Defend_P","Defend_P","Defend_P","Eruption","Vigilance","MasterReality","Blasphemy","MentalFortress","Evaluate","FollowUp","Doubt","Apotheosis","CarveReality","ThirdEye"],"relics":["PureWater","Unceasing Top"],"acts_visited":["Exordium"],"potions_floor_usage":[],"damage_taken":[{"damage":43,"enemies":"Small Slimes","floor":1,"turns":5},{"damage":22,"enemies":"Cultist","floor":4,"turns":4},{"damage":2,"enemies":"2 Louse","floor":6,"turns":3},{"damage":45,"enemies":"Gremlin Nob","floor":14,"turns":3}],"seed_played":"-7495396135342577487","potions_obtained":[],"is_trial":false,"path_per_floor":["M","$","?","M","$","M","R","?","T","?","$","R","$","E"],"character_chosen":"WATCHER","items_purchased":["MentalFortress","Apotheosis","CarveReality","ThirdEye"],"campfire_rested":2,"item_purchase_floors":[2,11,11,13],"current_hp_per_floor":[29,29,29,7,7,5,26,15,15,15,15,36,36,0,0],"gold":3,"neow_bonus":"TRANSFORM_TWO_CARDS","is_daily":false,"chose_seed":false,"campfire_upgraded":0,"win_rate":0.0,"timestamp":1612669658,"path_taken":["M","$","?","?","$","M","R","?","T","?","?","R","$","E"],"items_purchased_type":["Card","Card","Card","Card"],"build_version":"2020-12-22","purchased_purges":1,"victory":false,"max_hp_per_floor":[72,72,72,72,72,72,72,72,72,72,72,72,72,72,72],"card_choices":[{"not_picked":["FlurryOfBlows","Prostrate","PathToVictory"],"picked":"SKIP","floor":1},{"not_picked":["WaveOfTheHand","Perseverance"],"picked":"Evaluate","floor":4},{"not_picked":["BattleHymn","TalkToTheHand"],"picked":"FollowUp","floor":6}],"player_experience":1489356,"relics_obtained":[{"floor":9,"key":"Unceasing Top"}],"event_choices":[{"cards_removed":["Strike_P"],"damage_healed":0,"gold_gain":0,"player_choice":"Purged","damage_taken":0,"max_hp_gain":0,"max_hp_loss":0,"event_name":"Purifier","floor":3,"gold_loss":0},{"damage_healed":0,"gold_gain":75,"player_choice":"Gather Gold","damage_taken":11,"max_hp_gain":0,"max_hp_loss":0,"event_name":"World of Goop","floor":8,"gold_loss":0},{"damage_healed":0,"gold_gain":175,"player_choice":"AGREE","damage_taken":0,"max_hp_gain":0,"max_hp_loss":0,"event_name":"Liars Game","floor":10,"gold_loss":0,"cards_obtained":["Doubt"]}],"is_beta":false,"boss_relics":[],"items_purged_floors":[2],"is_endless":false,"potions_floor_spawned":[],"killed_by":"Gremlin Nob","ascension_level":3}}