{"host":"am0cr9xwekqmrere","time":1612678076,"event":{"mods":["AchievementEnabler","Act Like it!","BaseMod","Better Altar","Better Match","Better Note","Better Sensory Stone","Better Skull","Better Third Choice","BetterRewards","Conspire","Downfall","Hubris","Infinite Spire","Minty Spire (QoL Compilation)","Rare Cards Sparkle","Spicy Shops","StSLib","Unceasing Turn Reminder"],"gold_per_floor":[99,99,109,128,38,54,81,94,94,110,110,110,143,28,45,144,144,44,60,76,86,86,86,111,111,111,111,111],"floor_reached":26,"language":"ENG","playtime":1164,"items_purged":["Pain","downfall:Malfunctioning"],"score":208,"play_id":"cf7a20a2-316d-4665-a56b-cd527845db98","local_time":"20210207000756","is_ascension_mode":false,"campfire_choices":[{"data":"bronze:Replicate","floor":1,"key":"SMITH"},{"floor":9,"key":"REST"},{"floor":12,"key":"REST"},{"data":"bronze:Verify","floor":18,"key":"SMITH"},{"floor":23,"key":"REST"},{"data":"bronze:FineTuning","floor":25,"key":"SMITH"}],"circlet_count":0,"master_deck":["bronze:Strike","bronze:Strike+1","bronze:Strike","bronze:Strike","bronze:Defend","bronze:Defend","bronze:Defend","bronze:Defend","bronze:Replicate+1","bronze:Goto","bronze:Frontload","bronze:Optimize","bronze:ChosenStrike","bronze:Overheat+1","bronze:Invalidate+1","bronze:Shell","bronze:Philosophize","bronze:Verify+1","bronze:WildBeam","bronze:HardenedForm","bronze:Repulsor+1","bronze:FineTuning+1","bronze:Branch","downfall:Haunted"],"relics":["bronze:BronzeCore","WarpedTongs","infinitespire:Beetle Shell","bronze:ProtectiveGoggles","Cursed Key","downfall:HeartBlessingGreen","Question Card","Anchor"],"acts_visited":["Exordium","TheCity"],"potions_floor_usage":[13,14],"damage_taken":[{"damage":8,"enemies":"Jaw Worm","floor":3,"turns":4},{"damage":6,"enemies":"Cultist","floor":4,"turns":4},{"damage":7,"enemies":"downfall:FleeingMerchant","floor":5,"turns":4},{"damage":0,"enemies":"2 Louse","floor":6,"turns":3},{"damage":19,"enemies":"Exordium Thugs","floor":8,"turns":6},{"damage":1,"enemies":"2 Fungi Beasts","floor":10,"turns":4},{"damage":10,"enemies":"3 Sentries","floor":13,"turns":7},{"damage":15,"enemies":"downfall:FleeingMerchant","floor":14,"turns":4},{"damage":14,"enemies":"Blue Slaver","floor":15,"turns":4},{"damage":22,"enemies":"WA_ARCHETYPE_RETAIN","floor":16,"turns":6},{"damage":31,"enemies":"3 Byrds","floor":19,"turns":5},{"damage":13,"enemies":"Snecko","floor":20,"turns":5},{"damage":40,"enemies":"Shelled Parasite and Fungi","floor":21,"turns":6},{"damage":44,"enemies":"Gremlin Leader","floor":26,"turns":5}],"seed_played":"2837999675832824639","potions_obtained":[{"floor":4,"key":"ColorlessPotion"},{"floor":6,"key":"PowerPotion"},{"floor":10,"key":"champ:CounterPotion"},{"floor":13,"key":"DuplicationPotion"},{"floor":15,"key":"FairyPotion"}],"is_trial":false,"path_per_floor":["R","?","M","M","$","M","T","M","R","M","?","R","E","$","M","B",null,"R","M","M","M","AVR","R","T","R","E"],"character_chosen":"THE_AUTOMATON","items_purchased":[],"campfire_rested":3,"item_purchase_floors":[],"current_hp_per_floor":[77,77,69,63,56,56,56,37,60,59,59,77,67,52,38,16,77,77,46,33,19,19,42,42,42,0,0,0],"gold":111,"neow_bonus":"TEN_PERCENT_HP_BONUS","is_daily":false,"chose_seed":false,"campfire_upgraded":3,"win_rate":0.0,"timestamp":1612678076,"path_taken":["R","?","M","M","$","M","T","?","R","M","?","R","E","$","M","BOSS","R","M","M","M","AVR","R","T","R","E"],"items_purchased_type":[],"build_version":"2020-12-22","purchased_purges":2,"victory":false,"max_hp_per_floor":[77,77,77,77,77,77,77,77,77,77,77,77,77,77,77,77,77,77,77,77,77,77,77,77,77,77,77,77],"card_choices":[{"not_picked":["bronze:Deprecate","bronze:Turbo"],"picked":"bronze:Frontload","floor":3},{"not_picked":["bronze:FineTuning","bronze:DigitalCarnage"],"picked":"bronze:Optimize","floor":4},{"not_picked":["bronze:GetLatest","bronze:Shield"],"picked":"bronze:ChosenStrike","floor":5},{"not_picked":["bronze:DarkDash","bronze:ForLoop"],"picked":"bronze:Overheat","floor":6},{"not_picked":["bronze:BitShift","bronze:Overload"],"picked":"bronze:Invalidate","floor":8},{"not_picked":["bronze:CutThrough","bronze:Philosophize"],"picked":"bronze:Shell","floor":10},{"not_picked":["bronze:Overload","bronze:Optimize"],"picked":"bronze:Philosophize","floor":13},{"not_picked":["bronze:FineTuning","bronze:DelayedSlice"],"picked":"bronze:Verify","floor":14},{"not_picked":["bronze:Deprecate","bronze:Iterate"],"picked":"bronze:WildBeam","floor":15},{"not_picked":["bronze:RecursiveStrike","bronze:HyperBeam"],"picked":"bronze:HardenedForm","floor":16},{"not_picked":["bronze:Optimize","bronze:NullPointer"],"picked":"bronze:Repulsor+1","floor":19},{"not_picked":["bronze:Turbo+1","bronze:Deprecate"],"picked":"bronze:FineTuning","floor":20},{"not_picked":["bronze:BitShift","bronze:Iterate+1"],"picked":"bronze:Branch","floor":21}],"player_experience":2737082,"relics_obtained":[{"floor":7,"key":"infinitespire:Beetle Shell"},{"floor":13,"key":"bronze:ProtectiveGoggles"},{"floor":24,"key":"Anchor"}],"event_choices":[],"is_beta":false,"boss_relics":[{"not_picked":["conspire:RoyalGoblet","Sozu"],"picked":"Cursed Key"}],"items_purged_floors":[5,14],"is_endless":false,"potions_floor_spawned":[4,6,10,13,15],"killed_by":"Gremlin Leader","ascension_level":0}}