{"host":"avfk0uqadyfnr875","time":1612676288,"event":{"mods":["2.2 Compatiblity","Act Like it!","BaseMod","Chen","Colored Powertips","Downfall","Gensokyo","Koishi","KomeijiMod","Marisa£®ÏF”Í°°ƒß¿Ì…≥£©","Minty Spire (QoL Compilation)","Pale of the Ancients","Quick Restart","READ ME - Guardian Mod","Reimu£®≤©¿ˆ¡È√Œ£©","Shop Mod","StSLib"],"gold_per_floor":[14,14,14,24,106,132,132,157,157,157,13,33,113,19,19,364,364,383,383,409,509,151,164,164,199,199,431,431,431,461,781,781,879,879,895,548,458,458,47,47,147,175,200,231,231,231,231,249,249,449,449,449,107,134,134],"floor_reached":56,"language":"ZHS","playtime":5356,"items_purged":["LunaDial","downfall:Icky"],"score":1376,"play_id":"cb1fbc9e-3c4e-410d-9fa9-efc900165bd5","local_time":"20210207133808","is_ascension_mode":true,"campfire_choices":[{"data":"Dash_Komeiji","floor":10.0,"key":"SMITH"},{"floor":15.0,"key":"RECALL"},{"data":"1","floor":24.0,"key":"LIFT"},{"data":"2","floor":29.0,"key":"LIFT"},{"data":"Mishyaguji+1","floor":32.0,"key":"SWEEP"},{"data":"3","floor":40.0,"key":"LIFT"},{"data":"Gensokyo:ManorOfTheDishes","floor":49.0,"key":"SMITH"},{"data":"TerribleSouvenir","floor":52,"key":"SMITH"}],"circlet_count":0,"master_deck":["Strike_Komeiji","Strike_Komeiji","Strike_Komeiji","Defend_Komeiji","Defend_Komeiji","Defend_Komeiji","Dash_Komeiji+1","MajikuruSanhai+1","Melting","KokorosuKi+1","SilentSelene","GasuOrimono+1","EmeraldCity+","TerribleSouvenir+1","SuitokuNoKyoryu+1","Mishyaguji+1","Gensokyo:CustomPotion","Gensokyo:LockedMedkit","Gensokyo:ManorOfTheDishes+1","downfall:Haunted","downfall:Haunted","HisouTensoku","Injury","Gensokyo:LifeSpringInfinity+1","CondensedBubble+","Sadistic Nature","FallThrasher+"],"relics":["KomeijisEye","SpellCardsRule","MusicBox","Gensokyo:CelestialsFlawlessClothing","Singing Bowl","Omamori","Gensokyo:OccultBall","CrystalOfMemory","Juzu Bracelet","Cursed Key","Gensokyo:MosesMiracle","Smiling Mask","Girya","Lizard Tail","Medical Kit","Prayer Wheel","ColorfulQuillpen","Happy Flower","Gensokyo:ConquerorOfFear","MealTicket","ReiryokuShyu","Vajra","TentaclePot:ReiMu","Du-Vu Doll","Nunchaku","Mastiff:ReiMu","Boot","SpellExtend","Pear","Bronze Scales"],"acts_visited":["Gensokyo:Gensokyo","Gensokyo:Gensokyoer","Gensokyo:Gensokyoest","TheEnding"],"potions_floor_usage":[55,55,55],"damage_taken":[{"damage":5.0,"enemies":"Gensokyo:2_Kodama","floor":1.0,"turns":5.0},{"damage":13.0,"enemies":"Gensokyo:Gryphon","floor":4.0,"turns":6.0},{"damage":19.0,"enemies":"Gensokyo:Cirno","floor":6.0,"turns":6.0},{"damage":49.0,"enemies":"Gensokyo:Aya","floor":8.0,"turns":8.0},{"damage":0.0,"enemies":"Gensokyo:3_Fairies","floor":12.0,"turns":2.0},{"damage":36.0,"enemies":"Gensokyo:Reimu","floor":16.0,"turns":13.0},{"damage":11.0,"enemies":"Gensokyo:CosmicMonolith","floor":18.0,"turns":6.0},{"damage":4.0,"enemies":"Gensokyo:CosmicMonolith","floor":21.0,"turns":7.0},{"damage":4.0,"enemies":"Gensokyo:AngelMirror","floor":23.0,"turns":5.0},{"damage":8.0,"enemies":"Gensokyo:Reisen","floor":25.0,"turns":7.0},{"damage":9.0,"enemies":"Gensokyo:Koishi","floor":27.0,"turns":5.0},{"damage":8.0,"enemies":"Gensokyo:Tenshi","floor":30.0,"turns":5.0},{"damage":34.0,"enemies":"Gensokyo:Chomper_and_Gloop","floor":31.0,"turns":6.0},{"damage":34.0,"enemies":"Gensokyo:Eternal_Rivals","floor":33.0,"turns":10.0},{"damage":14.0,"enemies":"Gensokyo:AncientGuardian","floor":35.0,"turns":7.0},{"damage":16.0,"enemies":"Gensokyo:Marisa","floor":42.0,"turns":5.0},{"damage":21.0,"enemies":"Gensokyo:Doremy","floor":44.0,"turns":5.0},{"damage":2.0,"enemies":"Gensokyo:Doremy","floor":47.0,"turns":3.0},{"damage":13.0,"enemies":"Gensokyo:3_Boulders","floor":48.0,"turns":4.0},{"damage":12,"enemies":"Gensokyo:Yuyuko","floor":50,"turns":9},{"damage":73,"enemies":"Shield and Spear","floor":54,"turns":6},{"damage":7,"enemies":"The Heart","floor":55,"turns":3}],"seed_played":"-1439675042661440551","potions_obtained":[{"floor":1.0,"key":"LiquidBronze"},{"floor":25.0,"key":"ZuzhouPotion:ReiMu"},{"floor":30.0,"key":"Block Potion"},{"floor":31.0,"key":"BlessingOfTheForge"},{"floor":33.0,"key":"Fire Potion"},{"floor":42.0,"key":"Energy Potion"}],"is_trial":false,"path_per_floor":["M","?","$","M","T","E","?","E","T","R","$","M","?","?","R","B",null,"M","?","T","?","COS","M","R","E","T","E","?","R","E","M","R","B",null,"M","$","?","?","COS","R","?","E","T","E","?","?","?","M","R","B",null,"R","$","E","B",null],"character_chosen":"KomeijiSatori","items_purchased":["Juzu Bracelet","Vajra","TentaclePot:ReiMu","bronze:BurnAndBuffPotion","CondensedBubble+","Sadistic Nature"],"campfire_rested":0,"item_purchase_floors":[11,36,36,53,53,53],"current_hp_per_floor":[45,33,33,20,20,1,1,3,3,3,3,3,3,50,50,14,50,41,41,41,37,37,33,33,33,33,26,26,26,20,19,24,24,58,54,62,62,62,62,62,62,50,50,31,31,31,31,22,22,22,72,72,72,9,75],"gold":134,"neow_bonus":"REMOVE_TWO","is_daily":false,"chose_seed":false,"campfire_upgraded":3,"win_rate":0.0,"timestamp":1612676288,"path_taken":["M","?","$","M","?","E","?","E","T","R","?","M","?","?","R","BOSS","M","?","?","?","COS","M","R","E","T","E","?","R","E","M","R","BOSS","M","$","?","?","COS","R","?","E","T","E","?","?","?","M","R","BOSS","R","$","E","BOSS"],"items_purchased_type":["Relic","Relic","Relic","Potion","Undefined","Card"],"build_version":"2020-12-22","purchased_purges":2,"victory":true,"max_hp_per_floor":[50,50,50,50,50,50,50,50,50,50,50,50,50,50,50,50,50,50,50,50,50,50,50,50,52,52,54,54,54,56,58,58,58,58,62,62,62,62,62,62,62,66,66,68,68,68,68,72,72,72,72,72,72,82,82],"card_choices":[{"not_picked":["StickyBubble+","HagoromoKu"],"picked":"MissingPower","floor":1.0},{"not_picked":["SuitokuNoKyoryu","DemonsDinnerFork"],"picked":"MajikuruSanhai+1","floor":4.0},{"not_picked":["RoshinSou+1","KoKei+1"],"picked":"MidautumnSpear+","floor":6.0},{"not_picked":["HagoromoKu","EnMu+1"],"picked":"Melting","floor":8.0},{"not_picked":["Agarareta+1","KinbakuJin+1","DochyakuKami+1"],"picked":"KokorosuKi+1","floor":12.0},{"not_picked":["LunaticRedEyes","WumiGaWareru","AbyssNova"],"picked":"SilentSelene","floor":16.0},{"not_picked":["SenyouGoraku+1","HagoromoMizu","WipeMoisture+"],"picked":"GasuOrimono+1","floor":18.0},{"not_picked":["ShyakuBuku","SpringWind+","WinterElement+"],"picked":"EmeraldCity+","floor":21.0},{"not_picked":["Sabishigari+1","RikonNoKama+1","DemonLordCradle+1"],"picked":"CondensedBubble+","floor":23.0},{"not_picked":["WinterElement+","Agarareta+1","GroundStardust+1"],"picked":"DochyakuKami+1","floor":23.0},{"not_picked":["SilentSelene","EverywhereHibernate","ElementMix"],"picked":"TerribleSouvenir","floor":25.0},{"not_picked":["Sabishigari+1","ShyakuBuku","RikonNoKama+1","Melting+1"],"picked":"Singing Bowl","floor":25.0},{"not_picked":["YoukiSo+1","KoKei+1","DemonLordCradle","SummerFlame+"],"picked":"Singing Bowl","floor":27.0},{"not_picked":["DochyakuKami+1","WinterElement+","KeiseiJin+1","KinbakuJin+1"],"picked":"Singing Bowl","floor":30.0},{"not_picked":["SenseofElegance+1","WinterElement+","HisouNoKen"],"picked":"SuitokuNoKyoryu+1","floor":31.0},{"not_picked":["Agarareta+1","KinbakuJin+1","FallThrasher+","KokorosuKi+1"],"picked":"Singing Bowl","floor":31.0},{"not_picked":["TenguhouSokujitsuken","EverywhereHibernate","TerribleSouvenir"],"picked":"LunaDial","floor":33.0},{"not_picked":["SpringWind+","Mishyaguji+1","DochyakuKami+1","HagoromoMizu+1"],"picked":"Singing Bowl","floor":35.0},{"not_picked":["HagoromoMizu","JyouchiJin+1","KinbakuJin+1","SeishiRoten+1"],"picked":"Singing Bowl","floor":35.0},{"not_picked":["CondensedBubble+","DochyakuKami+1","EmeraldCity+","Sabishigari+1"],"picked":"Singing Bowl","floor":42.0},{"not_picked":["CondensedBubble+","Mishyaguji+1","StaticGreen+","JyouchiJin+1"],"picked":"Singing Bowl","floor":42.0},{"not_picked":["SelfTokamak","AbyssNova","SenyouGoraku+1","KinbakuJin+1"],"picked":"Singing Bowl","floor":44.0},{"not_picked":["Gensokyo:MorningStar+1","Gensokyo:RisingWorld+1"],"picked":"Gensokyo:LifeSpringInfinity+1","floor":47.0},{"not_picked":["KimairaNoYoku","SeishiRoten+1","KinbakuJin+1","KouPou+1"],"picked":"Singing Bowl","floor":48.0},{"not_picked":["WipeMoisture+","ShyakuBuku+1","JyouchiJin+1","MidautumnSpear+"],"picked":"Singing Bowl","floor":48.0},{"not_picked":["SenyouGoraku+1","JyouchiJin+1","MissingPower"],"picked":"FallThrasher+","floor":54}],"player_experience":327179,"relics_obtained":[{"floor":5.0,"key":"Singing Bowl"},{"floor":6.0,"key":"Omamori"},{"floor":8.0,"key":"CrystalOfMemory"},{"floor":16.0,"key":"Gensokyo:OccultBall"},{"floor":20.0,"key":"Smiling Mask"},{"floor":21.0,"key":"Girya"},{"floor":21.0,"key":"Lizard Tail"},{"floor":21.0,"key":"Gensokyo:OccultBall"},{"floor":23.0,"key":"Gensokyo:OccultBall"},{"floor":25.0,"key":"Gensokyo:OccultBall"},{"floor":25.0,"key":"Gensokyo:MosesMiracle"},{"floor":25.0,"key":"Prayer Wheel"},{"floor":26.0,"key":"ColorfulQuillpen"},{"floor":27.0,"key":"Happy Flower"},{"floor":30.0,"key":"Gensokyo:ConquerorOfFear"},{"floor":30.0,"key":"MealTicket"},{"floor":33.0,"key":"Gensokyo:OccultBall"},{"floor":42.0,"key":"Nunchaku"},{"floor":43.0,"key":"Mastiff:ReiMu"},{"floor":44.0,"key":"Boot"},{"floor":54,"key":"Bronze Scales"}],"event_choices":[],"is_beta":false,"boss_relics":[{"not_picked":["Ectoplasm","bronze:MakeshiftBattery"],"picked":"Cursed Key"},{"not_picked":["Runic Dome","Tiny House"],"picked":"ReiryokuShyu"}],"items_purged_floors":[36,53],"is_endless":false,"potions_floor_spawned":[1,8,25,30,31,33,42,48],"ascension_level":1}}