{"host":"2ixd8xwebcm7gar8","time":1612733273,"event":{"mods":["AchievementEnabler","Act Like it!","Arknights","BaseMod","Beaked The Cultist","Conspire","Defuse TimeMaze Blight","Downfall","Googly Eyes","Hallownest","Hermit","Hubris","Infinite Spire","Minty Spire (QoL Compilation)","Replay The Spire","Robot Space Explorer","Shop Mod","StSLib","The Bug Knight","The Cursed","The Marked","Waifu the Spire"],"gold_per_floor":[114,44,44,44,58,58,86,112,139,166,166,199,284,309,309,413,413,424,424,424,441,441,441,441,467,467,42,69,103,103,162,162,262,262,274,149,149,169,0,0,34,61,113,113,150,150,150,74,74,172,181,178,118,118,118,109,109,109,109,135,136,136,136,70,66,66,142,142,118,118,118,118,98,97,77,79,79,79,79,79,79,82,82,211,211,218,250,24,33,33,33,333,333,333,131,131,131,131,131,131,262,262,256,256,265,271,271,271,271,1371,1394,1394,1413,113,113,106,106,240,240,267,16,16,16,46,46,46,65,65,65,100,100,100,100,100,211,238,237,255,267,284,393,393,393,393,393,393,393,431,69,29,29,361,361,361],"floor_reached":153,"language":"ENG","playtime":13291,"items_purged":["Regret","Pride","Hallownest:curseDreamersLament"],"score":3755,"play_id":"58e1b1df-0541-4b45-8104-5a448d8eb7f0","local_time":"20210207132753","daily_mods":["Draft","Heirloom","Time Dilation","Flight","Elite Swarm"],"is_ascension_mode":true,"campfire_choices":[{"data":"beaked:Ceremony","floor":6.0,"key":"SMITH"},{"data":"beaked:Ceremony","floor":11.0,"key":"SMITH"},{"data":"beaked:BloodRitual","floor":15.0,"key":"SMITH"},{"floor":23.0,"key":"REST"},{"floor":24.0,"key":"REST"},{"data":"beaked:BraceForImpact","floor":32.0,"key":"SMITH"},{"data":"beaked:AwakenedForm","floor":40.0,"key":"SMITH"},{"data":"Hallownest:pwrSporeShroom","floor":44.0,"key":"SMITH"},{"data":"beaked:BloodRitual+1","floor":46.0,"key":"SMITH"},{"data":"beaked:BloodRitual+2","floor":47.0,"key":"SMITH"},{"data":"beaked:BloodRitual+3","floor":49.0,"key":"SMITH"},{"floor":57.0,"key":"DIG"},{"data":"beaked:BloodRitual+4","floor":58.0,"key":"SMITH"},{"data":"beaked:BloodRitual+5","floor":59.0,"key":"SMITH"},{"data":"beaked:BloodRitual+6","floor":63.0,"key":"SMITH"},{"floor":66.0,"key":"DIG"},{"data":"Hallownest:skillKingdomsEdgeMap","floor":78.0,"key":"SMITH"},{"data":"Hallownest:skillGreenpathMap","floor":81.0,"key":"SMITH"},{"data":"beaked:BloodRitual+7","floor":83.0,"key":"SMITH"},{"floor":91.0,"key":"DIG"},{"floor":92.0,"key":"DIG"},{"floor":93.0,"key":"DIG"},{"data":"beaked:BloodRitual+8","floor":96.0,"key":"SMITH"},{"data":"beaked:BloodRitual+9","floor":96.0,"key":"SMITH"},{"data":"beaked:BloodRitual+10","floor":97.0,"key":"SMITH"},{"data":"beaked:BloodRitual+11","floor":97.0,"key":"SMITH"},{"data":"beaked:BloodRitual+12","floor":98.0,"key":"SMITH"},{"data":"beaked:BloodRitual+13","floor":98.0,"key":"SMITH"},{"data":"beaked:BloodRitual+14","floor":100.0,"key":"SMITH"},{"data":"beaked:BloodRitual+15","floor":100.0,"key":"SMITH"},{"floor":108.0,"key":"DIG"},{"data":"beaked:BloodRitual+16","floor":109.0,"key":"SMITH"},{"data":"beaked:BloodRitual+17","floor":109.0,"key":"SMITH"},{"data":"beaked:BloodRitual+18","floor":112.0,"key":"SMITH"},{"data":"beaked:BloodRitual+19","floor":112.0,"key":"SMITH"},{"data":"beaked:BloodRitual+20","floor":115.0,"key":"SMITH"},{"data":"beaked:BloodRitual+21","floor":115.0,"key":"SMITH"},{"data":"beaked:BloodRitual+22","floor":117.0,"key":"SMITH"},{"data":"beaked:BloodRitual+23","floor":117.0,"key":"SMITH"},{"data":"beaked:BloodRitual","floor":125.0,"key":"SMITH"},{"data":"beaked:BloodRitual+1","floor":125.0,"key":"SMITH"},{"data":"beaked:BloodRitual+2","floor":126.0,"key":"SMITH"},{"data":"beaked:BloodRitual+3","floor":126.0,"key":"SMITH"},{"data":"beaked:BloodRitual+4","floor":129.0,"key":"SMITH"},{"data":"beaked:RitualOfBody","floor":129.0,"key":"SMITH"},{"data":"beaked:RitualOfBody+1","floor":131.0,"key":"SMITH"},{"data":"beaked:RitualOfBody+2","floor":131.0,"key":"SMITH"},{"data":"beaked:RitualOfBody+3","floor":132.0,"key":"SMITH"},{"data":"beaked:RitualOfBody+4","floor":132.0,"key":"SMITH"},{"data":"beaked:RitualOfBody+5","floor":134.0,"key":"SMITH"},{"data":"beaked:RitualOfBody+6","floor":134.0,"key":"SMITH"},{"data":"beaked:RitualOfBody+7","floor":142,"key":"SMITH"},{"data":"beaked:RitualOfBody+7","floor":142,"key":"SMITH"},{"data":"beaked:RitualOfBody+7","floor":143,"key":"SMITH"},{"data":"beaked:RitualOfBody+8","floor":143,"key":"SMITH"},{"data":"beaked:RitualOfBody+8","floor":146,"key":"SMITH"},{"data":"beaked:RitualOfBody+8","floor":146,"key":"SMITH"},{"floor":151,"key":"DIG"}],"circlet_count":0,"master_deck":["beaked:Ceremony+1","beaked:Ceremony+1","beaked:BraceForImpact+1","beaked:BraceForImpact+1","beaked:Poke","beaked:BraceForImpact+1","beaked:Evade","beaked:MimicHuntress","beaked:Windmill","beaked:Brace","beaked:Windmill","beaked:Tweet","beaked:Poke","beaked:Cower","beaked:Hexing","beaked:MimicMachine","beaked:Windmill","beaked:Windmill","beaked:Windmill","beaked:AwakenedForm+1","beaked:ScreechingChant+1","beaked:BraceForImpact+2","beaked:BloodRitual+24","beaked:MachineEssence+1","beaked:Windmill+1","beaked:Poke+1","beaked:AwakenedForm+1","Hallownest:pwrSporeShroom+1","beaked:AwakenedForm+1","beaked:ScreechingChant+1","beaked:AwakenedForm+1","Hallownest:skillKingdomsEdgeMap+1","Creative AI+1","Hallownest:skillGreenpathMap+1","beaked:ScreechingChant+1","beaked:Poke+1","beaked:ScreechingChant+1","beaked:BloodRitual+5","beaked:RitualOfBody+9","beaked:ScreechingChant+1","downfall:Icky","beaked:RitualOfBody+9","beaked:RitualOfBody+9","beaked:BraceForImpact+1","beaked:Windmill+1","beaked:Windmill+1"],"relics":["beaked:BlessedCoat","Turnip","Hallownest:DreamNailRelic","infinitespire:Beetle Shell","Strawberry","Golden Egg","The Courier","HollowMod:PaleOreRelic","Kunai","Black Star","Singing Bowl","Hallownest:NailmastersGloryRelic","Blood Vial","Replay:Winged Headress","Centennial Puzzle","hubris:MedicalManual","Boot","Question Card","HollowMod:LifeEnderRelic","ReplayTheSpireMod:Shallot","Unceasing Top","Hallownest:SoulVesselRelic","Hallownest:HeavyBlowRelic","Hallownest:StagBellStandRelic","Gremlin Horn","conspire:InfiniteJournal","Shovel","Thread and Needle","CeramicFish","Oddly Smooth Stone","Bottled Tornado","beaked:SacredDeck","Anchor","Replay:Bottled Flurry","HornCleat","Toy Ornithopter","Hallownest:SalubrasBlessingRelic","hubris:MysteriousPyramids","infinitespire:Lucky Rock","Ancient Tea Set","Busted Crown","hubris:HollowSoul","Orrery","Darkstone Periapt","Bag of Marbles","Bronze Scales","War Paint","Replay:Bandana","Pen Nib","Replay:Bottled Steam","hubris:Icosahedron","hubris:Backtick","hubris:Zylophone","Replay:Bottled Eggs","hubris:SlimyHat","Old Coin","Bag of Preparation","Replay:Arrowhead","Vajra","Hallownest:KingsIdolRelic","Replay:Bronze Core","Dream Catcher","ReplayFunnel","Regal Pillow","Mango","Blue Doll","Bird Faced Urn","OrangePellets","hexamod:CandleOfCauterizing","ReplayTheSpireMod:Lightbulb","beaked:FlawlessSticks","conspire:TopHat","MealTicket","Blue Candle","Pear","conspire:GiftBox","Replay:Ancient Bell","hubris:TenFootPole","infinitespire:CheckeredPen","hubris:CuriousFeather","Hallownest:GodTamersBeastRelic","Hallownest:BeastSealRelic","Orichalcum","hubris:TerracottaHorce","infinitespire:EmpoweringShard","champ:DeflectingBracers","Lizard Tail","Juzu Bracelet","PreservedInsect","Replay:Grab Bag","beaked:SacredNecklace","ChewingGum","hubris:Stopwatch"],"acts_visited":["Hallownest:Greenpath","Hallownest:CityofTears","Hallownest:KingdomsEdge","Hallownest:Greenpath","Hallownest:CityofTears","Hallownest:KingdomsEdge","Hallownest:Greenpath","Hallownest:CityofTears","Hallownest:KingdomsEdge","Hallownest:Greenpath"],"potions_floor_usage":[139,152],"damage_taken":[{"damage":2.0,"enemies":"Hallownest:2_Tiktiks_and_1_Crawlid","floor":1.0,"turns":2.0},{"damage":10.0,"enemies":"Hallownest:2_Baldur","floor":5.0,"turns":3.0},{"damage":3.0,"enemies":"Hallownest:eliteMossKnight","floor":7.0,"turns":4.0},{"damage":0.0,"enemies":"Hallownest:eliteCrystalGuardian","floor":10.0,"turns":2.0},{"damage":19.0,"enemies":"Hallownest:eliteMossKnight","floor":12.0,"turns":5.0},{"damage":27.0,"enemies":"Hallownest:eliteCrystalGuardian","floor":14.0,"turns":5.0},{"damage":95.0,"enemies":"Hallownest:BossHornet","floor":16.0,"turns":9.0},{"damage":59.0,"enemies":"Hallownest:Flukemon_and_Top","floor":18.0,"turns":5.0},{"damage":44.0,"enemies":"Hallownest:2_Mistakes","floor":21.0,"turns":3.0},{"damage":69.0,"enemies":"Hallownest:eliteWatcherKnight","floor":25.0,"turns":9.0},{"damage":81.0,"enemies":"Nightmare","floor":28.0,"turns":7.0},{"damage":35.0,"enemies":"Hallownest:Nosk","floor":29.0,"turns":6.0},{"damage":23.0,"enemies":"Hallownest:Glutton_and_Coward","floor":31.0,"turns":2.0},{"damage":96.0,"enemies":"Hallownest:BossMantisLord","floor":33.0,"turns":8.0},{"damage":28.0,"enemies":"Hallownest:Shield_Heavy","floor":35.0,"turns":3.0},{"damage":24.0,"enemies":"Hallownest:3_Siblings","floor":38.0,"turns":4.0},{"damage":64.0,"enemies":"Hallownest:eliteHiveKnight","floor":41.0,"turns":6.0},{"damage":13.0,"enemies":"Hallownest:eliteCollector","floor":42.0,"turns":2.0},{"damage":26.0,"enemies":"Hallownest:StalkingDevout","floor":45.0,"turns":3.0},{"damage":60.0,"enemies":"Hallownest:Radiance","floor":50.0,"turns":6.0},{"damage":17.0,"enemies":"Hallownest:monsterHuskGuard","floor":52.0,"turns":3.0},{"damage":12.0,"enemies":"Hallownest:monsterHuskWarrior","floor":56.0,"turns":2.0},{"damage":12.0,"enemies":"Hallownest:eliteCrystalGuardian","floor":61.0,"turns":2.0},{"damage":12.0,"enemies":"Hallownest:eliteMossKnight","floor":65.0,"turns":3.0},{"damage":42.0,"enemies":"Hallownest:BossHornet","floor":67.0,"turns":2.0},{"damage":21.0,"enemies":"Hallownest:Guard_and_Sentry","floor":69.0,"turns":3.0},{"damage":31.0,"enemies":"Hallownest:3_Youths","floor":73.0,"turns":3.0},{"damage":34.0,"enemies":"Hallownest:eliteSoulWarrior","floor":74.0,"turns":2.0},{"damage":30.0,"enemies":"Hallownest:eliteWatcherKnight","floor":75.0,"turns":7.0},{"damage":0.0,"enemies":"Hallownest:Nosk","floor":76.0,"turns":2.0},{"damage":12.0,"enemies":"Hallownest:Warrior_and_Youth","floor":82.0,"turns":1.0},{"damage":12.0,"enemies":"Hallownest:BossMantisLord","floor":84.0,"turns":1.0},{"damage":12.0,"enemies":"Hallownest:3_Siblings","floor":86.0,"turns":1.0},{"damage":12.0,"enemies":"Hallownest:2_Littles","floor":87.0,"turns":1.0},{"damage":5.0,"enemies":"Hallownest:BossHollowKnight","floor":101.0,"turns":1.0},{"damage":12.0,"enemies":"2_ Uuma","floor":103.0,"turns":1.0},{"damage":16.0,"enemies":"Hallownest:2_Baldur","floor":106.0,"turns":2.0},{"damage":0.0,"enemies":"Hallownest:monsterHuskGuard","floor":113.0,"turns":3.0},{"damage":24.0,"enemies":"Hallownest:monsterAspidMother","floor":116.0,"turns":3.0},{"damage":12.0,"enemies":"Hallownest:BossFalseKnight","floor":118.0,"turns":1.0},{"damage":0.0,"enemies":"Hallownest:3_Youths","floor":120.0,"turns":1.0},{"damage":0.0,"enemies":"Hallownest:3_Youths","floor":124.0,"turns":1.0},{"damage":38.0,"enemies":"Hallownest:2_Mistakes","floor":127.0,"turns":2.0},{"damage":12.0,"enemies":"conspire:MimicChest","floor":130.0,"turns":2.0},{"damage":12.0,"enemies":"Hallownest:BossMantisLord","floor":135.0,"turns":1.0},{"damage":25.0,"enemies":"Hallownest:Shield_Heavy","floor":137.0,"turns":1.0},{"damage":25,"enemies":"Hallownest:3_Siblings","floor":139,"turns":1},{"damage":13,"enemies":"Hallownest:2_Great","floor":140,"turns":1},{"damage":0,"enemies":"Hallownest:2_Great","floor":141,"turns":2},{"damage":25,"enemies":"Hallownest:2_Great","floor":141,"turns":1},{"damage":24,"enemies":"Hallownest:2_Great","floor":141,"turns":1},{"damage":25,"enemies":"Hallownest:2_Great","floor":141,"turns":2},{"damage":37,"enemies":"Hallownest:2_Primals","floor":148,"turns":2},{"damage":49,"enemies":"infinitespire:LordOfFortification","floor":152,"turns":2}],"seed_played":"7259158342730409629","potions_obtained":[{"floor":1.0,"key":"conspire:TimeTravelPotion"},{"floor":5.0,"key":"AttackPotion"},{"floor":25.0,"key":"infinitespire:BlackPotion"},{"floor":31.0,"key":"Guardian:BlockOnCardUsePotion"},{"floor":33.0,"key":"Reflective Coating"},{"floor":35.0,"key":"ColorlessPotion"},{"floor":50.0,"key":"DuplicationPotion"},{"floor":52.0,"key":"FearPotion"},{"floor":56.0,"key":"PowerPotion"},{"floor":67.0,"key":"SpeedPotion"},{"floor":69.0,"key":"sneckomod:MuddlingPotion"},{"floor":75.0,"key":"Death Potion"},{"floor":76.0,"key":"AttackPotion"},{"floor":84.0,"key":"BlessingOfTheForge"},{"floor":101.0,"key":"Dexterity Potion"},{"floor":106.0,"key":"FairyPotion"},{"floor":137.0,"key":"Elixir"},{"floor":148,"key":"Dexterity Potion"},{"floor":152,"key":"SkillPotion"}],"is_trial":true,"path_per_floor":["M","?","?","?","M","R","E","T","T","E","R","E","?","?","R","B",null,"M","?","?","M","?","R","R","E","T","$","NM","E","?","M","R","B",null,"M","?","?","M","?","R","E","E","T","R","E","R","R","?","R","B",null,"M","$","T","?","M","R","R","R","T","E","?","R","?","E","R","B",null,"M","AVR","?","$","M","E","E","E","T","R","?","?","R","M","R","B",null,"M","M","$","?","?","R","R","R","T","$","R","R","R","?","R","B",null,"M","?","?","M","?","R","R","?","T","R","M","$","R","M","R","B",null,"M","$","?","?","?","R","R","M","T","R","?","R","R","?","R","B",null,"M","?","M","M","?","R","R","?","T","R","AVR","?","$","$","R","B",null],"character_chosen":"BEAKED_THE_CULTIST","items_purchased":["beaked:Windmill","hubris:MedicalManual","Boot","beaked:Poke","Replay:Bottled Eggs","beaked:Poke","Vajra","Regal Pillow","Mango","Blue Doll","Bird Faced Urn","OrangePellets","hexamod:CandleOfCauterizing","ReplayTheSpireMod:Lightbulb","conspire:TopHat","MealTicket","Lizard Tail","Juzu Bracelet","beaked:Windmill","Adrenaline Potion"],"campfire_rested":2,"item_purchase_floors":[27,27,27,27,88,88,95,114,114,114,114,114,114,114,121,121,149,149,149,150],"current_hp_per_floor":[50,50,50,50,50,50,50,57,57,57,57,55,33,29,29,49,57,48,48,48,25,25,42,59,61,61,61,43,65,61,67,67,66,69,70,70,70,73,73,73,73,73,73,73,73,73,73,73,73,68,75,75,75,75,75,79,79,79,79,79,71,71,71,71,83,83,85,85,87,97,97,97,99,101,103,105,105,105,105,105,105,100,100,109,109,111,103,103,109,109,109,109,109,109,109,109,109,109,109,109,119,119,121,112,108,128,144,144,144,144,144,144,147,161,161,156,156,165,165,165,165,165,160,165,165,165,142,152,152,176,176,176,176,176,179,203,205,205,207,209,200,200,200,200,200,200,200,201,209,209,209,211,211,211],"gold":361,"neow_bonus":"","is_daily":false,"chose_seed":false,"campfire_upgraded":49,"win_rate":0.0,"timestamp":1612733273,"path_taken":["M","?","?","?","?","R","E","?","T","E","R","E","?","?","R","BOSS","M","?","?","?","?","R","R","E","T","$","NM","E","?","?","R","BOSS","M","?","?","?","?","R","E","E","T","R","E","R","R","?","R","BOSS","M","$","?","?","?","R","R","R","T","E","?","R","?","E","R","BOSS","M","AVR","?","$","?","E","E","E","T","R","?","?","R","M","R","BOSS","M","M","$","?","?","R","R","R","T","$","R","R","R","?","R","BOSS","M","?","?","?","?","R","R","?","T","R","?","$","R","?","R","BOSS","M","$","?","?","?","R","R","?","T","R","?","R","R","?","R","BOSS","M","?","?","?","?","R","R","?","T","R","AVR","?","$","$","R","BOSS"],"items_purchased_type":["Card","Relic","Relic","Card","Relic","Card","Relic","Relic","Relic","Relic","Relic","Relic","Relic","Relic","Relic","Relic","Relic","Relic","Card","Potion"],"build_version":"2020-12-22","purchased_purges":3,"victory":false,"max_hp_per_floor":[50,50,50,50,50,50,50,57,57,57,57,57,57,57,57,57,57,57,57,57,59,59,59,59,61,61,61,65,65,65,67,67,69,69,71,71,71,73,73,73,73,73,73,73,73,73,73,73,73,75,75,77,77,77,77,79,79,79,79,79,81,81,81,81,83,83,85,85,87,97,97,97,99,101,103,105,105,105,105,105,105,107,107,109,109,111,113,113,119,119,119,119,119,119,119,119,119,119,119,119,119,119,121,121,127,129,145,145,145,145,145,145,147,161,161,163,163,165,165,165,165,165,165,165,165,165,165,175,175,177,177,177,177,177,179,203,205,205,207,209,209,209,209,209,209,209,209,209,209,209,209,211,211,211],"card_choices":[{"not_picked":["beaked:Overexert","beaked:Flinch"],"picked":"beaked:BraceForImpact","floor":0.0},{"not_picked":["beaked:Poke","beaked:Resilience"],"picked":"beaked:BraceForImpact","floor":0.0},{"not_picked":["beaked:DigDeeper","beaked:Brace"],"picked":"beaked:Poke","floor":0.0},{"not_picked":["beaked:Overexert","beaked:Pecker"],"picked":"beaked:BraceForImpact","floor":0.0},{"not_picked":["beaked:Foresight","beaked:TuckingFeathers"],"picked":"beaked:Evade","floor":0.0},{"not_picked":["beaked:Foresight","beaked:Tradeoff"],"picked":"beaked:MimicHuntress","floor":0.0},{"not_picked":["beaked:TuckingFeathers","beaked:Insight"],"picked":"beaked:Windmill","floor":0.0},{"not_picked":["beaked:BarbedWire","beaked:TuckingFeathers"],"picked":"beaked:Brace","floor":0.0},{"not_picked":["beaked:Tweet","beaked:WindBringer"],"picked":"beaked:Windmill","floor":0.0},{"not_picked":["beaked:TuckingFeathers","beaked:Foresight"],"picked":"beaked:Tweet","floor":0.0},{"not_picked":["beaked:Cower","beaked:Negation"],"picked":"beaked:Poke","floor":0.0},{"not_picked":["beaked:Flinch","beaked:Daydream"],"picked":"beaked:Cower","floor":0.0},{"not_picked":["beaked:Evade","beaked:Flinch"],"picked":"beaked:Hexing","floor":0.0},{"not_picked":["beaked:CursingBlood","beaked:HuntressEssence"],"picked":"beaked:MimicMachine","floor":0.0},{"not_picked":["beaked:Overpower","beaked:HuntressEssence"],"picked":"beaked:Windmill","floor":0.0},{"not_picked":["beaked:WarriorEssence","beaked:Overexert"],"picked":"beaked:Windmill","floor":1.0},{"not_picked":["beaked:Cower","beaked:Insight"],"picked":"beaked:Windmill","floor":5.0},{"not_picked":["beaked:SacrificialScars","ReplayTheSpireMod:Owlgaze"],"picked":"beaked:AwakenedForm","floor":7.0},{"not_picked":["beaked:Brainwash","ReplayTheSpireMod:Owlgaze","beaked:ShadowFade"],"picked":"SKIP","floor":10.0},{"not_picked":["beaked:DarkTribute","beaked:KnowThyFoe"],"picked":"beaked:ScreechingChant","floor":12.0},{"not_picked":["beaked:Foresight","beaked:Brace"],"picked":"beaked:BraceForImpact","floor":13.0},{"not_picked":["beaked:WarriorSpirit","beaked:Tradeoff"],"picked":"beaked:BloodRitual","floor":13.0},{"not_picked":["beaked:DarkTribute","beaked:DarkPact"],"picked":"beaked:MachineEssence","floor":14.0},{"not_picked":["ReplayTheSpireMod:Wings of Steel+1","beaked:Redirect","beaked:Evade"],"picked":"SKIP","floor":18.0},{"not_picked":["beaked:WarriorSpirit","beaked:Molting","beaked:Tweet"],"picked":"Singing Bowl","floor":21.0},{"not_picked":["beaked:ShadowFade","beaked:DarkTribute","beaked:CheekyTricks"],"picked":"Singing Bowl","floor":25.0},{"not_picked":["infinitespire:Menacing","infinitespire:SevenWalls","infinitespire:NeuralNetwork"],"picked":"Singing Bowl","floor":28.0},{"not_picked":["beaked:DarkTribute","beaked:Sacrifice","beaked:LiftOff"],"picked":"Singing Bowl","floor":28.0},{"not_picked":["beaked:LiftOff","beaked:DarkTribute","beaked:ScreechingChant"],"picked":"beaked:AwakenedForm","floor":29.0},{"not_picked":["beaked:Daydream","beaked:Resilience","beaked:MaddeningMurmurs","beaked:Roost+1"],"picked":"Singing Bowl","floor":31.0},{"not_picked":["beaked:LiftOff","ReplayTheSpireMod:Owlgaze","beaked:Brainwash","beaked:DarkTribute"],"picked":"Singing Bowl","floor":33.0},{"not_picked":["beaked:Daydream","beaked:Tradeoff","beaked:Insight","beaked:SacrificialAttack"],"picked":"Singing Bowl","floor":35.0},{"not_picked":["beaked:Negation+1","beaked:Daydream+1","beaked:Insight+1","beaked:Foresight+1"],"picked":"Singing Bowl","floor":38.0},{"not_picked":["beaked:Brainwash","beaked:KnowThyFoe","beaked:LiftOff"],"picked":"beaked:AwakenedForm","floor":41.0},{"not_picked":["beaked:SacrificialScars","beaked:Sacrifice","beaked:AwakenedForm"],"picked":"beaked:ScreechingChant","floor":42.0},{"not_picked":["beaked:FullHouse","beaked:DarkTribute","ReplayTheSpireMod:Owlgaze"],"picked":"beaked:AwakenedForm","floor":45.0},{"not_picked":["beaked:ShadowFade","beaked:WildInstinct","beaked:FullHouse","beaked:FakeOut"],"picked":"Singing Bowl","floor":50.0},{"not_picked":["beaked:TuckingFeathers","beaked:Flinch","beaked:StickSmack","beaked:Tweet"],"picked":"Singing Bowl","floor":52.0},{"not_picked":["beaked:Poke","beaked:TuckingFeathers","ReplayTheSpireMod:Wings of Steel","beaked:StunningBlow"],"picked":"Singing Bowl","floor":56.0},{"not_picked":["beaked:FullHouse","beaked:LiftOff","beaked:FakeOut","beaked:DarkTribute"],"picked":"Singing Bowl","floor":61.0},{"not_picked":["beaked:Brainwash","beaked:LiftOff","beaked:KnowThyFoe","beaked:Sacrifice"],"picked":"Singing Bowl","floor":65.0},{"not_picked":["beaked:DarkTribute","beaked:LiftOff","beaked:MachineEssence"],"picked":"beaked:ScreechingChant","floor":67.0},{"not_picked":["infinitespire:SealOfDarkness+","infinitespire:SevenWalls","ReplayTheSpireMod:??????????????????????"],"picked":"Singing Bowl","floor":67.0},{"not_picked":["beaked:Devastation","beaked:Hexing+1"],"picked":"Singing Bowl","floor":69.0},{"not_picked":["beaked:Overpower+1","beaked:Recite"],"picked":"Singing Bowl","floor":70.0},{"not_picked":["beaked:Hexing","beaked:Resilience+1"],"picked":"Singing Bowl","floor":70.0},{"not_picked":["beaked:MaddeningMurmurs","beaked:Daydream+1"],"picked":"Singing Bowl","floor":70.0},{"not_picked":["beaked:Redirect","beaked:Negation"],"picked":"Singing Bowl","floor":70.0},{"not_picked":["beaked:Insight+1","beaked:HuntressEssence"],"picked":"Singing Bowl","floor":70.0},{"not_picked":["beaked:Resilience","beaked:Redirect"],"picked":"Singing Bowl","floor":73.0},{"not_picked":["beaked:WildInstinct","beaked:KnowThyFoe"],"picked":"Singing Bowl","floor":74.0},{"not_picked":["beaked:AwakenedForm","beaked:DarkTribute"],"picked":"Singing Bowl","floor":75.0},{"not_picked":["beaked:FullHouse","beaked:KnowThyFoe"],"picked":"Singing Bowl","floor":76.0},{"not_picked":["ReplayTheSpireMod:RavenHex+1","beaked:SurvivalInstinct"],"picked":"Singing Bowl","floor":82.0},{"not_picked":["beaked:KnowThyFoe","ReplayTheSpireMod:Owlgaze"],"picked":"Singing Bowl","floor":84.0},{"not_picked":["beaked:SurvivalInstinct+1","beaked:RuinSticks+1"],"picked":"Singing Bowl","floor":86.0},{"not_picked":["ReplayTheSpireMod:RavenHex","beaked:CrazyRituals"],"picked":"Singing Bowl","floor":87.0},{"not_picked":["beaked:DarkPact"],"picked":"beaked:ScreechingChant","floor":101.0},{"not_picked":["beaked:TuckingFeathers","beaked:HuntressEssence"],"picked":"Singing Bowl","floor":103.0},{"not_picked":["beaked:Roost","beaked:SurvivalInstinct"],"picked":"Singing Bowl","floor":106.0},{"not_picked":["beaked:DigDeep","beaked:Brace"],"picked":"Singing Bowl","floor":113.0},{"not_picked":["beaked:Daydream","beaked:Evade"],"picked":"Singing Bowl","floor":116.0},{"not_picked":["beaked:CheekyTricks","beaked:AwakenedForm"],"picked":"Singing Bowl","floor":118.0},{"not_picked":["ReplayTheSpireMod:RavenHex"],"picked":"beaked:BloodRitual","floor":120.0},{"not_picked":["beaked:MimicHuntress"],"picked":"beaked:RitualOfBody","floor":127.0},{"not_picked":["beaked:DarkPact"],"picked":"beaked:ScreechingChant","floor":130.0},{"not_picked":["beaked:TuckingFeathers","beaked:SacrificialAttack+1"],"picked":"Singing Bowl","floor":130.0},{"not_picked":["beaked:Caw","beaked:Sacrifice"],"picked":"Singing Bowl","floor":135.0},{"not_picked":["downfall:Icky","Spreading Infection"],"picked":"Singing Bowl","floor":136.0},{"not_picked":["hubris:Disease","ReplayTheSpireMod:Splinters"],"picked":"Singing Bowl","floor":136.0},{"not_picked":["Delirium","Languid"],"picked":"Singing Bowl","floor":136.0},{"not_picked":["beaked:Overpower","beaked:Tradeoff"],"picked":"Singing Bowl","floor":137.0},{"not_picked":["beaked:Pecker+1","beaked:ShadowFade"],"picked":"Singing Bowl","floor":139},{"not_picked":["beaked:SurvivalInstinct","beaked:MimicHuntress+1"],"picked":"Singing Bowl","floor":140},{"not_picked":["beaked:Poke"],"picked":"beaked:BraceForImpact+1","floor":148},{"not_picked":["beaked:Caw","ReplayTheSpireMod:Owlgaze"],"picked":"Singing Bowl","floor":152}],"player_experience":642465,"relics_obtained":[{"floor":7.0,"key":"infinitespire:Beetle Shell"},{"floor":8.0,"key":"Strawberry"},{"floor":10.0,"key":"Golden Egg"},{"floor":12.0,"key":"The Courier"},{"floor":13.0,"key":"HollowMod:PaleOreRelic"},{"floor":14.0,"key":"Kunai"},{"floor":25.0,"key":"Blood Vial"},{"floor":25.0,"key":"Replay:Winged Headress"},{"floor":26.0,"key":"Centennial Puzzle"},{"floor":28.0,"key":"Question Card"},{"floor":28.0,"key":"HollowMod:LifeEnderRelic"},{"floor":29.0,"key":"ReplayTheSpireMod:Shallot"},{"floor":29.0,"key":"Unceasing Top"},{"floor":41.0,"key":"Gremlin Horn"},{"floor":41.0,"key":"conspire:InfiniteJournal"},{"floor":42.0,"key":"Shovel"},{"floor":42.0,"key":"Thread and Needle"},{"floor":43.0,"key":"CeramicFish"},{"floor":45.0,"key":"Oddly Smooth Stone"},{"floor":45.0,"key":"Bottled Tornado"},{"floor":54.0,"key":"Anchor"},{"floor":57.0,"key":"Replay:Bottled Flurry"},{"floor":61.0,"key":"HornCleat"},{"floor":61.0,"key":"Toy Ornithopter"},{"floor":65.0,"key":"hubris:MysteriousPyramids"},{"floor":65.0,"key":"infinitespire:Lucky Rock"},{"floor":66.0,"key":"Ancient Tea Set"},{"floor":74.0,"key":"Darkstone Periapt"},{"floor":74.0,"key":"Bag of Marbles"},{"floor":75.0,"key":"Bronze Scales"},{"floor":75.0,"key":"War Paint"},{"floor":76.0,"key":"Replay:Bandana"},{"floor":76.0,"key":"Pen Nib"},{"floor":77.0,"key":"Replay:Bottled Steam"},{"floor":91.0,"key":"hubris:SlimyHat"},{"floor":92.0,"key":"Old Coin"},{"floor":93.0,"key":"Bag of Preparation"},{"floor":94.0,"key":"Replay:Arrowhead"},{"floor":108.0,"key":"Dream Catcher"},{"floor":111.0,"key":"ReplayFunnel"},{"floor":128.0,"key":"Pear"},{"floor":130.0,"key":"conspire:GiftBox"},{"floor":145,"key":"Orichalcum"},{"floor":148,"key":"champ:DeflectingBracers"},{"floor":151,"key":"PreservedInsect"}],"event_choices":[{"damage_healed":0.0,"max_hp_gain":0.0,"max_hp_loss":0.0,"gold_gain":0.0,"event_name":"conspire:Investor","player_choice":"Leave","floor":90.0,"gold_loss":0.0,"damage_taken":0.0}],"is_beta":false,"boss_relics":[{"not_picked":["Philosopher\u0027s Stone","Abe\u0027s Treasure"],"picked":"Black Star"},{"not_picked":["hubris:VirtuousBlindfold","conspire:SpecialSausage"],"picked":"beaked:BlessedCoat"},{"not_picked":["hubris:BlackHole","conspire:SlowCooker"],"picked":"beaked:SacredDeck"},{"not_picked":["Empty Cage","Calling Bell"],"picked":"Busted Crown"},{"not_picked":["expansioncontent:StudyCardRelic","hubris:RunicObelisk"],"picked":"hubris:Backtick"},{"not_picked":["bronze:MakeshiftBattery","Snecko Heart"],"picked":"Replay:Bronze Core"},{"not_picked":["Runic Dome","hubris:GrandSneckoEye"],"picked":"beaked:FlawlessSticks"},{"not_picked":["Replay:Drink Me","Astrolabe"],"picked":"Replay:Ancient Bell"},{"not_picked":["Slimebound:StickyStick","sneckomod:BlankCard"],"picked":"hubris:TenFootPole"},{"not_picked":["InkBottle","Garlic"],"picked":"infinitespire:CheckeredPen"},{"not_picked":["Replay:Towering Pillar of Hats","HollowMod:QueensCombRelic"],"picked":"hubris:CuriousFeather"},{"not_picked":["Honey Jar","infinitespire:Cupcake"],"picked":"Replay:Grab Bag"},{"not_picked":["ReplayTheSpireMod:Onyx Gauntlets","conspire:SeveredTorchhead"],"picked":"beaked:SacredNecklace"},{"not_picked":["hubris:CrackedHourglass","Sozu"],"picked":"ChewingGum"},{"not_picked":["hubris:ScarierMask","sneckomod:SneckoTalon"],"picked":"hubris:Stopwatch"}],"items_purged_floors":[53,95,114],"is_endless":true,"potions_floor_spawned":[1,5,25,31,33,35,50,52,56,67,69,75,76,84,101,103,106,116,124,135,137,141,141,148,152],"ascension_level":1}}