{"host":"9bcvatsnbq1a3xq4","time":1612697833,"event":{"mods":["BaseMod","Bestiary","Block Reminder","Highlight Path","Minty Spire (QoL Compilation)","Relic Stats"],"gold_per_floor":[117,129,3,3,18,18,18,34,80,106,106,141,153,198,210,222,222],"floor_reached":16,"language":"ENG","playtime":803,"items_purged":["Strike_B"],"score":236,"play_id":"bec444c3-4717-40e8-9078-2f7a4f811e42","local_time":"20210207123713","is_ascension_mode":true,"campfire_choices":[{"data":"Streamline","floor":6,"key":"SMITH"},{"data":"Tempest","floor":11,"key":"SMITH"},{"data":"Sweeping Beam","floor":13,"key":"SMITH"},{"data":"Capacitor","floor":15,"key":"SMITH"}],"circlet_count":0,"master_deck":["AscendersBane","Strike_B","Strike_B","Strike_B","Defend_B","Defend_B","Defend_B","Defend_B","Zap","Dualcast","Conserve Battery","Streamline+1","Ball Lightning","Tempest+1","Parasite","Seek","Rebound","BootSequence","Sweeping Beam+1","Capacitor+1"],"relics":["Philosopher\u0027s Stone","Happy Flower","Smiling Mask","MawBank","Singing Bowl"],"acts_visited":["Exordium"],"potions_floor_usage":[16],"damage_taken":[{"damage":8,"enemies":"Jaw Worm","floor":1,"turns":3},{"damage":0,"enemies":"Cultist","floor":2,"turns":3},{"damage":0,"enemies":"Small Slimes","floor":5,"turns":2},{"damage":13,"enemies":"2 Fungi Beasts","floor":8,"turns":3},{"damage":9,"enemies":"Gremlin Nob","floor":10,"turns":3},{"damage":23,"enemies":"3 Sentries","floor":12,"turns":7},{"damage":12,"enemies":"Gremlin Nob","floor":14,"turns":3},{"damage":24,"enemies":"Hexaghost","floor":16,"turns":7}],"seed_played":"4095475781641201296","potions_obtained":[{"floor":8,"key":"FairyPotion"},{"floor":14,"key":"LiquidMemories"}],"is_trial":false,"path_per_floor":["M","M","$","?","M","R","?","M","T","E","R","E","R","E","R","B"],"character_chosen":"DEFECT","items_purchased":["Ball Lightning"],"campfire_rested":0,"item_purchase_floors":[3],"current_hp_per_floor":[56,56,56,46,46,46,46,33,33,24,24,1,1,21,21,0,0],"gold":222,"neow_bonus":"BOSS_RELIC","is_daily":false,"chose_seed":false,"campfire_upgraded":4,"win_rate":0.0,"timestamp":1612697833,"path_taken":["M","M","$","?","?","R","?","M","T","E","R","E","R","E","R","BOSS"],"items_purchased_type":["Card"],"build_version":"2020-12-22","purchased_purges":1,"victory":false,"max_hp_per_floor":[71,71,71,71,71,71,71,71,71,71,71,71,71,71,71,71,71],"relic_stats":{"Happy Flower":[6],"Singing Bowl":0,"counters":[8,31],"Smiling Mask":0,"MawBank":48,"obtain_stats":[{"Happy Flower":9,"Singing Bowl":14,"Philosopher\u0027s Stone":0,"Cracked Core":0,"Smiling Mask":10,"MawBank":12},{"Happy Flower":4,"Singing Bowl":7,"Philosopher\u0027s Stone":0,"Cracked Core":0,"Smiling Mask":5,"MawBank":6},{"Happy Flower":11,"Singing Bowl":24,"Philosopher\u0027s Stone":0,"Cracked Core":0,"Smiling Mask":14,"MawBank":21}]},"card_choices":[{"not_picked":["Aggregate","Turbo"],"picked":"Conserve Battery","floor":1},{"not_picked":["Turbo","Barrage"],"picked":"Streamline","floor":2},{"not_picked":["Gash","Fusion"],"picked":"Tempest","floor":5},{"not_picked":["Aggregate","Turbo"],"picked":"Rebound","floor":8},{"not_picked":["Coolheaded","Rebound"],"picked":"BootSequence","floor":10},{"not_picked":["Tempest","Streamline"],"picked":"Sweeping Beam","floor":12},{"not_picked":["Melter","Redo"],"picked":"Capacitor","floor":14}],"player_experience":805848,"relics_obtained":[{"floor":9,"key":"Happy Flower"},{"floor":10,"key":"Smiling Mask"},{"floor":12,"key":"MawBank"},{"floor":14,"key":"Singing Bowl"}],"event_choices":[{"damage_healed":0,"gold_gain":0,"player_choice":"Damaged","damage_taken":10,"max_hp_gain":0,"max_hp_loss":0,"event_name":"Wheel of Change","floor":4,"gold_loss":0},{"damage_healed":0,"gold_gain":0,"player_choice":"2 cards matched","damage_taken":0,"max_hp_gain":0,"max_hp_loss":0,"event_name":"Match and Keep!","floor":7,"gold_loss":0,"cards_obtained":["Parasite","Seek"]}],"is_beta":false,"boss_relics":[],"items_purged_floors":[3],"is_endless":false,"potions_floor_spawned":[8,14],"killed_by":"Hexaghost","ascension_level":20}}