{"host":"8z0h4areh8sio1k0","time":1612679529,"event":{"mods":["10 clothes from DAL","Act Like it!","Aspiration","BaseMod","Colored Map","Conspire","Crowbot","Hubris","Library of Ruina Extra","Minty Spire (QoL Compilation)","Replay The Spire","StSLib","TestMod","The Administrix","The Bug Knight","The Cursed","【遗物Mod】死灵法师NEW","老伊莉雅"],"gold_per_floor":[118,118,19,244,26,51,51,69,69,84,134,199,249,49,49,148,148,167,185,270,283,333,360,428,442,442,193,243,254,254,270,270,369,369,385,16,116,135,203,203,253,253,253,263,280,280,330,346,346,346,346],"floor_reached":50,"language":"ZHS","playtime":7766,"items_purged":["Doubt","Pain","PrismaMod:ChloeCommonAttack"],"score":614,"play_id":"2b061840-ad1c-4727-90ca-c06ea5aee3b9","local_time":"20210207143209","is_ascension_mode":false,"campfire_choices":[{"data":"PrismaMod:ChloeExhaustOne","floor":7,"key":"SMITH"},{"data":"PrismaMod:ChloeExcalibur","floor":15,"key":"SMITH"},{"data":"PrismaMod:ChloeCarnivalAttack","floor":30,"key":"SMITH"},{"data":"PrismaMod:ChloeCarnivalDefend","floor":32,"key":"SMITH"},{"data":"PrismaMod:ChloeRhongomyniad","floor":40,"key":"SMITH"},{"floor":42,"key":"RECALL"},{"floor":46,"key":"REST"},{"floor":49,"key":"REST"}],"circlet_count":0,"master_deck":["PrismaMod:ChloeCommonAttack+1","PrismaMod:ChloeCommonAttack+1","PrismaMod:ChloeCommonAttack+1","PrismaMod:ChloeCommonAttack+1","PrismaMod:ChloeCommonDefend+1","PrismaMod:ChloeCommonDefend+1","PrismaMod:ChloeCommonDefend+1","PrismaMod:ChloeCommonDefend+1","PrismaMod:ChloeCheapAttack+1","PrismaMod:ChloeCheapDefend+1","PrismaMod:ChloeCommonAOEAttack+1","PrismaMod:ChloeRhongomyniad+1","PrismaMod:ChloeMaid+1","PrismaMod:ChloeExhaustOne+1","PrismaMod:ChloeDiscardRecovery+1","PrismaMod:ChloeCheapAttackTwo+1","PrismaMod:ChloeCarnivalDefend+1","PrismaMod:ChloeExcalibur+1","PrismaMod:ChloeExcalibur+1","PrismaMod:ChloeCarnivalAttack+1","PrismaMod:ChloeCheapDefend+1","PrismaMod:ChloeChristmas+1","PrismaMod:ChloeUnlimitedBladeWorks+1","PrismaMod:ChloeCheapDefend+1","PrismaMod:ChloeCaladbolg+1"],"relics":["PrismaMod:PrismaTraceOn","testmod-TestBox","testmod-BlackFramedGlasses","NeowsBlessing","SsserpentHead","Vajra","InkBottle","Potion Belt","Toolbox","hubris:ScarierMask","Red Mask","WarpedTongs","aspiration:StickyExplosives_weak","testmod-HeartOfStrike","Happy Flower","Letter Opener","testmod-Antiphasic","Mark of the Bloom","Replay:Ringing Soul"],"acts_visited":["Exordium","TheCity","TheBeyond"],"potions_floor_usage":[1,21,25,25,29,33,33,33,50],"damage_taken":[{"damage":0,"enemies":"Small Slimes","floor":1,"turns":1},{"damage":0,"enemies":"Lagavulin","floor":6,"turns":1},{"damage":0,"enemies":"Cultist","floor":8,"turns":1},{"damage":2,"enemies":"Jaw Worm","floor":10,"turns":2},{"damage":8,"enemies":"Blue Slaver","floor":12,"turns":4},{"damage":0,"enemies":"Slime Boss","floor":16,"turns":4},{"damage":0,"enemies":"Chosen","floor":18,"turns":3},{"damage":1,"enemies":"2 Thieves","floor":19,"turns":2},{"damage":0,"enemies":"Masked Bandits","floor":20,"turns":3},{"damage":0,"enemies":"Centurion and Healer","floor":21,"turns":3},{"damage":7,"enemies":"conspire:SneckoGhost","floor":23,"turns":2},{"damage":6,"enemies":"Cultist and Chosen","floor":24,"turns":3},{"damage":12,"enemies":"Snake Plant","floor":25,"turns":4},{"damage":0,"enemies":"Centurion and Healer","floor":29,"turns":1},{"damage":0,"enemies":"3 Cultists","floor":31,"turns":2},{"damage":14,"enemies":"hubris:MusketHawk","floor":33,"turns":6},{"damage":6,"enemies":"3 Shapes","floor":35,"turns":2},{"damage":0,"enemies":"3 Darklings","floor":38,"turns":3},{"damage":0,"enemies":"Jaw Worm Horde","floor":39,"turns":1},{"damage":0,"enemies":"Transient","floor":44,"turns":5},{"damage":8,"enemies":"Spire Growth","floor":45,"turns":3},{"damage":0,"enemies":"Jaw Worm Horde","floor":48,"turns":1},{"damage":68,"enemies":"conspire:OrnateMirror","floor":50,"turns":4}],"seed_played":"5681557627625781284","potions_obtained":[{"floor":1,"key":"testmod-SpacePotion"},{"floor":12,"key":"SmokeBomb"},{"floor":16,"key":"DuplicationPotion"},{"floor":19,"key":"SkillPotion"},{"floor":20,"key":"Energy Potion"},{"floor":21,"key":"Weak Potion"},{"floor":25,"key":"SkillPotion"},{"floor":28,"key":"ColorlessPotion"},{"floor":28,"key":"GamblersBrew"},{"floor":28,"key":"ColorlessPotion"},{"floor":29,"key":"PowerPotion"},{"floor":38,"key":"Energy Potion"},{"floor":45,"key":"Flashbang"},{"floor":48,"key":"Strength Potion"}],"is_trial":false,"path_per_floor":["M","?","$","?","$","E","R","M","T","M","?","M","?","$","R","B",null,"M","M","?","M","?","E","M","M","T","$","?","M","R","M","R","B",null,"M","$","T","M","M","R","?","R","T","M","M","R","T","M","R","B"],"character_chosen":"CHLOE","items_purchased":["Vajra","PrismaMod:ChloeRhongomyniad","PrismaMod:ChloeMaid","PrismaMod:ChloeExcalibur","Toolbox","Happy Flower","Letter Opener"],"campfire_rested":2,"item_purchase_floors":[3,5,5,14,14,27,36],"current_hp_per_floor":[75,75,75,75,75,75,75,75,75,74,74,70,67,67,67,71,75,75,75,75,75,75,69,66,58,58,58,58,59,59,61,61,60,75,75,75,75,75,75,75,75,75,75,75,67,67,67,67,67,0,0],"gold":346,"neow_bonus":"THREE_ENEMY_KILL","is_daily":false,"chose_seed":false,"campfire_upgraded":5,"win_rate":0.0,"timestamp":1612679529,"path_taken":["M","?","?","?","$","E","R","M","T","M","?","?","?","$","R","BOSS","M","M","?","M","?","E","?","M","T","$","?","M","R","M","R","BOSS","M","$","?","M","?","R","?","R","T","M","M","R","?","M","R","BOSS"],"items_purchased_type":["Relic","Card","Card","Card","Relic","Relic","Relic"],"build_version":"2020-12-22","purchased_purges":3,"victory":false,"max_hp_per_floor":[75,75,75,75,75,75,75,75,75,75,75,75,75,75,75,75,75,75,75,75,75,75,75,75,75,75,75,75,75,75,75,75,75,75,75,75,75,75,75,75,75,75,75,75,75,75,75,75,75,75,75],"card_choices":[{"not_picked":["PrismaMod:ChloeCheapDefend","PrismaMod:ChloeExhaustOne"],"picked":"PrismaMod:ChloeCommonAOEAttack","floor":1},{"not_picked":["PrismaMod:ChloeDiscardRecovery","PrismaMod:ChloeRhongomyniad"],"picked":"PrismaMod:ChloeExhaustOne","floor":6},{"not_picked":["PrismaMod:ChloeRitsuka","PrismaMod:ChloeCheapDefend"],"picked":"PrismaMod:ChloeDiscardRecovery","floor":8},{"not_picked":["PrismaMod:ChloeUncommonAttack","PrismaMod:ChloeRuleBreaker"],"picked":"PrismaMod:ChloeCheapAttackTwo","floor":10},{"not_picked":["PrismaMod:ChloeDemonicTutor","PrismaMod:ChloeUncommonAOEAttack"],"picked":"PrismaMod:ChloeCarnivalDefend","floor":12},{"not_picked":["PrismaMod:ChloeDoubleRelicSpeed","PrismaMod:ChloeAnyCommonTrace"],"picked":"PrismaMod:ChloeCarnivalAttack","floor":16},{"not_picked":["PrismaMod:ChloeExhaustOne","PrismaMod:ChloeCheapAttackTwo","PrismaMod:ChloeCommonAOEAttack"],"picked":"SKIP","floor":18},{"not_picked":["PrismaMod:ChloeCheapAttack","PrismaMod:ChloeExhaustOne","PrismaMod:ChloeMaid"],"picked":"SKIP","floor":19},{"not_picked":["PrismaMod:ChloeCheapAttack","PrismaMod:ChloeBetterTracePools","PrismaMod:ChloeUncommonAOEAttack"],"picked":"SKIP","floor":21},{"not_picked":["PrismaMod:ChloeCheapAttack","PrismaMod:ChloeCarnivalAttack","PrismaMod:ChloeUncommonAttack"],"picked":"SKIP","floor":23},{"not_picked":["PrismaMod:ChloeCommonAOEAttack","PrismaMod:ChloeRhongomyniad+1","PrismaMod:ChloeExhaustOne"],"picked":"SKIP","floor":24},{"not_picked":["PrismaMod:ChloeCheapDefendTwo+1","PrismaMod:ChloeExhaustOne"],"picked":"PrismaMod:ChloeCheapDefend+1","floor":25},{"not_picked":["PrismaMod:ChloeExhaustOne","PrismaMod:ChloeExhaustTwo","PrismaMod:ChloeBetterTracePools"],"picked":"SKIP","floor":29},{"not_picked":["PrismaMod:ChloeCheapDefendTwo","PrismaMod:ChloeCommonAOEAttack"],"picked":"PrismaMod:ChloeChristmas","floor":31},{"not_picked":["PrismaMod:ChloeCarnivalDefend","PrismaMod:ChloeDoubleRelicSpeed"],"picked":"PrismaMod:ChloeUnlimitedBladeWorks","floor":33},{"not_picked":["PrismaMod:ChloeCheapDefendTwo","PrismaMod:ChloeChristmas"],"picked":"PrismaMod:ChloeCheapDefend+1","floor":35},{"not_picked":["PrismaMod:ChloeCheapDefendTwo","PrismaMod:ChloeCheapAttackTwo+1"],"picked":"PrismaMod:ChloeCaladbolg+1","floor":38},{"not_picked":["PrismaMod:ChloeCheapAttackTwo+1","PrismaMod:ChloeChristmas","PrismaMod:ChloeCommonAOEAttack"],"picked":"SKIP","floor":39},{"not_picked":["PrismaMod:ChloeCheapDefend+1","PrismaMod:ChloeUncommonDefend","PrismaMod:ChloeDiscardRecovery"],"picked":"SKIP","floor":44},{"not_picked":["PrismaMod:ChloeRitsuka","PrismaMod:ChloeDemonicTutor+1","PrismaMod:ChloeCheapDefend+1"],"picked":"SKIP","floor":45},{"not_picked":["PrismaMod:ChloeCheapDefend+1","PrismaMod:ChloeCarnivalAttack","PrismaMod:ChloeCheapAttack"],"picked":"SKIP","floor":48}],"player_experience":538821,"relics_obtained":[{"floor":9,"key":"InkBottle"},{"floor":20,"key":"Red Mask"},{"floor":23,"key":"aspiration:StickyExplosives_weak"},{"floor":26,"key":"testmod-HeartOfStrike"},{"floor":37,"key":"testmod-Antiphasic"},{"floor":47,"key":"Replay:Ringing Soul"}],"event_choices":[{"damage_healed":0,"gold_gain":0,"player_choice":"Trade","damage_taken":0,"relics_obtained":["SsserpentHead"],"max_hp_gain":0,"max_hp_loss":0,"event_name":"FaceTrader","floor":2,"gold_loss":0},{"damage_healed":0,"gold_gain":175,"player_choice":"AGREE","damage_taken":0,"max_hp_gain":0,"max_hp_loss":0,"event_name":"Liars Game","floor":4,"gold_loss":0,"cards_obtained":["Doubt"]},{"damage_healed":0,"gold_gain":0,"player_choice":"Success","damage_taken":3,"relics_obtained":["Potion Belt"],"max_hp_gain":0,"max_hp_loss":0,"event_name":"Scrap Ooze","floor":13,"gold_loss":0},{"damage_healed":0,"gold_gain":0,"player_choice":"Fought Bandits","damage_taken":0,"max_hp_gain":0,"max_hp_loss":0,"event_name":"Masked Bandits","floor":20,"gold_loss":0},{"damage_healed":0,"gold_gain":0,"player_choice":"Rummage","damage_taken":0,"relics_obtained":["WarpedTongs"],"max_hp_gain":0,"max_hp_loss":0,"event_name":"Accursed Blacksmith","floor":22,"gold_loss":0,"cards_obtained":["Pain"]},{"damage_healed":0,"gold_gain":0,"player_choice":"Got Potions","damage_taken":0,"max_hp_gain":0,"max_hp_loss":0,"event_name":"Lab","floor":28,"gold_loss":0},{"damage_healed":0,"gold_gain":0,"player_choice":"Upgrade","damage_taken":0,"relics_obtained":["Mark of the Bloom"],"max_hp_gain":0,"max_hp_loss":0,"event_name":"MindBloom","floor":41,"gold_loss":0,"cards_upgraded":["PrismaMod:ChloeCommonAttack","PrismaMod:ChloeCommonAttack","PrismaMod:ChloeCommonAttack","PrismaMod:ChloeCommonAttack","PrismaMod:ChloeCommonDefend","PrismaMod:ChloeCommonDefend","PrismaMod:ChloeCommonDefend","PrismaMod:ChloeCommonDefend","PrismaMod:ChloeCheapAttack","PrismaMod:ChloeCheapDefend","PrismaMod:ChloeCommonAOEAttack","PrismaMod:ChloeMaid","PrismaMod:ChloeDiscardRecovery","PrismaMod:ChloeCheapAttackTwo","PrismaMod:ChloeExcalibur","PrismaMod:ChloeChristmas","PrismaMod:ChloeUnlimitedBladeWorks"]}],"is_beta":false,"boss_relics":[{"not_picked":["Replay:Grab Bag","Philosopher\u0027s Stone"],"picked":"hubris:ScarierMask"},{"not_picked":["Fusion Hammer","DALC_TEN","testmod-KeyOfTheVoid"]}],"items_purged_floors":[5,27,36],"is_endless":false,"potions_floor_spawned":[1,12,16,19,20,21,25,29,38,45,48],"killed_by":"conspire:OrnateMirror","ascension_level":0}}