{"host":"lww1aq5xm6g9guev","time":1612714477,"event":{"mods":["Act Like it!","Arknights","BaseMod","Conspire","Minty Spire (QoL Compilation)","Rare Cards Sparkle","Replay The Spire","StSLib","The Hayseed","The Invoker Mod","[GremlinLeader]The Maniac"],"gold_per_floor":[114,132,51,126,126,126,153,184,258,590,610,153,166,200,200,295,295,308,308,20,32,32,32],"floor_reached":22,"language":"ZHS","playtime":836,"items_purged":["ats:Strike G"],"score":252,"play_id":"7c740290-99c7-47ba-8659-1e824317f976","local_time":"20210208001437","is_ascension_mode":false,"campfire_choices":[{"data":"ats:Emotion Absorption","floor":6,"key":"SMITH"},{"floor":15,"key":"REST"}],"circlet_count":0,"master_deck":["ats:Strike C+1","ats:Strike S","ats:Strike V","ats:Defend","ats:Defend","ats:Defend","ats:Defend","ats:Emotion Absorption+1","ats:Apocalypse+1","ats:Sunburst","ats:Burning Ground","ats:Closed Bolt Burst Fire","ats:Hammer On","ats:Mental Burst","ats:Song Of Battle+1","ats:Flexible Camouflage","ats:Shadow Assault"],"relics":["ats:Sanity","NeowsBlessing","Dream Catcher","ats:Originium","Mercury Hourglass","ats:Industrial Water Cannon","Old Coin","conspire:Flyswatter","Regal Pillow","Girya"],"acts_visited":["Exordium","TheCity"],"potions_floor_usage":[14],"damage_taken":[{"damage":0,"enemies":"ats:Genji","floor":1,"turns":1},{"damage":0,"enemies":"Cultist","floor":2,"turns":1},{"damage":0,"enemies":"Lagavulin","floor":8,"turns":1},{"damage":26,"enemies":"3 Sentries","floor":10,"turns":6},{"damage":3,"enemies":"2 Louse","floor":11,"turns":2},{"damage":2,"enemies":"Blue Slaver","floor":13,"turns":3},{"damage":0,"enemies":"Gremlin Nob","floor":14,"turns":2},{"damage":68,"enemies":"The Guardian","floor":16,"turns":11},{"damage":25,"enemies":"2 Thieves","floor":18,"turns":3},{"damage":28,"enemies":"Shell Parasite","floor":21,"turns":5},{"damage":40,"enemies":"Snecko","floor":22,"turns":5}],"seed_played":"-3411747069973611055","potions_obtained":[{"floor":2,"key":"SteroidPotion"},{"floor":8,"key":"Elixir"},{"floor":11,"key":"GamblersBrew"},{"floor":13,"key":"Venom Potion"},{"floor":16,"key":"Toxic Potion"}],"is_trial":false,"path_per_floor":["M","M","$","?","?","R","T","E","T","E","M","$","M","E","R","B",null,"M","?","$","M","M"],"character_chosen":"DOCTOR_CLASS","items_purchased":["ats:Burning Ground","conspire:Flyswatter","ats:Mental Burst","ats:Song Of Battle+1","Girya"],"campfire_rested":1,"item_purchase_floors":[3,12,12,12,20],"current_hp_per_floor":[72,72,72,61,47,47,47,47,47,33,30,30,34,40,72,22,72,47,47,47,31,0,0],"gold":32,"neow_bonus":"THREE_ENEMY_KILL","is_daily":false,"chose_seed":false,"campfire_upgraded":1,"win_rate":0.0,"timestamp":1612714477,"path_taken":["M","?","$","?","?","R","?","E","T","E","M","$","M","E","R","BOSS","M","?","$","M","?"],"items_purchased_type":["Card","Relic","Card","Card","Relic"],"build_version":"2020-12-22","purchased_purges":1,"victory":false,"max_hp_per_floor":[72,72,72,72,72,72,72,72,72,72,72,72,72,72,72,72,72,72,72,72,72,72,72],"card_choices":[{"not_picked":["ats:LN2 Cannon","ats:Curse Doll"],"picked":"ats:Apocalypse","floor":1},{"not_picked":["ats:Hook Shot","ats:Leaping Hammer"],"picked":"ats:Sunburst","floor":2},{"not_picked":["ats:Sashimi Platter","ats:Chain Hook"],"picked":"ats:Closed Bolt Burst Fire","floor":8},{"not_picked":["ats:Steam Pump","ats:Powerful Strike","ats:Cat Scratch"],"picked":"SKIP","floor":10},{"not_picked":["ats:Cat Scratch","ats:Shell Defense"],"picked":"ats:Hammer On","floor":11},{"not_picked":["ats:Poison Spread","ats:Assault Order"],"picked":"ats:Flexible Camouflage","floor":13},{"not_picked":["ats:Consecutive Shot Auto","ats:Explosion Area Strengthen","ats:Overload"],"picked":"SKIP","floor":14},{"not_picked":["ats:Echo Reverb","ats:Dogmatic Field"],"picked":"ats:Shadow Assault","floor":16},{"not_picked":["ats:Very Hot Blade","ats:Healing Strengthening+1","ats:Revitalization+1"],"picked":"SKIP","floor":18},{"not_picked":["ats:Hammer On","ats:Poison Spread+1","ats:Ignite"],"picked":"SKIP","floor":21}],"player_experience":107911,"relics_obtained":[{"floor":7,"key":"Dream Catcher"},{"floor":8,"key":"ats:Originium"},{"floor":8,"key":"Mercury Hourglass"},{"floor":9,"key":"ats:Industrial Water Cannon"},{"floor":10,"key":"ats:Originium"},{"floor":10,"key":"Old Coin"},{"floor":14,"key":"ats:Originium"},{"floor":14,"key":"Regal Pillow"}],"event_choices":[{"damage_healed":0,"gold_gain":75,"player_choice":"Gather Gold","damage_taken":11,"max_hp_gain":0,"max_hp_loss":0,"event_name":"World of Goop","floor":4,"gold_loss":0},{"damage_healed":0,"gold_gain":0,"player_choice":"Entered Light","damage_taken":14,"max_hp_gain":0,"max_hp_loss":0,"event_name":"Shining Light","floor":5,"gold_loss":0,"cards_upgraded":["ats:Apocalypse","ats:Strike C"]},{"cards_removed":["ats:Armor Crushing Shot"],"damage_healed":0,"gold_gain":0,"player_choice":"Offered Basic","damage_taken":0,"max_hp_gain":0,"max_hp_loss":0,"event_name":"Bonfire Elementals","floor":19,"gold_loss":0}],"is_beta":false,"boss_relics":[{"not_picked":["ReplayTheSpireMod:DimensionalGlitch","Coffee Dripper","Runic Dome"]}],"items_purged_floors":[12],"is_endless":false,"potions_floor_spawned":[2,8,11,13,16],"killed_by":"Snecko","ascension_level":0}}