{"host":"7wi4qgm5yw4j7oz0","time":1612700962,"event":{"mods":["AchievementEnabler","BaseMod","Block Reminder","Colored Map","Colored Powertips","Highlight Path","Minty Spire (QoL Compilation)","Permanent Neow","Quick Restart","Random Character Button","Rare Cards Sparkle","StSLib","everything is the same but u backflip on backflip"],"gold_per_floor":[111,111,111,130,205,237,237,253,277,277,304,304,316,116,116,217,217,235,235,235],"floor_reached":19,"language":"KOR","playtime":594,"items_purged":["Wild Strike"],"score":260,"play_id":"be29dd11-3adf-493e-86b2-186f2e5572f7","local_time":"20210207212922","is_ascension_mode":true,"campfire_choices":[{"data":"Barricade","floor":7.0,"key":"SMITH"},{"data":"Juggernaut","floor":10.0,"key":"SMITH"},{"data":"Juggernaut","floor":15,"key":"SMITH"}],"circlet_count":0,"master_deck":["Strike_R","Strike_R","Strike_R","Strike_R","Defend_R","Defend_R","Defend_R","Defend_R","Bash","Barricade+1","Cleave","Juggernaut+1","Juggernaut+1","Armaments","Body Slam","True Grit","Shrug It Off"],"relics":["Black Blood","NeowsBlessing","Bag of Preparation","Lantern","Vajra"],"acts_visited":["Exordium","TheCity"],"potions_floor_usage":[16,16],"damage_taken":[{"damage":0.0,"enemies":"2 Louse","floor":1.0,"turns":1.0},{"damage":0.0,"enemies":"Small Slimes","floor":4.0,"turns":1.0},{"damage":0.0,"enemies":"Gremlin Nob","floor":6.0,"turns":1.0},{"damage":10.0,"enemies":"Cultist","floor":8.0,"turns":5.0},{"damage":30.0,"enemies":"3 Sentries","floor":11.0,"turns":6.0},{"damage":3,"enemies":"3 Louse","floor":13,"turns":2},{"damage":8,"enemies":"Slime Boss","floor":16,"turns":7},{"damage":39,"enemies":"2 Thieves","floor":18,"turns":5},{"damage":4,"enemies":"3 Byrds","floor":19,"turns":3}],"seed_played":"1769538144341532418","potions_obtained":[{"floor":1.0,"key":"DuplicationPotion"},{"floor":6.0,"key":"AttackPotion"},{"floor":8.0,"key":"PowerPotion"},{"floor":13,"key":"DistilledChaos"}],"is_trial":false,"path_per_floor":["M","?","?","M","?","E","R","M","T","R","E","?","M","$","R","B",null,"M","M"],"character_chosen":"IRONCLAD","items_purchased":["Body Slam","True Grit","Shrug It Off"],"campfire_rested":0,"item_purchase_floors":[14,14,14],"current_hp_per_floor":[78,78,78,80,69,75,75,71,71,71,47,47,50,50,50,48,72,45,41,41],"gold":235,"neow_bonus":"THREE_ENEMY_KILL","is_daily":false,"chose_seed":false,"campfire_upgraded":3,"win_rate":0.0,"timestamp":1612700962,"path_taken":["M","?","?","?","?","E","R","M","T","R","E","?","?","$","R","BOSS","M","M"],"items_purchased_type":["Card","Card","Card"],"build_version":"2020-12-22","purchased_purges":1,"victory":false,"max_hp_per_floor":[80,80,80,80,80,80,80,80,80,80,80,80,80,80,80,80,80,80,80,80],"card_choices":[{"not_picked":["Carnage","Power Through"],"picked":"Wild Strike","floor":1.0},{"not_picked":["Battle Trance","Dual Wield"],"picked":"Cleave","floor":4.0},{"not_picked":["Wild Strike","Perfected Strike"],"picked":"Juggernaut","floor":6.0},{"not_picked":["Infernal Blade","Heavy Blade","Uppercut"],"picked":"SKIP","floor":8.0},{"not_picked":["Reckless Charge","Flex"],"picked":"Juggernaut","floor":11.0},{"not_picked":["Iron Wave","Feel No Pain"],"picked":"Armaments","floor":13},{"not_picked":["Pommel Strike","Sword Boomerang","Cleave"],"picked":"SKIP","floor":18}],"player_experience":251065,"relics_obtained":[{"floor":6.0,"key":"Bag of Preparation"},{"floor":9.0,"key":"Lantern"},{"floor":11.0,"key":"Vajra"}],"event_choices":[{"damage_healed":0.0,"max_hp_gain":0.0,"max_hp_loss":0.0,"gold_gain":0.0,"event_name":"Liars Game","player_choice":"Ignored","floor":2.0,"gold_loss":0.0,"damage_taken":0.0},{"damage_healed":0.0,"max_hp_gain":0.0,"max_hp_loss":0.0,"gold_gain":0.0,"cards_transformed":["Strike_R"],"event_name":"Transmorgrifier","player_choice":"Transformed","floor":3.0,"gold_loss":0.0,"damage_taken":0.0,"cards_obtained":["Barricade"]},{"damage_healed":0.0,"max_hp_gain":0.0,"max_hp_loss":0.0,"gold_gain":75.0,"event_name":"World of Goop","player_choice":"Gather Gold","floor":5.0,"gold_loss":0.0,"damage_taken":11.0},{"damage_healed":0.0,"max_hp_gain":0.0,"max_hp_loss":0.0,"gold_gain":0.0,"event_name":"The Woman in Blue","player_choice":"Bought 0 Potions","floor":12.0,"gold_loss":0.0,"damage_taken":0.0}],"is_beta":false,"boss_relics":[{"not_picked":["Velvet Choker","Coffee Dripper"],"picked":"Black Blood"}],"items_purged_floors":[14],"is_endless":false,"potions_floor_spawned":[1,6,8,13],"killed_by":"3 Byrds","ascension_level":6}}