{"host":"8ki4rp59nppvqwda","time":1612662842,"event":{"mods":["AlwaysNeverKeys","BaseMod","Hermit","Minty Spire (QoL Compilation)","Robot Space Explorer","SacredBarkPlus","StSLib","The Cursed","The Necromancer","The Trickster"],"gold_per_floor":[117,392,59,9,34,47,47,67,67,242,242,255,255,283,283,381,381,396,424,442,622,388,422,422,422,422],"floor_reached":25,"language":"ENG","playtime":1313,"items_purged":["Regret","RobotSpaceExplorer:Strike"],"score":307,"play_id":"a6961cbf-3263-4154-9a94-fbf5308cc3c4","local_time":"20210206205402","is_ascension_mode":true,"campfire_choices":[{"data":"RobotSpaceExplorer:Pulsar","floor":7,"key":"SMITH"},{"data":"RobotSpaceExplorer:Pulsar","floor":11,"key":"SMITH"},{"data":"RobotSpaceExplorer:Asteroid","floor":15,"key":"SMITH"},{"floor":24,"key":"REST"}],"circlet_count":0,"master_deck":["RobotSpaceExplorer:Strike","RobotSpaceExplorer:Strike","RobotSpaceExplorer:Defend","RobotSpaceExplorer:Scan","RobotSpaceExplorer:MiniLasers","RobotSpaceExplorer:Pulsar+1","RobotSpaceExplorer:StunGrenade","RobotSpaceExplorer:Pulsar+1","RobotSpaceExplorer:MiniBoosters","RobotSpaceExplorer:Asteroid+1","RobotSpaceExplorer:Autoloader","RobotSpaceExplorer:SwiftStep+1","RobotSpaceExplorer:Blitz+1","RobotSpaceExplorer:Autoloader+1","RobotSpaceExplorer:Fix","RobotSpaceExplorer:DoubleFind","RobotSpaceExplorer:TrailblazerForm"],"relics":["RobotSpaceExplorer:RoboCore","Membership Card","Eternal Feather","Juzu Bracelet","White Beast Statue","Omamori","Astrolabe","Red Mask","RobotSpaceExplorer:SlideRule","Blood Vial","StoneCalendar"],"acts_visited":["Exordium","TheCity"],"potions_floor_usage":[12,16,19,19,20,23,25],"damage_taken":[{"damage":7,"enemies":"Jaw Worm","floor":1,"turns":6},{"damage":0,"enemies":"Cultist","floor":6,"turns":4},{"damage":3,"enemies":"2 Louse","floor":8,"turns":3},{"damage":0,"enemies":"Gremlin Gang","floor":12,"turns":4},{"damage":8,"enemies":"Lagavulin","floor":14,"turns":9},{"damage":27,"enemies":"Slime Boss","floor":16,"turns":8},{"damage":9,"enemies":"3 Byrds","floor":18,"turns":6},{"damage":6,"enemies":"Masked Bandits","floor":19,"turns":5},{"damage":10,"enemies":"2 Thieves","floor":20,"turns":4},{"damage":34,"enemies":"Book of Stabbing","floor":23,"turns":6},{"damage":43,"enemies":"Slavers","floor":25,"turns":3}],"seed_played":"-98424411486370776","potions_obtained":[{"floor":1,"key":"SkillPotion"},{"floor":12,"key":"Block Potion"},{"floor":14,"key":"Ancient Potion"},{"floor":16,"key":"AttackPotion"},{"floor":18,"key":"RobotSpaceExplorer:LiquidFusion"},{"floor":19,"key":"EssenceOfSteel"},{"floor":20,"key":"RobotSpaceExplorer:PlasmaFlask"},{"floor":23,"key":"PowerPotion"}],"is_trial":false,"path_per_floor":["M","?","$","?","T","M","R","M","T","?","R","M","?","E","R","B",null,"M","?","M","?","$","E","R","E"],"character_chosen":"RobotSpaceExplorer","items_purchased":["Membership Card","Eternal Feather","RobotSpaceExplorer:Pulsar","RobotSpaceExplorer:TrailblazerForm","RobotSpaceExplorer:SlideRule","Blood Vial"],"campfire_rested":1,"item_purchase_floors":[3,3,3,22,22,22],"current_hp_per_floor":[68,68,68,68,68,68,74,71,71,71,77,77,77,69,75,48,74,65,63,53,34,34,6,39,0,0],"gold":422,"neow_bonus":"TEN_PERCENT_HP_BONUS","is_daily":false,"chose_seed":false,"campfire_upgraded":3,"win_rate":0.0,"timestamp":1612662842,"path_taken":["M","?","?","?","?","M","R","M","T","?","R","M","?","E","R","BOSS","M","?","M","?","$","E","R","E"],"items_purchased_type":["Relic","Relic","Card","Card","Relic","Relic"],"build_version":"2020-12-22","purchased_purges":2,"victory":false,"max_hp_per_floor":[82,82,82,82,82,82,82,82,82,82,82,82,82,82,82,82,82,82,82,82,82,82,82,82,82,82],"card_choices":[{"not_picked":["RobotSpaceExplorer:SlimeMissile","RobotSpaceExplorer:SurgingShield","RobotSpaceExplorer:ShockKick"],"picked":"SKIP","floor":1},{"not_picked":["RobotSpaceExplorer:Counterblock","RobotSpaceExplorer:ShockKick"],"picked":"RobotSpaceExplorer:StunGrenade","floor":6},{"not_picked":["RobotSpaceExplorer:SurgingStrike","RobotSpaceExplorer:FranticSearch"],"picked":"RobotSpaceExplorer:Pulsar","floor":8},{"not_picked":["RobotSpaceExplorer:MetalStrike","RobotSpaceExplorer:PowerCollector"],"picked":"RobotSpaceExplorer:MiniBoosters","floor":12},{"not_picked":["RobotSpaceExplorer:StarDust","RobotSpaceExplorer:ShockKick"],"picked":"RobotSpaceExplorer:Asteroid","floor":14},{"not_picked":["RobotSpaceExplorer:TrailblazerForm","RobotSpaceExplorer:Arsenal"],"picked":"RobotSpaceExplorer:Autoloader","floor":16},{"not_picked":["RobotSpaceExplorer:Jetpack","RobotSpaceExplorer:SlimeMissile"],"picked":"RobotSpaceExplorer:Fix","floor":18},{"not_picked":["RobotSpaceExplorer:Discharger+1","RobotSpaceExplorer:ImprovisedAttack"],"picked":"RobotSpaceExplorer:DoubleFind","floor":20},{"not_picked":["RobotSpaceExplorer:ImprovisedAttack","RobotSpaceExplorer:SurgingStrike","RobotSpaceExplorer:ExhaustFan"],"picked":"SKIP","floor":23}],"player_experience":1290003,"relics_obtained":[{"floor":5,"key":"Juzu Bracelet"},{"floor":9,"key":"White Beast Statue"},{"floor":14,"key":"Omamori"},{"floor":19,"key":"Red Mask"},{"floor":23,"key":"StoneCalendar"}],"event_choices":[{"damage_healed":0,"gold_gain":275,"player_choice":"Desecrate","damage_taken":0,"max_hp_gain":0,"max_hp_loss":0,"event_name":"Golden Shrine","floor":2,"gold_loss":0,"cards_obtained":["Regret"]},{"cards_removed":["RobotSpaceExplorer:Defend"],"damage_healed":0,"gold_gain":0,"player_choice":"Card Removal","damage_taken":0,"max_hp_gain":0,"max_hp_loss":0,"event_name":"The Cleric","floor":4,"gold_loss":50},{"damage_healed":0,"gold_gain":175,"player_choice":"AGREE","damage_taken":0,"max_hp_gain":0,"max_hp_loss":0,"event_name":"Liars Game","floor":10,"gold_loss":0,"cards_obtained":["Doubt"]},{"cards_removed":["Doubt"],"damage_healed":0,"gold_gain":0,"player_choice":"Removed Curses","damage_taken":0,"max_hp_gain":0,"max_hp_loss":0,"event_name":"Fountain of Cleansing","floor":13,"gold_loss":0},{"damage_healed":0,"gold_gain":0,"player_choice":"Fought Bandits","damage_taken":0,"max_hp_gain":0,"max_hp_loss":0,"event_name":"Masked Bandits","floor":19,"gold_loss":0},{"damage_healed":0,"gold_gain":180,"player_choice":"GOLD GOLD ","damage_taken":19,"max_hp_gain":0,"max_hp_loss":0,"event_name":"Knowing Skull","floor":21,"potions_obtained":[],"gold_loss":0,"cards_obtained":[]}],"is_beta":false,"boss_relics":[{"not_picked":["Sozu","Calling Bell"],"picked":"Astrolabe"}],"items_purged_floors":[3,22],"is_endless":false,"potions_floor_spawned":[1,12,14,16,18,19,20,23],"killed_by":"Slavers","ascension_level":6}}