{"host":"630px4nyj50z5id8","time":1612692679,"event":{"mods":["BaseMod","Better Note","Colored Powertips","Good Game Mod","Minty Spire (QoL Compilation)","Quick Restart","Rare Cards Sparkle","Relic Filter Mod","Replay The Spire","StSLib","Waifu the Spire"],"gold_per_floor":[132,189,264,264,3,3,30,30,30,30,30,56,95,140,140,219,219,219],"floor_reached":17,"language":"ZHS","playtime":472,"items_purged":["Strike_G"],"score":452,"play_id":"35cc99ed-f022-4687-9a68-90568588dbf1","local_time":"20210207181119","is_ascension_mode":true,"campfire_choices":[{"data":"HandOfGreed","floor":6,"key":"SMITH"},{"data":"Crippling Poison","floor":8,"key":"SMITH"},{"floor":15,"key":"DIG"}],"circlet_count":0,"master_deck":["AscendersBane","Strike_G","Strike_G","Strike_G","Defend_G","Defend_G","Defend_G","Defend_G","Defend_G","Survivor","Neutralize","HandOfGreed+1","Blade Dance","Acrobatics","Crippling Poison+1","Underhanded Strike","Blur","Storm of Steel","Reflex","After Image"],"relics":["Ring of the Snake","REME:ComplimentaryCards","NeowsBlessing","TwistedFunnel","BranchBurnRelic","The Specimen","Sundial","Iron Hammer"],"acts_visited":["Exordium","TheCity"],"potions_floor_usage":[16],"damage_taken":[{"damage":0.0,"enemies":"Cultist","floor":1.0,"turns":2.0},{"damage":2.0,"enemies":"2 Louse","floor":2.0,"turns":4.0},{"damage":0,"enemies":"Gremlin Nob","floor":7,"turns":1},{"damage":12,"enemies":"Lagavulin","floor":12,"turns":5},{"damage":4,"enemies":"Small Slimes","floor":13,"turns":5},{"damage":1,"enemies":"3 Louse","floor":14,"turns":3},{"damage":0,"enemies":"Slime Boss","floor":16,"turns":3}],"seed_played":"2154060846113431258","potions_obtained":[{"floor":13,"key":"Reflective Coating"},{"floor":14,"key":"AttackPotion"},{"floor":16,"key":"LiquidBronze"}],"is_trial":false,"path_per_floor":["M","M","?","?","$","R","E","R","T","$","?","E","M","M","R","B",null],"character_chosen":"THE_SILENT","items_purchased":["TwistedFunnel","Underhanded Strike"],"campfire_rested":0,"item_purchase_floors":[5,5],"current_hp_per_floor":[59,57,46,51,51,51,51,51,51,51,44,47,43,42,42,51,66,66],"gold":219,"neow_bonus":"THREE_ENEMY_KILL","is_daily":false,"chose_seed":false,"campfire_upgraded":2,"win_rate":0.0,"timestamp":1612692679,"path_taken":["M","?","?","?","$","R","E","R","T","$","?","E","M","M","R","BOSS"],"items_purchased_type":["Relic","Card"],"build_version":"2020-12-22","purchased_purges":1,"victory":false,"max_hp_per_floor":[66,66,66,71,71,71,71,71,71,71,71,71,71,71,71,71,71,71],"card_choices":[{"not_picked":["Acrobatics","Hidden Blade"],"picked":"Blade Dance","floor":1.0},{"not_picked":["Hidden Blade","Blade Dance"],"picked":"Acrobatics","floor":1.0},{"not_picked":["Poisoned Stab","Prepared"],"picked":"Crippling Poison","floor":2.0},{"not_picked":["Blade Dance","Backflip"],"picked":"Blur","floor":7},{"not_picked":["Deflect","Deadly Poison"],"picked":"Storm of Steel","floor":12},{"not_picked":["Well Laid Plans","Cloak And Dagger"],"picked":"Reflex","floor":13},{"not_picked":["Backflip","Poisoned Stab","Bane"],"picked":"SKIP","floor":14},{"not_picked":["Storm of Steel","Malaise"],"picked":"After Image","floor":16}],"player_experience":417560,"relics_obtained":[{"floor":7,"key":"Dead Branch"},{"floor":9,"key":"The Specimen"},{"floor":12,"key":"Sundial"},{"floor":15,"key":"Iron Hammer"}],"event_choices":[{"damage_healed":0.0,"max_hp_gain":0.0,"max_hp_loss":0.0,"gold_gain":75.0,"event_name":"World of Goop","player_choice":"Gather Gold","floor":3.0,"gold_loss":0.0,"damage_taken":11.0},{"damage_healed":0,"gold_gain":0,"player_choice":"Donut","damage_taken":0,"max_hp_gain":5,"max_hp_loss":0,"event_name":"Big Fish","floor":4,"gold_loss":0},{"cards_removed":["Strike_G"],"damage_healed":0,"gold_gain":0,"player_choice":"Card Removal","damage_taken":7,"max_hp_gain":0,"max_hp_loss":0,"event_name":"Golden Wing","floor":11,"gold_loss":0}],"is_beta":false,"boss_relics":[{"not_picked":["Busted Crown","Runic Dome","ReplayTheSpireMod:DimensionalGlitch"]}],"items_purged_floors":[5],"is_endless":false,"potions_floor_spawned":[13,14,16],"ascension_level":18}}