{"host":"kosfzzvw61a59szc","time":1610103793,"event":{"mods":["ATMod(∞¢Ë™Mod)","Act Like it!","Arknights The Spire","BaseMod","CapriCore","Downfall","Gensokyo","Marisa£®ÏF”Í°°ƒß¿Ì…≥£©","Minty Spire (QoL Compilation)","Reimu£®≤©¿ˆ¡È√Œ£©","Remilia£®¿Ÿ√◊¿Ú—«£©","Replay The Spire","Shop Mod","StSLib","The Administrix","The Cursed","WarShipGirlsR/’ΩΩ¢…Ÿ≈ÆR mod","Yakumo Yukari mod","Youmu£®ªÍ∆«—˝√Œ£©","°æπ¶ƒ‹Mod°øªÏ„Á÷Æª∑–ﬁ∏¥≤π∂°","°æ“≈ŒÔø®≈∆°øREMEMod","ÛÙª÷∏ƒœ"],"gold_per_floor":[111,121,111,130,143,169,184,203,203,237,167,267,267,285,285,383,383,396,396,396,416,416,416],"floor_reached":22,"playtime":1370,"items_purged":[],"score":207,"play_id":"351fd1b7-7839-4cc0-9684-8ea0a4f5da80","local_time":"20210108190313","is_ascension_mode":true,"campfire_choices":[{"floor":13.0,"key":"REST"},{"floor":15.0,"key":"RECALL"}],"circlet_count":0,"master_deck":["TheCursedMod:Strike_TheCursed+1","TheCursedMod:Defend_TheCursed+1","TheCursedMod:Defend_TheCursed+1","TheCursedMod:Defend_TheCursed+1","TheCursedMod:Defend_TheCursed+1","TheCursedMod:CursedWand","TheCursedMod:CleanUpWorkshop","TheCursedMod:Dregs","Magnetism+1","TheCursedMod:Hemoplague","TheCursedMod:CursedAmulet","TheCursedMod:CircleOfWindfury","TheCursedMod:CircleOfAbyss","TheCursedMod:FuryStrike","TheCursedMod:Torture","TheCursedMod:StingEye","TheCursedMod:FleshFromBone","TheCursedMod:CircleOfAbyss","TheCursedMod:BlessingInDisguise","TheCursedMod:CursedBoomerang","TheCursedMod:AntiAging","TheCursedMod:StunningStrike+1","TheCursedMod:FleshFromBone+1","TheCursedMod:BlessingInDisguise","TheCursedMod:DemonSword","TheCursedMod:HellsGateOpen","TheCursedMod:Hemoplague"],"relics":["TheCursedMod:BlackMagic101","REME_ComplimentaryCards","NeowsBlessing","Mastiff:ReiMu","Replay:Bottled Eggs","Replay:Wax Seal","Astrolabe"],"acts_visited":["Gensokyo:Gensokyo","Gensokyo:Gensokyoer"],"potions_floor_usage":[],"damage_taken":[{"damage":0.0,"enemies":"Gensokyo:2_Kodama","floor":1.0,"turns":1.0},{"damage":0.0,"enemies":"Gensokyo:Gryphon","floor":2.0,"turns":1.0},{"damage":0.0,"enemies":"Gensokyo:Python","floor":4.0,"turns":1.0},{"damage":24.0,"enemies":"Gensokyo:LivingMonolith","floor":5.0,"turns":6.0},{"damage":13.0,"enemies":"Gensokyo:Aya","floor":6.0,"turns":6.0},{"damage":7.0,"enemies":"Gensokyo:3_Kodama","floor":7.0,"turns":6.0},{"damage":6.0,"enemies":"Gensokyo:CorruptedTreant","floor":8.0,"turns":5.0},{"damage":2.0,"enemies":"Gensokyo:Mamizou","floor":10.0,"turns":9.0},{"damage":2.0,"enemies":"Gensokyo:Python_and_Kodama","floor":14.0,"turns":6.0},{"damage":24.0,"enemies":"Gensokyo:Yukari","floor":16.0,"turns":10.0},{"damage":12.0,"enemies":"Gensokyo:CosmicMonolith","floor":18.0,"turns":4.0},{"damage":27.0,"enemies":"Gensokyo:2_Gloops","floor":21.0,"turns":8.0}],"seed_played":"-7639649032389509862","potions_obtained":[{"floor":1.0,"key":"Fire Potion"},{"floor":2.0,"key":"PowerPotion"},{"floor":5.0,"key":"PowerPotion"},{"floor":10.0,"key":"Death Potion"},{"floor":16.0,"key":"Adrenaline Potion"},{"floor":21.0,"key":"ColorlessPotion"}],"is_trial":false,"path_per_floor":["M","M","?","M","M","E","M","M","T","E","?","?","R","M","R","B",null,"M","?","?","M","?"],"character_chosen":"THE_CURSED","items_purchased":[],"campfire_rested":1,"item_purchase_floors":[],"current_hp_per_floor":[75,75,75,75,51,38,31,25,25,23,23,23,45,43,43,19,75,63,63,63,44,44,44],"gold":416,"neow_bonus":"THREE_ENEMY_KILL","is_daily":false,"chose_seed":false,"campfire_upgraded":0,"win_rate":0.0,"timestamp":1610103793,"path_taken":["M","?","?","M","?","E","M","M","T","E","?","?","R","M","R","BOSS","M","?","?","M","?"],"items_purchased_type":[],"build_version":"2020-12-22","purchased_purges":0,"victory":false,"max_hp_per_floor":[75,75,75,75,75,75,75,75,75,75,75,75,75,75,75,75,75,75,75,75,75,75,75],"card_choices":[{"not_picked":["TheCursedMod:VitalStrike","TheCursedMod:AshesToAshes"],"picked":"TheCursedMod:Hemoplague","floor":1.0},{"not_picked":["TheCursedMod:WearCloak","TheCursedMod:VitalStrike"],"picked":"TheCursedMod:CursedAmulet","floor":2.0},{"not_picked":[],"picked":"TheCursedMod:CircleOfWindfury","floor":3.0},{"not_picked":[],"picked":"TheCursedMod:CircleOfAbyss","floor":3.0},{"not_picked":["TheCursedMod:Obscuration","TheCursedMod:CursedBlade"],"picked":"TheCursedMod:FuryStrike","floor":4.0},{"not_picked":["TheCursedMod:CursedBlade","TheCursedMod:SmokeScreen"],"picked":"TheCursedMod:Torture","floor":5.0},{"not_picked":["TheCursedMod:CursedShiv","TheCursedMod:VitalStrike"],"picked":"TheCursedMod:StingEye","floor":6.0},{"not_picked":["TheCursedMod:RavingStaff","TheCursedMod:SoulReap"],"picked":"TheCursedMod:FleshFromBone","floor":7.0},{"not_picked":["TheCursedMod:CursedAmulet","TheCursedMod:VitalStrike"],"picked":"TheCursedMod:CircleOfAbyss","floor":8.0},{"not_picked":["TheCursedMod:Torture","TheCursedMod:Obscuration"],"picked":"TheCursedMod:BlessingInDisguise","floor":10.0},{"not_picked":["TheCursedMod:FleshFromBone","TheCursedMod:DoubleShield"],"picked":"TheCursedMod:CursedBoomerang","floor":14.0},{"not_picked":["TheCursedMod:StunningStrike","TheCursedMod:OutForBlood"],"picked":"TheCursedMod:AntiAging","floor":16.0},{"not_picked":["TheCursedMod:RavingStaff","TheCursedMod:Wield"],"picked":"TheCursedMod:BlessingInDisguise","floor":18.0},{"not_picked":["TheCursedMod:RavingStaff","TheCursedMod:SmokeScreen"],"picked":"TheCursedMod:Hemoplague","floor":21.0}],"player_experience":1257051,"relics_obtained":[{"floor":6.0,"key":"Mastiff:ReiMu"},{"floor":9.0,"key":"Replay:Bottled Eggs"},{"floor":10.0,"key":"Replay:Wax Seal"}],"event_choices":[],"is_beta":false,"boss_relics":[{"not_picked":["Ectoplasm","Fusion Hammer"],"picked":"Astrolabe"}],"items_purged_floors":[],"is_endless":false,"potions_floor_spawned":[1,2,5,10,16,21],"ascension_level":1}}