{"host":"ygfasg9u7olr7skw","time":1610137865,"event":{"mods":["AchievementEnabler","BaseMod","Better Note","Better Vampires","Colored Powertips","Minty Spire (QoL Compilation)","Replay The Spire","Spicy Shops","StSLib","The IronCluck"],"gold_per_floor":[109,119,119,119,129,129,139,150,224,238,313,313,45,145,145,240,240,255,36,50,70,101,101,118,118,118,118,128,140,151,165,165,165,165],"floor_reached":33,"playtime":2087,"items_purged":["Undo+1","Strike_B","Strike_B"],"score":266,"play_id":"4c2b1456-7aa9-460d-920c-3dd56feecc6d","local_time":"20210108153105","is_ascension_mode":true,"campfire_choices":[{"data":"Dualcast","floor":6,"key":"SMITH"},{"floor":12,"key":"REST"},{"floor":23,"key":"REST"},{"floor":27,"key":"REST"},{"floor":32,"key":"REST"}],"circlet_count":0,"master_deck":["Strike_B+1","Strike_B","Defend_B+1","Defend_B","Defend_B","Defend_B+1","Zap+1","Dualcast+1","Cold Snap+1","Redo","Cold Snap","ReplayTheSpireMod:Faulty Equipment","Electrodynamics","Loop+1","Chill","Ball Lightning","Chill+1","Ball Lightning"],"relics":["Cracked Core","Cables","ReplayTheSpireMod:CursedCoin","Replay:Frozen Program","Membership Card","Inserter","Simple Rune","Garlic","Spirit Poop","Ornamental Fan"],"acts_visited":["Exordium","TheCity"],"potions_floor_usage":[16,20,21,24,29,33,33],"damage_taken":[{"damage":0,"enemies":"Small Slimes","floor":1,"turns":3},{"damage":0,"enemies":"Cultist","floor":2,"turns":3},{"damage":5,"enemies":"Jaw Worm","floor":5,"turns":3},{"damage":1,"enemies":"Blue Slaver","floor":7,"turns":3},{"damage":1,"enemies":"Red Slaver","floor":8,"turns":3},{"damage":20,"enemies":"Gremlin Gang","floor":10,"turns":5},{"damage":32,"enemies":"Hexaghost","floor":16,"turns":10},{"damage":24,"enemies":"Spheric Guardian","floor":18,"turns":5},{"damage":17,"enemies":"2 Thieves","floor":20,"turns":4},{"damage":10,"enemies":"Snecko","floor":21,"turns":6},{"damage":25,"enemies":"Snake Plant","floor":24,"turns":4},{"damage":14,"enemies":"Shelled Parasite and Fungi","floor":28,"turns":5},{"damage":7,"enemies":"Snecko","floor":29,"turns":4},{"damage":3,"enemies":"Cultist and Chosen","floor":30,"turns":5},{"damage":9,"enemies":"Sentry and Sphere","floor":31,"turns":4},{"damage":61,"enemies":"Champ","floor":33,"turns":10}],"seed_played":"5704621667990267088","potions_obtained":[{"floor":1,"key":"DistilledChaos"},{"floor":5,"key":"Ancient Potion"},{"floor":18,"key":"Strength Potion"},{"floor":20,"key":"Fruit Juice"},{"floor":22,"key":"FocusPotion"},{"floor":22,"key":"Toxic Potion"},{"floor":29,"key":"Venom Potion"},{"floor":30,"key":"Elixir"}],"is_trial":false,"path_per_floor":["M","M","?","?","M","R","M","M","T","M","$","R","$","?","R","B",null,"M","$","M","M","?","R","M","?","T","R","M","M","M","M","R","B"],"character_chosen":"DEFECT","items_purchased":["ReplayTheSpireMod:CursedCoin","Replay:Frozen Program","Membership Card","Simple Rune","Garlic"],"campfire_rested":4,"item_purchase_floors":[11,13,13,19,19],"current_hp_per_floor":[82,82,82,66,61,61,60,59,59,39,39,63,63,63,82,50,82,58,58,46,36,36,62,37,37,37,63,49,42,39,30,56,0,0],"gold":165,"neow_bonus":"TEN_PERCENT_HP_BONUS","is_daily":false,"chose_seed":false,"campfire_upgraded":1,"win_rate":0.0,"timestamp":1610137865,"path_taken":["M","M","?","?","M","R","M","M","T","M","$","R","$","?","R","BOSS","M","$","?","M","?","R","?","?","T","R","M","M","M","?","R","BOSS"],"items_purchased_type":["Relic","Relic","Relic","Relic","Relic"],"build_version":"2020-12-22","purchased_purges":3,"victory":false,"max_hp_per_floor":[82,82,82,82,82,82,82,82,82,82,82,82,82,82,82,82,82,82,82,87,87,87,87,87,87,87,87,87,87,87,87,87,87,87],"card_choices":[{"not_picked":["Double Energy","Glacier"],"picked":"Cold Snap","floor":1},{"not_picked":["Scrape","FIFO Queue"],"picked":"Ball Lightning","floor":2},{"not_picked":["Barrage","Go for the Eyes","Hologram"],"picked":"SKIP","floor":5},{"not_picked":["Reprogram","Rebound","Panic Button"],"picked":"SKIP","floor":7},{"not_picked":["Reprogram","Go for the Eyes"],"picked":"Redo","floor":8},{"not_picked":["ReplayTheSpireMod:Calculation Training","Go for the Eyes"],"picked":"Cold Snap","floor":10},{"not_picked":["ReplayTheSpireMod:Omega Cannon","Buffer"],"picked":"Electrodynamics","floor":16},{"not_picked":["Sweeping Beam+1","Cold Snap"],"picked":"Loop+1","floor":18},{"not_picked":["Conserve Battery+1","Go for the Eyes+1","Double Energy"],"picked":"SKIP","floor":20},{"not_picked":["BootSequence+1","Glacier+1"],"picked":"Chill","floor":21},{"not_picked":["BasicCrystalCard","Panic Button"],"picked":"Ball Lightning","floor":24},{"not_picked":["Gash","Steam Power"],"picked":"Chill+1","floor":28},{"not_picked":["Doom and Gloom","Cold Snap"],"picked":"Ball Lightning","floor":29},{"not_picked":["Self Repair","Rebound+1","ReplaySort+1"],"picked":"SKIP","floor":30},{"not_picked":["Hello World","Coolheaded","Chill"],"picked":"SKIP","floor":31}],"player_experience":224366,"relics_obtained":[{"floor":9,"key":"Cables"},{"floor":26,"key":"Ornamental Fan"}],"event_choices":[{"damage_healed":0,"gold_gain":0,"player_choice":"Entered Light","damage_taken":16,"max_hp_gain":0,"max_hp_loss":0,"event_name":"Shining Light","floor":4,"gold_loss":0,"cards_upgraded":["Defend_B","Zap"]},{"damage_healed":0,"gold_gain":100,"player_choice":"Pray","damage_taken":0,"max_hp_gain":0,"max_hp_loss":0,"event_name":"Golden Shrine","floor":14,"gold_loss":0},{"cards_removed":["ReplayTheSpireMod:Splinters"],"damage_healed":0,"gold_gain":0,"player_choice":"Offered Curse","damage_taken":0,"relics_obtained":["Spirit Poop"],"max_hp_gain":0,"max_hp_loss":0,"event_name":"Bonfire Elementals","floor":25,"gold_loss":0}],"is_beta":false,"boss_relics":[{"not_picked":["Painkiller Herb","Sozu"],"picked":"Inserter"}],"items_purged_floors":[11,13,19],"is_endless":false,"potions_floor_spawned":[1,5,18,20,29,30],"killed_by":"Champ","ascension_level":2}}