{"host":"b995t17pt6d05w8c","time":1610131169,"event":{"mods":["AchievementEnabler","BaseMod","Colored Map","Minty Spire (QoL Compilation)","SuperFastMode"],"gold_per_floor":[112,112,112,125,141,141,172,172,172,172,186,111,136,151,151,270,270,284,308,308,333,333,367,35,35,35,70,70,104,128,172,172,300,300,325,23,38,62,62,102,102,135,135,156,156,187,202,52,52,52],"floor_reached":51,"playtime":1407,"items_purged":["Strike_B","Strike_B","Defend_B","Defend_B"],"score":1353,"play_id":"44fe4499-9853-448c-b054-8c1f556cdb09","local_time":"20210109033929","is_ascension_mode":true,"campfire_choices":[{"data":"Apotheosis","floor":6.0,"key":"SMITH"},{"floor":10.0,"key":"REST"},{"floor":15.0,"key":"REST"},{"floor":25.0,"key":"REST"},{"floor":32.0,"key":"REST"},{"floor":49,"key":"REST"}],"circlet_count":0,"master_deck":["Zap","Dualcast","Apotheosis+1","Cold Snap","Compile Driver","Loop","Chill","Heatsinks","Electrodynamics","Storm","Heatsinks","Self Repair","Darkness+1","Amplify","Electrodynamics+1","Creative AI+1","Capacitor","Glacier+1","Coolheaded+1"],"relics":["Cracked Core","Unceasing Top","Golden Idol","Bottled Lightning","Matryoshka","Mercury Hourglass","Mummified Hand","Sozu","Orichalcum","OrangePellets","Singing Bowl","Ornamental Fan","Omamori","WingedGreaves","StoneCalendar","Astrolabe","Medical Kit","Kunai","Pen Nib","Sundial","HornCleat"],"acts_visited":["Exordium","TheCity","TheBeyond"],"potions_floor_usage":[],"damage_taken":[{"damage":0.0,"enemies":"Small Slimes","floor":1.0,"turns":3.0},{"damage":2.0,"enemies":"Jaw Worm","floor":4.0,"turns":4.0},{"damage":4.0,"enemies":"2 Louse","floor":5.0,"turns":3.0},{"damage":16.0,"enemies":"3 Sentries","floor":7.0,"turns":6.0},{"damage":3.0,"enemies":"Exordium Thugs","floor":11.0,"turns":3.0},{"damage":6.0,"enemies":"3 Louse","floor":13.0,"turns":2.0},{"damage":0.0,"enemies":"Blue Slaver","floor":14.0,"turns":3.0},{"damage":0.0,"enemies":"Slime Boss","floor":16.0,"turns":8.0},{"damage":0.0,"enemies":"Spheric Guardian","floor":18.0,"turns":3.0},{"damage":4.0,"enemies":"Shell Parasite","floor":19.0,"turns":5.0},{"damage":3.0,"enemies":"Centurion and Healer","floor":21.0,"turns":4.0},{"damage":22.0,"enemies":"Gremlin Leader","floor":23.0,"turns":5.0},{"damage":22.0,"enemies":"Book of Stabbing","floor":27.0,"turns":5.0},{"damage":0.0,"enemies":"Gremlin Leader","floor":29.0,"turns":3.0},{"damage":4.0,"enemies":"Shelled Parasite and Fungi","floor":30.0,"turns":2.0},{"damage":13.0,"enemies":"Slavers","floor":31.0,"turns":2.0},{"damage":10.0,"enemies":"Collector","floor":33.0,"turns":7.0},{"damage":0.0,"enemies":"3 Darklings","floor":35.0,"turns":2.0},{"damage":0,"enemies":"3 Shapes","floor":37,"turns":3},{"damage":15,"enemies":"3 Darklings","floor":38,"turns":2},{"damage":1,"enemies":"Nemesis","floor":40,"turns":3},{"damage":0,"enemies":"Reptomancer","floor":42,"turns":2},{"damage":0,"enemies":"Sphere and 2 Shapes","floor":44,"turns":2},{"damage":0,"enemies":"Giant Head","floor":46,"turns":2},{"damage":0,"enemies":"Maw","floor":47,"turns":4},{"damage":0,"enemies":"Donu and Deca","floor":50,"turns":2}],"seed_played":"9011491222641351934","potions_obtained":[{"floor":7.0,"key":"AttackPotion"},{"floor":11.0,"key":"PotionOfCapacity"},{"floor":14.0,"key":"EssenceOfDarkness"}],"is_trial":false,"path_per_floor":["M","?","?","M","M","R","E","?","T","R","M","$","M","M","R","B",null,"M","M","?","M","?","E","$","R","T","E","$","E","M","E","R","B",null,"M","$","M","M","?","E","$","E","T","M","?","E","M","$","R","B",null],"character_chosen":"DEFECT","items_purchased":["OrangePellets","Self Repair","Capacitor","Medical Kit"],"campfire_rested":5,"item_purchase_floors":[24,24,36,36],"current_hp_per_floor":[68,61,44,42,38,38,22,22,22,42,39,39,33,33,53,53,64,64,60,60,57,57,35,35,55,55,45,45,55,63,52,74,64,72,74,74,78,73,73,78,78,80,80,82,82,84,86,86,86,86],"gold":52,"neow_bonus":"RANDOM_COLORLESS_2","is_daily":false,"chose_seed":false,"campfire_upgraded":1,"win_rate":0.0,"timestamp":1610131169,"path_taken":["M","?","?","M","M","R","E","?","T","R","M","$","M","M","R","BOSS","M","M","?","M","?","E","$","R","T","E","?","E","M","E","R","BOSS","M","$","M","M","?","E","?","E","T","M","?","E","?","$","R","BOSS"],"items_purchased_type":["Relic","Card","Card","Relic"],"build_version":"2020-12-22","purchased_purges":4,"victory":true,"max_hp_per_floor":[68,68,68,68,68,68,68,68,68,68,68,68,68,68,68,68,68,68,68,68,68,68,68,68,68,68,70,70,70,72,74,74,74,74,76,76,78,78,78,78,78,80,80,82,82,84,86,86,86,86],"card_choices":[{"not_picked":["Metamorphosis","Transmutation"],"picked":"Apotheosis","floor":0.0},{"not_picked":["Melter","Rebound"],"picked":"Cold Snap","floor":1.0},{"not_picked":["Beam Cell","Hologram"],"picked":"Compile Driver","floor":4.0},{"not_picked":["Recycle","Leap"],"picked":"Loop","floor":5.0},{"not_picked":["Steam","Streamline","Rebound"],"picked":"SKIP","floor":7.0},{"not_picked":["Go for the Eyes","Turbo","Aggregate"],"picked":"SKIP","floor":11.0},{"not_picked":["Aggregate","Sweeping Beam"],"picked":"Chill","floor":13.0},{"not_picked":["Rebound","Steam"],"picked":"Heatsinks","floor":14.0},{"not_picked":["Thunder Strike","Seek"],"picked":"Electrodynamics","floor":16.0},{"not_picked":["Sweeping Beam","Barrage","Streamline"],"picked":"SKIP","floor":18.0},{"not_picked":["Lockon","Leap"],"picked":"Storm","floor":19.0},{"not_picked":["Redo","Storm","Blizzard"],"picked":"SKIP","floor":21.0},{"not_picked":["Barrage+1","Rebound"],"picked":"Heatsinks","floor":23.0},{"not_picked":["Chill","Rebound+1","Sweeping Beam"],"picked":"Singing Bowl","floor":27.0},{"not_picked":["Aggregate","BootSequence+1"],"picked":"Darkness+1","floor":29.0},{"not_picked":["All For One","Compile Driver","Go for the Eyes"],"picked":"Singing Bowl","floor":30.0},{"not_picked":["Go for the Eyes","Leap","Self Repair"],"picked":"Singing Bowl","floor":31.0},{"not_picked":["Multi-Cast","Meteor Strike"],"picked":"Amplify","floor":33.0},{"not_picked":["Double Energy","Sweeping Beam","Stack"],"picked":"Singing Bowl","floor":35},{"not_picked":["Beam Cell+1","Leap+1","Conserve Battery+1"],"picked":"Singing Bowl","floor":37},{"not_picked":["Turbo+1","Loop"],"picked":"Glacier+1","floor":38},{"not_picked":["Amplify","Melter+1"],"picked":"Coolheaded+1","floor":40},{"not_picked":["Blizzard+1","Reinforced Body+1","Rebound+1"],"picked":"Singing Bowl","floor":42},{"not_picked":["Coolheaded+1","Stack","Darkness+1"],"picked":"Singing Bowl","floor":44},{"not_picked":["Hello World+1","Self Repair","Genetic Algorithm+1"],"picked":"Singing Bowl","floor":46},{"not_picked":["Rebound","Streamline","Barrage"],"picked":"Singing Bowl","floor":47}],"player_experience":60296,"relics_obtained":[{"floor":7.0,"key":"Bottled Lightning"},{"floor":9.0,"key":"Mercury Hourglass"},{"floor":9.0,"key":"Mummified Hand"},{"floor":23.0,"key":"Orichalcum"},{"floor":26.0,"key":"Singing Bowl"},{"floor":26.0,"key":"Ornamental Fan"},{"floor":27.0,"key":"Omamori"},{"floor":29.0,"key":"WingedGreaves"},{"floor":31.0,"key":"StoneCalendar"},{"floor":40,"key":"Kunai"},{"floor":42,"key":"Pen Nib"},{"floor":43,"key":"Sundial"},{"floor":46,"key":"HornCleat"}],"event_choices":[{"damage_healed":0.0,"max_hp_gain":0.0,"max_hp_loss":0.0,"gold_gain":0.0,"event_name":"Scrap Ooze","player_choice":"Success","floor":2.0,"gold_loss":0.0,"damage_taken":7.0,"relics_obtained":["Unceasing Top"]},{"damage_healed":0.0,"max_hp_gain":0.0,"max_hp_loss":0.0,"gold_gain":0.0,"event_name":"Golden Idol","player_choice":"Take Damage","floor":3.0,"gold_loss":0.0,"damage_taken":17.0,"relics_obtained":["Golden Idol"]},{"damage_healed":0.0,"max_hp_gain":0.0,"max_hp_loss":0.0,"gold_gain":0.0,"event_name":"Dead Adventurer","player_choice":"Searched \u00271\u0027 times","floor":8.0,"gold_loss":0.0,"damage_taken":0.0,"relics_obtained":["Matryoshka"]},{"damage_healed":0.0,"max_hp_gain":0.0,"max_hp_loss":0.0,"gold_gain":0.0,"event_name":"Cursed Tome","player_choice":"Ignored","floor":20.0,"gold_loss":0.0,"damage_taken":0.0},{"cards_removed":["Strike_B"],"damage_healed":0.0,"max_hp_gain":0.0,"max_hp_loss":0.0,"gold_gain":0.0,"event_name":"Back to Basics","player_choice":"Elegance","floor":22.0,"gold_loss":0.0,"damage_taken":0.0},{"cards_removed":["Scrape"],"damage_healed":0,"gold_gain":0,"player_choice":"Removed Attack","damage_taken":0,"max_hp_gain":0,"max_hp_loss":0,"event_name":"Falling","floor":39,"gold_loss":0},{"damage_healed":0,"gold_gain":0,"player_choice":"Ignored","damage_taken":0,"max_hp_gain":0,"max_hp_loss":0,"event_name":"Tomb of Lord Red Mask","floor":45,"gold_loss":0}],"is_beta":false,"boss_relics":[{"not_picked":["Snecko Eye","Tiny House"],"picked":"Sozu"},{"not_picked":["Velvet Choker","Coffee Dripper"],"picked":"Astrolabe"}],"items_purged_floors":[12,24,36,48],"is_endless":false,"potions_floor_spawned":[7,11,14,18,21,29,30,38,42,47],"ascension_level":7}}