{"host":"w4b7hmige5bnqipq","time":1610083740,"event":{"mods":["2.2 Compatiblity","BaseMod","Colored Map","DeckTracker","Keyboard Shortcuts","Minty Spire (QoL Compilation)","Permanent Neow","Rare Cards Sparkle","SuperFastMode","everything is the same but u backflip on backflip","slay the spire mod where everything is the same but ironclad has a cowboy hat"],"gold_per_floor":[13,32,307,318,243,243,269,269,269,284,284,313,28,39,39,117,117,135,150,65,65,79,79,79],"floor_reached":23,"playtime":723,"items_purged":["Regret","Strike_G"],"score":402,"play_id":"c99ecc81-6d8c-4bb9-9ce8-c94632d76169","local_time":"20210108142900","is_ascension_mode":true,"campfire_choices":[{"data":"Bouncing Flask","floor":6,"key":"SMITH"},{"data":"Crippling Poison","floor":8,"key":"SMITH"},{"floor":15,"key":"REST"}],"circlet_count":0,"master_deck":["AscendersBane","Strike_G","Strike_G","Strike_G","Defend_G","Defend_G","Defend_G","Defend_G","Defend_G","Survivor","Neutralize","Burst","Poisoned Stab","Bouncing Flask+1","Catalyst","Crippling Poison+1","Caltrops","Footwork","Backflip","Die Die Die","Bane+1"],"relics":["Ring of the Snake","Question Card","Letter Opener","The Courier","Blood Vial","SlaversCollar","Pocketwatch","CultistMask"],"acts_visited":["Exordium","TheCity"],"potions_floor_usage":[16,16,22,23],"damage_taken":[{"damage":6.0,"enemies":"Jaw Worm","floor":1.0,"turns":7.0},{"damage":0.0,"enemies":"Cultist","floor":2.0,"turns":3.0},{"damage":2,"enemies":"2 Louse","floor":4,"turns":4},{"damage":10,"enemies":"Lagavulin","floor":7,"turns":5},{"damage":20,"enemies":"Exordium Thugs","floor":10,"turns":4},{"damage":11,"enemies":"Gremlin Nob","floor":12,"turns":3},{"damage":2,"enemies":"Red Slaver","floor":14,"turns":4},{"damage":31,"enemies":"The Guardian","floor":16,"turns":6},{"damage":0,"enemies":"Spheric Guardian","floor":18,"turns":3},{"damage":5,"enemies":"Chosen","floor":19,"turns":4},{"damage":7,"enemies":"3 Cultists","floor":22,"turns":4},{"damage":56,"enemies":"Gremlin Leader","floor":23,"turns":8}],"seed_played":"2179441318887521531","potions_obtained":[{"floor":4,"key":"Regen Potion"},{"floor":7,"key":"Strength Potion"},{"floor":12,"key":"Poison Potion"},{"floor":16,"key":"Strength Potion"},{"floor":18,"key":"Weak Potion"},{"floor":19,"key":"Poison Potion"}],"is_trial":false,"path_per_floor":["M","M","?","M","$","R","E","R","T","M","?","E","$","M","R","B",null,"M","M","?","?","M","E"],"character_chosen":"THE_SILENT","items_purchased":["Footwork","Blood Vial"],"campfire_rested":1,"item_purchase_floors":[13,13],"current_hp_per_floor":[53,53,53,51,51,51,41,41,41,21,21,10,10,10,29,9,52,54,51,51,51,46,0,0],"gold":79,"neow_bonus":"THREE_RARE_CARDS","is_daily":false,"chose_seed":false,"campfire_upgraded":2,"win_rate":0.0,"timestamp":1610083740,"path_taken":["M","M","?","M","$","R","E","R","T","?","?","E","?","?","R","BOSS","M","M","?","?","?","E"],"items_purchased_type":["Card","Relic"],"build_version":"2020-12-22","purchased_purges":2,"victory":false,"max_hp_per_floor":[66,66,66,66,66,66,66,66,66,66,66,66,66,66,66,66,66,66,66,66,66,66,66,66],"card_choices":[{"not_picked":["Doppelganger","Storm of Steel"],"picked":"Burst","floor":0.0},{"not_picked":["Calculated Gamble","Deadly Poison"],"picked":"Poisoned Stab","floor":1.0},{"not_picked":["Masterful Stab","Flying Knee"],"picked":"Bouncing Flask","floor":2.0},{"not_picked":["Expertise","Dagger Throw"],"picked":"Catalyst","floor":4},{"not_picked":["Unload","Slice"],"picked":"Crippling Poison","floor":7},{"not_picked":["Setup","Skewer","Dagger Spray","Caltrops"],"picked":"SKIP","floor":10},{"not_picked":["Quick Slash","Flechettes","Dodge and Roll"],"picked":"Caltrops","floor":12},{"not_picked":["Dagger Throw","Crippling Poison","Finisher"],"picked":"Backflip","floor":14},{"not_picked":["Malaise","Doppelganger","Envenom"],"picked":"Die Die Die","floor":16},{"not_picked":["Concentrate","Quick Slash","Blade Dance+1","Underhanded Strike"],"picked":"SKIP","floor":18},{"not_picked":["Prepared","Cloak And Dagger","Poisoned Stab"],"picked":"Bane+1","floor":19},{"not_picked":["Grand Finale","Dodge and Roll","Flying Knee","Poisoned Stab"],"picked":"SKIP","floor":22}],"player_experience":479383,"relics_obtained":[{"floor":7,"key":"Question Card"},{"floor":9,"key":"Letter Opener"},{"floor":12,"key":"The Courier"}],"event_choices":[{"damage_healed":0,"gold_gain":275,"player_choice":"Desecrate","damage_taken":0,"max_hp_gain":0,"max_hp_loss":0,"event_name":"Golden Shrine","floor":3,"gold_loss":0,"cards_obtained":["Regret"]},{"cards_removed":["Strike_G"],"damage_healed":0,"gold_gain":0,"player_choice":"Forget","damage_taken":0,"max_hp_gain":0,"max_hp_loss":0,"event_name":"Living Wall","floor":11,"gold_loss":0},{"damage_healed":0,"gold_gain":0,"player_choice":"Obtained Relic","damage_taken":0,"relics_obtained":["Pocketwatch"],"max_hp_gain":0,"max_hp_loss":0,"event_name":"Addict","floor":20,"gold_loss":85},{"damage_healed":0,"gold_gain":0,"player_choice":"Trade","damage_taken":0,"relics_obtained":["CultistMask"],"max_hp_gain":0,"max_hp_loss":0,"event_name":"FaceTrader","floor":21,"gold_loss":0}],"is_beta":false,"boss_relics":[{"not_picked":["Pandora\u0027s Box","Fusion Hammer"],"picked":"SlaversCollar"}],"items_purged_floors":[5,13],"is_endless":false,"potions_floor_spawned":[4,7,12,14,16,18,19],"killed_by":"Gremlin Leader","ascension_level":20}}