{"host":"hfxp6ue4pvwo3fit","time":1610086238,"event":{"mods":["AchievementEnabler","BaseMod","Colored Map","Colored Powertips","Highlight Path","Minty Spire (QoL Compilation)","Relic Stats","StSLib","SuperFastMode"],"gold_per_floor":[119,119,119,134,153,153,178,189,235,263,263,275,275,292,292,366,366,381,391,40,40,68,68,68,68,92,92,182,197,214,242,242,315,315,334,334,353,107,107,107,141,157,231,256,256,49,49,68,68,68,68,68],"floor_reached":51,"playtime":1549,"items_purged":["Strike_R"],"score":1466,"play_id":"d6b517da-4fcd-40bf-973d-687f7ff73ec0","local_time":"20210108001038","is_ascension_mode":true,"campfire_choices":[{"data":"Pommel Strike","floor":6,"key":"SMITH"},{"data":"Inflame","floor":11,"key":"SMITH"},{"data":"Fiend Fire","floor":13,"key":"SMITH"},{"data":"Shrug It Off","floor":15,"key":"SMITH"},{"data":"True Grit","floor":23,"key":"SMITH"},{"data":"Dual Wield","floor":25,"key":"SMITH"},{"data":"Shockwave","floor":27,"key":"SMITH"},{"data":"Dark Embrace","floor":32,"key":"SMITH"},{"data":"Corruption","floor":40,"key":"SMITH"},{"data":"Shockwave","floor":45,"key":"SMITH"},{"data":"Dual Wield","floor":47,"key":"SMITH"},{"floor":49,"key":"REST"}],"circlet_count":0,"master_deck":["AscendersBane","Defend_R","Defend_R","Defend_R","Defend_R","Bash+1","Pommel Strike+1","Dropkick","Shrug It Off+1","Inflame+1","Battle Trance","Fiend Fire+1","Corruption+1","Cleave","Dual Wield+1","Shockwave+1","True Grit+1","Shrug It Off+1","Dark Embrace+1","Shockwave+1","Reaper","Seeing Red+1","Dropkick","Feel No Pain","Sentinel","Dual Wield+1"],"relics":["Burning Blood","NeowsBlessing","Paper Frog","Omamori","Akabeko","Sozu","Meat on the Bone","Red Mask","Bag of Marbles","Regal Pillow","Shuriken","Empty Cage","PreservedInsect","Charon\u0027s Ashes","Pear","Singing Bowl"],"acts_visited":["Exordium","TheCity","TheBeyond"],"potions_floor_usage":[7,10,10,16,16],"damage_taken":[{"damage":0,"enemies":"Small Slimes","floor":1,"turns":1},{"damage":0,"enemies":"2 Louse","floor":4,"turns":1},{"damage":0,"enemies":"Cultist","floor":5,"turns":1},{"damage":32,"enemies":"Gremlin Nob","floor":7,"turns":4},{"damage":10,"enemies":"Large Slime","floor":8,"turns":5},{"damage":35,"enemies":"3 Sentries","floor":10,"turns":8},{"damage":3,"enemies":"Blue Slaver","floor":12,"turns":3},{"damage":0,"enemies":"Looter","floor":14,"turns":1},{"damage":9,"enemies":"Hexaghost","floor":16,"turns":6},{"damage":19,"enemies":"3 Byrds","floor":18,"turns":8},{"damage":27,"enemies":"Shell Parasite","floor":19,"turns":4},{"damage":8,"enemies":"Masked Bandits","floor":22,"turns":2},{"damage":0,"enemies":"Snake Plant","floor":29,"turns":1},{"damage":0,"enemies":"Sentry and Sphere","floor":30,"turns":4},{"damage":7,"enemies":"Gremlin Leader","floor":31,"turns":5},{"damage":30,"enemies":"Collector","floor":33,"turns":4},{"damage":61,"enemies":"3 Darklings","floor":35,"turns":5},{"damage":18,"enemies":"3 Shapes","floor":37,"turns":4},{"damage":0,"enemies":"Nemesis","floor":41,"turns":1},{"damage":19,"enemies":"Maw","floor":42,"turns":4},{"damage":49,"enemies":"Reptomancer","floor":44,"turns":5},{"damage":6,"enemies":"4 Shapes","floor":48,"turns":2},{"damage":40,"enemies":"Donu and Deca","floor":50,"turns":6},{"damage":81,"enemies":"Awakened One","floor":51,"turns":6}],"seed_played":"8115910580469157425","potions_obtained":[{"floor":4,"key":"ElixirPotion"},{"floor":7,"key":"Fire Potion"},{"floor":8,"key":"SteroidPotion"},{"floor":10,"key":"SteroidPotion"},{"floor":14,"key":"PowerPotion"}],"is_trial":false,"path_per_floor":["M","?","?","M","M","R","E","M","T","E","R","M","R","M","R","B",null,"M","M","$","?","?","R","?","R","T","R","?","M","M","E","R","B",null,"M","?","M","$","?","R","E","M","T","E","R","$","R","M","R","B","B"],"character_chosen":"IRONCLAD","items_purchased":["Meat on the Bone","Shockwave","PreservedInsect","Feel No Pain","Sentinel","Dual Wield"],"campfire_rested":1,"item_purchase_floors":[20,20,38,46,46,46],"current_hp_per_floor":[74,74,74,75,75,75,49,45,45,16,16,19,19,25,25,22,62,49,28,28,28,38,38,38,38,38,38,26,44,50,49,49,37,66,38,38,50,50,50,50,56,55,65,62,62,62,62,64,89,55,0,0],"gold":68,"neow_bonus":"THREE_ENEMY_KILL","is_daily":false,"chose_seed":false,"campfire_upgraded":11,"win_rate":0.0,"timestamp":1610086238,"path_taken":["M","?","?","M","?","R","E","M","T","E","R","M","R","M","R","BOSS","M","M","$","?","?","R","?","R","T","R","?","?","M","E","R","BOSS","M","?","?","$","?","R","E","?","T","E","R","$","R","M","R","BOSS","BOSS"],"items_purchased_type":["Relic","Card","Relic","Card","Card","Card"],"build_version":"2020-12-22","purchased_purges":1,"victory":false,"max_hp_per_floor":[75,75,75,75,75,75,75,75,75,75,75,75,75,75,75,75,75,75,75,75,75,75,75,75,75,75,75,75,75,75,75,75,75,75,75,75,75,75,75,75,75,75,85,87,87,87,87,89,89,89,89,89],"relic_stats":{"Sozu":9,"Regal Pillow":0,"Singing Bowl":4,"counters":[24,91],"Shuriken":[24],"PreservedInsect":111,"Charon\u0027s Ashes":[315],"obtain_stats":[{"Regal Pillow":26,"Pear":43,"NeowsBlessing":0,"Singing Bowl":44,"PreservedInsect":38,"Charon\u0027s Ashes":41,"Omamori":9,"Empty Cage":34,"Burning Blood":0,"Akabeko":10,"Sozu":17,"Shuriken":31,"Red Mask":22,"Bag of Marbles":24,"Paper Frog":7,"Meat on the Bone":20},{"Regal Pillow":12,"Pear":20,"NeowsBlessing":0,"Singing Bowl":21,"PreservedInsect":18,"Charon\u0027s Ashes":19,"Omamori":5,"Empty Cage":16,"Burning Blood":0,"Akabeko":6,"Sozu":9,"Shuriken":15,"Red Mask":12,"Bag of Marbles":12,"Paper Frog":4,"Meat on the Bone":11},{"Regal Pillow":44,"Pear":72,"NeowsBlessing":0,"Singing Bowl":77,"PreservedInsect":67,"Charon\u0027s Ashes":68,"Omamori":12,"Empty Cage":58,"Burning Blood":0,"Akabeko":20,"Sozu":30,"Shuriken":54,"Red Mask":44,"Bag of Marbles":44,"Paper Frog":7,"Meat on the Bone":42}],"Burning Blood":127,"Meat on the Bone":72},"card_choices":[{"not_picked":["Anger","Sword Boomerang"],"picked":"Pommel Strike","floor":1},{"not_picked":["Havoc","Second Wind","Body Slam"],"picked":"SKIP","floor":4},{"not_picked":["Body Slam","Bloodletting"],"picked":"Dropkick","floor":5},{"not_picked":["Sever Soul","Warcry"],"picked":"Shrug It Off","floor":7},{"not_picked":["Thunderclap","True Grit"],"picked":"Inflame","floor":8},{"not_picked":["Pommel Strike","Armaments"],"picked":"Battle Trance","floor":10},{"not_picked":["Body Slam","Cleave"],"picked":"Fiend Fire","floor":12},{"not_picked":["Thunderclap","Anger","Combust"],"picked":"SKIP","floor":14},{"not_picked":["Reaper","Juggernaut"],"picked":"Corruption","floor":16},{"not_picked":["Second Wind","Headbutt+1"],"picked":"Cleave","floor":18},{"not_picked":["Perfected Strike","Pummel"],"picked":"Dual Wield","floor":19},{"not_picked":["Reckless Charge","Clash"],"picked":"True Grit","floor":22},{"not_picked":["Heavy Blade+1","Clothesline"],"picked":"Shrug It Off+1","floor":29},{"not_picked":["Clash+1","Rage"],"picked":"Dark Embrace","floor":30},{"not_picked":["Sword Boomerang","Brutality"],"picked":"Shockwave","floor":31},{"not_picked":["Impervious","Bludgeon"],"picked":"Reaper","floor":33},{"not_picked":["Uppercut+1","Intimidate+1"],"picked":"Seeing Red+1","floor":35},{"not_picked":["Sword Boomerang","Dark Embrace"],"picked":"Dropkick","floor":37},{"not_picked":["Havoc","Sword Boomerang","Rampage"],"picked":"SKIP","floor":41},{"not_picked":["Flex","Juggernaut","Blood for Blood+1"],"picked":"SKIP","floor":42},{"not_picked":["Headbutt","Clash","Blood for Blood+1"],"picked":"Singing Bowl","floor":44},{"not_picked":["Sword Boomerang+1","Body Slam","Clash"],"picked":"Singing Bowl","floor":48}],"player_experience":484327,"relics_obtained":[{"floor":7,"key":"Paper Frog"},{"floor":9,"key":"Omamori"},{"floor":10,"key":"Akabeko"},{"floor":22,"key":"Red Mask"},{"floor":26,"key":"Regal Pillow"},{"floor":31,"key":"Shuriken"},{"floor":41,"key":"Charon\u0027s Ashes"},{"floor":43,"key":"Pear"},{"floor":44,"key":"Singing Bowl"}],"event_choices":[{"damage_healed":0,"gold_gain":0,"player_choice":"Grow","damage_taken":0,"max_hp_gain":0,"max_hp_loss":0,"event_name":"Living Wall","floor":2,"gold_loss":0,"cards_upgraded":["Bash"]},{"cards_removed":["Strike_R"],"damage_healed":0,"gold_gain":0,"player_choice":"Purged","damage_taken":0,"max_hp_gain":0,"max_hp_loss":0,"event_name":"Purifier","floor":3,"gold_loss":0},{"damage_healed":0,"gold_gain":0,"player_choice":"Ignored","damage_taken":0,"max_hp_gain":0,"max_hp_loss":0,"event_name":"Ghosts","floor":21,"gold_loss":0},{"damage_healed":0,"gold_gain":0,"player_choice":"Fought Bandits","damage_taken":0,"max_hp_gain":0,"max_hp_loss":0,"event_name":"Masked Bandits","floor":22,"gold_loss":0},{"damage_healed":0,"gold_gain":0,"player_choice":"Stole Relic","damage_taken":0,"relics_obtained":["Bag of Marbles"],"max_hp_gain":0,"max_hp_loss":0,"event_name":"Addict","floor":24,"gold_loss":0,"cards_obtained":["Shame"]},{"damage_healed":0,"gold_gain":90,"player_choice":"GOLD ","damage_taken":12,"max_hp_gain":0,"max_hp_loss":0,"event_name":"Knowing Skull","floor":28,"potions_obtained":[],"gold_loss":0,"cards_obtained":[]},{"damage_healed":0,"gold_gain":0,"player_choice":"Got Potions","damage_taken":0,"max_hp_gain":0,"max_hp_loss":0,"event_name":"Lab","floor":36,"gold_loss":0},{"cards_removed":["Strike_R"],"damage_healed":0,"gold_gain":0,"player_choice":"Offered Basic","damage_taken":0,"max_hp_gain":0,"max_hp_loss":0,"event_name":"Bonfire Elementals","floor":39,"gold_loss":0}],"is_beta":false,"boss_relics":[{"not_picked":["Ectoplasm","Runic Cube"],"picked":"Sozu"},{"not_picked":["Calling Bell","SlaversCollar"],"picked":"Empty Cage"}],"items_purged_floors":[38],"is_endless":false,"potions_floor_spawned":[4,7,8,10,14,19,22,31,33,35,37,44],"killed_by":"Awakened One","ascension_level":20}}