{"host":"wmm4q2torfc8rajz","time":1610118314,"event":{"mods":["2.2 Compatiblity","Abigail Mod","AchievementEnabler","Act Like it!","Arknights The Spire","BaseMod","Chen","Friendly Minions","HololiveMod","Kiyohime????","Koishi","LagranYue(???·?)","Marisa????????","Minty Spire (QoL Compilation)","Prisma Mod","Rare Cards Sparkle","Reimu??????","Remilia??????","Replay The Spire","StSLib","The Alterego","The Animator","The Servant 0.9.4","TheSwordswoman","Waifu the Spire","WarShipGirlsR/????R mod"],"gold_per_floor":[83,102,102,102,118,143,143,143,167,183,201,219,239,259,259,364,364,377,394,394,408,419,449,74,86,86,86,86,121,121,136,136,240,240,250,261,273,289,42,74,74,74,126,139,139,139,158,204,204,204,204,204,6,6,6],"floor_reached":54,"playtime":4246,"items_purged":["Hololive_Trident"],"score":890,"play_id":"0c0e2e83-04c2-4d77-a924-0fc0c8050b46","local_time":"20210108160514","is_ascension_mode":false,"campfire_choices":[{"data":"Hololive_CallHimemoriLuna","floor":7,"key":"SMITH"},{"floor":27,"key":"RECALL"},{"data":"Hololive_CallCivia","floor":32,"key":"SMITH"}],"circlet_count":0,"master_deck":["Hololive_Strike","Hololive_Strike","Hololive_Defend","Hololive_Defend","Hololive_CallNekomataOkayu","Hololive_CallMurasakiShion","Hololive_CallTokinoSora","Hololive_CallShiroganeNoel","Hololive_CallUsadaPekora","Hololive_CallHimemoriLuna+1","Hololive_CallCivia+1","Hololive_FlyingPonyTail","Hololive_MaximGun+1","Hololive_CallHoushouMarine","Hololive_CocoNews+1","Hololive_DevilCharm+1","Hololive_AWSL","Hololive_SummonFox+1","Hololive_Trident+1","Hololive_CallYogiri+1","Hololive_StarCraft","Hololive_CallYuzukiChoco","Hololive_FlyingPonyTail+1","Hololive_CallAZKi+1","Hololive_CallHoushouMarine+1","Pain"],"relics":["Hololive_TheStar","LagranYue:RandomDrawCardRelic","Blood Vial","Empty Cage","Nilry\u0027s Codex","Eternal Feather","Gremlin Food","Sling","Mirror","Whetstone","Fusion Hammer","Chameleon Ring","StoneCalendar","Replay:Rubber Ducky","WarpedTongs","Lizard Tail","Nunchaku"],"acts_visited":["Exordium","TheCity","TheBeyond","TheEnding"],"potions_floor_usage":[42,50,50,50,54],"damage_taken":[{"damage":0,"enemies":"Jaw Worm","floor":1,"turns":2},{"damage":0,"enemies":"2 Louse","floor":2,"turns":3},{"damage":0,"enemies":"Small Slimes","floor":5,"turns":2},{"damage":0,"enemies":"3 Sentries","floor":6,"turns":6},{"damage":0,"enemies":"Exordium Thugs","floor":10,"turns":4},{"damage":0,"enemies":"Exordium Wildlife","floor":11,"turns":4},{"damage":0,"enemies":"Large Slime","floor":12,"turns":3},{"damage":0,"enemies":"Looter","floor":13,"turns":2},{"damage":0,"enemies":"2 Fungi Beasts","floor":14,"turns":3},{"damage":0,"enemies":"The Guardian","floor":16,"turns":6},{"damage":0,"enemies":"Chosen","floor":18,"turns":4},{"damage":1,"enemies":"3 Byrds","floor":19,"turns":3},{"damage":0,"enemies":"Cultist and Chosen","floor":21,"turns":6},{"damage":0,"enemies":"Chosen and Byrds","floor":22,"turns":6},{"damage":22,"enemies":"Book of Stabbing","floor":23,"turns":7},{"damage":0,"enemies":"Centurion and Healer","floor":25,"turns":4},{"damage":3,"enemies":"Slavers","floor":29,"turns":4},{"damage":0,"enemies":"Snecko","floor":31,"turns":4},{"damage":0,"enemies":"Champ","floor":33,"turns":9},{"damage":33,"enemies":"3 Darklings","floor":35,"turns":9},{"damage":0,"enemies":"Orb Walker","floor":36,"turns":3},{"damage":0,"enemies":"4 Shapes","floor":37,"turns":5},{"damage":0,"enemies":"Transient","floor":38,"turns":5},{"damage":0,"enemies":"Giant Head","floor":40,"turns":5},{"damage":0,"enemies":"Giant Head","floor":41,"turns":3},{"damage":10,"enemies":"Sphere and 2 Shapes","floor":44,"turns":6},{"damage":1,"enemies":"4 Shapes","floor":47,"turns":4},{"damage":1,"enemies":"2 Orb Walkers","floor":48,"turns":5},{"damage":106,"enemies":"Awakened One","floor":50,"turns":12},{"damage":88,"enemies":"Shield and Spear","floor":54,"turns":6}],"seed_played":"4927721913090559998","potions_obtained":[{"floor":6,"key":"Weak Potion"},{"floor":13,"key":"Venom Potion"},{"floor":14,"key":"SpeedPotion"},{"floor":16,"key":"Regen Potion"},{"floor":23,"key":"EssenceOfSteel"},{"floor":42,"key":"Fruit Juice"},{"floor":42,"key":"Regen Potion"},{"floor":49,"key":"MagicPotion:ReiMu"},{"floor":52,"key":"PowerPotion"},{"floor":52,"key":"LiquidBronze"}],"is_trial":false,"path_per_floor":["M","M","?","$","M","E","R","$","T","M","M","M","M","M","R","B",null,"M","M","?","M","M","E","$","M","T","R","?","E","$","M","R","B",null,"M","M","M","M","$","E","?","R","T","M","?","R","M","?","R","B",null,"R","$","E"],"character_chosen":"Hololive_HololiveCharacter","items_purchased":["Gremlin Food","Sling","Chameleon Ring","Nunchaku","Swift Potion"],"campfire_rested":0,"item_purchase_floors":[24,24,39,53,53],"current_hp_per_floor":[38,38,38,38,38,38,38,38,38,38,38,38,38,38,38,38,38,39,39,23,26,29,10,10,13,13,25,25,25,25,28,40,43,47,16,20,24,28,28,32,36,55,55,48,48,63,65,67,69,20,70,70,70,0,0],"gold":6,"neow_bonus":"TEN_PERCENT_HP_BONUS","is_daily":false,"chose_seed":false,"campfire_upgraded":2,"win_rate":0.0,"timestamp":1610118314,"path_taken":["M","M","?","$","M","E","R","$","T","M","M","M","M","M","R","BOSS","M","M","?","M","M","E","$","M","T","R","?","E","?","M","R","BOSS","M","M","M","M","$","E","?","R","T","M","?","R","?","?","R","BOSS","R","$","E"],"items_purchased_type":["Relic","Relic","Relic","Relic","Potion"],"build_version":"2020-12-22","purchased_purges":1,"victory":false,"max_hp_per_floor":[38,38,38,38,38,38,38,38,38,38,38,38,38,38,38,38,38,39,40,40,41,42,43,43,44,44,44,44,45,45,46,46,47,47,49,51,53,55,55,57,59,66,66,67,67,67,68,69,69,70,70,70,70,71,71],"card_choices":[{"not_picked":["Hololive_Drill","Hololive_CallMurasakiShion","Hololive_HuntDinosaur"],"picked":"Hololive_CallHimemoriLuna","floor":1},{"not_picked":["Hololive_FlyingPonyTail","Hololive_CocoNews","Hololive_LuckPotion"],"picked":"Hololive_CallCivia","floor":2},{"not_picked":["Hololive_Psychosis","Hololive_ASMR","Hololive_OvertimeWork"],"picked":"Hololive_FlyingPonyTail","floor":5},{"not_picked":["Hololive_HuntDinosaur","Hololive_LuckPotion","Hololive_Breathe"],"picked":"Hololive_MaximGun","floor":6},{"not_picked":["Hololive_FlyingPonyTail","Hololive_Sequa","Hololive_Breathe"],"picked":"Hololive_SoulCatcher","floor":10},{"not_picked":["Hololive_Drill","Hololive_Breathe","Hololive_Rebound"],"picked":"Hololive_CallHoushouMarine","floor":11},{"not_picked":["Hololive_Drill","Hololive_Yoholoon","Hololive_CallOmaruPolka"],"picked":"Hololive_CocoNews","floor":12},{"not_picked":["Hololive_Rebound","Hololive_CocoNews","Hololive_HuntDinosaur"],"picked":"Hololive_DevilCharm","floor":13},{"not_picked":["Hololive_Drill","Hololive_CallNekomataOkayu","Hololive_OvertimeWork"],"picked":"Hololive_Trident","floor":14},{"not_picked":["Hololive_Thief","Hololive_StarCraft","Hololive_FlareMind"],"picked":"Hololive_AWSL","floor":16},{"not_picked":["Hololive_Sequa","Hololive_Breathe","Hololive_CallRoboco"],"picked":"Hololive_SummonFox+1","floor":18},{"not_picked":["Hololive_SoulCatcher","Hololive_Psychosis","Hololive_Rebound"],"picked":"Hololive_Trident+1","floor":19},{"not_picked":["Hololive_CallArtia","Hololive_CallDoris+1","Hololive_Psychosis"],"picked":"Hololive_CallYogiri+1","floor":21},{"not_picked":["Hololive_StrengthChampion","Hololive_Drill","Hololive_Breathe","Hololive_CallArtia"],"picked":"SKIP","floor":22},{"not_picked":["Hololive_CallHimemoriLuna+1","Hololive_Rebound","Hololive_CandyCastle"],"picked":"Hololive_StarCraft","floor":23},{"not_picked":["Hololive_StrengthChampion+1","Hololive_CandyCastle+1","Hololive_CallYozoraMel"],"picked":"Hololive_CallYuzukiChoco","floor":25},{"not_picked":["Hololive_Breathe+1","Hololive_HuntDinosaur+1","Hololive_CallSpadeEcho","Hololive_Psychosis"],"picked":"SKIP","floor":29},{"not_picked":["Hololive_HuntDinosaur+1","Hololive_CocoNews","Hololive_Drill+1","Hololive_CallArtia"],"picked":"SKIP","floor":31},{"not_picked":["Hololive_BeCareful","Hololive_IdolExercise","Hololive_ScarfAndHalo"],"picked":"Hololive_AWSL","floor":33},{"not_picked":["Hololive_OvertimeWork+1","Hololive_CallMurasakiShion","Hololive_Psychosis+1"],"picked":"Hololive_FlyingPonyTail+1","floor":35},{"not_picked":["Hololive_StrengthChampion+1","Hololive_Sequa","Hololive_HuntDinosaur+1","Hololive_Rebound+1"],"picked":"SKIP","floor":36},{"not_picked":["Hololive_StrengthChampion+1","Hololive_CallNekomataOkayu+1","Hololive_Sequa"],"picked":"Hololive_CallAZKi+1","floor":37},{"not_picked":["Hololive_Sequa","Hololive_Drill+1","Hololive_Breathe+1","Hololive_LuckPotion+1"],"picked":"SKIP","floor":38},{"not_picked":["Hololive_LuckPotion","Hololive_Trident","Hololive_RevenueBasedLive+1","Hololive_CallHoushouMarine"],"picked":"SKIP","floor":40},{"not_picked":["Hololive_Drill+1","Hololive_HuntDinosaur","Hololive_CallKiryuuCoco"],"picked":"Hololive_CallHoushouMarine+1","floor":44},{"not_picked":["Hololive_Sequa+1","Hololive_Drill+1","Hololive_HuntDinosaur","Hololive_CallMurasakiShion+1"],"picked":"SKIP","floor":47}],"player_experience":346370,"relics_obtained":[{"floor":6,"key":"Blood Vial"},{"floor":20,"key":"Nilry\u0027s Codex"},{"floor":23,"key":"Eternal Feather"},{"floor":26,"key":"Mirror"},{"floor":29,"key":"Whetstone"},{"floor":40,"key":"StoneCalendar"},{"floor":43,"key":"Replay:Rubber Ducky"},{"floor":48,"key":"Lizard Tail"}],"event_choices":[{"damage_healed":0,"gold_gain":0,"player_choice":"Grow","damage_taken":0,"max_hp_gain":0,"max_hp_loss":0,"event_name":"Living Wall","floor":15,"gold_loss":0,"cards_upgraded":["Hololive_DevilCharm"]},{"damage_healed":0,"gold_gain":0,"player_choice":"Obtained Book","damage_taken":16,"max_hp_gain":0,"max_hp_loss":0,"event_name":"Cursed Tome","floor":20,"gold_loss":0},{"damage_healed":0,"gold_gain":0,"player_choice":"Ignored","damage_taken":0,"max_hp_gain":0,"max_hp_loss":0,"event_name":"Beggar","floor":28,"gold_loss":0},{"damage_healed":0,"gold_gain":0,"player_choice":"Rummage","damage_taken":0,"relics_obtained":["WarpedTongs"],"max_hp_gain":0,"max_hp_loss":0,"event_name":"Accursed Blacksmith","floor":45,"gold_loss":0,"cards_obtained":["Pain"]},{"damage_healed":0,"gold_gain":0,"player_choice":"Fight","damage_taken":0,"max_hp_gain":0,"max_hp_loss":0,"event_name":"Mysterious Sphere","floor":48,"gold_loss":0}],"is_beta":false,"boss_relics":[{"not_picked":["Busted Crown","Replay:Drink Me"],"picked":"Empty Cage"},{"not_picked":["Replay:Grab Bag","Snecko Eye"],"picked":"Fusion Hammer"}],"items_purged_floors":[24],"is_endless":false,"potions_floor_spawned":[6,13,14,16,18,23,25,29,31,41,44,48],"killed_by":"Shield and Spear","ascension_level":0}}