{"host":"u1dfzl6o6mfmauc3","time":1610136194,"event":{"mods":["2.2 Compatiblity","BaseMod","Block Reminder","Hermit","Minty Spire (QoL Compilation)","Relic Stats","StSLib"],"gold_per_floor":[111,128,98,117,135,135,164,181,181,181,79,79,89,107,107,203,203,215,225,242,242,252,252,252],"floor_reached":23,"playtime":3057,"items_purged":[],"score":207,"play_id":"6cd331e6-f353-41b5-b93f-4e35ec0d2990","local_time":"20210108150314","is_ascension_mode":true,"campfire_choices":[{"data":"Noxious Fumes","floor":6,"key":"SMITH"},{"data":"1","floor":10,"key":"LIFT"},{"data":"2","floor":12,"key":"LIFT"},{"floor":15,"key":"REST"}],"circlet_count":0,"master_deck":["Strike_G","Strike_G","Strike_G","Strike_G","Strike_G","Defend_G","Defend_G","Defend_G","Defend_G","Defend_G","Survivor","Neutralize","Blade Dance","Prepared","All Out Attack","Noxious Fumes+1","Catalyst","Poisoned Stab","Bouncing Flask","Catalyst","Bane","Wraith Form v2","Deadly Poison+1","PiercingWail"],"relics":["HoveringKite","Girya","Matryoshka","Philosopher\u0027s Stone"],"acts_visited":["Exordium","TheCity"],"potions_floor_usage":[8,14,23],"damage_taken":[{"damage":0,"enemies":"Small Slimes","floor":1,"turns":5},{"damage":1,"enemies":"Cultist","floor":2,"turns":3},{"damage":1,"enemies":"2 Louse","floor":4,"turns":3},{"damage":0,"enemies":"2 Fungi Beasts","floor":5,"turns":4},{"damage":26,"enemies":"3 Sentries","floor":7,"turns":7},{"damage":15,"enemies":"Red Slaver","floor":8,"turns":5},{"damage":0,"enemies":"Lots of Slimes","floor":13,"turns":1},{"damage":13,"enemies":"Exordium Thugs","floor":14,"turns":4},{"damage":10,"enemies":"Hexaghost","floor":16,"turns":6},{"damage":8,"enemies":"Spheric Guardian","floor":18,"turns":4},{"damage":15,"enemies":"Chosen","floor":19,"turns":4},{"damage":3,"enemies":"Shelled Parasite and Fungi","floor":20,"turns":4},{"damage":34,"enemies":"Snake Plant","floor":22,"turns":4},{"damage":34,"enemies":"Slavers","floor":23,"turns":4}],"seed_played":"1801131782857933464","potions_obtained":[{"floor":2,"key":"FairyPotion"},{"floor":3,"key":"SkillPotion"},{"floor":3,"key":"GamblersBrew"},{"floor":8,"key":"Weak Potion"},{"floor":16,"key":"Dexterity Potion"}],"is_trial":false,"path_per_floor":["M","M","?","M","M","R","E","M","T","R","$","R","M","M","R","B",null,"M","M","M","?","M","E"],"character_chosen":"THE_SILENT","items_purchased":["Bouncing Flask","Catalyst"],"campfire_rested":1,"item_purchase_floors":[11,11],"current_hp_per_floor":[70,69,69,68,68,68,42,27,27,27,27,27,27,14,35,25,70,62,47,44,44,10,0,0],"gold":252,"neow_bonus":"BOSS_RELIC","is_daily":false,"chose_seed":false,"campfire_upgraded":1,"win_rate":0.0,"timestamp":1610136194,"path_taken":["M","M","?","?","M","R","E","M","T","R","$","R","?","M","R","BOSS","M","?","M","?","M","E"],"items_purchased_type":["Card","Card"],"build_version":"2020-12-22","purchased_purges":0,"victory":false,"max_hp_per_floor":[70,70,70,70,70,70,70,70,70,70,70,70,70,70,70,70,70,70,70,70,70,70,70,70],"relic_stats":{"counters":[14,58],"HoveringKite":[24],"obtain_stats":[{"Girya":7,"Matryoshka":9,"HoveringKite":0,"Philosopher\u0027s Stone":17,"Ring of the Snake":0},{"Girya":5,"Matryoshka":6,"HoveringKite":0,"Philosopher\u0027s Stone":9,"Ring of the Snake":0},{"Girya":22,"Matryoshka":27,"HoveringKite":0,"Philosopher\u0027s Stone":38,"Ring of the Snake":0}]},"card_choices":[{"not_picked":["Flying Knee","PiercingWail"],"picked":"Blade Dance","floor":1},{"not_picked":["Deadly Poison","Backstab"],"picked":"Prepared","floor":2},{"not_picked":["Skewer","PiercingWail"],"picked":"All Out Attack","floor":4},{"not_picked":["Flying Knee","Dagger Throw"],"picked":"Noxious Fumes","floor":5},{"not_picked":["Doppelganger","Dodge and Roll"],"picked":"Catalyst","floor":7},{"not_picked":["Endless Agony","Blur"],"picked":"Poisoned Stab","floor":8},{"not_picked":["Acrobatics","Sucker Punch"],"picked":"Bane","floor":13},{"not_picked":["All Out Attack","Bane","Caltrops"],"picked":"SKIP","floor":14},{"not_picked":["Glass Knife","Night Terror"],"picked":"Wraith Form v2","floor":16},{"not_picked":["Flying Knee+1","Blade Dance","All Out Attack"],"picked":"SKIP","floor":18},{"not_picked":["Reflex+1","Deflect+1"],"picked":"Deadly Poison+1","floor":19},{"not_picked":["Deadly Poison","Underhanded Strike","Predator"],"picked":"SKIP","floor":20},{"not_picked":["Dagger Spray","Bane"],"picked":"PiercingWail","floor":22}],"player_experience":9738,"relics_obtained":[{"floor":7,"key":"Girya"},{"floor":9,"key":"Matryoshka"}],"event_choices":[{"damage_healed":0,"gold_gain":0,"player_choice":"Bought 2 Potions","damage_taken":0,"max_hp_gain":0,"max_hp_loss":0,"event_name":"The Woman in Blue","floor":3,"gold_loss":0},{"damage_healed":0,"gold_gain":0,"player_choice":"Ignored","damage_taken":0,"max_hp_gain":0,"max_hp_loss":0,"event_name":"Vampires","floor":21,"gold_loss":0}],"is_beta":false,"boss_relics":[{"not_picked":["Black Star","Calling Bell"],"picked":"Philosopher\u0027s Stone"}],"items_purged_floors":[],"is_endless":false,"potions_floor_spawned":[2,5,8,16,20,22],"killed_by":"Slavers","ascension_level":1}}