{"host":"xe18zxp7krnsfrwn","time":1610093287,"event":{"mods":["BaseMod","BetterRewards","Colored Map","Downfall","Hubris","Infinite Spire","Minty Spire (QoL Compilation)","Replay The Spire","StSLib","The Animator","The Elementalist","The Runesmith","The Saiyan"],"gold_per_floor":[112,112,132,151,164,164,214,214,214,19,19,34,54,54,54,168,168,193,100,200,219,254,264,264],"floor_reached":23,"playtime":1949,"items_purged":[],"score":183,"play_id":"ecf96d52-166d-400d-b062-0fd6de9a8ccd","local_time":"20210108000807","is_ascension_mode":false,"campfire_choices":[{"data":"animator:Mikaela","floor":6,"key":"SMITH"},{"data":"animator:Saber","floor":11,"key":"SMITH"},{"floor":15,"key":"REST"}],"circlet_count":0,"master_deck":["animator:Strike_OwariNoSeraph","animator:Defend_OwariNoSeraph","animator:Strike","animator:Strike","animator:Strike","animator:Defend","animator:Defend","animator:Defend","animator:Shinoa+1","animator:Mikaela+1","animator:Lancer","animator:Assassin","animator:Shuna","animator:Alexander","animator:Saber+1","animator:Megumin","Bouncing Flask","animator:Tet","animator:Shizu","animator:Berserker","animator:Jibril","animator:ShinjiMatou","animator:IzunaHatsuse","animator:Yuuichirou"],"relics":["m_HexaRing","animator:TheMissingPiece","NeowsBlessing","infinitespire:Cubic Diamond","animator:Hoodie","infinitespire:Midas Blood","Replay:Grab Bag","Replay:Bronze Core","hubris:VirtuousBlindfold","animator:HolyGrailRelic"],"acts_visited":["Exordium","TheCity"],"potions_floor_usage":[5,16,18],"damage_taken":[{"damage":0,"enemies":"Jaw Worm","floor":1,"turns":1},{"damage":0,"enemies":"2 Louse","floor":3,"turns":1},{"damage":0,"enemies":"Cultist","floor":4,"turns":1},{"damage":15,"enemies":"Exordium Thugs","floor":5,"turns":5},{"damage":12,"enemies":"3 Louse","floor":12,"turns":4},{"damage":5,"enemies":"Looter","floor":13,"turns":3},{"damage":44,"enemies":"The Guardian","floor":16,"turns":10},{"damage":30,"enemies":"Spheric Guardian","floor":18,"turns":6},{"damage":11,"enemies":"Chosen","floor":21,"turns":4},{"damage":21,"enemies":"Centurion and Healer","floor":22,"turns":6},{"damage":28,"enemies":"Gremlin Leader","floor":23,"turns":3}],"seed_played":"8166033255070131179","potions_obtained":[{"floor":1,"key":"SkillPotion"},{"floor":12,"key":"Guardian:BlockOnCardUsePotion"},{"floor":16,"key":"ColorlessPotion"},{"floor":22,"key":"SpeedPotion"}],"is_trial":false,"path_per_floor":["M","?","M","M","M","R","?","?","T","$","R","M","M","T","R","B",null,"M","$","?","M","M","E"],"character_chosen":"THE_ANIMATOR","items_purchased":["animator:Saber","animator:Megumin","animator:Jibril","animator:ShinjiMatou"],"campfire_rested":1,"item_purchase_floors":[10,10,19,19],"current_hp_per_floor":[66,66,66,66,51,51,51,51,51,51,51,39,34,34,53,9,74,46,46,46,35,20,0,0],"gold":264,"neow_bonus":"THREE_ENEMY_KILL","is_daily":false,"chose_seed":false,"campfire_upgraded":2,"win_rate":0.0,"timestamp":1610093287,"path_taken":["M","?","M","M","M","R","?","?","T","$","R","M","M","?","R","BOSS","M","$","?","M","?","E"],"items_purchased_type":["Card","Card","Card","Card"],"build_version":"2020-12-22","purchased_purges":0,"victory":false,"max_hp_per_floor":[66,66,66,66,66,66,66,66,66,66,66,66,66,66,66,66,74,76,76,76,73,75,75,75],"card_choices":[{"not_picked":["animator:CrowleyEusford","animator:ShinjiMatou"],"picked":"animator:Lancer","floor":1},{"not_picked":["animator:Rider","animator:IrohaTamaki"],"picked":"animator:Assassin","floor":3},{"not_picked":["animator:ShinjiMatou","animator:Shinoa"],"picked":"animator:Shuna","floor":4},{"not_picked":["animator:Berserker","animator:Rider"],"picked":"animator:Alexander","floor":5},{"not_picked":["animator:DolaSchwi","animator:Mikaela"],"picked":"Bouncing Flask","floor":12},{"not_picked":["animator:Hakurou","animator:Assassin"],"picked":"animator:Tet","floor":13},{"not_picked":["animator:Sora","Wraith Form v2"],"picked":"animator:Shizu","floor":16},{"not_picked":["animator:Mitsuba","animator:Souei"],"picked":"animator:Berserker","floor":18},{"not_picked":["animator:DolaCouronne","animator:FielNirvalen"],"picked":"animator:IzunaHatsuse","floor":21},{"not_picked":["animator:Darkness","animator:KyokoSakura"],"picked":"animator:Yuuichirou","floor":22}],"player_experience":466404,"relics_obtained":[{"floor":9,"key":"animator:Hoodie"},{"floor":14,"key":"infinitespire:Midas Blood"}],"event_choices":[{"damage_healed":0,"gold_gain":100,"player_choice":"Pray","damage_taken":0,"max_hp_gain":0,"max_hp_loss":0,"event_name":"Golden Shrine","floor":20,"gold_loss":0}],"is_beta":false,"boss_relics":[{"not_picked":["Replay:Wanted Poster","Kintsugi"],"picked":"Replay:Grab Bag"},{"not_picked":["Painkiller Herb","hubris:TerracottaHorce"],"picked":"Replay:Bronze Core"},{"not_picked":["Coffee Dripper","Ectoplasm"],"picked":"hubris:VirtuousBlindfold"},{"not_picked":["hubris:HollowSoul","Calling Bell"],"picked":"animator:HolyGrailRelic"}],"items_purged_floors":[],"is_endless":false,"potions_floor_spawned":[1,12,16,22],"killed_by":"Gremlin Leader","ascension_level":0}}