{"host":"qgrlfjrqk9z96gfi","time":1610069284,"event":{"mods":["BaseMod","Block Reminder","Colored Map","DeckTracker","Minty Spire (QoL Compilation)"],"gold_per_floor":[110,168,187,14,25,57,57,82,105,131,142,142,142,182,182,275,275,299,141,166,181,214,214,233,233,257,76,90,90,134,334,334,334,334],"floor_reached":33,"playtime":1268,"items_purged":["Strike_G"],"score":611,"play_id":"843602de-13bc-4721-b1e9-00f3101cdb5a","local_time":"20210107152804","is_ascension_mode":true,"campfire_choices":[{"floor":7.0,"key":"REST"},{"floor":12.0,"key":"REST"},{"floor":15.0,"key":"REST"},{"floor":23.0,"key":"REST"},{"floor":29.0,"key":"REST"},{"data":"Noxious Fumes","floor":32.0,"key":"SMITH"}],"circlet_count":0,"master_deck":["AscendersBane","Defend_G","Defend_G","Defend_G","Defend_G","Defend_G","Survivor","Neutralize","Terror","Predator","Footwork","Malaise","Cloak And Dagger","Quick Slash","Blade Dance","Die Die Die","Calculated Gamble","Blade Dance","Adrenaline","Noxious Fumes+1","Endless Agony+1","Dodge and Roll","Leg Sweep","PiercingWail","After Image","Bite+1","Bite+1","Bite+1","Bite+1","Bite+1","Infinite Blades","Leg Sweep","Accuracy"],"relics":["Ring of the Snake","Juzu Bracelet","Bag of Preparation","Snake Skull","Anchor","Golden Idol","Molten Egg 2","HoveringKite","Red Mask","Smiling Mask","Membership Card","Toxic Egg 2"],"acts_visited":["Exordium","TheCity"],"potions_floor_usage":[33],"damage_taken":[{"damage":7.0,"enemies":"Jaw Worm","floor":1.0,"turns":5.0},{"damage":7.0,"enemies":"Small Slimes","floor":3.0,"turns":3.0},{"damage":0.0,"enemies":"2 Louse","floor":5.0,"turns":2.0},{"damage":12.0,"enemies":"Lagavulin","floor":6.0,"turns":9.0},{"damage":23.0,"enemies":"Gremlin Nob","floor":8.0,"turns":4.0},{"damage":16.0,"enemies":"Lagavulin","floor":10.0,"turns":9.0},{"damage":4.0,"enemies":"Lots of Slimes","floor":11.0,"turns":4.0},{"damage":10.0,"enemies":"3 Sentries","floor":14.0,"turns":6.0},{"damage":20.0,"enemies":"The Guardian","floor":16.0,"turns":18.0},{"damage":15.0,"enemies":"Chosen","floor":18.0,"turns":5.0},{"damage":0.0,"enemies":"3 Byrds","floor":20.0,"turns":5.0},{"damage":20.0,"enemies":"3 Cultists","floor":21.0,"turns":5.0},{"damage":8.0,"enemies":"Masked Bandits","floor":22.0,"turns":3.0},{"damage":7.0,"enemies":"Snake Plant","floor":24.0,"turns":6.0},{"damage":1.0,"enemies":"Sentry and Sphere","floor":28.0,"turns":4.0},{"damage":12.0,"enemies":"Gremlin Leader","floor":30.0,"turns":7.0},{"damage":46,"enemies":"Collector","floor":33,"turns":5}],"seed_played":"-1148684247238376932","potions_obtained":[{"floor":5.0,"key":"LiquidBronze"},{"floor":6.0,"key":"AttackPotion"},{"floor":8.0,"key":"Weak Potion"},{"floor":14.0,"key":"EssenceOfSteel"},{"floor":20.0,"key":"DistilledChaos"},{"floor":24.0,"key":"BlessingOfTheForge"}],"is_trial":false,"path_per_floor":["M","?","M","$","M","E","R","E","T","E","M","R","?","E","R","B",null,"M","$","M","M","?","R","M","?","T","$","M","R","E","?","R","B"],"character_chosen":"THE_SILENT","items_purchased":["Footwork","Malaise","Endless Agony+1","Membership Card","Infinite Blades"],"campfire_rested":5,"item_purchase_floors":[4,4,19,27,27],"current_hp_per_floor":[52,52,45,45,45,33,52,29,29,13,9,28,28,18,36,16,49,34,34,34,14,6,24,17,17,17,17,25,37,40,40,40,0,0],"gold":334,"neow_bonus":"THREE_CARDS","is_daily":false,"chose_seed":false,"campfire_upgraded":1,"win_rate":0.0,"timestamp":1610069284,"path_taken":["M","?","M","$","M","E","R","E","T","E","M","R","?","E","R","BOSS","M","$","M","M","?","R","M","?","T","$","M","R","E","?","R","BOSS"],"items_purchased_type":["Card","Card","Card","Relic","Card"],"build_version":"2020-12-22","purchased_purges":1,"victory":false,"max_hp_per_floor":[66,66,66,66,66,66,66,66,66,66,66,66,60,60,60,60,60,60,60,60,60,60,60,60,42,42,42,42,42,42,42,42,42,42],"card_choices":[{"not_picked":["Leg Sweep","Bane"],"picked":"Terror","floor":0.0},{"not_picked":["PiercingWail","Noxious Fumes"],"picked":"Predator","floor":1.0},{"not_picked":["Bane","Predator","Choke"],"picked":"SKIP","floor":3.0},{"not_picked":["Deflect","Catalyst"],"picked":"Cloak And Dagger","floor":5.0},{"not_picked":["Choke","Riddle With Holes"],"picked":"Quick Slash","floor":6.0},{"not_picked":["Concentrate","PiercingWail"],"picked":"Blade Dance","floor":8.0},{"not_picked":["Underhanded Strike","Poisoned Stab"],"picked":"Die Die Die","floor":10.0},{"not_picked":["Deadly Poison","Sucker Punch"],"picked":"Calculated Gamble","floor":11.0},{"not_picked":["Bane+1","Acrobatics"],"picked":"Blade Dance","floor":14.0},{"not_picked":["Doppelganger","Storm of Steel"],"picked":"Adrenaline","floor":16.0},{"not_picked":["Deadly Poison","Dagger Throw+1"],"picked":"Noxious Fumes","floor":18.0},{"not_picked":["Flying Knee+1","Quick Slash+1"],"picked":"Dodge and Roll","floor":20.0},{"not_picked":["Acrobatics","Flying Knee+1"],"picked":"Leg Sweep","floor":21.0},{"not_picked":["Acrobatics","Dodge and Roll"],"picked":"PiercingWail","floor":22.0},{"not_picked":["Sucker Punch+1","Poisoned Stab+1"],"picked":"After Image","floor":24.0},{"not_picked":["Expertise","Bane+1"],"picked":"Leg Sweep","floor":28.0},{"not_picked":["A Thousand Cuts","Choke+1"],"picked":"Accuracy","floor":30.0}],"player_experience":976170,"relics_obtained":[{"floor":6.0,"key":"Juzu Bracelet"},{"floor":8.0,"key":"Bag of Preparation"},{"floor":9.0,"key":"Snake Skull"},{"floor":10.0,"key":"Anchor"},{"floor":14.0,"key":"Molten Egg 2"},{"floor":22.0,"key":"Red Mask"},{"floor":26.0,"key":"Smiling Mask"},{"floor":30.0,"key":"Toxic Egg 2"}],"event_choices":[{"damage_healed":0.0,"max_hp_gain":0.0,"max_hp_loss":0.0,"gold_gain":58.0,"event_name":"Golden Wing","player_choice":"Gained Gold","floor":2.0,"gold_loss":0.0,"damage_taken":0.0},{"damage_healed":0.0,"max_hp_gain":0.0,"max_hp_loss":6.0,"gold_gain":0.0,"event_name":"Golden Idol","player_choice":"Lose Max HP","floor":13.0,"gold_loss":0.0,"damage_taken":0.0,"relics_obtained":["Golden Idol"]},{"damage_healed":0.0,"max_hp_gain":0.0,"max_hp_loss":0.0,"gold_gain":0.0,"event_name":"Masked Bandits","player_choice":"Fought Bandits","floor":22.0,"gold_loss":0.0,"damage_taken":0.0},{"damage_healed":0.0,"max_hp_gain":0.0,"max_hp_loss":18.0,"gold_gain":0.0,"event_name":"Vampires","player_choice":"Became a vampire","floor":25.0,"gold_loss":0.0,"damage_taken":0.0,"cards_obtained":["Bite","Bite","Bite","Bite","Bite"]},{"damage_healed":0.0,"max_hp_gain":0.0,"max_hp_loss":0.0,"gold_gain":250.0,"event_name":"The Joust","player_choice":"Bet on Owner","floor":31.0,"gold_loss":50.0,"damage_taken":0.0}],"is_beta":false,"boss_relics":[{"not_picked":["Coffee Dripper","Snecko Eye"],"picked":"HoveringKite"}],"items_purged_floors":[19],"is_endless":false,"potions_floor_spawned":[5,6,8,14,20,21,24],"killed_by":"Collector","ascension_level":20}}