{"host":"rknezr0ykt7pds1i","time":1610142223,"event":{"mods":["BaseMod","Downfall","Marisa????????","Minty Spire (QoL Compilation)","Replay The Spire","StSLib","The Alterego","The Servant 0.9.4","Waifu the Spire"],"gold_per_floor":[113,126,176,176,196,228,228,79,79,112,112,112,112,21,21,132,132,147,97,118,68,87,126,126,166,166,166,186,186,204,204,204,312,312,325,344,344,344,19,51,71,71,71,71,71,71],"floor_reached":44,"playtime":2696,"items_purged":["hexamod:Strike","Replay:Hysterical Blindness","hexamod:Strike","Looming Evil"],"score":555,"play_id":"0c329088-03e2-4420-8683-38f9ffe2c96a","local_time":"20210108164343","is_ascension_mode":true,"campfire_choices":[{"data":"hexamod:Sear","floor":7,"key":"SMITH"},{"data":"hexamod:DynamicBlow","floor":11,"key":"SMITH"},{"data":"hexamod:DynamicBlow","floor":13,"key":"SMITH"},{"data":"hexamod:GhostOfSpireFuture","floor":15,"key":"SMITH"},{"floor":24,"key":"RECALL"},{"floor":29,"key":"REST"},{"data":"hexamod:GhostOfSpirePresent","floor":32,"key":"SMITH"},{"data":"hexamod:GiftsFromTheDead","floor":42,"key":"SMITH"}],"circlet_count":0,"master_deck":["hexamod:Strike+1","hexamod:Defend","hexamod:Defend","hexamod:Defend+1","hexamod:Defend","hexamod:Sear+1","hexamod:Float","hexamod:AdvancingGuard","hexamod:Hexaguard","Hallucinations","hexamod:Hexaguard+1","hexamod:SpectersWail+1","hexamod:DynamicBlow+1","hexamod:NightmareGuise","hexamod:GhostLash+1","hexamod:DynamicBlow+1","hexamod:GhostOfSpireFuture+1","hexamod:FastForward","hexamod:TurnItUp+1","hexamod:SoulSteal","hexamod:BurningTouch","hexamod:NightmareStrike+1","hexamod:Hexaguard+1","hexamod:GhostOfSpirePresent+1","hexamod:Firestarter","hexamod:ParanormalForm","hexamod:RadiantFlame","Pain","Slimebound:Icky","hexamod:GiftsFromTheDead+1","hexamod:FastForward+1","hexamod:FlamesFromBeyond+1","ReplayTheSpireMod:IOU"],"relics":["hexamod:SpiritBrand","Ring of Greed","Membership Card","Smiling Mask","Bottled Tornado","Juzu Bracelet","Orrery","ReplayTheSpireMod:Shallot","Replay:Towering Pillar of Hats","Velvet Choker","hexamod:MatchstickCase","Chameleon Ring","Bird Faced Urn","WarpedTongs","hexamod:TheBrokenSeal","Oddly Smooth Stone","HandDrill","Pear","Lantern"],"acts_visited":["Exordium","TheCity","TheBeyond"],"potions_floor_usage":[6,16,25,28,28,33,40,44],"damage_taken":[{"damage":0,"enemies":"Cultist","floor":1,"turns":3},{"damage":0,"enemies":"2 Louse","floor":2,"turns":3},{"damage":7,"enemies":"Jaw Worm","floor":5,"turns":4},{"damage":4,"enemies":"Gremlin Nob","floor":6,"turns":5},{"damage":6,"enemies":"Replay:BlueRogue","floor":10,"turns":6},{"damage":16,"enemies":"Hexaghost","floor":16,"turns":9},{"damage":9,"enemies":"Chosen","floor":18,"turns":5},{"damage":7,"enemies":"Shell Parasite","floor":20,"turns":6},{"damage":19,"enemies":"Snake Plant","floor":22,"turns":5},{"damage":33,"enemies":"Replay:Snechameleon","floor":23,"turns":7},{"damage":14,"enemies":"Slavers","floor":25,"turns":5},{"damage":28,"enemies":"Centurion and Healer","floor":28,"turns":6},{"damage":10,"enemies":"Shelled Parasite and Fungi","floor":30,"turns":5},{"damage":51,"enemies":"Automaton","floor":33,"turns":11},{"damage":0,"enemies":"3 Shapes","floor":35,"turns":3},{"damage":10,"enemies":"3 Darklings","floor":36,"turns":3},{"damage":6,"enemies":"Reptomancer","floor":40,"turns":6},{"damage":48,"enemies":"Writhing Mass","floor":41,"turns":6},{"damage":63,"enemies":"Transient","floor":44,"turns":5}],"seed_played":"-2869442535729577461","potions_obtained":[{"floor":0,"key":"Doom Potion"},{"floor":0,"key":"Reflective Coating"},{"floor":0,"key":"Weak Potion"},{"floor":10,"key":"Dexterity Potion"},{"floor":16,"key":"Explosive Potion"},{"floor":25,"key":"BlessingOfTheForge"},{"floor":28,"key":"Fire Potion"},{"floor":30,"key":"Elixir"},{"floor":35,"key":"hexamod:InfernoChargePotion"}],"is_trial":false,"path_per_floor":["M","M","?","?","M","E","R","$","T","E","R","?","R","$","R","B",null,"M","$","M","$","M","E","R","E","T","?","M","R","M","?","R","B",null,"M","M","?","?","$","E","M","R","T","M"],"character_chosen":"THE_SPIRIT","items_purchased":["Juzu Bracelet","Orrery","hexamod:GhostOfSpireFuture","hexamod:FastForward","Oddly Smooth Stone","HandDrill","Pear"],"campfire_rested":1,"item_purchase_floors":[8,8,14,14,39,39,39],"current_hp_per_floor":[70,70,70,63,63,66,66,66,66,67,67,67,67,67,67,58,70,68,68,68,68,56,30,30,23,23,23,14,35,40,40,40,54,80,80,72,72,72,82,84,46,46,46,0,0,0],"gold":71,"neow_bonus":"THREE_SMALL_POTIONS","is_daily":false,"chose_seed":false,"campfire_upgraded":6,"win_rate":0.0,"timestamp":1610142223,"path_taken":["M","?","?","?","M","E","R","?","T","E","R","?","R","$","R","BOSS","M","$","M","$","M","E","R","E","T","?","M","R","M","?","R","BOSS","M","M","?","?","$","E","M","R","T","M"],"items_purchased_type":["Relic","Relic","Card","Card","Relic","Relic","Relic"],"build_version":"2020-12-22","purchased_purges":4,"victory":false,"max_hp_per_floor":[70,70,70,70,70,70,70,70,70,70,70,70,70,70,70,70,70,70,70,70,70,70,70,70,70,70,70,70,70,70,70,70,80,80,80,80,76,76,86,86,86,86,86,86,86,86],"card_choices":[{"not_picked":["hexamod:BacktrackSmack","hexamod:SwordOfDarkness"],"picked":"hexamod:AdvancingGuard","floor":1},{"not_picked":["hexamod:ApocalypticArmor","hexamod:GhostOfSpireFuture"],"picked":"hexamod:Hexaguard","floor":2},{"not_picked":["hexamod:PhantomFireball","hexamod:ShieldOfDarkness"],"picked":"hexamod:Hexaguard","floor":5},{"not_picked":["hexamod:GhostLash","hexamod:PhantomFireball"],"picked":"hexamod:SpectersWail","floor":6},{"not_picked":["hexamod:Again","hexamod:BacktrackSmack"],"picked":"hexamod:DynamicBlow","floor":8},{"not_picked":["hexamod:ThermalTransfer","hexamod:Firestarter"],"picked":"hexamod:NightmareGuise","floor":8},{"not_picked":["hexamod:EtherealExpedition","hexamod:HeatMetal"],"picked":"hexamod:GhostLash","floor":8},{"not_picked":["hexamod:Hexaguard","hexamod:InspiringFlames"],"picked":"hexamod:DynamicBlow","floor":8},{"not_picked":["hexamod:Haunt","hexamod:AdvancingGuard"],"picked":"hexamod:SecondSeal","floor":8},{"not_picked":["hexamod:NightmareStrike","hexamod:Again"],"picked":"hexamod:FifthSeal","floor":10},{"not_picked":["hexamod:FourthSeal","hexamod:ThirdSeal"],"picked":"hexamod:SixthSeal","floor":16},{"not_picked":["hexamod:SearingWound","hexamod:CrushingStance"],"picked":"hexamod:TurnItUp","floor":16},{"not_picked":["hexamod:SixthSeal","hexamod:FirstSeal"],"picked":"hexamod:ThirdSeal","floor":18},{"not_picked":["hexamod:BacktrackSmack","hexamod:ThermalTransfer"],"picked":"hexamod:SoulSteal","floor":18},{"not_picked":["hexamod:HauntingEcho","hexamod:RetreatToShadows"],"picked":"hexamod:BurningTouch","floor":20},{"not_picked":["hexamod:RainOfEmbers","hexamod:NecessarySacrifice+1"],"picked":"hexamod:NightmareStrike","floor":20},{"not_picked":["hexamod:SuperheatedStrike+1","hexamod:NightmareStrike","hexamod:HauntingEcho"],"picked":"SKIP","floor":22},{"not_picked":["hexamod:ThirdSeal","hexamod:SecondSeal","hexamod:FirstSeal"],"picked":"SKIP","floor":22},{"not_picked":["hexamod:BacktrackSmack+1","hexamod:PhantomCloak","hexamod:InspiringFlames+1"],"picked":"SKIP","floor":22},{"not_picked":["hexamod:SuperheatedStrike+1","hexamod:NightmareStrike","hexamod:HauntingEcho"],"picked":"SKIP","floor":22},{"not_picked":["hexamod:ThirdSeal","hexamod:SecondSeal","hexamod:FirstSeal"],"picked":"SKIP","floor":22},{"not_picked":["hexamod:BacktrackSmack+1","hexamod:PhantomCloak","hexamod:InspiringFlames+1"],"picked":"SKIP","floor":22},{"not_picked":["hexamod:ThirdSeal","hexamod:FirstSeal"],"picked":"hexamod:FourthSeal","floor":23},{"not_picked":["hexamod:PhantomCloak","hexamod:NightmareStrike+1"],"picked":"hexamod:Hexaguard+1","floor":23},{"not_picked":["hexamod:PowerFromBeyond","hexamod:Haunt"],"picked":"hexamod:GhostOfSpirePresent","floor":23},{"not_picked":["hexamod:NightmareStrike+1","hexamod:SuperheatedStrike+1","hexamod:FastForward"],"picked":"SKIP","floor":25},{"not_picked":["hexamod:GhostOfSpirePast","hexamod:ChargedBarrage","hexamod:NecessarySacrifice+1"],"picked":"SKIP","floor":25},{"not_picked":["hexamod:PhantomFireball","hexamod:SpectersWail"],"picked":"hexamod:ParanormalForm","floor":28},{"not_picked":["hexamod:HauntingEcho","hexamod:AdvancingGuard","hexamod:SpectralSpark"],"picked":"SKIP","floor":28},{"not_picked":["hexamod:NightmareGuise+1","hexamod:SpectersWail+1"],"picked":"hexamod:RadiantFlame","floor":30},{"not_picked":["hexamod:ThermalTransfer+1","hexamod:SpectersWail+1","hexamod:Firestarter"],"picked":"SKIP","floor":30},{"not_picked":["hexamod:SixthSeal","hexamod:Toasty"],"picked":"hexamod:GiftsFromTheDead","floor":33},{"not_picked":["hexamod:ThermalTransfer","hexamod:NightmareGuise+1"],"picked":"hexamod:FastForward+1","floor":35},{"not_picked":["hexamod:GhostOfSpirePast+1","hexamod:BurningTouch+1"],"picked":"hexamod:FlamesFromBeyond+1","floor":36},{"not_picked":["hexamod:GiftsFromTheDead","hexamod:BacktrackSmack+1","hexamod:GhostflameBarrier+1"],"picked":"SKIP","floor":40},{"not_picked":["hexamod:GhostOfSpirePresent","hexamod:NightmareStrike","hexamod:NightmareGuise+1"],"picked":"SKIP","floor":41}],"player_experience":223041,"relics_obtained":[{"floor":3,"key":"Ring of Greed"},{"floor":3,"key":"Membership Card"},{"floor":3,"key":"Smiling Mask"},{"floor":6,"key":"Bottled Tornado"},{"floor":9,"key":"ReplayTheSpireMod:Shallot"},{"floor":10,"key":"Replay:Towering Pillar of Hats"},{"floor":23,"key":"hexamod:MatchstickCase"},{"floor":25,"key":"Chameleon Ring"},{"floor":26,"key":"Bird Faced Urn"},{"floor":40,"key":"Lantern"}],"event_choices":[{"damage_healed":0,"gold_gain":0,"cards_transformed":["hexamod:Strike"],"player_choice":"Transformed","damage_taken":0,"max_hp_gain":0,"max_hp_loss":0,"event_name":"Transmorgrifier","floor":27,"gold_loss":0,"cards_obtained":["hexamod:Firestarter"]},{"damage_healed":0,"gold_gain":0,"player_choice":"Rummage","damage_taken":0,"relics_obtained":["WarpedTongs"],"max_hp_gain":0,"max_hp_loss":0,"event_name":"Accursed Blacksmith","floor":31,"gold_loss":0,"cards_obtained":["Pain"]},{"damage_healed":0,"gold_gain":0,"player_choice":"Max HP","damage_taken":0,"max_hp_gain":0,"max_hp_loss":4,"event_name":"Winding Halls","floor":37,"gold_loss":0}],"is_beta":false,"boss_relics":[{"not_picked":["Tiny House","Replay:Bronze Core"],"picked":"Velvet Choker"},{"not_picked":["ReplayTheSpireMod:DimensionalGlitch","Kintsugi","Sozu"]}],"items_purged_floors":[14,19,21,39],"is_endless":false,"potions_floor_spawned":[1,10,16,18,20,23,25,30,35],"killed_by":"Transient","ascension_level":2}}