{"host":"gk9qdtkqd8dwfeg2","time":1610101025,"event":{"mods":["Aspiration","BaseMod","Colored Powertips","KomeijiMod","Minty Spire (QoL Compilation)","Quick Restart","Replay The Spire","Shop Mod","StSLib","TestMod","The Gatherer","The Servant 0.9.4","Waifu the Spire","WarShipGirlsR/’ΩΩ¢…Ÿ≈ÆR mod","Yuri Mod"],"gold_per_floor":[113,128,128,139,207,234,245,26,108,183,183,210,210,235,235,335,335,355,375,393,407,407,436,436,465,465,465,497,497,524,49,49,144,144,162,212,222,76,353,383,383,417,442,458,55,55,71,90,90,90,90,90,25,50,50],"floor_reached":56,"playtime":4384,"items_purged":["Regret","Strike_R"],"score":2427,"play_id":"37be5633-6955-4b0d-a187-a6cc2f566a56","local_time":"20210108181705","is_ascension_mode":true,"campfire_choices":[{"data":"ReplayReversal","floor":13.0,"key":"SMITH"},{"data":"Armaments","floor":15.0,"key":"SMITH"},{"data":"Body Slam","floor":24.0,"key":"SMITH"},{"data":"Havoc","floor":27.0,"key":"SMITH"},{"data":"testmod-TradeIn","floor":32.0,"key":"SMITH"},{"data":"Offering","floor":41,"key":"SMITH"},{"floor":49,"key":"RECALL"}],"circlet_count":0,"master_deck":["AscendersBane","Strike_R","Defend_R","Defend_R","Defend_R","Bash","Shrug It Off+1","Prepared+1","Acrobatics","Power Through","Juggernaut","Evolve","Limit Break","ReplayReversal+1","Armaments+1","Reaper","Havoc+1","Body Slam+1","True Grit+1","Havoc+1","Delirium","testmod-TradeIn+1","Hemogenesis","Run Through+1","Reaper+1","Acrobatics+1","Defy Death","Dark Embrace+1","Offering+1","Sentinel+1","Shrug It Off+1","Corruption","Shockwave+1","Shrug It Off"],"relics":["Burning Blood","testmod-TestBox","testmod-CrystalShield","m_SnakeCloak","Quantum Egg","aspiration:ChemicalBlood","MerchantsRug","Eternal Feather","Dead Branch","Shuriken","SacredBark","aspiration:HatOfInfinitePower","PreservedInsect","Replay:Mystery Machine","ReplayTheSpireMod:Ring of Collecting","ReplayTheSpireMod:Ring of Challenge","Lantern","Chameleon Ring","ReplayTheSpireMod:Ring of Exchange","Replay:Baseball","Bag of Preparation","Centennial Puzzle","OrangePellets","Bag of Marbles"],"acts_visited":["Exordium","TheCity","TheBeyond","TheEnding"],"potions_floor_usage":[37,48,48,55,55,55,55,55],"damage_taken":[{"damage":4.0,"enemies":"Jaw Worm","floor":1.0,"turns":4.0},{"damage":6.0,"enemies":"Cultist","floor":2.0,"turns":4.0},{"damage":1.0,"enemies":"2 Louse","floor":4.0,"turns":4.0},{"damage":41.0,"enemies":"3 Sentries","floor":6.0,"turns":15.0},{"damage":11.0,"enemies":"Blue Slaver","floor":7.0,"turns":6.0},{"damage":1.0,"enemies":"Lagavulin","floor":12.0,"turns":10.0},{"damage":9.0,"enemies":"Gremlin Nob","floor":14.0,"turns":5.0},{"damage":15.0,"enemies":"The Guardian","floor":16.0,"turns":11.0},{"damage":20.0,"enemies":"Chosen","floor":18.0,"turns":7.0},{"damage":9.0,"enemies":"Shell Parasite","floor":19.0,"turns":7.0},{"damage":5.0,"enemies":"Snecko","floor":20.0,"turns":4.0},{"damage":13.0,"enemies":"Snake Plant","floor":21.0,"turns":6.0},{"damage":10.0,"enemies":"Book of Stabbing","floor":23.0,"turns":6.0},{"damage":32.0,"enemies":"Gremlin Leader","floor":25.0,"turns":9.0},{"damage":53.0,"enemies":"Slavers","floor":28.0,"turns":6.0},{"damage":22.0,"enemies":"Gremlin Leader","floor":30.0,"turns":6.0},{"damage":10.0,"enemies":"Pondfish","floor":33.0,"turns":5.0},{"damage":0,"enemies":"3 Shapes","floor":35,"turns":2},{"damage":22,"enemies":"Mind Bloom Boss Battle","floor":36,"turns":3},{"damage":0,"enemies":"Orb Walker","floor":37,"turns":3},{"damage":6,"enemies":"R_Hoarder","floor":40,"turns":4},{"damage":0,"enemies":"Giant Head","floor":42,"turns":3},{"damage":6,"enemies":"Spire Growth","floor":44,"turns":1},{"damage":0,"enemies":"Sphere and 2 Shapes","floor":47,"turns":1},{"damage":1,"enemies":"4 Shapes","floor":48,"turns":3},{"damage":10,"enemies":"Time Eater","floor":50,"turns":5},{"damage":7,"enemies":"Shield and Spear","floor":54,"turns":2},{"damage":6,"enemies":"The Heart","floor":55,"turns":4}],"seed_played":"1023509771184978779","potions_obtained":[{"floor":2.0,"key":"Weak Potion"},{"floor":7.0,"key":"Block Potion"},{"floor":12.0,"key":"BlessingOfTheForge"},{"floor":18.0,"key":"BlessingOfTheForge"},{"floor":21.0,"key":"BlessingOfTheForge"},{"floor":30.0,"key":"Energy Potion"},{"floor":37,"key":"Fruit Juice"},{"floor":44,"key":"BlessingOfTheForge"},{"floor":46,"key":"Fruit Juice"},{"floor":46,"key":"PowerPotion"},{"floor":52,"key":"Regen Potion"}],"is_trial":false,"path_per_floor":["M","M","?","M","T","E","M","$","T","?","?","E","R","E","R","B",null,"M","M","M","M","?","E","R","E","T","R","E","?","E","$","R","B",null,"M","?","M","$","?","E","R","E","T","M","$","?","M","M","R","B",null,"R","$","E","B",null],"character_chosen":"IRONCLAD","items_purchased":["MerchantsRug","Evolve","testmod-TradeIn","Lee\u0027s Waffle","Lantern","Offering","BargainBundle","Bag of Preparation","Centennial Puzzle","Shrug It Off","SkillPotion","SpeedPotion","OrangePellets"],"campfire_rested":0,"item_purchase_floors":[8,8,31,31,31,38,45,45,45,45,45,45,53],"current_hp_per_floor":[74,74,74,79,79,44,39,39,39,28,28,33,42,39,48,39,70,61,58,59,55,55,61,76,54,54,69,34,34,33,87,87,83,86,87,101,111,111,111,111,111,111,111,111,111,111,111,126,126,126,126,126,126,126,126],"gold":50,"neow_bonus":"NOSTALGIA","is_daily":false,"chose_seed":false,"campfire_upgraded":6,"win_rate":0.0,"timestamp":1610101025,"path_taken":["M","M","?","?","?","E","M","$","T","?","?","E","R","E","R","BOSS","M","?","M","M","?","E","R","E","T","R","E","?","E","$","R","BOSS","M","?","M","$","?","E","R","E","T","?","$","?","?","M","R","BOSS","R","$","E","BOSS"],"items_purchased_type":["Relic","Card","Card","Relic","Relic","Card","Relic","Relic","Relic","Card","Potion","Potion","Relic"],"build_version":"2020-12-22","purchased_purges":2,"victory":true,"max_hp_per_floor":[80,80,80,80,80,80,80,80,80,80,80,80,80,80,80,80,80,80,80,80,80,80,80,80,80,80,80,80,80,80,87,87,87,87,87,101,111,111,111,111,111,111,111,111,111,111,111,126,126,126,126,126,126,126,126],"card_choices":[{"not_picked":["Pommel Strike","Massacre"],"picked":"Shrug It Off","floor":1.0},{"not_picked":["Dagger Throw","ReplayTheSpireMod:Strike From Hell"],"picked":"Prepared","floor":2.0},{"not_picked":["ReplayTheSpireMod:Strike From Hell","Anger"],"picked":"Acrobatics","floor":4.0},{"not_picked":["Run Through","Heavy Blade"],"picked":"Power Through","floor":6.0},{"not_picked":["Pummel","Spot Weakness"],"picked":"Juggernaut","floor":7.0},{"not_picked":["Sword Boomerang","Run Through"],"picked":"ReplayReversal","floor":12.0},{"not_picked":["Iron Wave","Storm of Steel"],"picked":"Armaments","floor":14.0},{"not_picked":["Corruption","Unload"],"picked":"Reaper","floor":16.0},{"not_picked":["Ghostly Armor","Armaments"],"picked":"Havoc","floor":18.0},{"not_picked":["Clash","Armaments","Acrobatics+1"],"picked":"SKIP","floor":19.0},{"not_picked":["Spot Weakness+1","Flex+1"],"picked":"Body Slam","floor":20.0},{"not_picked":["Dual Wield","Armaments+1"],"picked":"True Grit+1","floor":21.0},{"not_picked":["Armaments","Run Through+1"],"picked":"Havoc","floor":23.0},{"not_picked":["Barricade","Run Through","Limit Break"],"picked":"SKIP","floor":25.0},{"not_picked":["Clash","ReplayTheSpireMod:LeadingStrike+1","Combust"],"picked":"SKIP","floor":28.0},{"not_picked":["Metallicize+1","Flame Barrier","Thunderclap"],"picked":"SKIP","floor":30.0},{"not_picked":["Tools of the Trade","Demonic Infusion"],"picked":"Hemogenesis","floor":33.0},{"not_picked":["Replay:Undeath\u0027s Touch","Anger"],"picked":"Defy Death","floor":35},{"not_picked":["ReplayTheSpireMod:Strike From Hell","Clothesline"],"picked":"Dark Embrace+1","floor":36},{"not_picked":["Twin Strike","Replay:Undeath\u0027s Touch","Armaments"],"picked":"SKIP","floor":37},{"not_picked":["Blood for Blood","Pommel Strike"],"picked":"Sentinel+1","floor":39},{"not_picked":["Anger+1","Hemokinesis"],"picked":"Shrug It Off+1","floor":40},{"not_picked":["Massacre+1","Carnage+1"],"picked":"Corruption","floor":42},{"not_picked":["Armaments+1","ReplayTheSpireMod:Strike From Hell"],"picked":"Shockwave+1","floor":44},{"not_picked":["Sword Boomerang","Clothesline","Clash+1"],"picked":"SKIP","floor":47},{"not_picked":["Sever Soul+1","Clothesline+1","ReplayReversal"],"picked":"SKIP","floor":48},{"not_picked":["Thunderclap+1","Hemogenesis","Havoc+1"],"picked":"SKIP","floor":54}],"player_experience":614171,"relics_obtained":[{"floor":5.0,"key":"Quantum Egg"},{"floor":6.0,"key":"aspiration:ChemicalBlood"},{"floor":9.0,"key":"Eternal Feather"},{"floor":12.0,"key":"Dead Branch"},{"floor":14.0,"key":"Shuriken"},{"floor":23.0,"key":"aspiration:HatOfInfinitePower"},{"floor":25.0,"key":"PreservedInsect"},{"floor":28.0,"key":"Replay:Mystery Machine"},{"floor":29.0,"key":"ReplayTheSpireMod:Ring of Collecting"},{"floor":29.0,"key":"ReplayTheSpireMod:Ring of Challenge"},{"floor":30.0,"key":"Replay:Bottled Steam"},{"floor":36,"key":"Mango"},{"floor":40,"key":"Pet Ghost"},{"floor":42,"key":"Chameleon Ring"},{"floor":43,"key":"ReplayTheSpireMod:Ring of Exchange"},{"floor":43,"key":"Replay:Baseball"},{"floor":54,"key":"Bag of Marbles"}],"event_choices":[{"damage_healed":0.0,"max_hp_gain":0.0,"max_hp_loss":0.0,"gold_gain":0.0,"event_name":"Upgrade Shrine","player_choice":"Upgraded","floor":3.0,"gold_loss":0.0,"damage_taken":0.0,"cards_upgraded":["Prepared"]},{"damage_healed":0.0,"max_hp_gain":0.0,"max_hp_loss":0.0,"gold_gain":75.0,"event_name":"World of Goop","player_choice":"Gather Gold","floor":10.0,"gold_loss":0.0,"damage_taken":11.0},{"damage_healed":0.0,"max_hp_gain":0.0,"max_hp_loss":0.0,"gold_gain":0.0,"cards_transformed":["Strike_R"],"event_name":"Transmorgrifier","player_choice":"Transformed","floor":11.0,"gold_loss":0.0,"damage_taken":0.0,"cards_obtained":["Limit Break"]},{"damage_healed":0,"gold_gain":0,"player_choice":"Fight","damage_taken":0,"max_hp_gain":0,"max_hp_loss":0,"event_name":"MindBloom","floor":36,"gold_loss":0},{"damage_healed":0,"gold_gain":0,"player_choice":"Got Potions","damage_taken":0,"max_hp_gain":0,"max_hp_loss":0,"event_name":"Lab","floor":46,"gold_loss":0}],"is_beta":false,"boss_relics":[{"not_picked":["Painkiller Herb","Ooze Armor"],"picked":"SacredBark"},{"not_picked":["testmod-CardMagician","Honey Jar"],"picked":"Astrolabe"}],"items_purged_floors":[31,45],"is_endless":false,"potions_floor_spawned":[2,7,12,18,21,30,36,37,44],"ascension_level":10}}