{"host":"pno9h1fupbyz205f","time":1610065931,"event":{"mods":["Aspiration","BaseMod","Better Altar","Better Match","Better Note","Better Sensory Stone","Better Skull","Better Third Choice","Colored Map","Colored Powertips","Hubris","Infinite Spire","Jedi Mod","Mad Scientist","Marisa????????","Minty Spire (QoL Compilation)","Permanent Neow","Potionbrewer","Replay The Spire","Shop Mod","StSLib","Td1madao Mod","The Blackbeard","The Gatherer","The Hierophant","The Poker Player","The Runesmith","The Servant 0.9.4","thorton","vexMod"],"gold_per_floor":[113,113,132,20,39,56,56,76,76,93,107,123,25,41,41,41,41],"floor_reached":16,"playtime":634,"items_purged":["Strike_B","Strike_B"],"score":98,"play_id":"b9c0c902-ccc6-4607-9bc2-4b56ae74b5ae","local_time":"20210107163211","is_ascension_mode":false,"campfire_choices":[{"data":"Zap","floor":7,"key":"SMITH"},{"floor":15,"key":"REST"}],"circlet_count":0,"master_deck":["Strike_B","Strike_B","Defend_B","Defend_B","Defend_B","Defend_B","Zap+1","Loop","Compile Driver","Loop","Turbo","Panic Button","Conserve Battery","Fusion","Redo","Genetic Algorithm","Self Repair"],"relics":["Cracked Core","thethorton:BankDeed"],"acts_visited":["Exordium"],"potions_floor_usage":[11,11,16],"damage_taken":[{"damage":0,"enemies":"Small Slimes","floor":1,"turns":3},{"damage":11,"enemies":"Jaw Worm","floor":3,"turns":4},{"damage":4,"enemies":"Cultist","floor":5,"turns":4},{"damage":11,"enemies":"Lots of Slimes","floor":6,"turns":4},{"damage":2,"enemies":"Blue Slaver","floor":8,"turns":3},{"damage":1,"enemies":"Exordium Wildlife","floor":10,"turns":4},{"damage":0,"enemies":"3 Louse","floor":11,"turns":2},{"damage":14,"enemies":"Red Slaver","floor":12,"turns":4},{"damage":12,"enemies":"2 Fungi Beasts","floor":14,"turns":4},{"damage":58,"enemies":"Fading Forest","floor":16,"turns":10}],"seed_played":"-8364191864959338085","potions_obtained":[{"floor":6,"key":"Energy Potion"},{"floor":8,"key":"Explosive Potion"},{"floor":10,"key":"Block Potion"},{"floor":11,"key":"potionbrewer:NoxiousPotion"}],"is_trial":false,"path_per_floor":["M","?","M","$","M","M","R","M","T","M","M","M","$","M","R","B"],"character_chosen":"DEFECT","items_purchased":["Loop"],"campfire_rested":1,"item_purchase_floors":[4],"current_hp_per_floor":[75,68,57,57,53,42,42,40,40,39,39,25,25,13,35,0,0],"gold":41,"neow_bonus":"THREE_CARDS","is_daily":false,"chose_seed":false,"campfire_upgraded":1,"win_rate":0.0,"timestamp":1610065931,"path_taken":["M","?","M","$","M","M","R","M","T","M","M","M","?","M","R","BOSS"],"items_purchased_type":["Card"],"build_version":"2020-12-22","purchased_purges":2,"victory":false,"max_hp_per_floor":[75,75,75,75,75,75,75,75,75,75,75,75,75,75,75,75,75],"card_choices":[{"not_picked":["Beam Cell","ReplayTheSpireMod:Calculation Training"],"picked":"Loop","floor":0},{"not_picked":["jedi:BurstFrost","ReplayTheSpireMod:Repulse","Blizzard"],"picked":"SKIP","floor":1},{"not_picked":["Rebound","Lockon"],"picked":"Compile Driver","floor":3},{"not_picked":["jedi:BurstFrost","Beam Cell"],"picked":"Turbo","floor":5},{"not_picked":["jedi:BurstDark","ReplayTheSpireMod:GoodbyeWorld"],"picked":"Panic Button","floor":6},{"not_picked":["Force Field","Hologram"],"picked":"Conserve Battery","floor":8},{"not_picked":["Ball Lightning","BasicCrystalCard"],"picked":"Fusion","floor":10},{"not_picked":["Leap","Redo","Force Field"],"picked":"SKIP","floor":11},{"not_picked":["Leap","Force Field"],"picked":"Redo","floor":11},{"not_picked":["jedi:BurstLightning","BasicCrystalCard"],"picked":"Genetic Algorithm","floor":12},{"not_picked":["Chill","Stack"],"picked":"Self Repair","floor":14}],"player_experience":118879,"relics_obtained":[{"floor":9,"key":"thethorton:BankDeed"}],"event_choices":[{"cards_removed":["Dualcast"],"damage_healed":0,"gold_gain":0,"player_choice":"Card Removal","damage_taken":7,"max_hp_gain":0,"max_hp_loss":0,"event_name":"Golden Wing","floor":2,"gold_loss":0}],"is_beta":false,"boss_relics":[],"items_purged_floors":[4,13],"is_endless":false,"potions_floor_spawned":[6,8,10,11],"killed_by":"Fading Forest","ascension_level":0}}