{"host":"Ian","time":1610101207,"event":{"mods":["BaseMod","Bestiary","Block Reminder","Colored Map","Highlight Path","Key Reminder","Minty Spire (QoL Compilation)","Relic Stats"],"gold_per_floor":[114,38,52,72,72,72,88,119,119,132,150,150,162,190,190,263,263,273,245,195,214,225,225,225,225],"floor_reached":24,"playtime":1079,"items_purged":[],"score":424,"play_id":"0c4abed6-b579-4187-adfc-6f3408b979ac","local_time":"20210108102007","is_ascension_mode":true,"campfire_choices":[{"data":"Bash","floor":6,"key":"SMITH"},{"data":"True Grit","floor":12,"key":"SMITH"},{"data":"Armaments","floor":15,"key":"SMITH"},{"floor":23,"key":"REST"}],"circlet_count":0,"master_deck":["AscendersBane","Strike_R","Strike_R","Strike_R","Strike_R","Defend_R","Defend_R","Defend_R","Defend_R","Bash+1","Battle Trance","Hemokinesis","Pommel Strike","True Grit+1","Combust","Armaments+1","Offering","Shrug It Off+1","Inflame+1","Rampage"],"relics":["Burning Blood","Incense Burner","CaptainsWheel","Pantograph","SacredBark"],"acts_visited":["Exordium","TheCity"],"potions_floor_usage":[11,16,24,24],"damage_taken":[{"damage":2,"enemies":"Cultist","floor":1,"turns":4},{"damage":10,"enemies":"Small Slimes","floor":3,"turns":3},{"damage":6,"enemies":"Jaw Worm","floor":4,"turns":4},{"damage":8,"enemies":"Red Slaver","floor":7,"turns":4},{"damage":37,"enemies":"Lagavulin","floor":8,"turns":6},{"damage":6,"enemies":"Looter","floor":10,"turns":3},{"damage":2,"enemies":"Lots of Slimes","floor":11,"turns":2},{"damage":4,"enemies":"Blue Slaver","floor":13,"turns":3},{"damage":18,"enemies":"Gremlin Nob","floor":14,"turns":4},{"damage":34,"enemies":"The Guardian","floor":16,"turns":14},{"damage":21,"enemies":"3 Byrds","floor":18,"turns":5},{"damage":14,"enemies":"2 Thieves","floor":19,"turns":4},{"damage":29,"enemies":"Snake Plant","floor":21,"turns":5},{"damage":16,"enemies":"Centurion and Healer","floor":22,"turns":7},{"damage":47,"enemies":"Slavers","floor":24,"turns":4}],"seed_played":"-797428740475544105","potions_obtained":[{"floor":1,"key":"Explosive Potion"},{"floor":4,"key":"Dexterity Potion"},{"floor":11,"key":"BloodPotion"},{"floor":16,"key":"Ancient Potion"}],"is_trial":false,"path_per_floor":["M","$","M","M","?","R","M","E","T","M","M","R","M","E","R","B",null,"M","M","?","M","M","R","E"],"character_chosen":"IRONCLAD","items_purchased":["Hemokinesis"],"campfire_rested":1,"item_purchase_floors":[2],"current_hp_per_floor":[79,79,75,75,68,68,66,35,35,35,39,39,41,29,29,42,72,57,49,49,26,16,40,0,0],"gold":225,"neow_bonus":"TEN_PERCENT_HP_BONUS","is_daily":false,"chose_seed":false,"campfire_upgraded":3,"win_rate":0.0,"timestamp":1610101207,"path_taken":["M","?","M","M","?","R","M","E","T","M","M","R","M","E","R","BOSS","M","M","?","?","M","R","E"],"items_purchased_type":["Card"],"build_version":"2020-12-18","purchased_purges":0,"victory":false,"max_hp_per_floor":[82,82,82,82,82,82,82,82,82,82,82,82,82,82,82,82,82,82,82,82,82,82,82,82,82],"relic_stats":{"counters":[15,72],"Pantograph":25,"obtain_stats":[{"CaptainsWheel":9,"Pantograph":14,"SacredBark":17,"Incense Burner":8,"Burning Blood":0},{"CaptainsWheel":5,"Pantograph":9,"SacredBark":10,"Incense Burner":5,"Burning Blood":0},{"CaptainsWheel":21,"Pantograph":33,"SacredBark":47,"Incense Burner":21,"Burning Blood":0}],"Burning Blood":84},"card_choices":[{"not_picked":["True Grit","Havoc"],"picked":"Battle Trance","floor":1},{"not_picked":["Shrug It Off","Headbutt"],"picked":"Pommel Strike","floor":3},{"not_picked":["Iron Wave","Headbutt"],"picked":"True Grit","floor":4},{"not_picked":["Cleave","Headbutt"],"picked":"Combust","floor":7},{"not_picked":["Anger","Seeing Red"],"picked":"Armaments","floor":8},{"not_picked":["Wild Strike","Anger","Intimidate"],"picked":"SKIP","floor":10},{"not_picked":["Second Wind","Juggernaut","Sentinel"],"picked":"SKIP","floor":11},{"not_picked":["Hemokinesis","Thunderclap","Flex"],"picked":"SKIP","floor":13},{"not_picked":["Cleave","Body Slam","Dual Wield"],"picked":"SKIP","floor":14},{"not_picked":["Bludgeon","Reaper"],"picked":"Offering","floor":16},{"not_picked":["Infernal Blade+1","Iron Wave+1"],"picked":"Shrug It Off+1","floor":18},{"not_picked":["Headbutt+1","Clash"],"picked":"Inflame+1","floor":19},{"not_picked":["Headbutt","Hemokinesis"],"picked":"Rampage","floor":21},{"not_picked":["Body Slam","Heavy Blade","Clothesline"],"picked":"SKIP","floor":22}],"player_experience":2649807,"relics_obtained":[{"floor":8,"key":"Incense Burner"},{"floor":9,"key":"CaptainsWheel"},{"floor":14,"key":"Pantograph"}],"event_choices":[{"cards_removed":["Strike_R"],"damage_healed":0,"gold_gain":0,"player_choice":"Card Removal","damage_taken":7,"max_hp_gain":0,"max_hp_loss":0,"event_name":"Golden Wing","floor":5,"gold_loss":0},{"damage_healed":0,"gold_gain":0,"player_choice":"Bet on Owner","damage_taken":0,"max_hp_gain":0,"max_hp_loss":0,"event_name":"The Joust","floor":20,"gold_loss":50}],"is_beta":true,"boss_relics":[{"not_picked":["Busted Crown","Velvet Choker"],"picked":"SacredBark"}],"items_purged_floors":[],"is_endless":false,"potions_floor_spawned":[1,4,11,16,19],"killed_by":"Slavers","ascension_level":20}}