{"host":"6wux4armhsntp4yb","time":1610096407,"event":{"mods":["BaseMod","Colored Map","DeckTracker","Minty Spire (QoL Compilation)","Relic Stats"],"gold_per_floor":[112,127,52,52,63,63,96,96,146,146,156,136,136,148,148,226,226,236,249,299,28,44,70,70,101,101,101,101,111,123,157,157,231,231,241,116,116,129,129,163,163,180,207,218,238,269,269,279,279,279,279,279,279,54,85,85],"floor_reached":57,"playtime":3773,"items_purged":["Strike_G","Strike_G","Accuracy+1","Defend_G"],"score":3404,"play_id":"df9fb8f2-e1ce-4e5c-838f-06319478f9ee","local_time":"20210108180007","is_ascension_mode":true,"campfire_choices":[{"data":"Acrobatics","floor":6.0,"key":"SMITH"},{"data":"Tactician","floor":8.0,"key":"SMITH"},{"data":"Grand Finale","floor":10.0,"key":"SMITH"},{"data":"Eviscerate","floor":13.0,"key":"SMITH"},{"data":"Prepared","floor":15.0,"key":"SMITH"},{"data":"Grand Finale","floor":24.0,"key":"SMITH"},{"data":"Neutralize","floor":28.0,"key":"SMITH"},{"data":"Neutralize","floor":32.0,"key":"SMITH"},{"floor":41.0,"key":"RECALL"},{"data":"Backflip","floor":47.0,"key":"SMITH"},{"data":"Backflip","floor":49,"key":"SMITH"},{"data":"Survivor","floor":53,"key":"SMITH"}],"circlet_count":0,"master_deck":["AscendersBane","Defend_G","Defend_G","Survivor+1","Neutralize+1","Grand Finale+1","Prepared+1","Backflip+1","Acrobatics+1","Neutralize+1","Tactician+1","Eviscerate+1","Backflip+1","Acrobatics","Grand Finale+1","Concentrate+1","Prepared+1","Grand Finale+1","Reflex+1","Concentrate+1","Heel Hook+1","Blur+1","Calculated Gamble+1"],"relics":["Ring of the Snake","Ancient Tea Set","Boot","Runic Pyramid","TheAbacus","Lizard Tail","Red Mask","Toxic Egg 2","Tiny Chest","Astrolabe","Blood Vial","Dream Catcher","Pen Nib"],"acts_visited":["Exordium","TheCity","TheBeyond","TheEnding"],"potions_floor_usage":[50,56,56,56],"damage_taken":[{"damage":0.0,"enemies":"Small Slimes","floor":1.0,"turns":2.0},{"damage":0.0,"enemies":"Cultist","floor":2.0,"turns":2.0},{"damage":0.0,"enemies":"Jaw Worm","floor":5.0,"turns":4.0},{"damage":0.0,"enemies":"3 Sentries","floor":7.0,"turns":2.0},{"damage":0.0,"enemies":"Looter","floor":11.0,"turns":2.0},{"damage":0.0,"enemies":"Exordium Thugs","floor":14.0,"turns":4.0},{"damage":0.0,"enemies":"Hexaghost","floor":16.0,"turns":3.0},{"damage":2.0,"enemies":"Shell Parasite","floor":18.0,"turns":2.0},{"damage":1.0,"enemies":"2 Thieves","floor":19.0,"turns":2.0},{"damage":0.0,"enemies":"Centurion and Healer","floor":22.0,"turns":2.0},{"damage":0.0,"enemies":"Book of Stabbing","floor":23.0,"turns":3.0},{"damage":19.0,"enemies":"Masked Bandits","floor":25.0,"turns":3.0},{"damage":0.0,"enemies":"Shelled Parasite and Fungi","floor":29.0,"turns":1.0},{"damage":0.0,"enemies":"Snake Plant","floor":30.0,"turns":2.0},{"damage":0.0,"enemies":"Gremlin Leader","floor":31.0,"turns":1.0},{"damage":0.0,"enemies":"Collector","floor":33.0,"turns":3.0},{"damage":0.0,"enemies":"3 Shapes","floor":35.0,"turns":1.0},{"damage":0.0,"enemies":"Orb Walker","floor":38.0,"turns":1.0},{"damage":0.0,"enemies":"Reptomancer","floor":40.0,"turns":1.0},{"damage":0.0,"enemies":"4 Shapes","floor":42.0,"turns":1.0},{"damage":0.0,"enemies":"Transient","floor":44.0,"turns":5.0},{"damage":0.0,"enemies":"Sphere and 2 Shapes","floor":45.0,"turns":1.0},{"damage":0.0,"enemies":"Giant Head","floor":46.0,"turns":1.0},{"damage":0.0,"enemies":"Jaw Worm Horde","floor":48.0,"turns":1.0},{"damage":0,"enemies":"Awakened One","floor":50,"turns":4},{"damage":0,"enemies":"Donu and Deca","floor":51,"turns":3},{"damage":0,"enemies":"Shield and Spear","floor":55,"turns":1},{"damage":87,"enemies":"The Heart","floor":56,"turns":7}],"seed_played":"-2009226288099306460","potions_obtained":[{"floor":5.0,"key":"SpeedPotion"},{"floor":12.0,"key":"Regen Potion"},{"floor":14.0,"key":"Swift Potion"},{"floor":16.0,"key":"Ancient Potion"},{"floor":23.0,"key":"Weak Potion"},{"floor":25.0,"key":"GamblersBrew"},{"floor":46.0,"key":"EntropicBrew"}],"is_trial":false,"path_per_floor":["M","M","$","?","M","R","E","R","T","R","M","?","R","M","R","B",null,"M","M","?","$","M","E","R","?","T","?","R","M","M","E","R","B",null,"M","$","?","M","?","E","R","M","T","M","M","E","R","M","R","B","B",null,"R","$","E","B",null],"character_chosen":"THE_SILENT","items_purchased":["TheAbacus","Calculated Gamble+1"],"campfire_rested":0,"item_purchase_floors":[21,54],"current_hp_per_floor":[59,59,59,59,59,59,59,59,59,59,59,59,59,59,59,59,60,58,57,57,57,57,57,57,38,38,38,38,38,38,38,38,38,55,55,55,55,55,55,55,55,57,57,59,60,60,60,60,60,60,60,60,60,60,60,28],"gold":85,"neow_bonus":"TRANSFORM_TWO_CARDS","is_daily":false,"chose_seed":false,"campfire_upgraded":11,"win_rate":0.0,"timestamp":1610096407,"path_taken":["M","M","$","?","?","R","E","R","T","R","M","?","R","M","R","BOSS","M","?","?","$","M","E","R","?","T","?","R","M","M","E","R","BOSS","M","$","?","M","?","E","R","?","T","M","M","E","R","M","R","BOSS","BOSS","R","$","E","BOSS"],"items_purchased_type":["Relic","Card"],"build_version":"2020-12-22","purchased_purges":4,"victory":true,"max_hp_per_floor":[60,60,60,60,60,60,60,60,60,60,60,60,60,60,60,60,60,60,60,60,60,60,60,60,60,60,60,60,60,60,60,60,60,60,60,60,60,60,60,60,60,60,60,60,60,60,60,60,60,60,60,60,60,60,60,60],"relic_stats":{"Blood Vial":5,"Lizard Tail":30,"Dream Catcher":0,"TheAbacus":[246],"counters":[28,65],"Astrolabe":["Grand Finale","Accuracy","Reflex"],"Tiny Chest":0,"Pen Nib":[2],"Boot":[111],"obtain_stats":[{"Astrolabe":34,"Pen Nib":55,"Ancient Tea Set":7,"Boot":9,"Blood Vial":40,"Lizard Tail":23,"Dream Catcher":46,"TheAbacus":21,"Tiny Chest":31,"Red Mask":25,"Toxic Egg 2":26,"Ring of the Snake":0,"Runic Pyramid":17},{"Astrolabe":16,"Pen Nib":27,"Ancient Tea Set":4,"Boot":4,"Blood Vial":19,"Lizard Tail":11,"Dream Catcher":23,"TheAbacus":9,"Tiny Chest":15,"Red Mask":12,"Toxic Egg 2":12,"Ring of the Snake":0,"Runic Pyramid":7},{"Astrolabe":38,"Pen Nib":58,"Ancient Tea Set":10,"Boot":10,"Blood Vial":41,"Lizard Tail":28,"Dream Catcher":49,"TheAbacus":23,"Tiny Chest":35,"Red Mask":31,"Toxic Egg 2":31,"Ring of the Snake":0,"Runic Pyramid":19}],"Ring of the Snake":[56]},"card_choices":[{"not_picked":["Setup","Deflect"],"picked":"Backflip","floor":1.0},{"not_picked":["Backstab","Blade Dance"],"picked":"Acrobatics","floor":2.0},{"not_picked":["Deflect","Underhanded Strike"],"picked":"Eviscerate","floor":5.0},{"not_picked":["Flechettes","Cloak And Dagger"],"picked":"Backflip","floor":7.0},{"not_picked":["Cloak And Dagger","Deflect","Crippling Poison"],"picked":"SKIP","floor":11.0},{"not_picked":["Choke","Night Terror"],"picked":"Acrobatics","floor":14.0},{"not_picked":["Bullet Time","Adrenaline"],"picked":"Grand Finale","floor":16.0},{"not_picked":["Riddle With Holes","Poisoned Stab"],"picked":"Heel Hook+1","floor":18.0},{"not_picked":["PiercingWail","Poisoned Stab","Deadly Poison"],"picked":"SKIP","floor":19.0},{"not_picked":["Setup","Flying Knee","Dodge and Roll"],"picked":"SKIP","floor":22.0},{"not_picked":["Well Laid Plans+1","Acrobatics","Bane"],"picked":"SKIP","floor":23.0},{"not_picked":["Setup","PiercingWail+1"],"picked":"Concentrate","floor":25.0},{"not_picked":["PiercingWail+1","All Out Attack"],"picked":"Prepared+1","floor":29.0},{"not_picked":["Outmaneuver+1","Cloak And Dagger+1","Underhanded Strike"],"picked":"SKIP","floor":30.0},{"not_picked":["Bullet Time+1","Poisoned Stab","Flying Knee"],"picked":"SKIP","floor":31.0},{"not_picked":["Slice","PiercingWail+1","Blade Dance+1"],"picked":"SKIP","floor":35.0},{"not_picked":["Flying Knee+1","PiercingWail+1","Deadly Poison+1"],"picked":"SKIP","floor":38.0},{"not_picked":["Phantasmal Killer+1","Dagger Throw","Concentrate+1"],"picked":"SKIP","floor":40.0},{"not_picked":["Cloak And Dagger+1","Riddle With Holes","Catalyst+1"],"picked":"SKIP","floor":42.0},{"not_picked":["Backflip+1","Reflex+1"],"picked":"Heel Hook+1","floor":44.0},{"not_picked":["Backflip+1","Poisoned Stab","Leg Sweep+1"],"picked":"SKIP","floor":45.0},{"not_picked":["Caltrops","Dagger Spray","Backflip+1"],"picked":"SKIP","floor":46.0},{"not_picked":["Deflect+1","Calculated Gamble+1"],"picked":"Blur+1","floor":48},{"not_picked":["Crippling Poison+1","Backflip+1","Envenom"],"picked":"SKIP","floor":55},{"not_picked":["Crippling Poison+1","Backflip+1","Envenom"],"picked":"SKIP","floor":55}],"player_experience":5750683,"relics_obtained":[{"floor":7.0,"key":"Ancient Tea Set"},{"floor":9.0,"key":"Boot"},{"floor":23.0,"key":"Lizard Tail"},{"floor":25.0,"key":"Red Mask"},{"floor":26.0,"key":"Toxic Egg 2"},{"floor":31.0,"key":"Tiny Chest"},{"floor":40.0,"key":"Blood Vial"},{"floor":46.0,"key":"Dream Catcher"},{"floor":55,"key":"Pen Nib"}],"event_choices":[{"damage_healed":0.0,"max_hp_gain":0.0,"max_hp_loss":0.0,"gold_gain":0.0,"event_name":"Match and Keep!","player_choice":"2 cards matched","floor":4.0,"gold_loss":0.0,"damage_taken":0.0,"cards_obtained":["Neutralize","Tactician"]},{"damage_healed":0.0,"max_hp_gain":0.0,"max_hp_loss":0.0,"gold_gain":0.0,"event_name":"The Woman in Blue","player_choice":"Bought 1 Potion","floor":12.0,"gold_loss":0.0,"damage_taken":0.0},{"damage_healed":0.0,"max_hp_gain":0.0,"max_hp_loss":0.0,"gold_gain":50.0,"event_name":"Nest","player_choice":"Stole From Cult","floor":20.0,"gold_loss":0.0,"damage_taken":0.0},{"damage_healed":0.0,"max_hp_gain":0.0,"max_hp_loss":0.0,"gold_gain":0.0,"event_name":"Masked Bandits","player_choice":"Fought Bandits","floor":25.0,"gold_loss":0.0,"damage_taken":0.0},{"damage_healed":0.0,"max_hp_gain":0.0,"max_hp_loss":0.0,"gold_gain":0.0,"event_name":"Upgrade Shrine","player_choice":"Upgraded","floor":27.0,"gold_loss":0.0,"damage_taken":0.0,"cards_upgraded":["Concentrate"]},{"cards_removed":["Heel Hook"],"damage_healed":0.0,"max_hp_gain":0.0,"max_hp_loss":0.0,"gold_gain":0.0,"event_name":"Falling","player_choice":"Removed Attack","floor":37.0,"gold_loss":0.0,"damage_taken":0.0},{"damage_healed":0.0,"max_hp_gain":0.0,"max_hp_loss":0.0,"gold_gain":0.0,"event_name":"Duplicator","player_choice":"Copied","floor":39.0,"gold_loss":0.0,"damage_taken":0.0,"cards_obtained":["Concentrate"]}],"is_beta":false,"boss_relics":[{"not_picked":["Snecko Eye","Black Star"],"picked":"Runic Pyramid"},{"not_picked":["Tiny House","Runic Dome"],"picked":"Astrolabe"}],"items_purged_floors":[3,21,36,54],"is_endless":false,"potions_floor_spawned":[5,14,16,18,23,25,30,31,35,38,42,44,46],"ascension_level":20}}