{"host":"5m2js577gj4e7pak","time":1610128588,"event":{"mods":["AchievementEnabler","BaseMod","Better Match","BetterRewards","Colored Map","Colored Powertips","Googly Eyes","Highlight Path","Lobotomy","LobotomyExtend","Minty Spire (QoL Compilation)","Quick Restart","Relic Filter","StSLib"],"gold_per_floor":[112,112,128,55,69,103,103,103,103,103,103,127,76,100,100,221,221,240,11,29,44,44,88,104,137,137,137,171,0,0,0],"floor_reached":30,"playtime":1524,"items_purged":[],"score":352,"play_id":"504f1f6c-11f7-4eb3-bd75-fc05ccb6f242","local_time":"20210108185628","is_ascension_mode":true,"campfire_choices":[],"circlet_count":0,"master_deck":["SpecialBullet","SpecialBullet","SpecialBullet","SpecialBullet","SpecialBullet","SpecialBullet","SpecialBullet","SpecialBullet","InformationCode","SecurityCode","ExtractionCode","ScreamingWedge","Penitence","Harvest","FourthMatchFlame","Amita","RedEyes","TodaysExpression","RapturousDream","WristCuter","OSAHOGD","Twilight","BlueStar","ParadiseLost","MagicBullet+1","Harvest","Regret_ego","FrostShard","BlackSwan_ego+1","BeautyBeast","SomewhereSpear","FourthMatchFlame","DreamingCurrent","Hypocrisy+1","Ecstasy","Tough","ControlCode","TodaysExpression+1","TT2Protocol","LittleHelper","Wingbeat"],"relics":["CogitoBucket","Ancient Tea Set","LetterFromLob","Incense Burner","ShedSkin_r","Eternal Feather","Golden Idol","Astrolabe","SkinProphecy","Bag of Preparation","Regal Pillow","FossilizedHelix","Strawberry","Ornamental Fan"],"acts_visited":["Exordium","TheCity"],"potions_floor_usage":[6,18,23,25],"damage_taken":[{"damage":11,"enemies":"Jaw Worm","floor":1,"turns":3},{"damage":6,"enemies":"Cultist","floor":3,"turns":3},{"damage":10,"enemies":"2 Louse","floor":5,"turns":4},{"damage":39,"enemies":"3 Sentries","floor":6,"turns":8},{"damage":4,"enemies":"Blue Slaver","floor":12,"turns":3},{"damage":0,"enemies":"Large Slime","floor":14,"turns":6},{"damage":41,"enemies":"Slime Boss","floor":16,"turns":13},{"damage":12,"enemies":"Spheric Guardian","floor":18,"turns":3},{"damage":9,"enemies":"Shell Parasite","floor":20,"turns":4},{"damage":25,"enemies":"Snake Plant","floor":21,"turns":4},{"damage":20,"enemies":"Book of Stabbing","floor":23,"turns":6},{"damage":14,"enemies":"Centurion and Healer","floor":24,"turns":3},{"damage":85,"enemies":"Gremlin Leader","floor":25,"turns":10},{"damage":21,"enemies":"Slavers","floor":28,"turns":4},{"damage":127,"enemies":"Shelled Parasite and Fungi","floor":30,"turns":43}],"seed_played":"5524968996781117825","potions_obtained":[{"floor":2,"key":"Dexterity Potion"},{"floor":2,"key":"FairyPotion"},{"floor":2,"key":"Explosive Potion"},{"floor":12,"key":"Swift Potion"},{"floor":16,"key":"DistilledChaos"},{"floor":24,"key":"BlessingOfTheForge"}],"is_trial":false,"path_per_floor":["M","?","M","$","M","E","R","?","T","R","?","M","$","M","R","B",null,"M","$","M","M","?","E","M","E","T","R","E","?","M"],"character_chosen":"Angela","items_purchased":["Harvest","RapturousDream","Bag of Preparation","Regret_ego","FrostShard"],"campfire_rested":0,"item_purchase_floors":[4,13,19,19,19],"current_hp_per_floor":[67,67,69,69,70,45,45,26,26,35,35,45,45,59,70,47,67,67,67,69,58,58,72,75,35,42,63,80,80,16,16],"gold":0,"neow_bonus":"RANDOM_COMMON_RELIC","is_daily":false,"chose_seed":false,"campfire_upgraded":0,"win_rate":0.0,"timestamp":1610128588,"path_taken":["M","?","M","?","?","E","R","?","T","R","?","M","$","M","R","BOSS","M","$","M","M","?","E","M","E","T","R","E","?","M"],"items_purchased_type":["Card","Card","Relic","Card","Card"],"build_version":"2020-12-22","purchased_purges":0,"victory":false,"max_hp_per_floor":[70,70,70,70,70,70,70,70,70,70,70,70,70,70,70,70,67,67,67,69,71,71,73,75,77,84,84,86,86,90,90],"card_choices":[{"not_picked":["TodaysExpression"],"picked":"ScreamingWedge","floor":1},{"not_picked":["SomewhereSpear"],"picked":"ParadiseLost","floor":1},{"not_picked":["Lantern"],"picked":"Penitence","floor":3},{"not_picked":["CUTE","TodaysExpression"],"picked":"SKIP","floor":3},{"not_picked":["Amita"],"picked":"FourthMatchFlame","floor":5},{"not_picked":["Loneliness","Discord"],"picked":"SKIP","floor":5},{"not_picked":["Tough"],"picked":"Amita","floor":6},{"not_picked":["Horn"],"picked":"RedEyes","floor":6},{"not_picked":["Laetitia_ego"],"picked":"TodaysExpression","floor":12},{"not_picked":["BearPaw"],"picked":"WristCuter","floor":14},{"not_picked":["Yin","Scorched"],"picked":"OSAHOGD","floor":14},{"not_picked":["Loneliness","Hornet"],"picked":"SKIP","floor":14},{"not_picked":["Pinks"],"picked":"Twilight","floor":16},{"not_picked":["UniverseFragment","FieryBird"],"picked":"BlueStar","floor":16},{"not_picked":["Mimicry"],"picked":"ParadiseLost","floor":16},{"not_picked":["TodaysExpression"],"picked":"Harvest","floor":18},{"not_picked":["TodaysExpression"],"picked":"BlackSwan_ego+1","floor":20},{"not_picked":["Scorched","Scarecrow"],"picked":"BeautyBeast","floor":20},{"not_picked":["Galaxy"],"picked":"SomewhereSpear","floor":20},{"not_picked":["Laetitia_ego"],"picked":"FourthMatchFlame","floor":21},{"not_picked":["Mimicry","Soda"],"picked":"SKIP","floor":21},{"not_picked":["Murderer","GalaxyChild"],"picked":"DreamingCurrent","floor":23},{"not_picked":["Adoration"],"picked":"Hypocrisy+1","floor":23},{"not_picked":["Penitence","BlackSwan_ego"],"picked":"SKIP","floor":23},{"not_picked":["BlackSwan_ego"],"picked":"Ecstasy","floor":24},{"not_picked":["LifeForTheDareDevil+1","Loneliness"],"picked":"SKIP","floor":24},{"not_picked":["CUTE+1"],"picked":"Tough","floor":25},{"not_picked":["Loneliness+1"],"picked":"TodaysExpression+1","floor":25},{"not_picked":["HeroicMonk","LaLuna"],"picked":"LittleHelper","floor":28},{"not_picked":["Hornet"],"picked":"Wingbeat","floor":28}],"player_experience":35004,"relics_obtained":[{"floor":1,"key":"LetterFromLob"},{"floor":6,"key":"Incense Burner"},{"floor":9,"key":"Eternal Feather"},{"floor":23,"key":"Regal Pillow"},{"floor":25,"key":"FossilizedHelix"},{"floor":26,"key":"Strawberry"},{"floor":28,"key":"Ornamental Fan"}],"event_choices":[{"damage_healed":0,"gold_gain":0,"player_choice":"Got Potions","damage_taken":0,"max_hp_gain":0,"max_hp_loss":0,"event_name":"Lab","floor":2,"gold_loss":0},{"damage_healed":0,"gold_gain":0,"player_choice":"Take Wound","damage_taken":0,"relics_obtained":["Golden Idol"],"max_hp_gain":0,"max_hp_loss":0,"event_name":"Golden Idol","floor":11,"gold_loss":0,"cards_obtained":["Injury"]},{"damage_healed":0,"gold_gain":0,"player_choice":"Simplicity","damage_taken":0,"max_hp_gain":0,"max_hp_loss":0,"event_name":"Back to Basics","floor":22,"gold_loss":0,"cards_upgraded":[]},{"damage_healed":0,"gold_gain":0,"player_choice":"Paid Fearfully","damage_taken":0,"max_hp_gain":0,"max_hp_loss":0,"event_name":"Masked Bandits","floor":29,"gold_loss":171}],"is_beta":false,"boss_relics":[{"not_picked":["Velvet Choker","Runic Dome"],"picked":"Astrolabe"}],"items_purged_floors":[],"is_endless":false,"potions_floor_spawned":[5,12,16,24],"killed_by":"Shelled Parasite and Fungi","ascension_level":1}}