{"host":"b7j598ve05halrwk","time":1610087689,"event":{"mods":["2.2 Compatiblity","BaseMod","Block Reminder","DeckTracker","Minty Spire (QoL Compilation)","Relic Stats","Slay the Relics Exporter","StSLib","ojb\u0027s Better Paths Mod","ojb\u0027s Info Mod"],"gold_per_floor":[111,125,135,135,145,145,174,191,191,210,135,135,135,135,135],"floor_reached":14,"playtime":645,"items_purged":[],"score":184,"play_id":"2bc2e8e2-b192-4d98-9d0e-85932de63c31","local_time":"20210108013449","is_ascension_mode":true,"campfire_choices":[{"data":"Barrage","floor":6,"key":"SMITH"},{"data":"Zap","floor":12,"key":"SMITH"}],"circlet_count":0,"master_deck":["AscendersBane","Strike_B+1","Strike_B+1","Defend_B","Defend_B","Defend_B","Zap+1","Dualcast","Ball Lightning","Barrage+1","Compile Driver","Self Repair","Conserve Battery","Steam","Glacier"],"relics":["Cracked Core","InkBottle","CeramicFish"],"acts_visited":["Exordium"],"potions_floor_usage":[7,10],"damage_taken":[{"damage":4,"enemies":"Jaw Worm","floor":1,"turns":4},{"damage":2,"enemies":"2 Louse","floor":2,"turns":2},{"damage":3,"enemies":"Small Slimes","floor":3,"turns":3},{"damage":6,"enemies":"Looter","floor":5,"turns":2},{"damage":8,"enemies":"Gremlin Nob","floor":7,"turns":3},{"damage":1,"enemies":"2 Fungi Beasts","floor":8,"turns":3},{"damage":2,"enemies":"Large Slime","floor":10,"turns":5},{"damage":16,"enemies":"3 Sentries","floor":14,"turns":7}],"seed_played":"-3100979748328821010","potions_obtained":[{"floor":1,"key":"GamblersBrew"},{"floor":2,"key":"Ancient Potion"},{"floor":7,"key":"Fire Potion"}],"is_trial":false,"path_per_floor":["M","M","M","?","M","R","E","M","T","M","?","R","?","E"],"character_chosen":"DEFECT","items_purchased":[],"campfire_rested":0,"item_purchase_floors":[],"current_hp_per_floor":[60,58,55,36,30,30,22,28,28,33,33,33,15,0,0],"gold":135,"neow_bonus":"REMOVE_TWO","is_daily":false,"chose_seed":false,"campfire_upgraded":2,"win_rate":0.0,"timestamp":1610087689,"path_taken":["M","M","M","?","M","R","E","M","T","M","?","R","?","E"],"items_purchased_type":[],"build_version":"2020-12-22","purchased_purges":0,"victory":false,"max_hp_per_floor":[64,64,64,64,64,64,64,64,64,64,64,64,64,64,64],"relic_stats":{"counters":[8,29],"CeramicFish":9,"obtain_stats":[{"CeramicFish":9,"Cracked Core":0,"InkBottle":7},{"CeramicFish":6,"Cracked Core":0,"InkBottle":5},{"CeramicFish":17,"Cracked Core":0,"InkBottle":14}],"InkBottle":[3]},"card_choices":[{"not_picked":["Lockon","Static Discharge"],"picked":"Ball Lightning","floor":1},{"not_picked":["Leap","Loop"],"picked":"Barrage","floor":2},{"not_picked":["Gash","Redo"],"picked":"Compile Driver","floor":3},{"not_picked":["Hologram","Redo"],"picked":"Self Repair","floor":5},{"not_picked":["Stack","Aggregate"],"picked":"Conserve Battery","floor":7},{"not_picked":["Reprogram","Streamline"],"picked":"Steam","floor":8},{"not_picked":["Leap","Skim"],"picked":"Glacier","floor":10}],"player_experience":864841,"relics_obtained":[{"floor":7,"key":"InkBottle"},{"floor":9,"key":"CeramicFish"}],"event_choices":[{"damage_healed":0,"gold_gain":0,"player_choice":"Entered Light","damage_taken":19,"max_hp_gain":0,"max_hp_loss":0,"event_name":"Shining Light","floor":4,"gold_loss":0,"cards_upgraded":["Strike_B","Strike_B"]},{"cards_removed":["Defend_B"],"damage_healed":0,"gold_gain":0,"player_choice":"Card Removal","damage_taken":0,"max_hp_gain":0,"max_hp_loss":0,"event_name":"The Cleric","floor":11,"gold_loss":75},{"damage_healed":0,"gold_gain":0,"player_choice":"Fled","damage_taken":18,"max_hp_gain":0,"max_hp_loss":0,"event_name":"Scrap Ooze","floor":13,"gold_loss":0}],"is_beta":false,"boss_relics":[],"items_purged_floors":[],"is_endless":false,"potions_floor_spawned":[1,2,7],"killed_by":"3 Sentries","ascension_level":20}}