{"host":"bxdue9bkfm2khp2x","time":1610090973,"event":{"mods":["ATMod(阿瑾Mod)","Aspiration","BaseMod","Better Vampires","Challenge The Spire","Colored Map","Colored Powertips","Conspire","Decade(王小明)","Dota2Spire","Downfall","Highlight Path","Minty Spire (QoL Compilation)","MostiFishMod","Onozuka Komachi Mod","Remilia（蕾米莉亚）","Replay The Spire","RumiaBox-露米娅的神秘盒子","Ryuuou龙王","Spicy Shops","StSLib","Td1madao Mod","The Administrix","The Alterego","The Cursed","The Servant 0.9.4","WarShipGirlsR/战舰少女R mod","noobMod","vexMod","【功能Mod】混沌之环修复补丁","【遗物卡牌】REMEMod","篝火指南"],"gold_per_floor":[110,110,127,127,127,127,161,161,161,161,161,1161,111,146,158,187,187,261,2610,2630,1986,2036,2055,1168,697,710,728,728,420,438,457,482,482,112,186,186,200,210,15,30,130,130,159,19,43,43,91,101,101,112,112,112,112,112,25,25,53,53],"floor_reached":59,"playtime":3999,"items_purged":["Defend_B","Defend_B","Strike_B","White Noise+1","Strike_B","Defend_B","Regret","FIFO Queue","Defend_B"],"score":2856,"play_id":"b5dc16ba-333b-49a4-bb0e-8f8c0ad23934","local_time":"20210108152933","is_ascension_mode":true,"campfire_choices":[{"data":"MostiFishMod:SeaWaves","floor":6.0,"key":"SMITH"},{"data":"Chill","floor":8.0,"key":"SMITH"},{"data":"Redo","floor":12.0,"key":"SMITH"},{"data":"Capacitor","floor":17.0,"key":"SMITH"},{"data":"AT_StudyProgram","floor":42,"key":"SMITH"},{"data":"Strike_B","floor":46,"key":"SMITH"},{"floor":49,"key":"RECALL"},{"floor":51,"key":"DIG"}],"circlet_count":0,"master_deck":["AscendersBane","Strike_B+1","Zap+1","MostiFishMod:SeaWaves+1","AT_DarkMatter+1","Redo+1","Chill+1","AT_StudyProgram+1","Capacitor+1","Leap+1","Cold Snap+1","Conserve Battery+1","MostiFishMod:Impulse+1","Hologram+1","Coolheaded+1","AT_DarkMatter+1","MostiFishMod:SeaWaves+1","AT_ThunderBolt+1","Glacier+1","AT_EMC2+1","aspiration:Polymerization+1"],"relics":["Cracked Core","DaveBox","REME_ComplimentaryCards","ice","AT_ATBox","RhineSuit","NeowsBlessing","SynthV:TestCard","AT_LudenTempest","Toxic Egg 2","Chemical X","Counterbalance","Blood Vial","Tiny Chest","ClockworkSouvenir","Dota2Spire:Vanguard","Darkstone Periapt","RhineCircuit","War Paint","aspiration:FrozenJewel","Replay:Towering Pillar of Hats","Dota2Spire:MonkeyKingBar","Medical Kit","Lantern","Membership Card","Juzu Bracelet","Runic Capacitor","Dota2Spire:ArcaneBoots","DollysMirror","BargainBundle","Sundial","Replay:Bottled Flurry","Dota2Spire:LotusOrb","Dota2Spire:OctarineCore","Ccalipers","SecretRecord","conspire:DeflatedDodgeball"],"acts_visited":["Exordium","TheCity","TheBeyond","TheEnding"],"potions_floor_usage":[58],"damage_taken":[{"damage":0.0,"enemies":"2 Louse","floor":1.0,"turns":1.0},{"damage":0.0,"enemies":"Small Slimes","floor":3.0,"turns":1.0},{"damage":0.0,"enemies":"Lagavulin","floor":7.0,"turns":1.0},{"damage":0.0,"enemies":"3 Sentries","floor":14.0,"turns":6.0},{"damage":0.0,"enemies":"Cultist","floor":15.0,"turns":2.0},{"damage":0.0,"enemies":"Gremlin Nob","floor":16.0,"turns":2.0},{"damage":0.0,"enemies":"Slime Boss","floor":18.0,"turns":6.0},{"damage":6.0,"enemies":"2 Thieves","floor":20.0,"turns":4.0},{"damage":0.0,"enemies":"3 Byrds","floor":23.0,"turns":4.0},{"damage":0.0,"enemies":"3 Cultists","floor":26.0,"turns":4.0},{"damage":0.0,"enemies":"Cultist and Chosen","floor":27.0,"turns":5.0},{"damage":0.0,"enemies":"Shelled Parasite and Fungi","floor":30.0,"turns":4.0},{"damage":1.0,"enemies":"Snake Plant","floor":31.0,"turns":3.0},{"damage":0.0,"enemies":"Gremlin Leader","floor":32.0,"turns":6.0},{"damage":0.0,"enemies":"Collector","floor":35.0,"turns":6.0},{"damage":0,"enemies":"3 Shapes","floor":37,"turns":4},{"damage":0,"enemies":"3 Darklings","floor":38,"turns":4},{"damage":0,"enemies":"Spire Growth","floor":40,"turns":4},{"damage":0,"enemies":"R_Hoarder","floor":43,"turns":4},{"damage":0,"enemies":"Maw","floor":48,"turns":4},{"damage":1,"enemies":"Jaw Worm Horde","floor":50,"turns":3},{"damage":0,"enemies":"Donu and Deca","floor":52,"turns":4},{"damage":0,"enemies":"Replay:Hell Engine","floor":53,"turns":9},{"damage":0,"enemies":"Shield and Spear","floor":57,"turns":4},{"damage":14,"enemies":"The Heart","floor":58,"turns":7}],"seed_played":"-397152208486679824","potions_obtained":[{"floor":3.0,"key":"FocusPotion"},{"floor":16.0,"key":"BlessingOfTheForge"},{"floor":20.0,"key":"Ancient Potion"},{"floor":30.0,"key":"Fruit Juice"},{"floor":32.0,"key":"SteroidPotion"},{"floor":37,"key":"Dexterity Potion"}],"is_trial":false,"path_per_floor":["M","?","M","?","?","R","E","R","T","PTL","PTL","R","$","E","M","E","R","B",null,"M","$","?","M","$","R","M","M","T","R","M","M","E","?","R","B",null,"M","M","$","M","?","R","E","R","T","R","T","M","R","M","R_BF","B","B",null,"R","$","E","B",null],"character_chosen":"DEFECT","items_purchased":["Chemical X","Counterbalance","Blood Vial","Tiny Chest","ClockworkSouvenir","Adrenaline Potion","War Paint","aspiration:FrozenJewel","Leap+1","FocusPotion","Replay:Towering Pillar of Hats","Dota2Spire:MonkeyKingBar","Medical Kit","Lantern","Membership Card","Runic Capacitor","FIFO Queue","DollysMirror","AT_ThunderBolt+1","BargainBundle","Regen Potion","Replay:Bottled Flurry","Ccalipers","SecretRecord"],"campfire_rested":0,"item_purchase_floors":[13,13,13,13,13,13,21,21,21,21,24,24,24,25,25,29,29,34,34,39,39,44,55,56],"current_hp_per_floor":[64,57,57,57,57,57,57,57,57,57,57,57,57,59,61,63,63,65,70,65,65,65,67,67,67,69,71,71,71,76,75,76,64,70,72,80,82,82,82,82,82,82,82,82,82,82,82,82,82,81,81,82,82,82,82,82,82,68],"gold":53,"neow_bonus":"THREE_ENEMY_KILL","is_daily":false,"chose_seed":false,"campfire_upgraded":6,"win_rate":0.0,"timestamp":1610090973,"path_taken":["M","?","M","?","?","R","E","R","T","PTL","PTL","R","$","E","M","E","R","BOSS","M","$","?","M","$","R","M","M","T","R","M","M","E","?","R","BOSS","M","M","$","M","?","R","E","R","T","R","?","M","R","M","R_BF","BOSS","BOSS","R","$","E","BOSS"],"items_purchased_type":["Relic","Relic","Relic","Relic","Relic","Potion","Relic","Relic","Card","Potion","Relic","Relic","Relic","Relic","Relic","Relic","Card","Relic","Card","Relic","Potion","Relic","Relic","Relic"],"build_version":"2020-12-22","purchased_purges":9,"victory":true,"max_hp_per_floor":[71,71,71,71,71,71,71,71,71,71,71,71,71,71,71,71,71,71,71,71,71,71,71,71,71,71,71,71,71,76,76,76,76,82,82,82,82,82,82,82,82,82,82,82,82,82,82,82,82,82,82,82,82,82,82,82,82,82],"card_choices":[{"not_picked":["Sweeping Beam","ReplayTheSpireMod:GoodbyeWorld","MostiFishMod:PushDownKick"],"picked":"SKIP","floor":1.0},{"not_picked":["AT_WarpDrive","AT_HeatAcrobatics","REME_SelfUpgrade","Steam Power"],"picked":"Redo","floor":3.0},{"not_picked":["MostiFishMod:PushDownKick","AT_HeatAcrobatics","Rebound","Panic Button"],"picked":"Chill","floor":7.0},{"not_picked":["Compile Driver","All For One","Panic Button+1","Steam Power+1"],"picked":"AT_StudyProgram","floor":14.0},{"not_picked":["Beam Cell","Ball Lightning","MostiFishMod:PushDownKick","Sweeping Beam"],"picked":"White Noise+1","floor":15.0},{"not_picked":["Redo+1","Beam Cell","Reinforced Body+1","MostiFishMod:DawningShadow"],"picked":"Capacitor","floor":16.0},{"not_picked":["Redo+1","Compile Driver","Recycle+1","Darkness+1","Streamline"],"picked":"SKIP","floor":20.0},{"not_picked":["Doom and Gloom","Coolheaded+1","Panic Button+1","BasicCrystalCard+1"],"picked":"Cold Snap+1","floor":23.0},{"not_picked":["ReplayGash","Cold Snap","Go for the Eyes","Rebound"],"picked":"Conserve Battery+1","floor":26.0},{"not_picked":["Tempest+1","Ball Lightning","MostiFishMod:LinkProtocol+1","aspiration:Polymerization+1"],"picked":"MostiFishMod:Impulse+1","floor":27.0},{"not_picked":["conspire:SharedLibrary","Creative AI","Ball Lightning","AT_ThunderBolt"],"picked":"Hologram+1","floor":30.0},{"not_picked":["ReplaySort+1","Hologram+1","Scrape","MostiFishMod:PushDownKick"],"picked":"Coolheaded+1","floor":31.0},{"not_picked":["Hologram+1","ReplayTheSpireMod:Reroute Power+1","MostiFishMod:PushDownKick","Streamline"],"picked":"AT_DarkMatter+1","floor":32.0},{"not_picked":["Coolheaded+1","Stack+1","Reprogram+1","Genetic Algorithm+1","ReplayTheSpireMod:System Scan+1"],"picked":"SKIP","floor":37},{"not_picked":["REME_SelfUpgrade","Stack+1","Sweeping Beam+1","Leap+1"],"picked":"Glacier+1","floor":38},{"not_picked":["aspiration:Polymerization+1","Chaos+1","Skim+1","ReplayTheSpireMod:Reroute Power+1"],"picked":"AT_EMC2+1","floor":40},{"not_picked":["Capacitor","Steam+1","BootSequence+1","Leap+1","Hologram+1"],"picked":"SKIP","floor":43},{"not_picked":["Gash","Steam+1","Core Surge","Rebound"],"picked":"aspiration:Polymerization+1","floor":48},{"not_picked":["AT_HeatAcrobatics+1","Hologram+1","Turbo+1","Leap+1","Static Discharge"],"picked":"SKIP","floor":50},{"not_picked":["Gash+1","Leap+1","Meteor Strike","Sunder","Ball Lightning"],"picked":"SKIP","floor":57}],"player_experience":1222365,"relics_obtained":[{"floor":1.0,"key":"SynthV:TestCard"},{"floor":7.0,"key":"AT_LudenTempest"},{"floor":9.0,"key":"Toxic Egg 2"},{"floor":14.0,"key":"Dota2Spire:Vanguard"},{"floor":16.0,"key":"Darkstone Periapt"},{"floor":28.0,"key":"Juzu Bracelet"},{"floor":32.0,"key":"Dota2Spire:ArcaneBoots"},{"floor":43,"key":"Sundial"},{"floor":45,"key":"Dota2Spire:LotusOrb"},{"floor":51,"key":"Dota2Spire:OctarineCore"},{"floor":57,"key":"conspire:DeflatedDodgeball"}],"event_choices":[{"cards_removed":["Strike_B"],"damage_healed":0.0,"max_hp_gain":0.0,"max_hp_loss":0.0,"gold_gain":0.0,"event_name":"Golden Wing","player_choice":"Card Removal","floor":2.0,"gold_loss":0.0,"damage_taken":7.0},{"damage_healed":0.0,"max_hp_gain":0.0,"max_hp_loss":0.0,"gold_gain":0.0,"event_name":"conspire:LoneGhost","player_choice":"Disagree","floor":5.0,"gold_loss":0.0,"damage_taken":0.0},{"damage_healed":0.0,"max_hp_gain":0.0,"max_hp_loss":0.0,"gold_gain":100.0,"event_name":"The Joust","player_choice":"Bet on Murderer","floor":22.0,"gold_loss":50.0,"damage_taken":0.0},{"damage_healed":0,"gold_gain":0,"player_choice":"Ignored","damage_taken":0,"max_hp_gain":0,"max_hp_loss":0,"event_name":"Ryuuou:Expiration_B","floor":41,"gold_loss":0}],"is_beta":false,"boss_relics":[{"not_picked":["vexMod:TanglingVine","REME_LowDesire"],"picked":"RhineCircuit"},{"not_picked":["conspire:SeveredTorchhead","MostiFishMod:Hod","Replay:Ancient Bell"]}],"items_purged_floors":[13,21,24,25,29,29,34,34,39],"is_endless":false,"potions_floor_spawned":[3,15,16,20,23,30,32,37,40,57],"ascension_level":20}}