{"host":"x7xd4wkamhrqrrvw","time":1610067135,"event":{"mods":["BaseMod","Minty Spire (QoL Compilation)","StSLib"],"gold_per_floor":[109,125,125,141,153,178,178,32,57,57,89,101,176,224,224,322,322,307,307,307],"floor_reached":19,"playtime":785,"items_purged":[],"score":230,"play_id":"4a82d8e7-76ec-4369-a7b0-5352fc00e8f7","local_time":"20210107225215","is_ascension_mode":true,"campfire_choices":[{"data":"Armaments","floor":7.0,"key":"SMITH"},{"data":"Offering","floor":10.0,"key":"SMITH"},{"data":"Metallicize","floor":15.0,"key":"SMITH"}],"circlet_count":0,"master_deck":["Strike_R+1","Strike_R","Strike_R","Strike_R","Strike_R","Defend_R","Defend_R","Defend_R","Defend_R","Bash+1","Double Tap","Metallicize+1","Armaments+1","Offering+1","Berserk","Exhume"],"relics":["Burning Blood","Orichalcum","Nunchaku","Whetstone","Smiling Mask","Runic Cube"],"acts_visited":["TheCity"],"potions_floor_usage":[],"damage_taken":[{"damage":7.0,"enemies":"Jaw Worm","floor":1.0,"turns":3.0},{"damage":0.0,"enemies":"Small Slimes","floor":2.0,"turns":4.0},{"damage":3.0,"enemies":"Cultist","floor":4.0,"turns":4.0},{"damage":18.0,"enemies":"Lots of Slimes","floor":5.0,"turns":6.0},{"damage":23.0,"enemies":"3 Sentries","floor":6.0,"turns":10.0},{"damage":17.0,"enemies":"Lagavulin","floor":11.0,"turns":7.0},{"damage":7.0,"enemies":"Large Slime","floor":12.0,"turns":7.0},{"damage":14.0,"enemies":"The Guardian","floor":16.0,"turns":10.0},{"damage":31,"enemies":"2 Thieves","floor":18,"turns":4},{"damage":0,"enemies":"Spheric Guardian","floor":19,"turns":2}],"seed_played":"469279785242762907","potions_obtained":[{"floor":2.0,"key":"BloodPotion"},{"floor":4.0,"key":"Fire Potion"},{"floor":11.0,"key":"Strength Potion"}],"is_trial":false,"path_per_floor":["M","M","?","M","M","E","R","$","T","R","E","M","?","T","R","B",null,"M","M"],"character_chosen":"IRONCLAD","items_purchased":["Offering"],"campfire_rested":0,"item_purchase_floors":[8],"current_hp_per_floor":[71,77,82,85,73,56,56,56,56,56,45,44,33,33,33,42,74,49,49,49],"gold":307,"neow_bonus":"ONE_RANDOM_RARE_CARD","is_daily":false,"chose_seed":false,"campfire_upgraded":3,"win_rate":0.0,"timestamp":1610067135,"path_taken":["M","M","?","M","M","E","R","$","T","R","E","M","?","?","R","BOSS","M","?"],"items_purchased_type":["Card"],"build_version":"2020-12-22","purchased_purges":0,"victory":false,"max_hp_per_floor":[80,80,85,85,85,85,85,85,85,85,85,85,85,85,85,85,85,85,85,85],"card_choices":[{"not_picked":["Sword Boomerang","Shrug It Off"],"picked":"Metallicize","floor":1.0},{"not_picked":["Feel No Pain","Dark Embrace","Perfected Strike"],"picked":"SKIP","floor":2.0},{"not_picked":["Sentinel","Perfected Strike"],"picked":"Armaments","floor":4.0},{"not_picked":["Pummel","Body Slam","Havoc"],"picked":"SKIP","floor":5.0},{"not_picked":["Rupture","Perfected Strike","Fire Breathing"],"picked":"SKIP","floor":6.0},{"not_picked":["Rupture","Sword Boomerang"],"picked":"Berserk","floor":11.0},{"not_picked":["Headbutt","Blood for Blood","Pommel Strike"],"picked":"SKIP","floor":12.0},{"not_picked":["Corruption","Berserk"],"picked":"Exhume","floor":16.0},{"not_picked":["Heavy Blade","Body Slam","Wild Strike"],"picked":"SKIP","floor":18}],"player_experience":272534,"relics_obtained":[{"floor":6.0,"key":"Orichalcum"},{"floor":9.0,"key":"Nunchaku"},{"floor":11.0,"key":"Whetstone"},{"floor":14.0,"key":"Smiling Mask"}],"event_choices":[{"damage_healed":0.0,"max_hp_gain":5.0,"max_hp_loss":0.0,"gold_gain":0.0,"event_name":"Big Fish","player_choice":"Donut","floor":3.0,"gold_loss":0.0,"damage_taken":0.0},{"damage_healed":0.0,"max_hp_gain":0.0,"max_hp_loss":0.0,"gold_gain":75.0,"event_name":"World of Goop","player_choice":"Gather Gold","floor":13.0,"gold_loss":0.0,"damage_taken":11.0}],"is_beta":false,"boss_relics":[{"not_picked":["Runic Dome","Busted Crown"],"picked":"Runic Cube"}],"items_purged_floors":[],"is_endless":false,"potions_floor_spawned":[2,4,11],"killed_by":"Spheric Guardian","ascension_level":6}}