{"host":"sav7uxregyirlf69","time":1610112924,"event":{"mods":["AchievementEnabler","BaseMod","Colored Map","DeckTracker","Keyboard Shortcuts","Minty Spire (QoL Compilation)","READ ME - Guardian Mod","StSLib","SuperFastMode"],"gold_per_floor":[112,128,128,141,158,158,184,184,210,244,269,269,269,120,120,120,120],"floor_reached":16,"playtime":187,"items_purged":["Strike_B"],"score":204,"play_id":"cf4e57a6-3faf-4080-a466-aa4c87f31afa","local_time":"20210108223524","is_ascension_mode":true,"campfire_choices":[{"floor":6,"key":"REST"},{"floor":13,"key":"REST"},{"data":"The Bomb","floor":15,"key":"SMITH"}],"circlet_count":0,"master_deck":["AscendersBane","Strike_B","Strike_B","Defend_B","Defend_B","Defend_B","Defend_B","Zap","Dualcast","The Bomb+1","Leap","Reinforced Body","Turbo","FTL","Rebound","Electrodynamics","Self Repair","Glacier"],"relics":["Cracked Core","Nunchaku","Golden Idol","CeramicFish"],"acts_visited":["Exordium"],"potions_floor_usage":[],"damage_taken":[{"damage":3,"enemies":"2 Louse","floor":1,"turns":3},{"damage":6,"enemies":"Cultist","floor":2,"turns":4},{"damage":7,"enemies":"Jaw Worm","floor":4,"turns":3},{"damage":26,"enemies":"Large Slime","floor":5,"turns":3},{"damage":26,"enemies":"Lagavulin","floor":7,"turns":9},{"damage":6,"enemies":"Exordium Thugs","floor":10,"turns":4},{"damage":3,"enemies":"3 Louse","floor":11,"turns":2},{"damage":0,"enemies":"Slime Boss","floor":16,"turns":3}],"seed_played":"-5062886643537619832","potions_obtained":[{"floor":2,"key":"EssenceOfSteel"},{"floor":4,"key":"Fire Potion"},{"floor":11,"key":"Regen Potion"}],"is_trial":false,"path_per_floor":["M","M","?","M","M","R","E","?","T","M","M","?","R","$","R","B"],"character_chosen":"DEFECT","items_purchased":["Glacier"],"campfire_rested":2,"item_purchase_floors":[14],"current_hp_per_floor":[61,55,60,53,27,47,21,21,21,15,12,5,23,23,23,23,23],"gold":120,"neow_bonus":"RANDOM_COLORLESS_2","is_daily":false,"chose_seed":false,"campfire_upgraded":1,"win_rate":0.0,"timestamp":1610112924,"path_taken":["M","M","?","M","M","R","E","?","T","M","M","?","R","?","R","BOSS"],"items_purchased_type":["Card"],"build_version":"2020-12-22","purchased_purges":1,"victory":false,"max_hp_per_floor":[64,64,69,69,69,69,69,63,63,63,63,63,63,63,63,63,63],"card_choices":[{"not_picked":["Panache","Metamorphosis"],"picked":"The Bomb","floor":0},{"not_picked":["Force Field","Melter"],"picked":"Leap","floor":1},{"not_picked":["Rebound","Melter"],"picked":"Reinforced Body","floor":2},{"not_picked":["Coolheaded","Rebound"],"picked":"Turbo","floor":4},{"not_picked":["Hello World","Leap"],"picked":"FTL","floor":5},{"not_picked":["FTL","Ball Lightning"],"picked":"Rebound","floor":7},{"not_picked":["Ball Lightning","Consume"],"picked":"Electrodynamics","floor":10},{"not_picked":["Ball Lightning","Stack"],"picked":"Self Repair","floor":11}],"player_experience":1204017,"relics_obtained":[{"floor":7,"key":"Nunchaku"},{"floor":9,"key":"CeramicFish"}],"event_choices":[{"damage_healed":0,"gold_gain":0,"player_choice":"Donut","damage_taken":0,"max_hp_gain":5,"max_hp_loss":0,"event_name":"Big Fish","floor":3,"gold_loss":0},{"damage_healed":0,"gold_gain":0,"player_choice":"Lose Max HP","damage_taken":0,"relics_obtained":["Golden Idol"],"max_hp_gain":0,"max_hp_loss":6,"event_name":"Golden Idol","floor":8,"gold_loss":0},{"cards_removed":["Strike_B"],"damage_healed":0,"gold_gain":0,"player_choice":"Card Removal","damage_taken":7,"max_hp_gain":0,"max_hp_loss":0,"event_name":"Golden Wing","floor":12,"gold_loss":0}],"is_beta":false,"boss_relics":[],"items_purged_floors":[14],"is_endless":false,"potions_floor_spawned":[2,4,11],"killed_by":"Slime Boss","ascension_level":20}}