{"host":"Fun","time":1610149096,"event":{"mods":["BaseMod","Colored Map","Minty Spire (QoL Compilation)","Relic Stats","StSLib"],"gold_per_floor":[109,126,126,126,126,126,158,173,221,238,238,238,238],"floor_reached":12,"playtime":279,"items_purged":[],"score":144,"play_id":"edac53de-5384-417d-8e0e-090e9c70ae72","local_time":"20210108183816","is_ascension_mode":true,"campfire_choices":[{"data":"Sweeping Beam","floor":6,"key":"SMITH"},{"data":"Darkness","floor":11,"key":"SMITH"}],"circlet_count":0,"master_deck":["AscendersBane","Strike_B","Strike_B","Strike_B","Defend_B","Defend_B","Defend_B","Defend_B","Zap","Dualcast","Gash","Sweeping Beam+1","Steam","Darkness+1","Recycle","Undo"],"relics":["Cracked Core","WarpedTongs","Smiling Mask","Juzu Bracelet"],"acts_visited":["Exordium"],"potions_floor_usage":[12],"damage_taken":[{"damage":7,"enemies":"Small Slimes","floor":1,"turns":3},{"damage":7,"enemies":"Jaw Worm","floor":2,"turns":2},{"damage":22,"enemies":"3 Sentries","floor":7,"turns":6},{"damage":0,"enemies":"2 Louse","floor":8,"turns":2},{"damage":1,"enemies":"Lots of Slimes","floor":10,"turns":2},{"damage":31,"enemies":"Gremlin Nob","floor":12,"turns":3}],"seed_played":"2790557262384933605","potions_obtained":[{"floor":7,"key":"SkillPotion"}],"is_trial":false,"path_per_floor":["M","M","?","?","?","R","E","M","T","M","R","E"],"character_chosen":"DEFECT","items_purchased":[],"campfire_rested":0,"item_purchase_floors":[],"current_hp_per_floor":[64,57,57,50,50,50,28,28,28,27,27,0,0],"gold":238,"neow_bonus":"TEN_PERCENT_HP_BONUS","is_daily":false,"chose_seed":false,"campfire_upgraded":2,"win_rate":0.0,"timestamp":1610149096,"path_taken":["M","M","?","?","?","R","E","M","T","M","R","E"],"items_purchased_type":[],"build_version":"2020-12-18","purchased_purges":0,"victory":false,"max_hp_per_floor":[78,78,78,78,78,78,78,78,78,78,78,78,78],"relic_stats":{"counters":[6,18],"Juzu Bracelet":0,"Smiling Mask":0,"obtain_stats":[{"Juzu Bracelet":9,"Cracked Core":0,"Smiling Mask":7,"WarpedTongs":1},{"Juzu Bracelet":4,"Cracked Core":0,"Smiling Mask":3,"WarpedTongs":1},{"Juzu Bracelet":13,"Cracked Core":0,"Smiling Mask":11,"WarpedTongs":1}],"WarpedTongs":[17]},"card_choices":[{"not_picked":["Reprogram","Stack"],"picked":"Gash","floor":1},{"not_picked":["FTL","Go for the Eyes"],"picked":"Sweeping Beam","floor":2},{"not_picked":["BootSequence","Hologram"],"picked":"Darkness","floor":7},{"not_picked":["Darkness","Barrage"],"picked":"Recycle","floor":8},{"not_picked":["Reprogram","Sweeping Beam"],"picked":"Undo","floor":10}],"player_experience":160848,"relics_obtained":[{"floor":7,"key":"Smiling Mask"},{"floor":9,"key":"Juzu Bracelet"}],"event_choices":[{"damage_healed":0,"gold_gain":0,"player_choice":"Ignored","damage_taken":0,"max_hp_gain":0,"max_hp_loss":0,"event_name":"Liars Game","floor":3,"gold_loss":0},{"cards_removed":["Strike_B"],"damage_healed":0,"gold_gain":0,"player_choice":"Card Removal","damage_taken":7,"max_hp_gain":0,"max_hp_loss":0,"event_name":"Golden Wing","floor":4,"gold_loss":0},{"damage_healed":0,"gold_gain":0,"player_choice":"1 cards matched","damage_taken":0,"max_hp_gain":0,"max_hp_loss":0,"event_name":"Match and Keep!","floor":5,"gold_loss":0,"cards_obtained":["Steam"]}],"is_beta":true,"boss_relics":[],"items_purged_floors":[],"is_endless":false,"potions_floor_spawned":[7],"killed_by":"Gremlin Nob","ascension_level":17}}