{"host":"chv1qanoipyt46jc","time":1610141138,"event":{"mods":["2.2 Compatiblity","AchievementEnabler","Bartender","BaseMod","BetterRewards","CapriCore","Card Filter","Evolution","Gold Saver","Grow up Mod","Minty Spire (QoL Compilation)","Rare Cards Sparkle","Relic Filter","Remove Card Discount Mod","Reorder Act Four","StSLib"],"gold_per_floor":[687,707,726,746,758,791,808,808,808,808,796,807,807,807],"floor_reached":13,"playtime":1003,"items_purged":["Hook","Hook","Hook","Hook","Feint","Feint","Feint","Feint","Somersault","Center_Self","Snap_Punch"],"score":139,"play_id":"21ed3e6c-0db9-48c3-96c1-bafe7f2d34e1","local_time":"20210108152538","is_ascension_mode":false,"campfire_choices":[{"data":"Dolphin_Blow","floor":8,"key":"SMITH"},{"data":"Dolphin_Blow","floor":10,"key":"SMITH"}],"circlet_count":0,"master_deck":["Dolphin_Blow+1","Dolphin_Blow+1"],"relics":["Sneakers","EVO:Axolotl","TheAbacus","Membership Card","Piano_Music"],"acts_visited":["Exordium"],"potions_floor_usage":[13],"damage_taken":[{"damage":0,"enemies":"Jaw Worm","floor":1,"turns":3},{"damage":2,"enemies":"Small Slimes","floor":2,"turns":3},{"damage":0,"enemies":"Cultist","floor":3,"turns":3},{"damage":0,"enemies":"Large Slime","floor":4,"turns":4},{"damage":11,"enemies":"3 Louse","floor":5,"turns":3},{"damage":8,"enemies":"3 Sentries","floor":6,"turns":9},{"damage":7,"enemies":"Blue Slaver","floor":7,"turns":3},{"damage":0,"enemies":"Lots of Slimes","floor":12,"turns":6},{"damage":132,"enemies":"Lagavulin","floor":13,"turns":51}],"seed_played":"4972847421213984477","potions_obtained":[{"floor":2,"key":"SneckoOil"},{"floor":5,"key":"ColorlessPotion"},{"floor":12,"key":"EssenceOfSteel"}],"is_trial":false,"path_per_floor":["M","M","M","M","M","E","M","R","T","R","$","M","E"],"character_chosen":"BARTENDER","items_purchased":["Dolphin_Blow","Snap_Punch","TheAbacus","Membership Card","Dolphin_Blow"],"campfire_rested":0,"item_purchase_floors":[0,0,0,0,0],"current_hp_per_floor":[50,58,68,78,77,79,82,92,102,112,122,132,0,0],"gold":807,"neow_bonus":"","is_daily":false,"chose_seed":false,"campfire_upgraded":2,"win_rate":0.0,"timestamp":1610141138,"path_taken":["M","M","M","M","M","E","M","R","T","R","$","M","E"],"items_purchased_type":["Card","Card","Relic","Relic","Card"],"build_version":"2020-12-22","purchased_purges":11,"victory":false,"max_hp_per_floor":[98,108,118,128,138,148,158,168,178,188,198,208,208,208],"card_choices":[{"not_picked":["Hook","Bloodbath_Bartender","Center_Self"],"picked":"SKIP","floor":1},{"not_picked":["Rising_Crane","Cross","Hook"],"picked":"SKIP","floor":2},{"not_picked":["Center_Self","With_A_Twist","Momentum"],"picked":"SKIP","floor":3},{"not_picked":["Snap_Punch","Dart","Center_Self"],"picked":"SKIP","floor":4},{"not_picked":["Ripple","With_A_Twist"],"picked":"Center_Self","floor":5},{"not_picked":["Surge","Foot_Thrust","Combo_Master"],"picked":"SKIP","floor":6},{"not_picked":["Snap_Punch","Wall_of_Ice","Glare"],"picked":"SKIP","floor":7},{"not_picked":["Center_Self","Alacrity","Ball_Of_Ice"],"picked":"SKIP","floor":12}],"player_experience":385548,"relics_obtained":[{"floor":6,"key":"Piano_Music"}],"event_choices":[],"is_beta":false,"boss_relics":[],"items_purged_floors":[0,0,0,0,0,11,11,11,11,11,11],"is_endless":false,"potions_floor_spawned":[2,5,12],"killed_by":"Lagavulin","ascension_level":0}}