{"host":"g7trc0x2teqyd8ye","time":1610124347,"event":{"mods":["BaseMod","Key Reminder","Minty Spire (QoL Compilation)","Relic Stats"],"gold_per_floor":[119,133,153,171,186,221,26,26,71,97,97,97,97],"floor_reached":12,"playtime":500,"items_purged":[],"score":140,"play_id":"d3714e64-8422-418f-acd0-fd41a7adf1c1","local_time":"20210108174547","is_ascension_mode":true,"campfire_choices":[{"floor":8,"key":"REST"}],"circlet_count":0,"master_deck":["AscendersBane","Strike_B","Strike_B","Strike_B","Strike_B","Defend_B","Defend_B","Defend_B","Defend_B","Zap","Dualcast","Ball Lightning","Cold Snap","Sweeping Beam","White Noise","Compile Driver","Leap","Meteor Strike","White Noise","Turbo","Glacier"],"relics":["SlaversCollar","Orichalcum","Happy Flower","Darkstone Periapt"],"acts_visited":["Exordium"],"potions_floor_usage":[10,12],"damage_taken":[{"damage":8,"enemies":"2 Louse","floor":1,"turns":4},{"damage":1,"enemies":"Jaw Worm","floor":2,"turns":5},{"damage":0,"enemies":"Cultist","floor":3,"turns":3},{"damage":9,"enemies":"Large Slime","floor":4,"turns":5},{"damage":7,"enemies":"2 Fungi Beasts","floor":5,"turns":3},{"damage":31,"enemies":"3 Sentries","floor":6,"turns":5},{"damage":31,"enemies":"Gremlin Nob","floor":10,"turns":5},{"damage":5,"enemies":"3 Sentries","floor":12,"turns":2}],"seed_played":"2124460626680835624","potions_obtained":[{"floor":5,"key":"FearPotion"},{"floor":6,"key":"Swift Potion"}],"is_trial":false,"path_per_floor":["M","M","M","M","M","E","$","R","T","E","?","E"],"character_chosen":"DEFECT","items_purchased":["Meteor Strike","White Noise","Turbo"],"campfire_rested":1,"item_purchase_floors":[7,7,7],"current_hp_per_floor":[60,59,59,50,43,12,12,34,34,3,3,0,0],"gold":97,"neow_bonus":"BOSS_RELIC","is_daily":false,"chose_seed":false,"campfire_upgraded":0,"win_rate":0.0,"timestamp":1610124347,"path_taken":["M","M","M","M","M","E","$","R","T","E","?","E"],"items_purchased_type":["Card","Card","Card"],"build_version":"2020-12-22","purchased_purges":0,"victory":false,"max_hp_per_floor":[75,75,75,75,75,75,75,75,75,75,75,75,75],"relic_stats":{"Darkstone Periapt":0,"Happy Flower":[2],"counters":[8,32],"Orichalcum":[18],"obtain_stats":[{"Darkstone Periapt":10,"SlaversCollar":0,"Happy Flower":9,"Orichalcum":6,"Cracked Core":0},{"Darkstone Periapt":7,"SlaversCollar":0,"Happy Flower":6,"Orichalcum":6,"Cracked Core":0},{"Darkstone Periapt":30,"SlaversCollar":0,"Happy Flower":25,"Orichalcum":25,"Cracked Core":0}]},"card_choices":[{"not_picked":["Cold Snap","Storm"],"picked":"Ball Lightning","floor":1},{"not_picked":["Genetic Algorithm","Turbo"],"picked":"Cold Snap","floor":2},{"not_picked":["Rebound","Rip and Tear"],"picked":"Sweeping Beam","floor":3},{"not_picked":["Beam Cell","Gash"],"picked":"White Noise","floor":4},{"not_picked":["All For One","Turbo"],"picked":"Compile Driver","floor":5},{"not_picked":["Recycle","Turbo"],"picked":"Leap","floor":6},{"not_picked":["Chaos","Compile Driver"],"picked":"Glacier","floor":10}],"player_experience":890274,"relics_obtained":[{"floor":6,"key":"Orichalcum"},{"floor":9,"key":"Happy Flower"},{"floor":10,"key":"Darkstone Periapt"}],"event_choices":[{"damage_healed":0,"gold_gain":0,"player_choice":"Ignored","damage_taken":0,"max_hp_gain":0,"max_hp_loss":0,"event_name":"Shining Light","floor":11,"gold_loss":0}],"is_beta":false,"boss_relics":[],"items_purged_floors":[],"is_endless":false,"potions_floor_spawned":[5,6],"killed_by":"3 Sentries","ascension_level":11}}