{"host":"8fuipfsvjht9cgcs","time":1610105238,"event":{"mods":["AchievementEnabler","BaseMod","Colored Map","Colored Powertips","DeckTracker","Minty Spire (QoL Compilation)","Replay The Spire","StSLib","SuperFastMode","The Gatherer"],"gold_per_floor":[111,131,56,69,80,80,93,93,93,93,93,112,172,172,172,172,172],"floor_reached":16,"playtime":596,"items_purged":["Strike_R"],"score":213,"play_id":"ae9130b7-605c-4421-be07-262beb519d4f","local_time":"20210109002718","is_ascension_mode":true,"campfire_choices":[{"data":"Abandon","floor":6,"key":"SMITH"},{"data":"ReplayReversal","floor":8,"key":"SMITH"},{"data":"Sentinel","floor":10,"key":"SMITH"},{"data":"Body Slam","floor":15,"key":"SMITH"}],"circlet_count":0,"master_deck":["AscendersBane","Strike_R","Strike_R","Strike_R","Defend_R","Defend_R","Defend_R","Defend_R","Bash+1","Abandon+1","ReplayReversal+1","Sentinel+1","Battle Trance","Body Slam+1"],"relics":["Burning Blood","Gremlin Food","Matryoshka","Akabeko"],"acts_visited":["Exordium"],"potions_floor_usage":[12,13],"damage_taken":[{"damage":12,"enemies":"Small Slimes","floor":1,"turns":4},{"damage":1,"enemies":"Cultist","floor":2,"turns":4},{"damage":1,"enemies":"2 Louse","floor":4,"turns":3},{"damage":9,"enemies":"Exordium Wildlife","floor":5,"turns":6},{"damage":18,"enemies":"Red Slaver","floor":7,"turns":3},{"damage":0,"enemies":"Large Slime","floor":12,"turns":4},{"damage":31,"enemies":"Gremlin Nob","floor":13,"turns":6},{"damage":46,"enemies":"Slime Boss","floor":16,"turns":8}],"seed_played":"8856831209669041564","potions_obtained":[{"floor":2,"key":"Weak Potion"},{"floor":4,"key":"SneckoOil"},{"floor":5,"key":"Explosive Potion"}],"is_trial":false,"path_per_floor":["M","M","$","M","M","R","M","R","T","R","?","M","?","?","R","B"],"character_chosen":"IRONCLAD","items_purchased":[],"campfire_rested":0,"item_purchase_floors":[],"current_hp_per_floor":[66,71,71,76,73,73,61,61,61,61,61,67,42,42,42,0,0],"gold":172,"neow_bonus":"RANDOM_COMMON_RELIC","is_daily":false,"chose_seed":false,"campfire_upgraded":4,"win_rate":0.0,"timestamp":1610105238,"path_taken":["M","M","$","M","M","R","M","R","T","R","?","?","?","?","R","BOSS"],"items_purchased_type":[],"build_version":"2020-12-22","purchased_purges":1,"victory":false,"max_hp_per_floor":[80,80,80,80,80,80,80,80,80,80,80,80,80,80,80,80,80],"card_choices":[{"not_picked":["Perfected Strike","Flex"],"picked":"Abandon","floor":1},{"not_picked":["Flex","Warcry"],"picked":"ReplayReversal","floor":2},{"not_picked":["Sword Boomerang","ReplayTheSpireMod:Limb From Limb"],"picked":"Sentinel","floor":4},{"not_picked":["Headbutt","Clash","Havoc"],"picked":"SKIP","floor":5},{"not_picked":["True Grit","Thunderclap","Disarm"],"picked":"SKIP","floor":7},{"not_picked":["Heavy Blade","Headbutt"],"picked":"Battle Trance","floor":12},{"not_picked":["Wild Strike","Anger"],"picked":"Body Slam","floor":13}],"player_experience":359625,"relics_obtained":[{"floor":9,"key":"Matryoshka"}],"event_choices":[{"damage_healed":0,"gold_gain":0,"player_choice":"Upgraded","damage_taken":0,"max_hp_gain":0,"max_hp_loss":0,"event_name":"Upgrade Shrine","floor":11,"gold_loss":0,"cards_upgraded":["Bash"]},{"damage_healed":0,"gold_gain":0,"player_choice":"Searched \u00273\u0027 times","damage_taken":0,"relics_obtained":["Akabeko"],"max_hp_gain":0,"max_hp_loss":0,"event_name":"Dead Adventurer","floor":13,"gold_loss":0},{"cards_removed":["Strike_R"],"damage_healed":0,"gold_gain":0,"player_choice":"Forget","damage_taken":0,"max_hp_gain":0,"max_hp_loss":0,"event_name":"Living Wall","floor":14,"gold_loss":0}],"is_beta":false,"boss_relics":[],"items_purged_floors":[3],"is_endless":false,"potions_floor_spawned":[2,4,5,7],"killed_by":"Slime Boss","ascension_level":10}}