{"host":"aj7el8l5kufbk20z","time":1610081790,"event":{"mods":["AchievementEnabler","BaseMod","Colored Map","Colored Powertips","Curses Come First","Highlight Path","Minty Spire (QoL Compilation)","Quick Restart","Rare Cards Sparkle","Relic Stats","StSLib","SuperFastMode"],"gold_per_floor":[115,135,85,85,85,85,111,111,111,124,143,143,158,78,78,182,182,182],"floor_reached":17,"playtime":631,"items_purged":["Regret"],"score":270,"play_id":"95c54312-5052-4132-9a8e-2ab1f173adc4","local_time":"20210108125630","is_ascension_mode":true,"campfire_choices":[{"data":"Body Slam","floor":6.0,"key":"SMITH"},{"data":"Sword Boomerang","floor":8.0,"key":"SMITH"},{"data":"Shrug It Off","floor":12.0,"key":"SMITH"},{"data":"Armaments","floor":15.0,"key":"SMITH"}],"circlet_count":0,"master_deck":["AscendersBane","Strike_R","Strike_R","Strike_R","Strike_R","Defend_R","Defend_R","Defend_R","Defend_R","Bash","Sword Boomerang+1","Body Slam+1","Headbutt","Anger","Shrug It Off+1","Armaments+1","Perfected Strike","Limit Break"],"relics":["Burning Blood","NeowsBlessing","Sundial","Pen Nib","The Courier","Bird Faced Urn","SlaversCollar"],"acts_visited":["Exordium","TheCity"],"potions_floor_usage":[],"damage_taken":[{"damage":0.0,"enemies":"2 Louse","floor":1.0,"turns":1.0},{"damage":0.0,"enemies":"Small Slimes","floor":2.0,"turns":1.0},{"damage":0.0,"enemies":"Lagavulin","floor":7.0,"turns":1.0},{"damage":3.0,"enemies":"Jaw Worm","floor":10.0,"turns":3.0},{"damage":29.0,"enemies":"Gremlin Gang","floor":11.0,"turns":5.0},{"damage":1.0,"enemies":"Large Slime","floor":13.0,"turns":5.0},{"damage":46.0,"enemies":"Hexaghost","floor":16.0,"turns":11.0}],"seed_played":"-1034623995417664250","potions_obtained":[{"floor":1.0,"key":"BlessingOfTheForge"},{"floor":7.0,"key":"AttackPotion"},{"floor":11.0,"key":"Swift Potion"}],"is_trial":false,"path_per_floor":["M","M","?","?","?","R","E","R","T","M","M","R","M","$","R","B",null],"character_chosen":"IRONCLAD","items_purchased":["Perfected Strike"],"campfire_rested":0,"item_purchase_floors":[14],"current_hp_per_floor":[78,80,80,80,73,73,79,79,79,80,57,57,62,62,62,22,66,66],"gold":182,"neow_bonus":"THREE_ENEMY_KILL","is_daily":false,"chose_seed":false,"campfire_upgraded":4,"win_rate":0.0,"timestamp":1610081790,"path_taken":["M","M","?","?","?","R","E","R","T","?","?","R","M","$","R","BOSS"],"items_purchased_type":["Card"],"build_version":"2020-12-22","purchased_purges":1,"victory":false,"max_hp_per_floor":[80,80,80,80,80,80,80,80,80,80,80,80,80,80,80,80,80,80],"relic_stats":{"counters":[7,27],"Sundial":[4],"Bird Faced Urn":[0],"Pen Nib":[5],"obtain_stats":[{"SlaversCollar":17,"NeowsBlessing":0,"Sundial":4,"Bird Faced Urn":9,"Pen Nib":5,"The Courier":7,"Burning Blood":0},{"SlaversCollar":7,"NeowsBlessing":0,"Sundial":2,"Bird Faced Urn":3,"Pen Nib":2,"The Courier":3,"Burning Blood":0},{"SlaversCollar":27,"NeowsBlessing":0,"Sundial":2,"Bird Faced Urn":3,"Pen Nib":2,"The Courier":3,"Burning Blood":0}],"Burning Blood":36},"card_choices":[{"not_picked":["Fire Breathing","Iron Wave"],"picked":"Sword Boomerang","floor":1.0},{"not_picked":["Flex","Anger"],"picked":"Body Slam","floor":2.0},{"not_picked":["Blood for Blood","Second Wind"],"picked":"Headbutt","floor":7.0},{"not_picked":["Thunderclap","Warcry"],"picked":"Anger","floor":10.0},{"not_picked":["Sever Soul","Immolate"],"picked":"Shrug It Off","floor":11.0},{"not_picked":["Sword Boomerang","Shrug It Off"],"picked":"Armaments","floor":13.0},{"not_picked":["Reaper","Feed"],"picked":"Limit Break","floor":16.0}],"player_experience":326343,"relics_obtained":[{"floor":7.0,"key":"The Courier"},{"floor":9.0,"key":"Bird Faced Urn"}],"event_choices":[{"cards_removed":["Strike_R"],"damage_healed":0.0,"max_hp_gain":0.0,"max_hp_loss":0.0,"gold_gain":0.0,"event_name":"The Cleric","player_choice":"Card Removal","floor":3.0,"gold_loss":50.0,"damage_taken":0.0},{"damage_healed":0.0,"max_hp_gain":0.0,"max_hp_loss":0.0,"gold_gain":0.0,"event_name":"Big Fish","player_choice":"Box","floor":4.0,"gold_loss":0.0,"damage_taken":0.0,"relics_obtained":["Sundial"],"cards_obtained":["Regret"]},{"damage_healed":0.0,"max_hp_gain":0.0,"max_hp_loss":0.0,"gold_gain":0.0,"event_name":"Scrap Ooze","player_choice":"Success","floor":5.0,"gold_loss":0.0,"damage_taken":7.0,"relics_obtained":["Pen Nib"]}],"is_beta":false,"boss_relics":[{"not_picked":["Runic Cube","Sozu"],"picked":"SlaversCollar"}],"items_purged_floors":[14],"is_endless":false,"potions_floor_spawned":[1,7,11],"ascension_level":10}}