{"host":"ty2cix8xj6r3ad26","time":1610113968,"event":{"mods":["AchievementEnabler","BaseMod","BetterRewards","Minty Spire (QoL Compilation)","Replay The Spire","StSLib","SuperFastMode","The Bug Knight","The Cursed"],"gold_per_floor":[113,288,238,254,0,0,12,12,12,29,29,61,41,59,59,160,160,179,179,192,202,54,54,54,70,70,70,70],"floor_reached":27,"playtime":2177,"items_purged":["HollowMod:NailStrikeStart","HollowMod:QuickDashStart"],"score":213,"play_id":"24c87b68-5059-425b-a4b0-7ec4379501c4","local_time":"20210108155248","is_ascension_mode":false,"campfire_choices":[{"data":"HollowMod:MonarchWings","floor":6,"key":"SMITH"},{"data":"HollowMod:SoulEater","floor":8,"key":"SMITH"},{"data":"HollowMod:GreatSlash","floor":11,"key":"SMITH"},{"data":"HollowMod:CloakDash","floor":15,"key":"SMITH"},{"data":"HollowMod:ChannelNail","floor":24,"key":"SMITH"}],"circlet_count":0,"master_deck":["HollowMod:NailStrikeStart","HollowMod:QuickDashStart","HollowMod:QuickDashStart","HollowMod:FocusHealStart","HollowMod:PogoStrike","HollowMod:MonarchWings+1","HollowMod:CloakDash","HollowMod:PerfectDash+1","HollowMod:GreatSlash+1","HollowMod:SoulEater+1","HollowMod:SoulVessel","HollowMod:CloakDash+1","HollowMod:SoulMaster+1","HollowMod:Weaversong+1","HollowMod:SoulSplash+1","HollowMod:SoulVessel+1","HollowMod:SoulStrike+1","HollowMod:ChannelNail+1"],"relics":["HollowMod:VesselMask","HollowMod:MillibellesNoteRelic","HollowMod:MantisClawRelic","Strange Spoon","Ginger","Shuriken","Boot","Astrolabe","Guide Book","Pet Ghost"],"acts_visited":["Exordium","TheCity"],"potions_floor_usage":[4,16,20,21,25],"damage_taken":[{"damage":0,"enemies":"Small Slimes","floor":1,"turns":4},{"damage":1,"enemies":"Jaw Worm","floor":4,"turns":5},{"damage":0,"enemies":"Cultist","floor":7,"turns":4},{"damage":12,"enemies":"3 Louse","floor":10,"turns":2},{"damage":22,"enemies":"3 Sentries","floor":12,"turns":6},{"damage":0,"enemies":"Looter","floor":14,"turns":3},{"damage":31,"enemies":"HollowMod:FalseKnight","floor":16,"turns":11},{"damage":14,"enemies":"Shell Parasite","floor":18,"turns":6},{"damage":2,"enemies":"Chosen","floor":20,"turns":7},{"damage":12,"enemies":"Shelled Parasite and Fungi","floor":21,"turns":6},{"damage":20,"enemies":"Centurion and Healer","floor":25,"turns":5},{"damage":0,"enemies":"Gremlin Leader","floor":27,"turns":1}],"seed_played":"-3359631999799536081","potions_obtained":[{"floor":4,"key":"Swift Potion"},{"floor":12,"key":"Energy Potion"},{"floor":13,"key":"SkillPotion"},{"floor":16,"key":"LifebloodPotion"},{"floor":18,"key":"Ancient Potion"},{"floor":21,"key":"SpeedPotion"}],"is_trial":false,"path_per_floor":["M","?","?","M","$","R","M","R","T","M","R","E","?","M","R","B",null,"M","?","M","M","$","?","R","M","T","E"],"character_chosen":"THE_BUGKNIGHT","items_purchased":["HollowMod:MillibellesNoteRelic","HollowMod:MantisClawRelic","Strange Spoon","SpeedPotion","HollowMod:PerfectDash","HollowMod:GreatSlash","Guide Book"],"campfire_rested":0,"item_purchase_floors":[0,0,0,0,5,5,22],"current_hp_per_floor":[46,46,46,57,57,57,67,67,67,61,61,45,45,55,55,30,75,67,53,57,45,45,45,45,31,31,31,31],"gold":70,"neow_bonus":"","is_daily":false,"chose_seed":false,"campfire_upgraded":5,"win_rate":0.0,"timestamp":1610113968,"path_taken":["M","?","?","M","$","R","M","R","T","M","R","E","?","?","R","BOSS","M","?","M","M","$","?","R","M","T","E"],"items_purchased_type":["Relic","Relic","Relic","Potion","Card","Card","Relic"],"build_version":"2020-12-22","purchased_purges":2,"victory":false,"max_hp_per_floor":[75,75,75,75,75,75,75,75,75,75,75,75,75,75,75,75,75,75,80,80,80,80,80,80,80,80,80,80],"card_choices":[{"not_picked":["HollowMod:SoulEater","HollowMod:GoodIntentions"],"picked":"HollowMod:MonarchWings","floor":1},{"not_picked":["HollowMod:CornifersMapStart","HollowMod:SoulStrike"],"picked":"HollowMod:CloakDash","floor":4},{"not_picked":["HollowMod:SharpenedShadows","HollowMod:DungDefenderAura"],"picked":"HollowMod:SoulEater","floor":7},{"not_picked":["HollowMod:NewLittleFool","HollowMod:TaintedHusks"],"picked":"HollowMod:SoulVessel","floor":10},{"not_picked":["HollowMod:RecoilStrike","HollowMod:SharpenedNail"],"picked":"HollowMod:CloakDash","floor":12},{"not_picked":["HollowMod:SoulVessel","HollowMod:BlackTendrils","HollowMod:ShadowDash"],"picked":"SKIP","floor":14},{"not_picked":["HollowMod:ElderbugsWisdom","HollowMod:AwokenDreamNail"],"picked":"HollowMod:SoulMaster","floor":16},{"not_picked":["HollowMod:DashSlash","HollowMod:CrystalDash"],"picked":"HollowMod:SoulStrike+1","floor":18},{"not_picked":["HollowMod:Grubsong","HollowMod:SiblingsSouls+1"],"picked":"HollowMod:ChannelNail","floor":20},{"not_picked":["HollowMod:NewLittleFool","HollowMod:InfectionAssault+1","HollowMod:AwokenDreamNail"],"picked":"SKIP","floor":21},{"not_picked":["HollowMod:GoodIntentions","HollowMod:VengefulVoid","HollowMod:HeavyBlow"],"picked":"SKIP","floor":25}],"player_experience":460389,"relics_obtained":[{"floor":9,"key":"Shuriken"},{"floor":12,"key":"Boot"},{"floor":26,"key":"Pet Ghost"}],"event_choices":[{"damage_healed":0,"gold_gain":175,"player_choice":"AGREE","damage_taken":0,"max_hp_gain":0,"max_hp_loss":0,"event_name":"Liars Game","floor":2,"gold_loss":0,"cards_obtained":["Doubt"]},{"cards_removed":["Doubt"],"damage_healed":0,"gold_gain":0,"player_choice":"Card Removal","damage_taken":0,"max_hp_gain":0,"max_hp_loss":0,"event_name":"The Cleric","floor":3,"gold_loss":50},{"damage_healed":0,"gold_gain":0,"player_choice":"Bought 1 Potion","damage_taken":0,"max_hp_gain":0,"max_hp_loss":0,"event_name":"The Woman in Blue","floor":13,"gold_loss":0},{"damage_healed":0,"gold_gain":0,"player_choice":"Shed Blood","damage_taken":19,"max_hp_gain":5,"max_hp_loss":0,"event_name":"Forgotten Altar","floor":19,"gold_loss":0}],"is_beta":false,"boss_relics":[{"not_picked":["Black Star","SacredBark"],"picked":"Astrolabe"}],"items_purged_floors":[0,5],"is_endless":false,"potions_floor_spawned":[4,12,16,18,21],"killed_by":"Gremlin Leader","ascension_level":0}}