{"host":"Troy","time":1610133488,"event":{"mods":["BaseMod","Colored Map","Highlight Path","Minty Spire (QoL Compilation)","Permanent Neow"],"gold_per_floor":[130,156,168,180,208,220,263,275,287,25,25,38,71,85,85,85,85],"floor_reached":16,"playtime":683,"items_purged":[],"score":220,"play_id":"b545b2b6-cd0a-40c1-80fd-eac09908d7d8","local_time":"20210108141808","is_ascension_mode":true,"campfire_choices":[{"data":"Noxious Fumes","floor":6.0,"key":"SMITH"},{"data":"Die Die Die","floor":8,"key":"SMITH"},{"data":"Blade Dance","floor":11,"key":"SMITH"},{"data":"Neutralize","floor":15,"key":"SMITH"}],"circlet_count":0,"master_deck":["AscendersBane","Strike_G","Strike_G","Strike_G","Strike_G","Defend_G","Defend_G","Defend_G","Defend_G","Defend_G","Survivor","Neutralize+1","Dagger Spray","Blade Dance+1","Noxious Fumes+1","Regret","Eviscerate","Die Die Die+1","Backflip","Heel Hook","Dagger Throw"],"relics":["Ring of the Snake","MawBank","Gambling Chip","Art of War","Paper Crane","Mercury Hourglass","Juzu Bracelet"],"acts_visited":["Exordium"],"potions_floor_usage":[13],"damage_taken":[{"damage":1.0,"enemies":"Cultist","floor":1.0,"turns":4.0},{"damage":10.0,"enemies":"Jaw Worm","floor":2.0,"turns":6.0},{"damage":0.0,"enemies":"2 Louse","floor":5.0,"turns":2.0},{"damage":24,"enemies":"3 Sentries","floor":7,"turns":6},{"damage":0,"enemies":"Exordium Thugs","floor":12,"turns":1},{"damage":7,"enemies":"Lagavulin","floor":13,"turns":5},{"damage":0,"enemies":"Blue Slaver","floor":14,"turns":1},{"damage":21,"enemies":"The Guardian","floor":16,"turns":4}],"seed_played":"-4524371740500946859","potions_obtained":[{"floor":7,"key":"Weak Potion"},{"floor":14,"key":"SteroidPotion"}],"is_trial":false,"path_per_floor":["M","M","?","?","M","R","E","R","T","$","R","M","E","M","R","B"],"character_chosen":"THE_SILENT","items_purchased":["Mercury Hourglass"],"campfire_rested":0,"item_purchase_floors":[10],"current_hp_per_floor":[58,48,48,48,48,48,24,24,24,24,24,24,17,17,17,0,0],"gold":85,"neow_bonus":"RANDOM_COMMON_RELIC","is_daily":false,"chose_seed":false,"campfire_upgraded":4,"win_rate":0.0,"timestamp":1610133488,"path_taken":["M","?","?","?","M","R","E","R","T","$","R","M","E","M","R","BOSS"],"items_purchased_type":["Relic"],"build_version":"2020-12-18","purchased_purges":0,"victory":false,"max_hp_per_floor":[66,66,66,66,66,66,66,66,66,66,66,66,66,66,66,66,66],"card_choices":[{"not_picked":["PiercingWail","Riddle With Holes"],"picked":"Dagger Spray","floor":1.0},{"not_picked":["Outmaneuver","Backflip"],"picked":"Blade Dance","floor":2.0},{"not_picked":["Prepared","PiercingWail"],"picked":"Eviscerate","floor":5.0},{"not_picked":["Unload","Dagger Spray"],"picked":"Die Die Die","floor":7},{"not_picked":["Blade Dance","Skewer"],"picked":"Backflip","floor":12},{"not_picked":["Distraction","Bouncing Flask"],"picked":"Heel Hook","floor":13},{"not_picked":["Poisoned Stab","Blade Dance"],"picked":"Dagger Throw","floor":14}],"player_experience":4080326,"relics_obtained":[{"floor":7,"key":"Art of War"},{"floor":9,"key":"Paper Crane"},{"floor":13,"key":"Juzu Bracelet"}],"event_choices":[{"damage_healed":0.0,"max_hp_gain":0.0,"max_hp_loss":0.0,"gold_gain":0.0,"cards_transformed":["Strike_G"],"event_name":"Living Wall","player_choice":"Change","floor":3.0,"gold_loss":0.0,"damage_taken":0.0,"cards_obtained":["Noxious Fumes"]},{"damage_healed":0.0,"max_hp_gain":0.0,"max_hp_loss":0.0,"gold_gain":0.0,"event_name":"Big Fish","player_choice":"Box","floor":4.0,"gold_loss":0.0,"damage_taken":0.0,"relics_obtained":["Gambling Chip"],"cards_obtained":["Regret"]}],"is_beta":true,"boss_relics":[],"items_purged_floors":[],"is_endless":false,"potions_floor_spawned":[7,14],"killed_by":"The Guardian","ascension_level":20}}