{"host":"2lo6hma6kymb0g9i","time":1610086957,"event":{"mods":["BaseMod","Colored Map","DeckTracker","Minty Spire (QoL Compilation)"],"gold_per_floor":[115,129,129,129,139,164,164,176,227,243,262,262,277,277,277,375,375,393,393,393,424,424,424,447,461,539,558,558,558,558,576,576,576,576],"floor_reached":33,"playtime":1770,"items_purged":[],"score":309,"play_id":"80a016ca-401f-409f-984f-9c7e674413de","local_time":"20210108152237","is_ascension_mode":true,"campfire_choices":[{"data":"Redo","floor":7,"key":"SMITH"},{"data":"Redo","floor":12,"key":"SMITH"},{"data":"Dualcast","floor":15,"key":"SMITH"},{"data":"Hologram","floor":23,"key":"SMITH"},{"data":"Glacier","floor":28,"key":"SMITH"},{"data":"Darkness","floor":30,"key":"SMITH"},{"floor":32,"key":"REST"}],"circlet_count":0,"master_deck":["Zap","Dualcast+1","Leap","Redo+1","Seek","Redo+1","Streamline","Go for the Eyes","Turbo","Darkness+1","Buffer","Aggregate","Reinforced Body","Double Energy","Hello World","Hologram+1","Meteor Strike","Skim","RitualDagger","Glacier+1","Capacitor"],"relics":["Cracked Core","Boot","Symbiotic Virus","Vajra","Pandora\u0027s Box","Red Mask","Anchor","The Courier"],"acts_visited":["Exordium","TheCity"],"potions_floor_usage":[4,6,6,21,21],"damage_taken":[{"damage":2,"enemies":"Jaw Worm","floor":1,"turns":3},{"damage":0,"enemies":"2 Louse","floor":2,"turns":2},{"damage":1,"enemies":"Cultist","floor":5,"turns":4},{"damage":16,"enemies":"3 Sentries","floor":6,"turns":6},{"damage":7,"enemies":"Exordium Wildlife","floor":8,"turns":5},{"damage":6,"enemies":"Exordium Thugs","floor":10,"turns":3},{"damage":11,"enemies":"2 Fungi Beasts","floor":11,"turns":3},{"damage":0,"enemies":"Large Slime","floor":13,"turns":4},{"damage":12,"enemies":"The Guardian","floor":16,"turns":9},{"damage":11,"enemies":"Spheric Guardian","floor":18,"turns":4},{"damage":0,"enemies":"Masked Bandits","floor":21,"turns":2},{"damage":0,"enemies":"Shell Parasite","floor":25,"turns":6},{"damage":8,"enemies":"3 Cultists","floor":27,"turns":8},{"damage":15,"enemies":"Centurion and Healer","floor":31,"turns":6},{"damage":44,"enemies":"Champ","floor":33,"turns":6}],"seed_played":"8118704291687912289","potions_obtained":[{"floor":1,"key":"EssenceOfDarkness"},{"floor":4,"key":"Fruit Juice"},{"floor":4,"key":"Strength Potion"},{"floor":4,"key":"Swift Potion"},{"floor":10,"key":"Ancient Potion"},{"floor":16,"key":"AttackPotion"},{"floor":25,"key":"SpeedPotion"}],"is_trial":false,"path_per_floor":["M","M","?","?","M","E","R","M","T","M","M","R","M","?","R","B",null,"M","?","?","?","?","R","T","M","T","M","R","?","R","M","R","B"],"character_chosen":"DEFECT","items_purchased":[],"campfire_rested":1,"item_purchase_floors":[],"current_hp_per_floor":[73,73,73,78,77,61,61,54,54,48,37,37,37,37,37,25,66,55,49,49,49,49,49,49,49,49,41,41,26,26,11,36,0,0],"gold":576,"neow_bonus":"RANDOM_COMMON_RELIC","is_daily":false,"chose_seed":false,"campfire_upgraded":6,"win_rate":0.0,"timestamp":1610086957,"path_taken":["M","M","?","?","?","E","R","M","T","M","M","R","M","?","R","BOSS","M","?","?","?","?","R","?","M","T","?","R","?","R","M","R","BOSS"],"items_purchased_type":[],"build_version":"2020-12-22","purchased_purges":0,"victory":false,"max_hp_per_floor":[75,75,75,80,80,80,80,80,80,80,80,80,80,80,80,80,80,80,80,80,80,80,80,80,80,80,80,80,85,85,85,85,85,85],"card_choices":[{"not_picked":["Stack","Ball Lightning"],"picked":"Leap","floor":1},{"not_picked":["Rebound","Leap","Force Field"],"picked":"SKIP","floor":2},{"not_picked":["Steam","Coolheaded"],"picked":"Redo","floor":5},{"not_picked":["Chaos","Sweeping Beam"],"picked":"Seek","floor":6},{"not_picked":["Sweeping Beam","Turbo"],"picked":"Redo","floor":8},{"not_picked":["Conserve Battery","Coolheaded"],"picked":"Streamline","floor":10},{"not_picked":["Rebound","Static Discharge"],"picked":"Go for the Eyes","floor":11},{"not_picked":["White Noise","Doom and Gloom"],"picked":"Turbo","floor":13},{"not_picked":["Machine Learning","Rainbow"],"picked":"Buffer","floor":16},{"not_picked":["Turbo+1","Beam Cell"],"picked":"Skim","floor":18},{"not_picked":["Sweeping Beam","Go for the Eyes+1","FTL"],"picked":"SKIP","floor":25},{"not_picked":["Compile Driver","Force Field"],"picked":"Capacitor","floor":27},{"not_picked":["Beam Cell+1","Heatsinks+1","BootSequence"],"picked":"SKIP","floor":31}],"player_experience":961074,"relics_obtained":[{"floor":6,"key":"Symbiotic Virus"},{"floor":9,"key":"Vajra"},{"floor":21,"key":"Red Mask"},{"floor":24,"key":"Anchor"},{"floor":26,"key":"The Courier"}],"event_choices":[{"cards_removed":["Strike_B"],"damage_healed":0,"gold_gain":0,"player_choice":"Forget","damage_taken":0,"max_hp_gain":0,"max_hp_loss":0,"event_name":"Living Wall","floor":3,"gold_loss":0},{"damage_healed":0,"gold_gain":0,"player_choice":"Got Potions","damage_taken":0,"max_hp_gain":0,"max_hp_loss":0,"event_name":"Lab","floor":4,"gold_loss":0},{"damage_healed":0,"gold_gain":0,"cards_transformed":["Strike_B"],"player_choice":"Transformed","damage_taken":0,"max_hp_gain":0,"max_hp_loss":0,"event_name":"Transmorgrifier","floor":14,"gold_loss":0,"cards_obtained":["Darkness"]},{"damage_healed":0,"gold_gain":0,"player_choice":"Joined the Cult","damage_taken":6,"max_hp_gain":0,"max_hp_loss":0,"event_name":"Nest","floor":19,"gold_loss":0,"cards_obtained":["RitualDagger"]},{"damage_healed":0,"gold_gain":0,"player_choice":"Ignored","damage_taken":0,"max_hp_gain":0,"max_hp_loss":0,"event_name":"The Mausoleum","floor":20,"gold_loss":0},{"damage_healed":0,"gold_gain":0,"player_choice":"Fought Bandits","damage_taken":0,"max_hp_gain":0,"max_hp_loss":0,"event_name":"Masked Bandits","floor":21,"gold_loss":0},{"damage_healed":0,"gold_gain":0,"player_choice":"Read","damage_taken":0,"max_hp_gain":0,"max_hp_loss":0,"event_name":"The Library","floor":22,"gold_loss":0,"cards_obtained":["Glacier"]},{"damage_healed":0,"gold_gain":0,"player_choice":"Shed Blood","damage_taken":20,"max_hp_gain":5,"max_hp_loss":0,"event_name":"Forgotten Altar","floor":29,"gold_loss":0}],"is_beta":false,"boss_relics":[{"not_picked":["SacredBark","Velvet Choker"],"picked":"Pandora\u0027s Box"}],"items_purged_floors":[],"is_endless":false,"potions_floor_spawned":[1,5,10,16,18,25],"killed_by":"Champ","ascension_level":5}}