{"host":"t7mx8yfj1no5p62f","time":1610116297,"event":{"mods":["BaseMod","Colored Map","Colored Powertips","Minty Spire (QoL Compilation)","Relic Stats","StSLib"],"gold_per_floor":[112,122,122,141,161,161,141,141,141,161,193,213,239,256,256,333,333,353,365,365,365,117,117,149,149,149,167,187,220,220,246,246,317,317,331,350,350,361,373,373,404,404,404,437,437,457,41,61,61,61,61,61,61,61,91,91],"floor_reached":57,"playtime":3404,"items_purged":["Bite","Defend_G"],"score":2818,"play_id":"621f9f5b-892b-4bd2-a5c2-7c8c6b28780b","local_time":"20210108093137","is_ascension_mode":true,"campfire_choices":[{"data":"Bouncing Flask","floor":6.0,"key":"SMITH"},{"data":"Dash","floor":8.0,"key":"SMITH"},{"data":"Well Laid Plans","floor":15.0,"key":"SMITH"},{"data":"Catalyst","floor":23.0,"key":"SMITH"},{"data":"Catalyst","floor":25.0,"key":"SMITH"},{"data":"Ghostly","floor":32.0,"key":"SMITH"},{"data":"Night Terror","floor":40.0,"key":"SMITH"},{"data":"Calculated Gamble","floor":42.0,"key":"SMITH"},{"data":"Calculated Gamble","floor":45.0,"key":"SMITH"},{"floor":49.0,"key":"RECALL"},{"data":"Ghostly","floor":53.0,"key":"SMITH"}],"circlet_count":0,"master_deck":["AscendersBane","Defend_G","Defend_G","Defend_G","Defend_G","Survivor","Neutralize","Dash+1","Calculated Gamble+1","Well Laid Plans+1","Bouncing Flask+1","Corpse Explosion","Catalyst+1","Outmaneuver","Venomology","Acrobatics","Catalyst+1","Calculated Gamble+1","Bite","Bite","Bite","Bite","Blade Dance","Footwork+1","Backflip","Ghostly+1","Ghostly+1","Ghostly","Wraith Form v2+1","Night Terror+1","Wraith Form v2+1","Reflex"],"relics":["Ring of the Snake","Bag of Preparation","Nunchaku","Blue Candle","Sundial","Coffee Dripper","Frozen Eye","Frozen Egg 2","Peace Pipe","SlaversCollar","Anchor","The Specimen","Shuriken","Incense Burner","Boot"],"acts_visited":["Exordium","TheCity","TheBeyond","TheEnding"],"potions_floor_usage":[56,56,56],"damage_taken":[{"damage":0.0,"enemies":"Jaw Worm","floor":1.0,"turns":5.0},{"damage":0.0,"enemies":"Cultist","floor":2.0,"turns":4.0},{"damage":0.0,"enemies":"2 Louse","floor":4.0,"turns":3.0},{"damage":0.0,"enemies":"2 Fungi Beasts","floor":5.0,"turns":4.0},{"damage":0.0,"enemies":"Large Slime","floor":10.0,"turns":6.0},{"damage":0.0,"enemies":"Lagavulin","floor":11.0,"turns":5.0},{"damage":6.0,"enemies":"Exordium Thugs","floor":12.0,"turns":3.0},{"damage":7.0,"enemies":"3 Sentries","floor":13.0,"turns":4.0},{"damage":0.0,"enemies":"Lots of Slimes","floor":14.0,"turns":2.0},{"damage":36.0,"enemies":"The Guardian","floor":16.0,"turns":8.0},{"damage":12.0,"enemies":"3 Byrds","floor":18.0,"turns":4.0},{"damage":0.0,"enemies":"Shell Parasite","floor":19.0,"turns":6.0},{"damage":19.0,"enemies":"Book of Stabbing","floor":24.0,"turns":4.0},{"damage":0.0,"enemies":"Snecko","floor":27.0,"turns":2.0},{"damage":15.0,"enemies":"Cultist and Chosen","floor":28.0,"turns":4.0},{"damage":3.0,"enemies":"Slavers","floor":29.0,"turns":2.0},{"damage":2.0,"enemies":"Book of Stabbing","floor":31.0,"turns":5.0},{"damage":13.0,"enemies":"Champ","floor":33.0,"turns":6.0},{"damage":0.0,"enemies":"Orb Walker","floor":35.0,"turns":4.0},{"damage":0.0,"enemies":"3 Darklings","floor":36.0,"turns":5.0},{"damage":0.0,"enemies":"4 Shapes","floor":38.0,"turns":6.0},{"damage":2.0,"enemies":"Spire Growth","floor":39.0,"turns":7.0},{"damage":13.0,"enemies":"Nemesis","floor":41.0,"turns":7.0},{"damage":1.0,"enemies":"Giant Head","floor":44.0,"turns":6.0},{"damage":0.0,"enemies":"3 Darklings","floor":46.0,"turns":5.0},{"damage":0.0,"enemies":"Maw","floor":48.0,"turns":11.0},{"damage":9.0,"enemies":"Awakened One","floor":50.0,"turns":16.0},{"damage":10.0,"enemies":"Time Eater","floor":51.0,"turns":15.0},{"damage":3,"enemies":"Shield and Spear","floor":55,"turns":10},{"damage":27,"enemies":"The Heart","floor":56,"turns":11}],"seed_played":"-5763517263106443514","potions_obtained":[{"floor":1.0,"key":"Poison Potion"},{"floor":7.0,"key":"LiquidBronze"},{"floor":11.0,"key":"DuplicationPotion"},{"floor":12.0,"key":"AttackPotion"},{"floor":14.0,"key":"ColorlessPotion"},{"floor":27.0,"key":"GamblersBrew"},{"floor":39.0,"key":"Strength Potion"}],"is_trial":false,"path_per_floor":["M","M","?","M","M","R","?","R","T","M","E","M","E","M","R","B",null,"M","M","?","?","$","R","E","R","T","M","M","E","?","E","R","B",null,"M","M","?","M","M","R","E","R","T","E","R","M","$","M","R","B","B",null,"R","$","E","B",null],"character_chosen":"THE_SILENT","items_purchased":["Frozen Eye","Incense Burner"],"campfire_rested":0,"item_purchase_floors":[22,47],"current_hp_per_floor":[59,59,59,59,59,59,59,59,59,59,59,53,46,46,46,10,52,40,55,55,46,46,46,35,35,35,39,28,29,23,23,23,16,21,23,23,23,23,23,23,22,22,22,23,23,23,23,23,23,23,22,23,23,23,23,2],"gold":91,"neow_bonus":"RANDOM_COMMON_RELIC","is_daily":false,"chose_seed":false,"campfire_upgraded":10,"win_rate":0.0,"timestamp":1610116297,"path_taken":["M","M","?","M","M","R","?","R","T","?","E","M","E","M","R","BOSS","M","M","?","?","$","R","E","R","T","M","M","E","?","E","R","BOSS","M","M","?","M","?","R","E","R","T","E","R","M","?","M","R","BOSS","BOSS","R","$","E","BOSS"],"items_purchased_type":["Relic","Relic"],"build_version":"2020-12-22","purchased_purges":2,"victory":true,"max_hp_per_floor":[66,66,66,66,66,66,66,66,66,66,66,66,66,66,66,66,66,66,66,66,46,46,46,46,46,46,46,46,46,23,23,23,23,23,23,23,23,23,23,23,23,23,23,23,23,23,23,23,23,23,23,23,23,23,23,23],"relic_stats":{"Peace Pipe":0,"Nunchaku":[18],"counters":[30,180],"Sundial":[24],"Shuriken":[13],"Blue Candle":[0],"Bag of Preparation":[60],"Boot":[2],"obtain_stats":[{"The Specimen":43,"Blue Candle":11,"Bag of Preparation":0,"Incense Burner":47,"Frozen Egg 2":24,"Boot":55,"Peace Pipe":31,"Frozen Eye":22,"SlaversCollar":34,"Nunchaku":9,"Anchor":41,"Sundial":13,"Shuriken":44,"Coffee Dripper":17,"Ring of the Snake":0},{"The Specimen":23,"Blue Candle":6,"Bag of Preparation":0,"Incense Burner":25,"Frozen Egg 2":13,"Boot":29,"Peace Pipe":17,"Frozen Eye":12,"SlaversCollar":18,"Nunchaku":4,"Anchor":23,"Sundial":8,"Shuriken":24,"Coffee Dripper":10,"Ring of the Snake":0},{"The Specimen":106,"Blue Candle":27,"Bag of Preparation":0,"Incense Burner":117,"Frozen Egg 2":58,"Boot":169,"Peace Pipe":71,"Frozen Eye":54,"SlaversCollar":77,"Nunchaku":16,"Anchor":106,"Sundial":34,"Shuriken":112,"Coffee Dripper":44,"Ring of the Snake":0}],"Ring of the Snake":[60]},"card_choices":[{"not_picked":["Cloak And Dagger","Masterful Stab"],"picked":"Dash","floor":1.0},{"not_picked":["Backflip","Acrobatics"],"picked":"Calculated Gamble","floor":2.0},{"not_picked":["Flying Knee","Quick Slash"],"picked":"Well Laid Plans","floor":4.0},{"not_picked":["Predator","Dagger Throw"],"picked":"Bouncing Flask","floor":5.0},{"not_picked":["Sucker Punch","Dagger Throw"],"picked":"Corpse Explosion","floor":10.0},{"not_picked":["Eviscerate","Bane"],"picked":"Catalyst","floor":11.0},{"not_picked":["Skewer","Dagger Spray","Dash"],"picked":"SKIP","floor":12.0},{"not_picked":["All Out Attack","Bane"],"picked":"Outmaneuver","floor":13.0},{"not_picked":["Slice","Quick Slash","Deflect"],"picked":"SKIP","floor":14.0},{"not_picked":["Storm of Steel","Unload"],"picked":"Venomology","floor":16.0},{"not_picked":["Dagger Throw","Bane"],"picked":"Acrobatics","floor":18.0},{"not_picked":["Finisher","Flying Knee"],"picked":"Catalyst","floor":19.0},{"not_picked":["Dodge and Roll","Flechettes"],"picked":"Blade Dance","floor":24.0},{"not_picked":["Dagger Throw","Corpse Explosion"],"picked":"Footwork+1","floor":27.0},{"not_picked":["Sucker Punch","Slice","Deadly Poison"],"picked":"SKIP","floor":28.0},{"not_picked":["Crippling Poison","Predator"],"picked":"Backflip","floor":29.0},{"not_picked":["Poisoned Stab","Slice"],"picked":"Wraith Form v2+1","floor":31.0},{"not_picked":["Burst","Venomology"],"picked":"Night Terror","floor":33.0},{"not_picked":["Outmaneuver","Flying Knee+1","Cloak And Dagger"],"picked":"SKIP","floor":35.0},{"not_picked":["Backflip","Choke","Riddle With Holes+1"],"picked":"SKIP","floor":36.0},{"not_picked":["Blade Dance+1","Finisher+1","Dodge and Roll"],"picked":"SKIP","floor":38.0},{"not_picked":["Endless Agony","Sucker Punch+1","Blur"],"picked":"SKIP","floor":39.0},{"not_picked":["Flechettes+1","Deadly Poison+1","Night Terror"],"picked":"SKIP","floor":41.0},{"not_picked":["Deflect","Dagger Throw","Poisoned Stab+1"],"picked":"SKIP","floor":44.0},{"not_picked":["Underhanded Strike+1","Dagger Throw+1","Dagger Spray+1"],"picked":"SKIP","floor":46.0},{"not_picked":["Masterful Stab","Well Laid Plans+1"],"picked":"Reflex","floor":48.0},{"not_picked":["Cloak And Dagger","Poisoned Stab","Phantasmal Killer"],"picked":"SKIP","floor":55}],"player_experience":1681663,"relics_obtained":[{"floor":9.0,"key":"Nunchaku"},{"floor":11.0,"key":"Blue Candle"},{"floor":13.0,"key":"Sundial"},{"floor":24.0,"key":"Frozen Egg 2"},{"floor":31.0,"key":"Peace Pipe"},{"floor":41.0,"key":"Anchor"},{"floor":43.0,"key":"The Specimen"},{"floor":44.0,"key":"Shuriken"},{"floor":55,"key":"Boot"}],"event_choices":[{"damage_healed":0.0,"max_hp_gain":0.0,"max_hp_loss":0.0,"gold_gain":0.0,"event_name":"Liars Game","player_choice":"Ignored","floor":3.0,"gold_loss":0.0,"damage_taken":0.0},{"damage_healed":0.0,"max_hp_gain":0.0,"max_hp_loss":0.0,"gold_gain":0.0,"event_name":"The Woman in Blue","player_choice":"Bought 1 Potion","floor":7.0,"gold_loss":0.0,"damage_taken":0.0},{"damage_healed":0.0,"max_hp_gain":0.0,"max_hp_loss":0.0,"gold_gain":0.0,"event_name":"The Library","player_choice":"Read","floor":20.0,"gold_loss":0.0,"damage_taken":0.0,"cards_obtained":["Calculated Gamble"]},{"damage_healed":0.0,"max_hp_gain":0.0,"max_hp_loss":20.0,"gold_gain":0.0,"event_name":"Vampires","player_choice":"Became a vampire","floor":21.0,"gold_loss":0.0,"damage_taken":0.0,"cards_obtained":["Bite","Bite","Bite","Bite","Bite"]},{"damage_healed":0.0,"max_hp_gain":0.0,"max_hp_loss":23.0,"gold_gain":0.0,"event_name":"Ghosts","player_choice":"Became a Ghost","floor":30.0,"gold_loss":0.0,"damage_taken":0.0,"cards_obtained":["Ghostly","Ghostly","Ghostly"]},{"damage_healed":0.0,"max_hp_gain":0.0,"max_hp_loss":0.0,"gold_gain":0.0,"event_name":"Duplicator","player_choice":"Copied","floor":37.0,"gold_loss":0.0,"damage_taken":0.0,"cards_obtained":["Wraith Form v2"]}],"is_beta":false,"boss_relics":[{"not_picked":["Philosopher\u0027s Stone","Empty Cage"],"picked":"Coffee Dripper"},{"not_picked":["Busted Crown","Tiny House"],"picked":"SlaversCollar"}],"items_purged_floors":[22,47],"is_endless":false,"potions_floor_spawned":[1,11,12,14,18,27,36,39,44,48,55],"ascension_level":20}}