{"host":"df48i9djcn92c5sx","time":1610118798,"event":{"mods":["BaseMod","Downfall","Marisa£®ÏF”Í°°ƒß¿Ì…≥£©","Minty Spire (QoL Compilation)","READ ME - Guardian Mod","READ ME - Snecko Mod","Reimu£®≤©¿ˆ¡È√Œ£©","Remilia£®¿Ÿ√◊¿Ú—«£©","Replay The Spire","Shop Mod","StSLib","The Jungle","The Servant 0.9.4"],"gold_per_floor":[99,99,169,169,169,169,194,194,194,213,213,213,213,240,258,258,258],"floor_reached":16,"playtime":515,"items_purged":[],"score":109,"play_id":"716c58f4-0c63-4b38-b5d2-c3a45398c56b","local_time":"20210108231318","is_ascension_mode":true,"campfire_choices":[{"data":"KidneyShot","floor":1,"key":"SMITH"},{"data":"Defy","floor":6,"key":"SMITH"},{"data":"Advance","floor":9,"key":"SMITH"},{"floor":11,"key":"RECALL"}],"circlet_count":0,"master_deck":["Strike_S","Strike_S","Defend_S","Defend_S","Defend_S","Defend_S","KidneyShot+1","Exchange","Moondial+1","Defy+1","Advance+1","Hightail","Rearm"],"relics":["Uniform","downfall:HeartsMalice","Eternal Feather","Replay:Rubber Ducky"],"acts_visited":["Exordium"],"potions_floor_usage":[16],"damage_taken":[{"damage":0,"enemies":"Cultist","floor":2,"turns":1},{"damage":0,"enemies":"Jaw Worm","floor":5,"turns":1},{"damage":0,"enemies":"2 Louse","floor":8,"turns":1},{"damage":0,"enemies":"Blue Slaver","floor":10,"turns":3},{"damage":3,"enemies":"3 Louse","floor":15,"turns":4},{"damage":30,"enemies":"downfall:Silent","floor":16,"turns":29}],"seed_played":"-7534896843522643447","potions_obtained":[{"floor":10,"key":"Weak Potion"}],"is_trial":false,"path_per_floor":["R","M","T","?","M","R","T","M","R","M","R","?","?","T","M","B"],"character_chosen":"THE_SERVANT","items_purchased":[],"campfire_rested":0,"item_purchase_floors":[],"current_hp_per_floor":[59,59,59,59,59,65,65,65,65,65,65,65,65,65,62,32,32],"gold":258,"neow_bonus":"THREE_ENEMY_KILL","is_daily":false,"chose_seed":false,"campfire_upgraded":3,"win_rate":0.0,"timestamp":1610118798,"path_taken":["R","M","?","?","M","R","T","?","R","M","R","?","?","?","M","BOSS"],"items_purchased_type":[],"build_version":"2020-12-22","purchased_purges":0,"victory":false,"max_hp_per_floor":[65,65,65,65,65,65,65,65,65,65,65,65,65,65,65,65,65],"card_choices":[{"not_picked":["Spin","Starlight"],"picked":"Moondial","floor":2},{"not_picked":["Shuttle","Spin"],"picked":"Defy","floor":5},{"not_picked":["Defy","BottledTime"],"picked":"Advance","floor":8},{"not_picked":["TimeWarp","Revamp","Advance"],"picked":"SKIP","floor":10},{"not_picked":["TimeWarp","Revamp","Advance"],"picked":"SKIP","floor":10},{"not_picked":["Unruled","Replace"],"picked":"Rearm","floor":15}],"player_experience":1412602,"relics_obtained":[{"floor":3,"key":"Eternal Feather"},{"floor":14,"key":"Replay:Rubber Ducky"}],"event_choices":[{"damage_healed":0,"gold_gain":0,"player_choice":"Upgraded","damage_taken":0,"max_hp_gain":0,"max_hp_loss":0,"event_name":"Upgrade Shrine","floor":4,"gold_loss":0,"cards_upgraded":["Moondial"]},{"damage_healed":0,"gold_gain":0,"cards_transformed":["Strike_S"],"player_choice":"Change","damage_taken":0,"max_hp_gain":0,"max_hp_loss":0,"event_name":"Living Wall","floor":12,"gold_loss":0,"cards_obtained":["Hightail"]}],"is_beta":false,"boss_relics":[],"items_purged_floors":[],"is_endless":false,"potions_floor_spawned":[10],"killed_by":"downfall:Silent","ascension_level":6}}