{"host":"o0q01dgb4z8zpo6o","time":1610150037,"event":{"mods":["BaseMod","GifTheSpireLib","Minty Spire (QoL Compilation)","Relic Stats","StSLib"],"gold_per_floor":[369,388,180,180,199,199,234,234,283,309,328,328,343,343,343],"floor_reached":14,"playtime":577,"items_purged":["Strike_B"],"score":195,"play_id":"7aec0eed-6729-4aef-b7ec-6940c2c4ecfb","local_time":"20210108155357","is_ascension_mode":true,"campfire_choices":[{"data":"Sunder","floor":6,"key":"SMITH"},{"data":"Genetic Algorithm","floor":8,"key":"SMITH"}],"circlet_count":0,"master_deck":["AscendersBane","Strike_B","Strike_B","Strike_B","Defend_B","Defend_B+1","Defend_B+1","Defend_B","Zap","Dualcast","Sunder+1","Leap","Gash","Genetic Algorithm+1","Sweeping Beam","Hologram","Steam Power","BootSequence","Go for the Eyes"],"relics":["Cracked Core","Dream Catcher","Pen Nib","Bag of Preparation"],"acts_visited":["Exordium"],"potions_floor_usage":[7,10,14],"damage_taken":[{"damage":5,"enemies":"2 Louse","floor":1,"turns":3},{"damage":0,"enemies":"Small Slimes","floor":2,"turns":2},{"damage":0,"enemies":"Cultist","floor":5,"turns":3},{"damage":15,"enemies":"3 Sentries","floor":7,"turns":6},{"damage":15,"enemies":"Lagavulin","floor":10,"turns":6},{"damage":0,"enemies":"Exordium Thugs","floor":11,"turns":4},{"damage":0,"enemies":"Lots of Slimes","floor":13,"turns":4},{"damage":13,"enemies":"Gremlin Nob","floor":14,"turns":3}],"seed_played":"7270069437874022175","potions_obtained":[{"floor":1,"key":"Ancient Potion"},{"floor":2,"key":"AttackPotion"},{"floor":7,"key":"DistilledChaos"},{"floor":13,"key":"Weak Potion"}],"is_trial":false,"path_per_floor":["M","M","$","?","M","R","E","R","T","E","M","?","M","E"],"character_chosen":"DEFECT","items_purchased":["Gash","Genetic Algorithm"],"campfire_rested":0,"item_purchase_floors":[3,3],"current_hp_per_floor":[59,59,59,40,40,40,25,25,25,10,10,10,10,0,0],"gold":343,"neow_bonus":"TWO_FIFTY_GOLD","is_daily":false,"chose_seed":false,"campfire_upgraded":2,"win_rate":0.0,"timestamp":1610150037,"path_taken":["M","M","$","?","M","R","E","R","T","E","M","?","M","E"],"items_purchased_type":["Card","Card"],"build_version":"2020-12-22","purchased_purges":1,"victory":false,"max_hp_per_floor":[64,64,64,64,64,64,64,64,64,64,64,64,64,64,64],"relic_stats":{"Dream Catcher":0,"counters":[8,31],"Pen Nib":[2],"Bag of Preparation":[6],"obtain_stats":[{"Dream Catcher":7,"Pen Nib":9,"Bag of Preparation":10,"Cracked Core":0},{"Dream Catcher":4,"Pen Nib":4,"Bag of Preparation":5,"Cracked Core":0},{"Dream Catcher":14,"Pen Nib":14,"Bag of Preparation":20,"Cracked Core":0}]},"card_choices":[{"not_picked":["Heatsinks","Compile Driver"],"picked":"Sunder","floor":1},{"not_picked":["Stack","Rip and Tear"],"picked":"Leap","floor":2},{"not_picked":["Rip and Tear","Turbo"],"picked":"Sweeping Beam","floor":5},{"not_picked":["Darkness","Skim"],"picked":"Hologram","floor":7},{"not_picked":["Scrape","Stack"],"picked":"Steam Power","floor":10},{"not_picked":["Multi-Cast","Barrage"],"picked":"BootSequence","floor":11},{"not_picked":["Leap","Streamline"],"picked":"Go for the Eyes","floor":13}],"player_experience":1077316,"relics_obtained":[{"floor":7,"key":"Dream Catcher"},{"floor":9,"key":"Pen Nib"},{"floor":10,"key":"Bag of Preparation"}],"event_choices":[{"damage_healed":0,"gold_gain":0,"player_choice":"Entered Light","damage_taken":19,"max_hp_gain":0,"max_hp_loss":0,"event_name":"Shining Light","floor":4,"gold_loss":0,"cards_upgraded":["Defend_B","Defend_B"]},{"damage_healed":0,"gold_gain":0,"player_choice":"Ignored","damage_taken":0,"max_hp_gain":0,"max_hp_loss":0,"event_name":"Liars Game","floor":12,"gold_loss":0}],"is_beta":false,"boss_relics":[],"items_purged_floors":[3],"is_endless":false,"potions_floor_spawned":[1,2,7,13],"killed_by":"Gremlin Nob","ascension_level":19}}