{"host":"bxn2em57qlx5u4i0","time":1610137097,"event":{"mods":["BaseMod","Colored Map","Colored Powertips","Highlight Path","Minty Spire (QoL Compilation)","Random Character Button","Relic Sorter","Relic Stats","StSLib","SuperFastMode"],"gold_per_floor":[113,93,104,5,25,57,57,85,111,111,139,139,149,167,167,241,241,252,40,58,68,80,112,123,123,123,455,505,538,102,118,118,191,191,204,204,229,229,244,244,273,288,288,313,237,267,280,296,296,296,296,296,296,31,60,60,60],"floor_reached":56,"playtime":2727,"items_purged":["Strike_G"],"score":2459,"play_id":"0dd925ba-8638-4e67-bd43-fbab62aeea2a","local_time":"20210108151817","is_ascension_mode":true,"campfire_choices":[{"data":"All Out Attack","floor":7.0,"key":"SMITH"},{"floor":12.0,"key":"REST"},{"data":"Leg Sweep","floor":15.0,"key":"SMITH"},{"data":"After Image","floor":32.0,"key":"SMITH"},{"data":"After Image","floor":40.0,"key":"SMITH"},{"floor":49.0,"key":"RECALL"},{"data":"After Image","floor":53.0,"key":"SMITH"}],"circlet_count":0,"master_deck":["AscendersBane","Defend_G","Defend_G","Defend_G","Survivor","Neutralize+1","Calculated Gamble","All Out Attack+1","PiercingWail","Leg Sweep+1","Backflip","After Image+1","Blade Dance+1","Footwork+1","Heel Hook+1","Bouncing Flask+1","Cloak And Dagger+1","Blade Dance","After Image+1","Blade Dance","After Image+1","Noxious Fumes","Escape Plan","Infinite Blades","Blur+1","Infinite Blades+1","Escape Plan","Terror","Infinite Blades+1","PiercingWail"],"relics":["Ring of the Snake","Bronze Scales","Strawberry","Bag of Marbles","Oddly Smooth Stone","Astrolabe","Vajra","Ornamental Fan","Nilry\u0027s Codex","Question Card","Old Coin","HornCleat","Lantern","Ninja Scroll","Sozu","Shovel","Whetstone","Toy Ornithopter","Omamori","InkBottle","Centennial Puzzle"],"acts_visited":["Exordium","TheCity","TheBeyond","TheEnding"],"potions_floor_usage":[56],"damage_taken":[{"damage":0.0,"enemies":"2 Louse","floor":1.0,"turns":3.0},{"damage":4.0,"enemies":"Cultist","floor":3.0,"turns":5.0},{"damage":7.0,"enemies":"Jaw Worm","floor":5.0,"turns":4.0},{"damage":0.0,"enemies":"Gremlin Nob","floor":6.0,"turns":3.0},{"damage":10.0,"enemies":"3 Sentries","floor":8.0,"turns":3.0},{"damage":26.0,"enemies":"Lagavulin","floor":11.0,"turns":6.0},{"damage":0.0,"enemies":"Lots of Slimes","floor":13.0,"turns":1.0},{"damage":8.0,"enemies":"3 Louse","floor":14.0,"turns":2.0},{"damage":15.0,"enemies":"The Guardian","floor":16.0,"turns":19.0},{"damage":12.0,"enemies":"2 Thieves","floor":18.0,"turns":4.0},{"damage":0.0,"enemies":"Spheric Guardian","floor":20.0,"turns":5.0},{"damage":2.0,"enemies":"Centurion and Healer","floor":21.0,"turns":8.0},{"damage":3.0,"enemies":"Snake Plant","floor":22.0,"turns":7.0},{"damage":0.0,"enemies":"Book of Stabbing","floor":23.0,"turns":7.0},{"damage":0.0,"enemies":"Cultist and Chosen","floor":24.0,"turns":5.0},{"damage":0.0,"enemies":"Gremlin Leader","floor":27.0,"turns":6.0},{"damage":0.0,"enemies":"Book of Stabbing","floor":29.0,"turns":6.0},{"damage":0.0,"enemies":"Chosen and Byrds","floor":31.0,"turns":6.0},{"damage":44.0,"enemies":"Collector","floor":33.0,"turns":16.0},{"damage":0.0,"enemies":"3 Darklings","floor":35.0,"turns":2.0},{"damage":0.0,"enemies":"Mind Bloom Boss Battle","floor":37.0,"turns":6.0},{"damage":0.0,"enemies":"Orb Walker","floor":39.0,"turns":2.0},{"damage":0.0,"enemies":"Giant Head","floor":41.0,"turns":8.0},{"damage":0.0,"enemies":"Sphere and 2 Shapes","floor":42.0,"turns":5.0},{"damage":0.0,"enemies":"Reptomancer","floor":44.0,"turns":8.0},{"damage":0.0,"enemies":"Nemesis","floor":46.0,"turns":7.0},{"damage":0.0,"enemies":"Maw","floor":47.0,"turns":7.0},{"damage":0.0,"enemies":"4 Shapes","floor":48.0,"turns":8.0},{"damage":5.0,"enemies":"Donu and Deca","floor":50.0,"turns":12.0},{"damage":45.0,"enemies":"Time Eater","floor":51.0,"turns":15.0},{"damage":37.0,"enemies":"Shield and Spear","floor":55.0,"turns":9.0},{"damage":31,"enemies":"The Heart","floor":56,"turns":8}],"seed_played":"6374122073523318569","potions_obtained":[{"floor":1.0,"key":"Fire Potion"},{"floor":2.0,"key":"Block Potion"},{"floor":5.0,"key":"AttackPotion"},{"floor":14.0,"key":"GamblersBrew"},{"floor":22.0,"key":"Dexterity Potion"},{"floor":23.0,"key":"SteroidPotion"},{"floor":24.0,"key":"FairyPotion"}],"is_trial":false,"path_per_floor":["M","?","M","$","M","E","R","E","T","?","E","R","M","M","R","B",null,"M","$","M","M","M","E","M","?","T","E","?","E","$","M","R","B",null,"M","?","?","?","M","R","E","M","T","E","$","E","M","M","R","B","B",null,"R","$","E","B"],"character_chosen":"THE_SILENT","items_purchased":["Dagger Spray","Vajra","Explosive Potion","Lantern","Ninja Scroll","Terror","InkBottle"],"campfire_rested":1,"item_purchase_floors":[4,19,19,30,30,45,54],"current_hp_per_floor":[44,44,40,40,33,33,33,30,30,30,4,25,25,17,17,2,55,43,43,43,41,38,38,38,17,17,17,10,10,10,10,10,21,60,60,60,60,60,60,60,60,60,60,60,60,60,60,60,60,55,10,57,57,57,20,0,0],"gold":60,"neow_bonus":"REMOVE_TWO","is_daily":false,"chose_seed":false,"campfire_upgraded":5,"win_rate":0.0,"timestamp":1610137097,"path_taken":["M","?","M","$","?","E","R","E","T","?","E","R","M","M","R","BOSS","M","$","M","M","M","E","?","?","T","E","?","E","$","M","R","BOSS","M","?","?","?","?","R","E","M","T","E","$","E","M","M","R","BOSS","BOSS","R","$","E","BOSS"],"items_purchased_type":["Card","Relic","Potion","Relic","Relic","Card","Relic"],"build_version":"2020-12-22","purchased_purges":1,"victory":false,"max_hp_per_floor":[66,66,66,66,66,66,66,73,73,73,73,73,73,73,73,73,73,73,73,73,73,73,73,73,73,73,73,73,73,73,73,73,73,73,73,73,73,73,73,73,73,73,73,73,73,73,73,73,73,73,73,73,73,73,73,73,73],"relic_stats":{"counters":[32,213],"Astrolabe":["Blade Dance","Footwork","Heel Hook"],"Whetstone":["Neutralize"],"Question Card":14,"Sozu":3,"Centennial Puzzle":[3],"Shovel":0,"Ornamental Fan":[608],"Bronze Scales":[664],"obtain_stats":[{"Lantern":30,"Nilry\u0027s Codex":25,"Astrolabe":17,"Oddly Smooth Stone":11,"Vajra":19,"Omamori":46,"Whetstone":41,"Question Card":26,"Old Coin":27,"Sozu":34,"Centennial Puzzle":55,"HornCleat":29,"Shovel":37,"Ornamental Fan":23,"Ninja Scroll":30,"Bronze Scales":6,"Strawberry":8,"Bag of Marbles":9,"Toy Ornithopter":44,"InkBottle":54,"Ring of the Snake":0},{"Lantern":17,"Nilry\u0027s Codex":15,"Astrolabe":9,"Oddly Smooth Stone":6,"Vajra":10,"Omamori":26,"Whetstone":23,"Question Card":15,"Old Coin":16,"Sozu":19,"Centennial Puzzle":31,"HornCleat":17,"Shovel":21,"Ornamental Fan":14,"Ninja Scroll":17,"Bronze Scales":4,"Strawberry":5,"Bag of Marbles":5,"Toy Ornithopter":25,"InkBottle":30,"Ring of the Snake":0},{"Lantern":94,"Nilry\u0027s Codex":82,"Astrolabe":46,"Oddly Smooth Stone":24,"Vajra":50,"Omamori":154,"Whetstone":134,"Question Card":82,"Old Coin":88,"Sozu":116,"Centennial Puzzle":205,"HornCleat":94,"Shovel":124,"Ornamental Fan":77,"Ninja Scroll":94,"Bronze Scales":15,"Strawberry":18,"Bag of Marbles":18,"Toy Ornithopter":147,"InkBottle":196,"Ring of the Snake":0}],"Toy Ornithopter":5,"InkBottle":[14],"Ring of the Snake":[64]},"card_choices":[{"not_picked":["Blur","Setup"],"picked":"Calculated Gamble","floor":1.0},{"not_picked":["Backflip","Prepared"],"picked":"Dagger Spray","floor":3.0},{"not_picked":["Caltrops","Dodge and Roll"],"picked":"All Out Attack","floor":5.0},{"not_picked":["Slice","Blur","Underhanded Strike"],"picked":"SKIP","floor":6.0},{"not_picked":["Acrobatics","Deadly Poison"],"picked":"PiercingWail","floor":8.0},{"not_picked":["Blur","Quick Slash"],"picked":"Leg Sweep","floor":11.0},{"not_picked":["Prepared","Phantasmal Killer","Cloak And Dagger"],"picked":"SKIP","floor":13.0},{"not_picked":["Infinite Blades","PiercingWail"],"picked":"Backflip","floor":14.0},{"not_picked":["Unload","A Thousand Cuts"],"picked":"After Image","floor":16.0},{"not_picked":["Bane+1","Eviscerate"],"picked":"Bouncing Flask+1","floor":18.0},{"not_picked":["Bane+1","Poisoned Stab"],"picked":"Cloak And Dagger+1","floor":20.0},{"not_picked":["Outmaneuver","Bouncing Flask","Underhanded Strike"],"picked":"SKIP","floor":21.0},{"not_picked":["Dodge and Roll","Cloak And Dagger","Dagger Throw"],"picked":"SKIP","floor":22.0},{"not_picked":["Leg Sweep","Well Laid Plans","Finisher"],"picked":"SKIP","floor":23.0},{"not_picked":["Leg Sweep","Well Laid Plans","Finisher"],"picked":"SKIP","floor":23.0},{"not_picked":["Dash","Poisoned Stab+1"],"picked":"Blade Dance","floor":24.0},{"not_picked":["Bane","Slice+1","Storm of Steel","Reflex"],"picked":"SKIP","floor":27.0},{"not_picked":["Deadly Poison","Bouncing Flask","Slice"],"picked":"After Image","floor":29.0},{"not_picked":["Acrobatics","Choke+1","Skewer+1"],"picked":"Blade Dance","floor":31.0},{"not_picked":["Adrenaline","Grand Finale","Burst"],"picked":"After Image","floor":33.0},{"not_picked":["Backflip","Dagger Throw","All Out Attack","Cloak And Dagger"],"picked":"SKIP","floor":35.0},{"not_picked":["Distraction+1","Underhanded Strike","Quick Slash"],"picked":"Noxious Fumes","floor":37.0},{"not_picked":["Flechettes","Poisoned Stab","Slice"],"picked":"Infinite Blades","floor":39.0},{"not_picked":["Bane+1","Infinite Blades","Catalyst"],"picked":"Blur+1","floor":41.0},{"not_picked":["Tactician","Flechettes","All Out Attack+1"],"picked":"Infinite Blades+1","floor":42.0},{"not_picked":["Outmaneuver","Backflip","Noxious Fumes"],"picked":"Escape Plan","floor":44.0},{"not_picked":["Venomology","Bane","PiercingWail"],"picked":"Infinite Blades+1","floor":46.0},{"not_picked":["Setup","Dagger Spray","Flying Knee","Bane"],"picked":"SKIP","floor":47.0},{"not_picked":["Underhanded Strike+1","Slice","Dagger Spray"],"picked":"PiercingWail","floor":48.0},{"not_picked":["Flying Knee","Bane","Quick Slash","Slice+1"],"picked":"SKIP","floor":55.0}],"player_experience":2885685,"relics_obtained":[{"floor":6.0,"key":"Bronze Scales"},{"floor":8.0,"key":"Strawberry"},{"floor":9.0,"key":"Bag of Marbles"},{"floor":11.0,"key":"Oddly Smooth Stone"},{"floor":23.0,"key":"Ornamental Fan"},{"floor":25.0,"key":"Nilry\u0027s Codex"},{"floor":26.0,"key":"Question Card"},{"floor":27.0,"key":"Old Coin"},{"floor":29.0,"key":"HornCleat"},{"floor":37.0,"key":"Shovel"},{"floor":41.0,"key":"Whetstone"},{"floor":44.0,"key":"Toy Ornithopter"},{"floor":46.0,"key":"Omamori"},{"floor":55.0,"key":"Centennial Puzzle"}],"event_choices":[{"damage_healed":0.0,"max_hp_gain":0.0,"max_hp_loss":0.0,"gold_gain":0.0,"event_name":"The Woman in Blue","player_choice":"Bought 1 Potion","floor":2.0,"gold_loss":0.0,"damage_taken":0.0},{"cards_removed":["Strike_G"],"damage_healed":0.0,"max_hp_gain":0.0,"max_hp_loss":0.0,"gold_gain":0.0,"event_name":"Purifier","player_choice":"Purged","floor":10.0,"gold_loss":0.0,"damage_taken":0.0},{"damage_healed":0.0,"max_hp_gain":0.0,"max_hp_loss":0.0,"gold_gain":0.0,"event_name":"Cursed Tome","player_choice":"Obtained Book","floor":25.0,"gold_loss":0.0,"damage_taken":21.0},{"damage_healed":0.0,"max_hp_gain":0.0,"max_hp_loss":0.0,"gold_gain":50.0,"event_name":"FaceTrader","player_choice":"Touch","floor":28.0,"gold_loss":0.0,"damage_taken":7.0},{"cards_removed":["Dagger Spray"],"damage_healed":0.0,"max_hp_gain":0.0,"max_hp_loss":0.0,"gold_gain":0.0,"event_name":"Falling","player_choice":"Removed Attack","floor":36.0,"gold_loss":0.0,"damage_taken":0.0},{"damage_healed":0.0,"max_hp_gain":0.0,"max_hp_loss":0.0,"gold_gain":0.0,"event_name":"MindBloom","player_choice":"Fight","floor":37.0,"gold_loss":0.0,"damage_taken":0.0},{"damage_healed":0.0,"max_hp_gain":0.0,"max_hp_loss":0.0,"gold_gain":0.0,"cards_transformed":["Dagger Spray"],"event_name":"Transmorgrifier","player_choice":"Transformed","floor":38.0,"gold_loss":0.0,"damage_taken":0.0,"cards_obtained":["Escape Plan"]}],"is_beta":false,"boss_relics":[{"not_picked":["Pandora\u0027s Box","Philosopher\u0027s Stone"],"picked":"Astrolabe"},{"not_picked":["Runic Dome","Velvet Choker"],"picked":"Sozu"}],"items_purged_floors":[4],"is_endless":false,"potions_floor_spawned":[1,5,14,22,23,24,29,31,37,41,47],"killed_by":"The Heart","ascension_level":20}}