{"host":"q9718omregw4er46","time":1610124760,"event":{"mods":["BaseMod","Bestiary","Colored Powertips","Minty Spire (QoL Compilation)","Quick Restart","Relic Stats"],"gold_per_floor":[116,116,41,54,0,25,36,48,48,64,64,89,109,142,142,215,215,235,41,41,51,68,68,68,68],"floor_reached":24,"playtime":744,"items_purged":["Pain","Strike_B"],"score":436,"play_id":"f35816ac-578a-443f-aac6-900710f24ef3","local_time":"20210108215240","is_ascension_mode":true,"campfire_choices":[{"floor":11.0,"key":"REST"},{"data":"Recycle","floor":15.0,"key":"SMITH"},{"floor":23,"key":"DIG"}],"circlet_count":0,"master_deck":["AscendersBane","Strike_B","Strike_B","Strike_B","Defend_B","Defend_B","Defend_B","Defend_B","Zap","Dualcast","Go for the Eyes","Rebound","Sunder","Cold Snap","Ball Lightning","Recycle+1","Self Repair","Creative AI","CurseOfTheBell","Self Repair","Static Discharge","Machine Learning"],"relics":["Cracked Core","Regal Pillow","WarpedTongs","Mercury Hourglass","The Courier","Kunai","Unceasing Top","Calling Bell","Boot","Darkstone Periapt","Shovel","Lizard Tail"],"acts_visited":["Exordium","TheCity"],"potions_floor_usage":[21,24],"damage_taken":[{"damage":4.0,"enemies":"Jaw Worm","floor":1.0,"turns":4.0},{"damage":0.0,"enemies":"Cultist","floor":4.0,"turns":3.0},{"damage":27.0,"enemies":"Gremlin Nob","floor":6.0,"turns":4.0},{"damage":0.0,"enemies":"Small Slimes","floor":7.0,"turns":2.0},{"damage":6.0,"enemies":"2 Fungi Beasts","floor":8.0,"turns":2.0},{"damage":0.0,"enemies":"3 Louse","floor":10.0,"turns":2.0},{"damage":30.0,"enemies":"Lagavulin","floor":12.0,"turns":6.0},{"damage":10.0,"enemies":"Lots of Slimes","floor":13.0,"turns":3.0},{"damage":21.0,"enemies":"3 Sentries","floor":14.0,"turns":5.0},{"damage":13.0,"enemies":"Hexaghost","floor":16.0,"turns":9.0},{"damage":6.0,"enemies":"Spheric Guardian","floor":18.0,"turns":3.0},{"damage":13,"enemies":"Chosen","floor":21,"turns":5},{"damage":42,"enemies":"Centurion and Healer","floor":22,"turns":6},{"damage":67,"enemies":"Book of Stabbing","floor":24,"turns":4}],"seed_played":"1112655236125607851","potions_obtained":[{"floor":6.0,"key":"SkillPotion"},{"floor":7.0,"key":"Regen Potion"},{"floor":12.0,"key":"SkillPotion"},{"floor":14.0,"key":"PowerPotion"},{"floor":16.0,"key":"ColorlessPotion"},{"floor":22,"key":"Fire Potion"}],"is_trial":false,"path_per_floor":["M","?","$","M","$","E","M","M","T","M","R","E","M","E","R","B",null,"M","$","?","M","M","R","E"],"character_chosen":"DEFECT","items_purchased":["Rebound","Self Repair","Static Discharge"],"campfire_rested":1,"item_purchase_floors":[5,19,19],"current_hp_per_floor":[60,60,60,60,60,33,33,27,27,27,63,46,36,22,22,16,57,51,51,51,58,30,30,0,0],"gold":68,"neow_bonus":"RANDOM_COMMON_RELIC","is_daily":false,"chose_seed":false,"campfire_upgraded":1,"win_rate":0.0,"timestamp":1610124760,"path_taken":["M","?","$","?","?","E","M","M","T","M","R","E","?","E","R","BOSS","M","$","?","M","M","R","E"],"items_purchased_type":["Card","Card","Card"],"build_version":"2020-12-22","purchased_purges":2,"victory":false,"max_hp_per_floor":[71,71,71,71,71,71,71,71,71,71,71,71,71,71,71,71,71,71,71,71,71,71,71,71,71],"relic_stats":{"Darkstone Periapt":0,"Regal Pillow":15,"Lizard Tail":35,"Shovel":1,"counters":[14,57],"Kunai":[6],"Boot":[14],"obtain_stats":[{"Calling Bell":17,"Darkstone Periapt":17,"Regal Pillow":0,"Lizard Tail":23,"Shovel":17,"The Courier":9,"Kunai":12,"Cracked Core":0,"Boot":17,"Unceasing Top":14,"WarpedTongs":2,"Mercury Hourglass":6},{"Calling Bell":10,"Darkstone Periapt":10,"Regal Pillow":0,"Lizard Tail":13,"Shovel":10,"The Courier":5,"Kunai":7,"Cracked Core":0,"Boot":10,"Unceasing Top":9,"WarpedTongs":1,"Mercury Hourglass":3},{"Calling Bell":39,"Darkstone Periapt":39,"Regal Pillow":0,"Lizard Tail":53,"Shovel":39,"The Courier":15,"Kunai":22,"Cracked Core":0,"Boot":39,"Unceasing Top":30,"WarpedTongs":4,"Mercury Hourglass":11}],"Unceasing Top":[3],"WarpedTongs":[52],"Mercury Hourglass":[189]},"card_choices":[{"not_picked":["Conserve Battery","Coolheaded","Streamline"],"picked":"SKIP","floor":1.0},{"not_picked":["Steam","Double Energy"],"picked":"Go for the Eyes","floor":4.0},{"not_picked":["Meteor Strike","Doom and Gloom"],"picked":"Sunder","floor":6.0},{"not_picked":["Redo","Hello World"],"picked":"Cold Snap","floor":7.0},{"not_picked":["Turbo","Steam"],"picked":"Ball Lightning","floor":8.0},{"not_picked":["Stack","Go for the Eyes"],"picked":"Recycle","floor":10.0},{"not_picked":["Steam","Redo"],"picked":"Self Repair","floor":12.0},{"not_picked":["Hologram","Rip and Tear","Storm"],"picked":"SKIP","floor":13.0},{"not_picked":["Reinforced Body","Go for the Eyes","Redo"],"picked":"SKIP","floor":14.0},{"not_picked":["Reboot","Multi-Cast"],"picked":"Creative AI","floor":16.0},{"not_picked":["Chaos","Ball Lightning+1","Rebound"],"picked":"SKIP","floor":18.0},{"not_picked":["Steam","Auto Shields","Genetic Algorithm"],"picked":"SKIP","floor":21},{"not_picked":["Rip and Tear","Force Field","Cold Snap"],"picked":"SKIP","floor":22}],"player_experience":1189892,"relics_obtained":[{"floor":6.0,"key":"Mercury Hourglass"},{"floor":9.0,"key":"The Courier"},{"floor":12.0,"key":"Kunai"},{"floor":14.0,"key":"Unceasing Top"},{"floor":17.0,"key":"Boot"},{"floor":17.0,"key":"Darkstone Periapt"},{"floor":17.0,"key":"Shovel"},{"floor":23,"key":"Lizard Tail"}],"event_choices":[{"damage_healed":0.0,"max_hp_gain":0.0,"max_hp_loss":0.0,"gold_gain":0.0,"event_name":"Accursed Blacksmith","player_choice":"Rummage","floor":2.0,"gold_loss":0.0,"damage_taken":0.0,"relics_obtained":["WarpedTongs"],"cards_obtained":["Pain"]},{"damage_healed":0.0,"max_hp_gain":0.0,"max_hp_loss":0.0,"gold_gain":0.0,"event_name":"The Library","player_choice":"Read","floor":20.0,"gold_loss":0.0,"damage_taken":0.0,"cards_obtained":["Machine Learning"]}],"is_beta":false,"boss_relics":[{"not_picked":["Empty Cage","Tiny House"],"picked":"Calling Bell"}],"items_purged_floors":[3,19],"is_endless":false,"potions_floor_spawned":[6,7,12,14,16,22],"killed_by":"Book of Stabbing","ascension_level":20}}