{"host":"h0xw20cia6ppa69g","time":1610109738,"event":{"mods":["AchievementEnabler","BaseMod","Colored Map","Filter the Spire","Googly Eyes","Minty Spire (QoL Compilation)","Relic Stats","StSLib","The Awakened One except there are too many feathers","everything is the same but u backflip on backflip"],"gold_per_floor":[14,14,14,33,52,81,81,110,110,127,127,127,137,168,168,268,268,281,301,400,431,448,473,488,515,515,145,145,175,175,187,187,283,283,298,316,316,88,101,128,138,168,168,179,401,401,401,430,430,430,430,430,37,64,64],"floor_reached":56,"playtime":3058,"items_purged":["Strike_G","Strike_G"],"score":1651,"play_id":"5068168a-7756-40f6-8ad0-21a6387f191e","local_time":"20210108064218","is_ascension_mode":true,"campfire_choices":[{"data":"After Image","floor":7,"key":"SMITH"},{"data":"Choke","floor":15,"key":"SMITH"},{"floor":28,"key":"DIG"},{"floor":30,"key":"DIG"},{"floor":32,"key":"DIG"},{"floor":47,"key":"RECALL"},{"floor":49,"key":"DIG"},{"floor":52,"key":"DIG"}],"circlet_count":0,"master_deck":["Strike_G","Strike_G+1","Defend_G","Defend_G","Defend_G","Defend_G","Defend_G","Survivor","Neutralize","After Image+1","Deadly Poison+1","Infinite Blades","Blade Dance","Dagger Spray+1","Deadly Poison","Leg Sweep+1","Choke+1","Bullet Time","Wraith Form v2+1","Blur","Terror","Backflip+1","Backstab+1","Cloak And Dagger","Prepared+1","Storm of Steel","Corpse Explosion","Burst","Blade Dance","Bullet Time","Cloak And Dagger+1","PiercingWail+1","Infinite Blades","Dodge and Roll","Blade Dance","Blur+1","Footwork","Caltrops","Prepared+1"],"relics":["Ring of the Snake","Ornamental Fan","HornCleat","Shovel","Darkstone Periapt","Nunchaku","Philosopher\u0027s Stone","Red Mask","Tingsha","Centennial Puzzle","PreservedInsect","Orrery","Vajra","Ginger","Kunai","Art of War","Eternal Feather","WristBlade","Strawberry","Tough Bandages","Whetstone","Gremlin Horn","War Paint","InkBottle","Pocketwatch"],"acts_visited":["Exordium","TheCity","TheBeyond","TheEnding"],"potions_floor_usage":[19,23,24,29,31,50,54,55,55],"damage_taken":[{"damage":0,"enemies":"Cultist","floor":1,"turns":5},{"damage":0,"enemies":"2 Louse","floor":4,"turns":4},{"damage":1,"enemies":"Small Slimes","floor":5,"turns":3},{"damage":13,"enemies":"3 Sentries","floor":6,"turns":7},{"damage":4,"enemies":"Gremlin Nob","floor":8,"turns":5},{"damage":0,"enemies":"Looter","floor":10,"turns":3},{"damage":6,"enemies":"Exordium Thugs","floor":13,"turns":5},{"damage":0,"enemies":"3 Sentries","floor":14,"turns":7},{"damage":0,"enemies":"The Guardian","floor":16,"turns":10},{"damage":0,"enemies":"Spheric Guardian","floor":18,"turns":3},{"damage":0,"enemies":"2 Thieves","floor":19,"turns":4},{"damage":16,"enemies":"Masked Bandits","floor":21,"turns":5},{"damage":0,"enemies":"Chosen and Byrds","floor":22,"turns":7},{"damage":10,"enemies":"Slavers","floor":23,"turns":8},{"damage":0,"enemies":"Cultist and Chosen","floor":24,"turns":6},{"damage":6,"enemies":"Book of Stabbing","floor":25,"turns":6},{"damage":0,"enemies":"Gremlin Leader","floor":29,"turns":4},{"damage":0,"enemies":"Shelled Parasite and Fungi","floor":31,"turns":3},{"damage":15,"enemies":"Champ","floor":33,"turns":15},{"damage":0,"enemies":"Orb Walker","floor":35,"turns":2},{"damage":2,"enemies":"3 Shapes","floor":36,"turns":3},{"damage":0,"enemies":"3 Darklings","floor":39,"turns":5},{"damage":0,"enemies":"Giant Head","floor":40,"turns":5},{"damage":0,"enemies":"Jaw Worm Horde","floor":41,"turns":4},{"damage":0,"enemies":"Reptomancer","floor":42,"turns":4},{"damage":0,"enemies":"Maw","floor":44,"turns":6},{"damage":0,"enemies":"Giant Head","floor":48,"turns":6},{"damage":23,"enemies":"Time Eater","floor":50,"turns":15},{"damage":0,"enemies":"Shield and Spear","floor":54,"turns":3},{"damage":64,"enemies":"The Heart","floor":55,"turns":11}],"seed_played":"-4866957412096378648","potions_obtained":[{"floor":6,"key":"EssenceOfSteel"},{"floor":13,"key":"SneckoOil"},{"floor":14,"key":"DuplicationPotion"},{"floor":16,"key":"Fruit Juice"},{"floor":21,"key":"GamblersBrew"},{"floor":23,"key":"AttackPotion"},{"floor":25,"key":"CunningPotion"},{"floor":29,"key":"DistilledChaos"},{"floor":33,"key":"Fire Potion"},{"floor":42,"key":"Swift Potion"},{"floor":54,"key":"DuplicationPotion"}],"is_trial":false,"path_per_floor":["M","?","?","M","M","E","R","E","T","M","?","T","M","E","R","B",null,"M","M","?","?","M","E","M","E","T","$","R","E","R","M","R","B",null,"M","M","?","$","M","E","M","E","T","M","?","?","R","E","R","B",null,"R","$","E","B",null],"character_chosen":"THE_SILENT","items_purchased":["Orrery","Vajra","Infinite Blades","Dodge and Roll","InkBottle","Caltrops","Fruit Juice"],"campfire_rested":0,"item_purchase_floors":[27,27,38,38,53,53,53],"current_hp_per_floor":[70,70,67,67,66,53,53,49,49,49,49,49,43,43,43,43,70,70,70,70,54,54,49,49,43,43,43,43,43,43,43,43,28,75,75,73,71,71,71,78,78,78,78,78,78,78,78,78,78,55,78,78,78,83,19],"gold":64,"neow_bonus":"THREE_RARE_CARDS","is_daily":false,"chose_seed":false,"campfire_upgraded":2,"win_rate":0.0,"timestamp":1610109738,"path_taken":["M","?","?","M","M","E","R","E","T","M","?","?","M","E","R","BOSS","M","M","?","?","M","E","M","E","T","?","R","E","R","M","R","BOSS","M","?","?","$","M","E","M","E","T","M","?","?","R","E","R","BOSS","R","$","E","BOSS"],"items_purchased_type":["Relic","Relic","Card","Card","Relic","Card","Potion"],"build_version":"2020-12-22","purchased_purges":2,"victory":true,"max_hp_per_floor":[70,70,70,70,70,70,70,70,70,70,70,70,70,70,70,70,70,70,70,70,70,70,75,75,75,75,75,75,75,75,75,75,75,75,75,75,71,71,71,78,78,78,78,78,78,78,78,78,78,78,78,78,78,83,83],"relic_stats":{"Darkstone Periapt":0,"Gremlin Horn":[0,0],"counters":[30,174],"Tingsha":[183],"Eternal Feather":0,"PreservedInsect":423,"Ginger":[14],"Whetstone":["Dagger Spray","Strike_G"],"War Paint":["Deadly Poison","Leg Sweep"],"Nunchaku":[42],"Centennial Puzzle":[12],"Tough Bandages":[81],"Shovel":5,"Ornamental Fan":[460],"Art of War":[4],"Kunai":[67],"obtain_stats":[{"Darkstone Periapt":12,"Gremlin Horn":48,"Vajra":27,"Ginger":28,"Whetstone":43,"Nunchaku":14,"Centennial Puzzle":25,"Tough Bandages":42,"HornCleat":6,"Shovel":8,"WristBlade":34,"Strawberry":40,"Philosopher\u0027s Stone":17,"Red Mask":21,"Kunai":29,"InkBottle":53,"Ring of the Snake":0,"Tingsha":23,"Eternal Feather":32,"PreservedInsect":26,"War Paint":49,"Ornamental Fan":3,"Orrery":27,"Art of War":30,"Pocketwatch":54},{"Darkstone Periapt":6,"Gremlin Horn":27,"Vajra":16,"Ginger":16,"Whetstone":25,"Nunchaku":8,"Centennial Puzzle":16,"Tough Bandages":25,"HornCleat":4,"Shovel":5,"WristBlade":19,"Strawberry":23,"Philosopher\u0027s Stone":9,"Red Mask":12,"Kunai":17,"InkBottle":28,"Ring of the Snake":0,"Tingsha":14,"Eternal Feather":18,"PreservedInsect":16,"War Paint":27,"Ornamental Fan":1,"Orrery":16,"Art of War":17,"Pocketwatch":29},{"Darkstone Periapt":27,"Gremlin Horn":145,"Vajra":88,"Ginger":88,"Whetstone":133,"Nunchaku":39,"Centennial Puzzle":88,"Tough Bandages":133,"HornCleat":19,"Shovel":24,"WristBlade":110,"Strawberry":125,"Philosopher\u0027s Stone":49,"Red Mask":61,"Kunai":92,"InkBottle":160,"Ring of the Snake":0,"Tingsha":76,"Eternal Feather":95,"PreservedInsect":88,"War Paint":145,"Ornamental Fan":5,"Orrery":88,"Art of War":92,"Pocketwatch":163}],"InkBottle":[8],"Ring of the Snake":[60],"Pocketwatch":[1]},"card_choices":[{"not_picked":["Night Terror","Bullet Time"],"picked":"After Image","floor":0},{"not_picked":["Dodge and Roll","Acrobatics"],"picked":"Deadly Poison","floor":1},{"not_picked":["Poisoned Stab","Footwork"],"picked":"Blade Dance","floor":4},{"not_picked":["Acrobatics","Flying Knee"],"picked":"Dagger Spray","floor":5},{"not_picked":["Acrobatics","Backflip","Flying Knee"],"picked":"SKIP","floor":6},{"not_picked":["Outmaneuver","Calculated Gamble"],"picked":"Deadly Poison","floor":8},{"not_picked":["Bane","Tactician"],"picked":"Leg Sweep","floor":10},{"not_picked":["Escape Plan","Outmaneuver"],"picked":"Choke","floor":13},{"not_picked":["Footwork","Slice"],"picked":"Bullet Time","floor":14},{"not_picked":["Die Die Die","Malaise"],"picked":"Wraith Form v2","floor":16},{"not_picked":["Noxious Fumes","Flying Knee"],"picked":"Blur","floor":18},{"not_picked":["Infinite Blades","Bane"],"picked":"Terror","floor":19},{"not_picked":["Dagger Throw","Outmaneuver"],"picked":"Backflip+1","floor":21},{"not_picked":["Acrobatics","Calculated Gamble+1"],"picked":"Backstab+1","floor":22},{"not_picked":["Heel Hook","Dagger Spray+1"],"picked":"Cloak And Dagger","floor":23},{"not_picked":["All Out Attack","Eviscerate"],"picked":"Prepared+1","floor":24},{"not_picked":["Bouncing Flask","Blade Dance"],"picked":"Storm of Steel","floor":25},{"not_picked":["Dagger Throw","PiercingWail"],"picked":"Corpse Explosion","floor":27},{"not_picked":["Catalyst","PiercingWail"],"picked":"Burst","floor":27},{"not_picked":["Deflect","Slice","Deadly Poison"],"picked":"SKIP","floor":29},{"not_picked":["Sucker Punch","Skewer"],"picked":"Blade Dance","floor":31},{"not_picked":["Grand Finale","Storm of Steel"],"picked":"Bullet Time","floor":33},{"not_picked":["Distraction+1","Acrobatics+1"],"picked":"Cloak And Dagger+1","floor":35},{"not_picked":["Underhanded Strike","Dagger Spray"],"picked":"PiercingWail+1","floor":36},{"not_picked":["PiercingWail","Tactician+1"],"picked":"Blade Dance","floor":39},{"not_picked":["Backflip+1","Sucker Punch"],"picked":"Blur+1","floor":40},{"not_picked":["Reflex","Catalyst+1","Noxious Fumes"],"picked":"SKIP","floor":41},{"not_picked":["Dagger Throw+1","Underhanded Strike+1","Sucker Punch"],"picked":"SKIP","floor":42},{"not_picked":["Endless Agony","Cloak And Dagger"],"picked":"Footwork","floor":44},{"not_picked":["Bullet Time","Catalyst","Deadly Poison+1"],"picked":"SKIP","floor":48},{"not_picked":["Die Die Die","Bouncing Flask"],"picked":"Prepared+1","floor":54}],"player_experience":3665860,"relics_obtained":[{"floor":6,"key":"HornCleat"},{"floor":8,"key":"Shovel"},{"floor":12,"key":"Darkstone Periapt"},{"floor":14,"key":"Nunchaku"},{"floor":21,"key":"Red Mask"},{"floor":23,"key":"Tingsha"},{"floor":25,"key":"Centennial Puzzle"},{"floor":26,"key":"PreservedInsect"},{"floor":28,"key":"Ginger"},{"floor":29,"key":"Kunai"},{"floor":30,"key":"Art of War"},{"floor":32,"key":"Eternal Feather"},{"floor":40,"key":"Strawberry"},{"floor":42,"key":"Tough Bandages"},{"floor":43,"key":"Whetstone"},{"floor":48,"key":"Gremlin Horn"},{"floor":49,"key":"War Paint"},{"floor":54,"key":"Pocketwatch"}],"event_choices":[{"damage_healed":0,"gold_gain":0,"cards_transformed":["Strike_G"],"player_choice":"Change","damage_taken":0,"max_hp_gain":0,"max_hp_loss":0,"event_name":"Living Wall","floor":2,"gold_loss":0,"cards_obtained":["Infinite Blades"]},{"damage_healed":0,"gold_gain":0,"player_choice":"Success","damage_taken":3,"relics_obtained":["Ornamental Fan"],"max_hp_gain":0,"max_hp_loss":0,"event_name":"Scrap Ooze","floor":3,"gold_loss":0},{"damage_healed":0,"gold_gain":0,"player_choice":"Ignored","damage_taken":0,"max_hp_gain":0,"max_hp_loss":0,"event_name":"Liars Game","floor":11,"gold_loss":0},{"damage_healed":0,"gold_gain":99,"player_choice":"Stole From Cult","damage_taken":0,"max_hp_gain":0,"max_hp_loss":0,"event_name":"Nest","floor":20,"gold_loss":0},{"damage_healed":0,"gold_gain":0,"player_choice":"Fought Bandits","damage_taken":0,"max_hp_gain":0,"max_hp_loss":0,"event_name":"Masked Bandits","floor":21,"gold_loss":0},{"damage_healed":0,"gold_gain":0,"player_choice":"Max HP","damage_taken":0,"max_hp_gain":0,"max_hp_loss":4,"event_name":"Winding Halls","floor":37,"gold_loss":0},{"damage_healed":0,"gold_gain":222,"player_choice":"Wore Mask","damage_taken":0,"max_hp_gain":0,"max_hp_loss":0,"event_name":"Tomb of Lord Red Mask","floor":45,"gold_loss":0},{"damage_healed":0,"gold_gain":0,"player_choice":"Upgraded","damage_taken":0,"max_hp_gain":0,"max_hp_loss":0,"event_name":"Upgrade Shrine","floor":46,"gold_loss":0,"cards_upgraded":["Wraith Form v2"]}],"is_beta":false,"boss_relics":[{"not_picked":["Pandora\u0027s Box","Ring of the Serpent"],"picked":"Philosopher\u0027s Stone"},{"not_picked":["Empty Cage","Busted Crown"],"picked":"WristBlade"}],"items_purged_floors":[27,38],"is_endless":false,"potions_floor_spawned":[6,13,14,16,21,23,25,29,33,35,41,42,54],"ascension_level":1}}