{"host":"5s7sm4h73jkd9266","time":1610066080,"event":{"mods":["AchievementEnabler","Bartender","BaseMod","Better Match","Better Vampires","BetterRewards","Colored Map","Colored Powertips","Conspire","Downfall","Energized Spire","GifTheSpireLib","Hermit","Hubris","Magitek Elite","Marisa????????","Melee Mod","Minty Spire (QoL Compilation)","Potion Indicator Mod","Rare Cards Sparkle","Relic Stats","Replay The Spire","Robot Space Explorer","Shop Mod","StSLib","Stuff the Spire","The Bladedancer","The Blue Laboratory","The Cursed","The Disciple","The Dragon Tamer","The Forsaken","The Necromancer","The Wild Card","The Witch","Virulent Crown","everything is the same but u backflip on backflip","slay the spire mod where everything is the same but ironclad has a cowboy hat","vexMod"],"gold_per_floor":[112,112,12,62,76,76,124,124,193,193,225,9,37,51,51,169,169,205,205,223,423,440,440,454,454,481,481,536,29,29,39,39,156,156,181,181,260,275,353,353,353,353,353,370,370,11,36,53,53,53],"floor_reached":51,"playtime":5733,"items_purged":[],"score":890,"play_id":"54ad9e05-2599-4aa9-b93b-1ce618fe82fb","local_time":"20210107193440","is_ascension_mode":false,"campfire_choices":[{"data":"Demon Form","floor":6.0,"key":"SMITH"},{"floor":8.0,"key":"REST"},{"data":"theWildCard:Metatron","floor":23.0,"key":"SMITH"},{"floor":25.0,"key":"REST"},{"floor":27.0,"key":"REST"},{"floor":32.0,"key":"REST"},{"floor":40.0,"key":"REST"},{"data":"ReplayTheSpireMod:Muscle Training","floor":42.0,"key":"SMITH"},{"data":"vexMod:StairwayStrike","floor":49,"key":"SMITH"}],"circlet_count":0,"master_deck":["Strike_R","Strike_R","Strike_R","Strike_R","Defend_R","Defend_R","Defend_R","Defend_R","Bash","Inflame","Demon Form+1","Feel No Pain","theWildCard:Metatron+1","conspire:SpireCoStock","Perfected Strike","Run Through","Corruption","vexMod:StairwayStrike+1","ReplayTheSpireMod:Limb From Limb+1","ReplayTheSpireMod:Muscle Training+1","Carnage","Shrug It Off","Juggernaut","Iron Wave","hubris:SharpeningStone","Disarm","Seeing Red","Perfected Strike","Whirlwind","Life Link","ReplayTheSpireMod:Stacked","Wild Strike","Perfected Strike","conspire:HitWhereItHurts","Metallicize","StuffTheSpire:BrainWave","Clothesline+1","Wild Strike","Armaments+1","Writhe","Twin Strike","ReplayUltimateDefense","Thunderclap","expansioncontent:Corrupt","expansioncontent:TimeRipple","expansioncontent:YouAreMine","Disarm+1"],"relics":["Burning Blood","theForsaken:Kindling","ReplayTheSpireMod:Lightbulb","hubris:Metronome","Strange Spoon","Replay:Bronze Core","hubris:FruitBowl","hubris:ToyBattleship","Question Card","PreservedInsect","ChewingGum","Potion Belt","CaptainsWheel","StuffTheSpire:SapphireSignet","ReplayTheSpireMod:ShopPack","Lantern"],"acts_visited":["Exordium","TheCity","TheBeyond"],"potions_floor_usage":[50,50,50],"damage_taken":[{"damage":0.0,"enemies":"Small Slimes","floor":1.0,"turns":3.0},{"damage":1.0,"enemies":"conspire:RoseBush","floor":4.0,"turns":6.0},{"damage":6.0,"enemies":"Cultist","floor":5.0,"turns":3.0},{"damage":8.0,"enemies":"Replay:BlueRogue","floor":7.0,"turns":6.0},{"damage":4.0,"enemies":"Gremlin Gang","floor":11.0,"turns":3.0},{"damage":14.0,"enemies":"conspire:2 RoseBushes","floor":13.0,"turns":4.0},{"damage":14.0,"enemies":"Lots of Slimes","floor":14.0,"turns":4.0},{"damage":6.0,"enemies":"Fading Forest","floor":16.0,"turns":11.0},{"damage":23.0,"enemies":"Spheric Guardian","floor":18.0,"turns":4.0},{"damage":30.0,"enemies":"Shell Parasite","floor":20.0,"turns":7.0},{"damage":15.0,"enemies":"Cultist and Chosen","floor":22.0,"turns":4.0},{"damage":13.0,"enemies":"Snecko","floor":24.0,"turns":4.0},{"damage":41.0,"enemies":"Gremlin Leader","floor":28.0,"turns":6.0},{"damage":0.0,"enemies":"Centurion and Healer","floor":31.0,"turns":3.0},{"damage":54.0,"enemies":"Pondfish","floor":33.0,"turns":7.0},{"damage":13.0,"enemies":"3 Shapes","floor":35.0,"turns":6.0},{"damage":10.0,"enemies":"Orb Walker","floor":38.0,"turns":3.0},{"damage":47.0,"enemies":"2 Orb Walkers","floor":39.0,"turns":4.0},{"damage":7.0,"enemies":"3 Darklings","floor":44.0,"turns":3.0},{"damage":20,"enemies":"Spire Growth","floor":48,"turns":4},{"damage":85,"enemies":"Awakened One","floor":50,"turns":12}],"seed_played":"-8608475492250821612","potions_obtained":[{"floor":1.0,"key":"blueLaboratory:PolymorphPotion"},{"floor":5.0,"key":"ColorlessPotion"},{"floor":11.0,"key":"Dexterity Potion"},{"floor":13.0,"key":"blueLaboratory:IronCompound"},{"floor":20.0,"key":"blueLaboratory:FruitPunch"},{"floor":24.0,"key":"Flashbang"},{"floor":33.0,"key":"SkillPotion"},{"floor":37.0,"key":"blueLaboratory:FruitPunch"},{"floor":37.0,"key":"blueLaboratory:TrueEctoplasm"},{"floor":44.0,"key":"blueLaboratory:BottledHope"},{"floor":48,"key":"Explosive Potion"}],"is_trial":false,"path_per_floor":["M","?","?","M","M","R","E","R","T","?","M","$","M","M","R_BF","B",null,"M","$","M","?","M","R","M","R","T","R","E","$","$","M","R","B",null,"M","?","?","M","?","R","?","R","T","M","?","$","T","M","R","B",null],"character_chosen":"IRONCLAD","items_purchased":["Inflame","theForsaken:Kindling","Strange Spoon","ReplayTheSpireMod:Muscle Training","hubris:FruitBowl","Whirlwind","Life Link","PreservedInsect","ReplayTheSpireMod:Stacked","Wild Strike","DistilledChaos","ReplayUltimateDefense","ReplayTheSpireMod:ShopPack","Thunderclap"],"campfire_rested":5,"item_purchase_floors":[0,0,12,12,19,29,29,29,29,29,29,46,46,46],"current_hp_per_floor":[67,67,67,72,72,72,70,85,85,85,85,85,77,69,90,90,90,73,54,30,30,24,24,17,51,51,88,53,53,53,59,98,50,114,107,98,98,97,56,93,108,108,108,107,107,107,107,93,93,14],"gold":53,"neow_bonus":"","is_daily":false,"chose_seed":false,"campfire_upgraded":4,"win_rate":0.0,"timestamp":1610066080,"path_taken":["M","?","?","M","M","R","E","R","T","?","M","$","M","M","R_BF","BOSS","M","?","M","?","?","R","M","R","T","R","E","?","$","M","R","BOSS","M","?","?","M","?","R","?","R","T","M","?","$","?","M","R","BOSS"],"items_purchased_type":["Card","Relic","Relic","Card","Relic","Card","Card","Relic","Card","Card","Potion","Card","Relic","Card"],"build_version":"2020-12-22","purchased_purges":0,"victory":true,"max_hp_per_floor":[80,80,80,80,80,80,80,85,85,85,85,85,85,85,90,90,90,90,90,90,90,93,93,93,100,100,107,107,107,107,107,114,114,114,114,98,98,101,101,108,108,108,108,108,108,108,108,108,108,108],"relic_stats":{"Strange Spoon":[32],"counters":[48,231],"PreservedInsect":0,"Question Card":12,"obtain_stats":[{"vexMod:MemoryStick":10,"StuffTheSpire:Barrel":19,"Lantern":9,"Regal Pillow":21,"hubris:Metronome":9,"SacredBark":7,"Cursed Key":17,"Power_Wrist":26,"Burning Blood":0,"StuffTheSpire:SapphireSignet":43,"hubris:Icosahedron":30,"theForsaken:Kindling":0,"Strawberry":0,"Replay:Bronze Core":17,"Prayer Wheel":11,"Potion Belt":7,"vexMod:ScavengeHelm":28,"ReplayTheSpireMod:Ring of Addiction":7,"Astrolabe":17,"StuffTheSpire:Saxophone":14,"hubris:FruitBowl":19,"The Courier":9,"PreservedInsect":29,"energizedSpire:SpiderWeb":34,"Question Card":28,"Replay:Arrowhead":12,"Strange Spoon":12,"Bottled Flame":19,"CaptainsWheel":39,"StuffTheSpire:Mouthbags":0,"Brimstone":0,"Orrery":21,"ChewingGum":34,"conspire:BottledYoYo":20,"Bag of Marbles":10,"hubris:ToyBattleship":26,"Membership Card":0,"ReplayTheSpireMod:Lightbulb":7,"ReplayTheSpireMod:ShopPack":46},{"vexMod:MemoryStick":6,"StuffTheSpire:Barrel":8,"Lantern":14,"Regal Pillow":20,"hubris:Metronome":31,"SacredBark":13,"Cursed Key":7,"Power_Wrist":22,"Burning Blood":0,"StuffTheSpire:SapphireSignet":45,"hubris:Icosahedron":24,"theForsaken:Kindling":27,"Strawberry":0,"Replay:Bronze Core":35,"Prayer Wheel":6,"Potion Belt":13,"vexMod:ScavengeHelm":24,"ReplayTheSpireMod:Ring of Addiction":13,"Astrolabe":18,"StuffTheSpire:Saxophone":6,"hubris:FruitBowl":36,"The Courier":5,"PreservedInsect":40,"energizedSpire:SpiderWeb":26,"Question Card":40,"Replay:Arrowhead":15,"Strange Spoon":32,"Bottled Flame":19,"CaptainsWheel":45,"StuffTheSpire:Mouthbags":10,"Brimstone":10,"Orrery":8,"ChewingGum":42,"conspire:BottledYoYo":8,"Bag of Marbles":15,"hubris:ToyBattleship":39,"Membership Card":0,"ReplayTheSpireMod:Lightbulb":31,"ReplayTheSpireMod:ShopPack":46},{"vexMod:MemoryStick":24,"StuffTheSpire:Barrel":46,"Lantern":65,"Regal Pillow":94,"hubris:Metronome":142,"SacredBark":62,"Cursed Key":37,"Power_Wrist":103,"Burning Blood":0,"StuffTheSpire:SapphireSignet":212,"hubris:Icosahedron":110,"theForsaken:Kindling":124,"Strawberry":0,"Replay:Bronze Core":164,"Prayer Wheel":24,"Potion Belt":62,"vexMod:ScavengeHelm":110,"ReplayTheSpireMod:Ring of Addiction":62,"Astrolabe":84,"StuffTheSpire:Saxophone":24,"hubris:FruitBowl":168,"The Courier":19,"PreservedInsect":189,"energizedSpire:SpiderWeb":124,"Question Card":189,"Replay:Arrowhead":72,"Strange Spoon":145,"Bottled Flame":88,"CaptainsWheel":212,"StuffTheSpire:Mouthbags":54,"Brimstone":54,"Orrery":46,"ChewingGum":199,"conspire:BottledYoYo":46,"Bag of Marbles":72,"hubris:ToyBattleship":183,"Membership Card":0,"ReplayTheSpireMod:Lightbulb":142,"ReplayTheSpireMod:ShopPack":215}],"Burning Blood":268},"card_choices":[{"not_picked":["Clash","Second Wind"],"picked":"Feel No Pain","floor":1.0},{"not_picked":["Combust","Clash"],"picked":"Perfected Strike","floor":4.0},{"not_picked":["Body Slam","Cleave"],"picked":"Run Through","floor":5.0},{"not_picked":["Havoc","Burning Pact"],"picked":"Corruption","floor":7.0},{"not_picked":["Pommel Strike","Pummel"],"picked":"ReplayTheSpireMod:Limb From Limb","floor":11.0},{"not_picked":["Sever Soul","StuffTheSpire:Slingshot"],"picked":"Carnage","floor":13.0},{"not_picked":["Carnage","StuffTheSpire:Slingshot"],"picked":"Shrug It Off","floor":14.0},{"not_picked":["Replay:Many Hands","Reaper"],"picked":"Juggernaut","floor":16.0},{"not_picked":["Clash","ReplayTheSpireMod:Strike From Hell"],"picked":"Iron Wave","floor":18.0},{"not_picked":["Dark Embrace","StuffTheSpire:BloodClot"],"picked":"hubris:SharpeningStone","floor":20.0},{"not_picked":["Reckless Charge","ReplayTheSpireMod:Corrosion Curse"],"picked":"Disarm","floor":22.0},{"not_picked":["Twin Strike","Havoc+1"],"picked":"Seeing Red","floor":24.0},{"not_picked":["Sever Soul","Heavy Blade"],"picked":"Perfected Strike","floor":28.0},{"not_picked":["Cleave","StuffTheSpire:Resist","StuffTheSpire:RockThrow"],"picked":"Perfected Strike","floor":31.0},{"not_picked":["Barricade","Corruption","conspire:Purge"],"picked":"conspire:HitWhereItHurts","floor":33.0},{"not_picked":["Entrench","Headbutt+1","True Grit+1"],"picked":"Metallicize","floor":35.0},{"not_picked":["Havoc+1","Headbutt","ReplayTheSpireMod:Muscle Training+1"],"picked":"Clothesline+1","floor":37.0},{"not_picked":["Twin Strike","Body Slam+1","Headbutt+1"],"picked":"Wild Strike","floor":38.0},{"not_picked":["Headbutt","Perfected Strike+1","StuffTheSpire:Incineration"],"picked":"Armaments+1","floor":39.0},{"not_picked":["Armaments","Reckless Charge","StuffTheSpire:RockThrow+1"],"picked":"Twin Strike","floor":44.0},{"not_picked":["Magnetism","Violence","Mayhem"],"picked":"expansioncontent:Corrupt","floor":46},{"not_picked":["StuffTheSpire:PlasmaPunch","Replay:SS_fish_2","expansioncontent:SuperHexaguard"],"picked":"expansioncontent:TimeRipple","floor":46},{"not_picked":["StuffTheSpire:FreeRealEstate","Dramatic Entrance","expansioncontent:Flail"],"picked":"expansioncontent:YouAreMine","floor":46},{"not_picked":["Run Through","Clash","Havoc"],"picked":"Disarm+1","floor":48}],"player_experience":5446498,"relics_obtained":[{"floor":7.0,"key":"ReplayTheSpireMod:Lightbulb"},{"floor":9.0,"key":"hubris:Metronome"},{"floor":26.0,"key":"hubris:ToyBattleship"},{"floor":28.0,"key":"Question Card"},{"floor":37.0,"key":"Potion Belt"},{"floor":39.0,"key":"CaptainsWheel"},{"floor":43.0,"key":"StuffTheSpire:SapphireSignet"},{"floor":47,"key":"Lantern"}],"event_choices":[{"damage_healed":0.0,"max_hp_gain":0.0,"max_hp_loss":0.0,"gold_gain":0.0,"event_name":"conspire:Investor","player_choice":"Invest 2","floor":3.0,"gold_loss":0.0,"damage_taken":0.0},{"damage_healed":0.0,"max_hp_gain":0.0,"max_hp_loss":0.0,"gold_gain":0.0,"cards_transformed":["conspire:SpireCoStock"],"event_name":"Transmorgrifier","player_choice":"Transformed","floor":10.0,"gold_loss":0.0,"damage_taken":0.0,"cards_obtained":["vexMod:StairwayStrike"]},{"damage_healed":0.0,"max_hp_gain":0.0,"max_hp_loss":0.0,"gold_gain":250.0,"event_name":"The Joust","player_choice":"Bet on Owner","floor":21.0,"gold_loss":50.0,"damage_taken":0.0},{"damage_healed":0.0,"max_hp_gain":0.0,"max_hp_loss":0.0,"gold_gain":0.0,"event_name":"Mysterious Sphere","player_choice":"Fight","floor":39.0,"gold_loss":0.0,"damage_taken":0.0},{"damage_healed":27.0,"max_hp_gain":0.0,"max_hp_loss":0.0,"gold_gain":0.0,"event_name":"Winding Halls","player_choice":"Writhe","floor":41.0,"gold_loss":0.0,"damage_taken":0.0,"cards_obtained":["Writhe"]}],"is_beta":false,"boss_relics":[{"not_picked":["Runic Dome","hubris:RunicObelisk"],"picked":"Replay:Bronze Core"},{"not_picked":["energizedSpire:StickyHand","Astrolabe"],"picked":"ChewingGum"}],"items_purged_floors":[],"is_endless":false,"potions_floor_spawned":[1,5,11,13,20,24,33,44,48],"ascension_level":0}}