{"host":"ugtsb9tf4jnucn15","time":1610130006,"event":{"mods":["BaseMod","Downfall","Hermit","Hubris","Infinite Spire","Minty Spire (QoL Compilation)","StSLib","The Bug Knight","The Disciple","The Jungle"],"gold_per_floor":[99,99,99,99,113,144,144,144,221,239,170,182,14,26,43,138,188,188,202,222,322,336,250,277,262,262,262,293,293,293,293,341,341,341,341],"floor_reached":33,"playtime":3378,"items_purged":[],"score":263,"play_id":"3b2f4735-739e-4867-9f93-7070e4160579","local_time":"20210108192006","is_ascension_mode":false,"campfire_choices":[{"floor":1.0,"key":"RECALL"},{"floor":8.0,"key":"REST"},{"data":"Slimebound:Prepare","floor":18.0,"key":"SMITH"},{"floor":27.0,"key":"REST"},{"data":"infinitespire:NeuralNetwork","floor":29.0,"key":"SMITH"}],"circlet_count":0,"master_deck":["Slimebound:Strike_Slimebound","Slimebound:Strike_Slimebound","Slimebound:Strike_Slimebound","Slimebound:Tackle","Slimebound:Defend_Slimebound","Slimebound:Defend_Slimebound","Slimebound:Defend_Slimebound","Slimebound:Split","Slimebound:CorrosiveSpit","Slimebound:LeechingTouch+1","Slimebound:FormOfPuddle","Slimebound:Equalize+1","Slimebound:Prepare+1","Slimebound:RejuvenatingLick","Slimebound:Teamwork","Slimebound:SplitMire","Slimebound:SlimeSpikes","Slimebound:LeadByExample+1","Slimebound:Repurpose","Slimebound:Teamwork","Slimebound:MegaLick+1","Slimebound:Repurpose+1","Slimebound:FormOfPuddle","Slimebound:AcidTongue","infinitespire:NeuralNetwork+1","hubris:DuctTapeCard","Slimebound:LevelUp"],"relics":["Slimebound:AbsorbEndCombat","downfall:HeartsMalice","Regal Pillow","hubris:DuctTape","Chemical X","Tiny House","Whetstone","Juzu Bracelet","hubris:Icosahedron"],"acts_visited":["Exordium","TheCity"],"potions_floor_usage":[32,33],"damage_taken":[{"damage":0.0,"enemies":"Cultist","floor":2.0,"turns":1.0},{"damage":0.0,"enemies":"Jaw Worm","floor":3.0,"turns":1.0},{"damage":0.0,"enemies":"2 Louse","floor":4.0,"turns":1.0},{"damage":15.0,"enemies":"Large Slime","floor":5.0,"turns":6.0},{"damage":51.0,"enemies":"Gremlin Nob","floor":6.0,"turns":5.0},{"damage":9.0,"enemies":"3 Louse","floor":10.0,"turns":3.0},{"damage":6.0,"enemies":"downfall:FleeingMerchant","floor":11.0,"turns":4.0},{"damage":13.0,"enemies":"Blue Slaver","floor":12.0,"turns":4.0},{"damage":8.0,"enemies":"downfall:FleeingMerchant","floor":13.0,"turns":4.0},{"damage":12.0,"enemies":"Exordium Thugs","floor":14.0,"turns":4.0},{"damage":10.0,"enemies":"2 Fungi Beasts","floor":15.0,"turns":4.0},{"damage":71.0,"enemies":"downfall:Defect","floor":16.0,"turns":16.0},{"damage":13.0,"enemies":"Shell Parasite","floor":19.0,"turns":5.0},{"damage":15.0,"enemies":"Spheric Guardian","floor":20.0,"turns":5.0},{"damage":42.0,"enemies":"Chosen and Byrds","floor":22.0,"turns":12.0},{"damage":4.0,"enemies":"downfall:FleeingMerchant","floor":23.0,"turns":4.0},{"damage":24.0,"enemies":"downfall:FleeingMerchant","floor":25.0,"turns":4.0},{"damage":20.0,"enemies":"HollowMod:Nosk","floor":28.0,"turns":6.0},{"damage":35,"enemies":"Snake Plant","floor":32,"turns":7},{"damage":83,"enemies":"downfall:Ironclad","floor":33,"turns":13}],"seed_played":"-3362629995594659210","potions_obtained":[{"floor":5.0,"key":"Ancient Potion"},{"floor":6.0,"key":"Weak Potion"},{"floor":10.0,"key":"SpeedPotion"},{"floor":15.0,"key":"Swift Potion"},{"floor":16.0,"key":"Slimebound:SpawnSlimePotion"},{"floor":17.0,"key":"TwistedElixir"},{"floor":28.0,"key":"Fire Potion"},{"floor":32,"key":"Guardian:BlockOnCardUsePotion"},{"floor":32,"key":"SpeedPotion"}],"is_trial":false,"path_per_floor":["R","M","M","M","M","E","T","R","T","M","$","M","$","M","M","B",null,"R","M","M","?","M","$","T","$","?","R","E","R","?","AVR","M","B"],"character_chosen":"SLIMEBOUND","items_purchased":["Slimebound:SplitMire","Chemical X","Slimebound:AcidTongue"],"campfire_rested":2,"item_purchase_floors":[11,13,23],"current_hp_per_floor":[60,60,60,60,53,16,16,49,49,50,60,59,60,60,60,15,65,65,65,64,64,35,49,49,51,35,65,65,65,65,65,52,0,0,0],"gold":341,"neow_bonus":"THREE_ENEMY_KILL","is_daily":false,"chose_seed":false,"campfire_upgraded":2,"win_rate":0.0,"timestamp":1610130006,"path_taken":["R","M","M","M","M","E","T","R","?","M","?","M","$","M","M","BOSS","R","M","M","?","?","$","T","$","?","R","E","R","?","AVR","M","BOSS"],"items_purchased_type":["Card","Relic","Card"],"build_version":"2020-12-22","purchased_purges":0,"victory":false,"max_hp_per_floor":[60,60,60,60,60,60,60,60,60,60,60,60,60,60,60,60,65,65,65,65,65,65,65,65,65,65,65,65,65,65,65,65,65,65,65],"card_choices":[{"not_picked":["Slimebound:TongueLash","Slimebound:SlimeBarrage"],"picked":"Slimebound:LeechingTouch","floor":2.0},{"not_picked":["Slimebound:ViciousTackle","Slimebound:SplitAcid"],"picked":"Slimebound:FormOfPuddle","floor":3.0},{"not_picked":["Slimebound:FirmFortitude","Slimebound:TongueLash"],"picked":"Slimebound:SamplingLick","floor":4.0},{"not_picked":["Slimebound:ComboTackle","Slimebound:HauntingLick"],"picked":"Slimebound:Equalize","floor":5.0},{"not_picked":["Slimebound:BestDefense","Slimebound:ForwardTackle"],"picked":"Slimebound:Prepare","floor":6.0},{"not_picked":["Slimebound:Dissolve","Slimebound:Chomp"],"picked":"Slimebound:RejuvenatingLick","floor":10.0},{"not_picked":["Slimebound:GrowthPunch","Slimebound:SplitMire"],"picked":"Slimebound:Teamwork","floor":11.0},{"not_picked":["Slimebound:SplitBruiser","Slimebound:SplitAcid"],"picked":"Slimebound:SlimeSpikes","floor":12.0},{"not_picked":["Slimebound:RainOfGoop","Slimebound:LeechingTouch"],"picked":"Slimebound:LeadByExample","floor":13.0},{"not_picked":["Slimebound:SamplingLick","Slimebound:SplitLeeching"],"picked":"Slimebound:Repurpose","floor":14.0},{"not_picked":["Slimebound:ViciousTackle","Slimebound:SamplingLick","Slimebound:GoopSpray"],"picked":"SKIP","floor":15.0},{"not_picked":["Slimebound:SelfFormingGoo","Slimebound:RallyTheTroops"],"picked":"Slimebound:Teamwork","floor":16.0},{"not_picked":["Slimebound:Nibble","Slimebound:Repurpose"],"picked":"Slimebound:MegaLick+1","floor":19.0},{"not_picked":["Slimebound:SplitMire+1","Slimebound:LeechEnergy"],"picked":"Slimebound:Repurpose+1","floor":20.0},{"not_picked":["Slimebound:Dissolve+1","Slimebound:PressTheAttack"],"picked":"Slimebound:FormOfPuddle","floor":22.0},{"not_picked":["Slimebound:ComboTackle","Slimebound:PressTheAttack+1","Slimebound:LeechingTouch"],"picked":"SKIP","floor":23.0},{"not_picked":["Slimebound:SplitMire","Slimebound:ForwardTackle","Slimebound:GoopTackle+1"],"picked":"SKIP","floor":25.0},{"not_picked":["infinitespire:DeathsTouch","infinitespire:Punishment"],"picked":"infinitespire:NeuralNetwork","floor":26.0},{"not_picked":["Slimebound:Chomp","Slimebound:LeechingTouch+1","Slimebound:ViciousTackle"],"picked":"SKIP","floor":28.0},{"not_picked":["Slimebound:ItLooksTasty","Slimebound:Grow"],"picked":"Slimebound:LevelUp","floor":32}],"player_experience":4689,"relics_obtained":[{"floor":6.0,"key":"Regal Pillow"},{"floor":9.0,"key":"hubris:DuctTape"},{"floor":24.0,"key":"Whetstone"},{"floor":28.0,"key":"Juzu Bracelet"}],"event_choices":[],"is_beta":false,"boss_relics":[{"not_picked":["Calling Bell","hubris:GrandSneckoEye"],"picked":"Tiny House"}],"items_purged_floors":[],"is_endless":false,"potions_floor_spawned":[5,6,10,15,16,28,32],"killed_by":"downfall:Ironclad","ascension_level":0}}