{"host":"fxh4234sf5pb3xr6","time":1610108529,"event":{"mods":["AchievementEnabler","BaseMod","Colored Map","Colored Powertips","Minty Spire (QoL Compilation)","Rare Cards Sparkle","StSLib"],"gold_per_floor":[110,70,83,94,108,140,140,168,216,166,24,44,77,97,97,198,248,261,261,261,279,36,36,65,65,65],"floor_reached":25,"playtime":1330,"items_purged":["Defend_G","Strike_G"],"score":326,"play_id":"bff3cac8-ed3b-4af3-9f64-30fe92d5d6b0","local_time":"20210108072209","is_ascension_mode":true,"campfire_choices":[{"data":"Finisher","floor":15,"key":"SMITH"},{"data":"Cloak And Dagger","floor":23,"key":"SMITH"}],"circlet_count":0,"master_deck":["Strike_G","Strike_G","Strike_G","Strike_G","Defend_G","Defend_G+1","Defend_G","Survivor","Neutralize+1","Dagger Spray","Blade Dance+1","Blade Dance","Finisher+1","Quick Slash","Flying Knee+1","Cloak And Dagger+1","Deadly Poison"],"relics":["Ring of the Snake","Omamori","Frozen Egg 2","Snake Skull","Tiny House","Nloth\u0027s Gift","TwistedFunnel","Ancient Tea Set"],"acts_visited":["Exordium","TheCity"],"potions_floor_usage":[6,8,16,16,25],"damage_taken":[{"damage":0,"enemies":"Small Slimes","floor":1,"turns":3},{"damage":2,"enemies":"Cultist","floor":3,"turns":4},{"damage":0,"enemies":"2 Louse","floor":4,"turns":3},{"damage":0,"enemies":"Blue Slaver","floor":5,"turns":6},{"damage":22,"enemies":"3 Sentries","floor":6,"turns":10},{"damage":14,"enemies":"Gremlin Nob","floor":8,"turns":4},{"damage":5,"enemies":"Exordium Thugs","floor":12,"turns":4},{"damage":2,"enemies":"Lagavulin","floor":13,"turns":5},{"damage":0,"enemies":"Exordium Wildlife","floor":14,"turns":2},{"damage":31,"enemies":"The Guardian","floor":16,"turns":13},{"damage":0,"enemies":"Spheric Guardian","floor":18,"turns":1},{"damage":0,"enemies":"Chosen","floor":21,"turns":4},{"damage":22,"enemies":"Book of Stabbing","floor":24,"turns":4},{"damage":33,"enemies":"Centurion and Healer","floor":25,"turns":4}],"seed_played":"4955050010644308527","potions_obtained":[{"floor":2,"key":"Block Potion"},{"floor":2,"key":"EssenceOfSteel"},{"floor":2,"key":"LiquidMemories"},{"floor":4,"key":"Regen Potion"},{"floor":6,"key":"Fire Potion"},{"floor":13,"key":"Weak Potion"},{"floor":17,"key":"Regen Potion"}],"is_trial":false,"path_per_floor":["M","?","M","M","M","E","?","E","T","?","$","M","E","M","R","B",null,"M","?","?","M","$","R","E","M"],"character_chosen":"THE_SILENT","items_purchased":["Finisher","TwistedFunnel"],"campfire_rested":0,"item_purchase_floors":[11,22],"current_hp_per_floor":[77,77,75,75,75,53,53,39,39,39,39,34,32,32,32,16,67,67,51,51,51,51,51,29,0,0],"gold":65,"neow_bonus":"TEN_PERCENT_HP_BONUS","is_daily":false,"chose_seed":false,"campfire_upgraded":2,"win_rate":0.0,"timestamp":1610108529,"path_taken":["M","?","?","M","M","E","?","E","T","?","?","M","E","M","R","BOSS","M","?","?","M","$","R","E","?"],"items_purchased_type":["Card","Relic"],"build_version":"2020-12-22","purchased_purges":2,"victory":false,"max_hp_per_floor":[77,77,77,77,77,77,77,77,77,77,77,77,77,77,77,77,82,82,87,87,87,87,87,87,87,87],"card_choices":[{"not_picked":["Deflect","Underhanded Strike","Prepared"],"picked":"SKIP","floor":1},{"not_picked":["Deflect","Tactician","Prepared"],"picked":"SKIP","floor":3},{"not_picked":["Footwork","Skewer"],"picked":"Dagger Spray","floor":4},{"not_picked":["Predator","Prepared"],"picked":"Blade Dance","floor":5},{"not_picked":["Tactician","Crippling Poison","Underhanded Strike"],"picked":"SKIP","floor":6},{"not_picked":["All Out Attack","Blur"],"picked":"Blade Dance","floor":8},{"not_picked":["Backflip","Caltrops+1"],"picked":"Quick Slash","floor":12},{"not_picked":["Expertise","Deflect"],"picked":"Flying Knee","floor":13},{"not_picked":["Prepared","Tactician","Storm of Steel"],"picked":"SKIP","floor":14},{"not_picked":["Dagger Throw","PiercingWail+1"],"picked":"Cloak And Dagger","floor":18},{"not_picked":["Crippling Poison+1","Quick Slash"],"picked":"Deadly Poison","floor":21},{"not_picked":["Well Laid Plans+1","Blade Dance+1","Malaise"],"picked":"SKIP","floor":24}],"player_experience":333908,"relics_obtained":[{"floor":6,"key":"Omamori"},{"floor":8,"key":"Frozen Egg 2"},{"floor":9,"key":"Snake Skull"},{"floor":13,"key":"War Paint"},{"floor":24,"key":"Ancient Tea Set"}],"event_choices":[{"damage_healed":0,"gold_gain":0,"player_choice":"Bought 3 Potions","damage_taken":0,"max_hp_gain":0,"max_hp_loss":0,"event_name":"The Woman in Blue","floor":2,"gold_loss":0},{"damage_healed":0,"gold_gain":0,"player_choice":"Grow","damage_taken":0,"max_hp_gain":0,"max_hp_loss":0,"event_name":"Living Wall","floor":7,"gold_loss":0,"cards_upgraded":["Neutralize"]},{"cards_removed":["Defend_G"],"damage_healed":0,"gold_gain":0,"player_choice":"Card Removal","damage_taken":0,"max_hp_gain":0,"max_hp_loss":0,"event_name":"The Cleric","floor":10,"gold_loss":50},{"damage_healed":0,"gold_gain":0,"player_choice":"Shed Blood","damage_taken":21,"max_hp_gain":5,"max_hp_loss":0,"event_name":"Forgotten Altar","floor":19,"gold_loss":0},{"damage_healed":0,"gold_gain":0,"player_choice":"Traded Relic","damage_taken":0,"relics_obtained":["Nloth\u0027s Gift"],"max_hp_gain":0,"max_hp_loss":0,"event_name":"N\u0027loth","floor":20,"relics_lost":["War Paint"],"gold_loss":0}],"is_beta":false,"boss_relics":[{"not_picked":["Runic Dome","Cursed Key"],"picked":"Tiny House"}],"items_purged_floors":[11,22],"is_endless":false,"potions_floor_spawned":[4,5,6,13],"killed_by":"Centurion and Healer","ascension_level":5}}