{"host":"yvb207ks1sg3cxef","time":1610138126,"event":{"mods":["2.2 Compatiblity","BaseMod","Bestiary","Colored Powertips","Minty Spire (QoL Compilation)","Permanent Neow","Quick Restart","Relic Stats","StSLib"],"gold_per_floor":[10,10,25,41,41,41,73,73,73,104,117,131,156,173,173,270,270,283,300,300,320,339,366,366,393,466,483,483,515,515,543,543,543,543],"floor_reached":33,"playtime":2787,"items_purged":[],"score":387,"play_id":"ae4a1dff-50d5-434f-8972-41a594a51c1b","local_time":"20210109020526","is_ascension_mode":true,"campfire_choices":[{"data":"Zap","floor":6.0,"key":"SMITH"},{"data":"Compile Driver","floor":8.0,"key":"SMITH"},{"data":"Coolheaded","floor":15,"key":"SMITH"},{"data":"Fission","floor":24,"key":"SMITH"},{"data":"Coolheaded","floor":28,"key":"SMITH"},{"data":"Redo","floor":32,"key":"SMITH"}],"circlet_count":0,"master_deck":["Strike_B+1","Strike_B+1","Strike_B+1","Defend_B+1","Defend_B+1","Defend_B+1","Zap+1","Dualcast","Genetic Algorithm+1","Conserve Battery","Compile Driver+1","Ball Lightning","Steam","Cold Snap","Coolheaded+1","Fission+1","Redo+1","Necronomicurse","Loop+1","Coolheaded+1","FTL","Genetic Algorithm+1","Redo+1","Turbo+1"],"relics":["Cracked Core","Pantograph","Blood Vial","Mango","Shuriken","Nuclear Battery","Necronomicon","Anchor","Torii","Meat on the Bone","Centennial Puzzle","Red Mask"],"acts_visited":["Exordium","TheCity"],"potions_floor_usage":[23,25,25,33,33,33],"damage_taken":[{"damage":1.0,"enemies":"Cultist","floor":1.0,"turns":3.0},{"damage":4.0,"enemies":"Small Slimes","floor":3.0,"turns":3.0},{"damage":6.0,"enemies":"2 Louse","floor":4.0,"turns":3.0},{"damage":7.0,"enemies":"Lagavulin","floor":7.0,"turns":7.0},{"damage":14.0,"enemies":"Gremlin Nob","floor":10.0,"turns":3.0},{"damage":0.0,"enemies":"2 Fungi Beasts","floor":11.0,"turns":2.0},{"damage":5.0,"enemies":"Large Slime","floor":12.0,"turns":5.0},{"damage":18,"enemies":"Lagavulin","floor":13,"turns":6},{"damage":7,"enemies":"3 Louse","floor":14,"turns":2},{"damage":13,"enemies":"Slime Boss","floor":16,"turns":9},{"damage":0,"enemies":"Spheric Guardian","floor":18,"turns":4},{"damage":7,"enemies":"Shell Parasite","floor":19,"turns":5},{"damage":6,"enemies":"Shelled Parasite and Fungi","floor":21,"turns":7},{"damage":16,"enemies":"Snecko","floor":22,"turns":5},{"damage":20,"enemies":"Book of Stabbing","floor":23,"turns":8},{"damage":4,"enemies":"Slavers","floor":25,"turns":4},{"damage":0,"enemies":"Snake Plant","floor":27,"turns":4},{"damage":0,"enemies":"Gremlin Leader","floor":29,"turns":7},{"damage":6,"enemies":"Masked Bandits","floor":31,"turns":4},{"damage":79,"enemies":"Champ","floor":33,"turns":18}],"seed_played":"-3916195047883086990","potions_obtained":[{"floor":3.0,"key":"Fire Potion"},{"floor":4.0,"key":"SpeedPotion"},{"floor":10.0,"key":"EntropicBrew"},{"floor":12.0,"key":"DuplicationPotion"},{"floor":23,"key":"EssenceOfSteel"},{"floor":25,"key":"Dexterity Potion"}],"is_trial":false,"path_per_floor":["M","?","M","M","?","R","E","R","T","E","M","M","E","M","R","B",null,"M","M","?","M","M","E","R","E","T","M","R","E","?","?","R","B"],"character_chosen":"DEFECT","items_purchased":[],"campfire_rested":0,"item_purchase_floors":[],"current_hp_per_floor":[74,74,70,64,64,64,57,57,57,59,61,58,42,37,37,51,89,89,82,66,62,48,30,30,28,28,42,42,56,56,52,52,0,0],"gold":543,"neow_bonus":"REMOVE_TWO","is_daily":false,"chose_seed":false,"campfire_upgraded":6,"win_rate":0.0,"timestamp":1610138126,"path_taken":["M","?","M","M","?","R","E","R","T","E","M","M","E","M","R","BOSS","M","M","?","M","M","E","R","E","T","M","R","E","?","?","R","BOSS"],"items_purchased_type":[],"build_version":"2020-12-22","purchased_purges":0,"victory":false,"max_hp_per_floor":[75,75,75,75,75,75,75,75,75,89,89,89,89,89,89,89,89,89,89,89,89,89,89,89,89,89,89,89,89,89,89,89,89,89],"relic_stats":{"Blood Vial":28,"Centennial Puzzle":[6],"Torii":3,"counters":[20,108],"Shuriken":[23],"Pantograph":50,"Necronomicon":[3],"obtain_stats":[{"Blood Vial":9,"Anchor":23,"Centennial Puzzle":29,"Torii":25,"Shuriken":13,"Pantograph":7,"Mango":10,"Necronomicon":20,"Red Mask":31,"Cracked Core":0,"Nuclear Battery":17,"Meat on the Bone":26},{"Blood Vial":4,"Anchor":15,"Centennial Puzzle":18,"Torii":16,"Shuriken":8,"Pantograph":4,"Mango":5,"Necronomicon":12,"Red Mask":19,"Cracked Core":0,"Nuclear Battery":10,"Meat on the Bone":16},{"Blood Vial":16,"Anchor":71,"Centennial Puzzle":86,"Torii":75,"Shuriken":32,"Pantograph":16,"Mango":19,"Necronomicon":52,"Red Mask":90,"Cracked Core":0,"Nuclear Battery":43,"Meat on the Bone":75}],"Meat on the Bone":24},"card_choices":[{"not_picked":["Rebound","Reinforced Body"],"picked":"Genetic Algorithm","floor":1.0},{"not_picked":["Turbo","Stack"],"picked":"Conserve Battery","floor":3.0},{"not_picked":["Storm","Chill"],"picked":"Compile Driver","floor":4.0},{"not_picked":["Go for the Eyes","Stack"],"picked":"Ball Lightning","floor":7.0},{"not_picked":["Scrape","Skim"],"picked":"Steam","floor":10.0},{"not_picked":["Streamline","Rebound","White Noise"],"picked":"SKIP","floor":11.0},{"not_picked":["Reprogram","Hologram","Static Discharge"],"picked":"SKIP","floor":12.0},{"not_picked":["Auto Shields","Steam Power"],"picked":"Cold Snap","floor":13},{"not_picked":["Force Field","Fusion"],"picked":"Coolheaded","floor":14},{"not_picked":["Electrodynamics","Amplify"],"picked":"Fission","floor":16},{"not_picked":["Sweeping Beam","Hello World+1"],"picked":"Redo+1","floor":18},{"not_picked":["Hologram","Sweeping Beam","Ball Lightning+1"],"picked":"SKIP","floor":19},{"not_picked":["Beam Cell+1","Hologram"],"picked":"Loop+1","floor":21},{"not_picked":["Turbo+1","BootSequence"],"picked":"Coolheaded","floor":22},{"not_picked":["BootSequence","Gash"],"picked":"FTL","floor":23},{"not_picked":["Blizzard","Rebound+1","Cold Snap"],"picked":"SKIP","floor":25},{"not_picked":["Heatsinks","Blizzard"],"picked":"Genetic Algorithm+1","floor":27},{"not_picked":["Lockon","Heatsinks"],"picked":"Redo","floor":29},{"not_picked":["Conserve Battery","Melter"],"picked":"Turbo+1","floor":31}],"player_experience":316020,"relics_obtained":[{"floor":7.0,"key":"Pantograph"},{"floor":9.0,"key":"Blood Vial"},{"floor":10.0,"key":"Mango"},{"floor":13,"key":"Shuriken"},{"floor":20,"key":"Necronomicon"},{"floor":23,"key":"Anchor"},{"floor":25,"key":"Torii"},{"floor":26,"key":"Meat on the Bone"},{"floor":29,"key":"Centennial Puzzle"},{"floor":31,"key":"Red Mask"}],"event_choices":[{"damage_healed":0.0,"max_hp_gain":0.0,"max_hp_loss":0.0,"gold_gain":0.0,"event_name":"Living Wall","player_choice":"Grow","floor":2.0,"gold_loss":0.0,"damage_taken":0.0,"cards_upgraded":["Genetic Algorithm"]},{"damage_healed":0.0,"max_hp_gain":0.0,"max_hp_loss":0.0,"gold_gain":0.0,"event_name":"Liars Game","player_choice":"Ignored","floor":5.0,"gold_loss":0.0,"damage_taken":0.0},{"damage_healed":0,"gold_gain":0,"player_choice":"Obtained Book","damage_taken":16,"max_hp_gain":0,"max_hp_loss":0,"event_name":"Cursed Tome","floor":20,"gold_loss":0},{"damage_healed":0,"gold_gain":0,"player_choice":"Simplicity","damage_taken":0,"max_hp_gain":0,"max_hp_loss":0,"event_name":"Back to Basics","floor":30,"gold_loss":0,"cards_upgraded":["Strike_B","Strike_B","Strike_B","Defend_B","Defend_B","Defend_B"]},{"damage_healed":0,"gold_gain":0,"player_choice":"Fought Bandits","damage_taken":0,"max_hp_gain":0,"max_hp_loss":0,"event_name":"Masked Bandits","floor":31,"gold_loss":0}],"is_beta":false,"boss_relics":[{"not_picked":["SacredBark","Coffee Dripper"],"picked":"Nuclear Battery"}],"items_purged_floors":[],"is_endless":false,"potions_floor_spawned":[3,4,10,12,13,22,23,25],"killed_by":"Champ","ascension_level":2}}