{"host":"ypphcgdomtfqpc2w","time":1610106903,"event":{"mods":["BaseMod","Minty Spire (QoL Compilation)","StSLib"],"gold_per_floor":[360,360,376,390,390,390,425,65,65,95,107,56,83,83,83,160,160,177,189,201,42,42,42,52,52,52,71,17,47,47,59,59,133,133,144,159,184,184,184,210,210,222,222,114,145,157,186,198,198,198,198,198,198,13,46,46],"floor_reached":57,"playtime":4746,"items_purged":["Strike_R","Strike_R"],"score":2935,"play_id":"8c540d43-7d85-4863-a92e-26168b5588ec","local_time":"20210108205503","is_ascension_mode":true,"campfire_choices":[{"data":"Perfected Strike","floor":6,"key":"SMITH"},{"data":"Armaments","floor":15,"key":"SMITH"},{"floor":23,"key":"REST"},{"data":"Corruption","floor":25,"key":"SMITH"},{"data":"Pommel Strike","floor":32,"key":"SMITH"},{"data":"Barricade","floor":41,"key":"SMITH"},{"floor":49,"key":"RECALL"},{"data":"Feel No Pain","floor":53,"key":"SMITH"}],"circlet_count":0,"master_deck":["AscendersBane","Strike_R","Strike_R","Strike_R","Defend_R","Defend_R","Defend_R","Defend_R","Bash","Thunderclap+1","Power Through","Perfected Strike+1","Shockwave","Armaments+1","Fire Breathing","True Grit","Shrug It Off","Corruption+1","Flame Barrier","Shockwave+1","True Grit","Feel No Pain+1","Shrug It Off","Pommel Strike+1","Inflame","Twin Strike+1","Barricade+1","Sentinel","Spot Weakness+1","Writhe","Dark Shackles","Secret Technique","Thinking Ahead","Spot Weakness+1","Power Through+1","Limit Break","Entrench+1","Iron Wave","Body Slam","Burning Pact","Battle Trance"],"relics":["Burning Blood","Centennial Puzzle","Mercury Hourglass","Lantern","Art of War","Sundial","Runic Cube","Nilry\u0027s Codex","Question Card","Shuriken","SlaversCollar","Du-Vu Doll","Blue Candle","Gremlin Horn","Pantograph","Kunai"],"acts_visited":["Exordium","TheCity","TheBeyond","TheEnding"],"potions_floor_usage":[13,20,27,27,29,33,36,40,40,40],"damage_taken":[{"damage":9,"enemies":"Jaw Worm","floor":1,"turns":4},{"damage":1,"enemies":"Cultist","floor":3,"turns":3},{"damage":8,"enemies":"2 Louse","floor":4,"turns":3},{"damage":32,"enemies":"Gremlin Nob","floor":7,"turns":4},{"damage":15,"enemies":"Lagavulin","floor":10,"turns":5},{"damage":2,"enemies":"Exordium Wildlife","floor":11,"turns":3},{"damage":5,"enemies":"3 Sentries","floor":13,"turns":4},{"damage":37,"enemies":"The Guardian","floor":16,"turns":11},{"damage":33,"enemies":"Shell Parasite","floor":18,"turns":5},{"damage":15,"enemies":"2 Thieves","floor":19,"turns":4},{"damage":5,"enemies":"Snecko","floor":20,"turns":6},{"damage":3,"enemies":"Snake Plant","floor":24,"turns":7},{"damage":19,"enemies":"Cultist and Chosen","floor":27,"turns":5},{"damage":6,"enemies":"Gremlin Leader","floor":29,"turns":8},{"damage":1,"enemies":"Snecko","floor":31,"turns":6},{"damage":0,"enemies":"Champ","floor":33,"turns":17},{"damage":29,"enemies":"Orb Walker","floor":35,"turns":9},{"damage":32,"enemies":"3 Darklings","floor":36,"turns":7},{"damage":8,"enemies":"Mind Bloom Boss Battle","floor":37,"turns":8},{"damage":3,"enemies":"Reptomancer","floor":40,"turns":8},{"damage":31,"enemies":"Writhing Mass","floor":42,"turns":6},{"damage":7,"enemies":"Giant Head","floor":45,"turns":7},{"damage":10,"enemies":"Sphere and 2 Shapes","floor":46,"turns":5},{"damage":1,"enemies":"Nemesis","floor":47,"turns":10},{"damage":16,"enemies":"Jaw Worm Horde","floor":48,"turns":4},{"damage":9,"enemies":"Donu and Deca","floor":50,"turns":10},{"damage":32,"enemies":"Awakened One","floor":51,"turns":15},{"damage":67,"enemies":"Shield and Spear","floor":55,"turns":5},{"damage":51,"enemies":"The Heart","floor":56,"turns":8}],"seed_played":"-5976587383178296732","potions_obtained":[{"floor":4,"key":"BloodPotion"},{"floor":7,"key":"Fire Potion"},{"floor":16,"key":"GamblersBrew"},{"floor":20,"key":"ColorlessPotion"},{"floor":27,"key":"Fire Potion"},{"floor":33,"key":"EntropicBrew"},{"floor":35,"key":"BlessingOfTheForge"},{"floor":40,"key":"Energy Potion"},{"floor":46,"key":"Regen Potion"},{"floor":48,"key":"FairyPotion"}],"is_trial":false,"path_per_floor":["M","?","M","M","?","R","E","$","T","E","M","$","E","T","R","B",null,"M","M","M","$","?","R","M","R","T","M","$","E","?","M","R","B",null,"M","M","?","?","?","E","R","M","T","$","E","M","E","M","R","B","B",null,"R","$","E","B",null],"character_chosen":"IRONCLAD","items_purchased":["Mercury Hourglass","Shockwave","True Grit","Feel No Pain","PowerPotion","FairyPotion","Burning Pact"],"campfire_rested":1,"item_purchase_floors":[8,8,12,21,28,44,54],"current_hp_per_floor":[65,65,68,66,71,71,45,45,45,36,40,40,41,41,41,10,57,30,21,36,36,15,36,39,39,39,26,26,26,83,83,83,83,83,60,34,32,49,39,42,42,17,17,17,16,12,17,7,7,29,28,69,69,69,8,29],"gold":46,"neow_bonus":"TWO_FIFTY_GOLD","is_daily":false,"chose_seed":false,"campfire_upgraded":6,"win_rate":0.0,"timestamp":1610106903,"path_taken":["M","?","M","?","?","R","E","$","T","E","M","$","E","?","R","BOSS","M","?","?","$","?","R","M","R","T","M","?","E","?","M","R","BOSS","M","?","?","?","?","E","R","M","T","$","E","?","E","M","R","BOSS","BOSS","R","$","E","BOSS"],"items_purchased_type":["Relic","Card","Card","Card","Potion","Potion","Card"],"build_version":"2020-12-22","purchased_purges":2,"victory":true,"max_hp_per_floor":[68,68,68,68,73,73,73,73,73,73,73,73,73,73,73,73,73,73,73,73,73,73,73,73,73,73,73,73,73,83,83,83,83,83,83,83,83,83,83,83,83,83,83,83,83,83,83,83,83,83,83,83,83,83,83,83],"card_choices":[{"not_picked":["Body Slam","Rage"],"picked":"Thunderclap","floor":1},{"not_picked":["Cleave","Heavy Blade"],"picked":"Power Through","floor":3},{"not_picked":["Iron Wave","Armaments"],"picked":"Perfected Strike","floor":4},{"not_picked":["True Grit","Reckless Charge"],"picked":"Fiend Fire","floor":7},{"not_picked":["Wild Strike","Anger"],"picked":"Armaments","floor":10},{"not_picked":["Entrench","Wild Strike"],"picked":"Fire Breathing","floor":11},{"not_picked":["Brutality","Thunderclap"],"picked":"Shrug It Off","floor":13},{"not_picked":["Offering","Double Tap"],"picked":"Corruption","floor":16},{"not_picked":["Dual Wield+1","Havoc"],"picked":"Flame Barrier","floor":18},{"not_picked":["Spot Weakness","Carnage"],"picked":"Shockwave+1","floor":19},{"not_picked":["Anger","Clash"],"picked":"True Grit","floor":20},{"not_picked":["Power Through","Entrench"],"picked":"Shrug It Off","floor":24},{"not_picked":["Sever Soul","Immolate","Infernal Blade"],"picked":"Pommel Strike","floor":27},{"not_picked":["Sever Soul","Twin Strike","Body Slam"],"picked":"Inflame","floor":29},{"not_picked":["Whirlwind","Cleave","Rampage"],"picked":"Twin Strike+1","floor":31},{"not_picked":["Berserk","Limit Break","Corruption"],"picked":"Barricade","floor":33},{"not_picked":["Thunderclap+1","Heavy Blade","Pummel","Warcry"],"picked":"SKIP","floor":35},{"not_picked":["Anger","True Grit","Clothesline"],"picked":"Sentinel","floor":36},{"not_picked":["Heavy Blade","Armaments","Thunderclap+1"],"picked":"Spot Weakness+1","floor":37},{"not_picked":["Jack Of All Trades","Thinking Ahead","Transmutation"],"picked":"Dark Shackles","floor":39},{"not_picked":["Finesse","Sadistic Nature","Madness"],"picked":"Secret Technique","floor":39},{"not_picked":["Panacea","Transmutation","Flash of Steel"],"picked":"Thinking Ahead","floor":39},{"not_picked":["Wild Strike","Cleave","Heavy Blade"],"picked":"Spot Weakness+1","floor":40},{"not_picked":["Thunderclap","Dual Wield","Body Slam+1"],"picked":"Power Through+1","floor":42},{"not_picked":["Cleave","Fire Breathing","Sword Boomerang+1"],"picked":"Limit Break","floor":45},{"not_picked":["Anger","Thunderclap","Evolve"],"picked":"Entrench+1","floor":46},{"not_picked":["Clothesline","Bludgeon","Wild Strike"],"picked":"Iron Wave","floor":47},{"not_picked":["Rupture+1","Anger","Power Through"],"picked":"Body Slam","floor":48},{"not_picked":["Body Slam+1","Searing Blow","Clothesline"],"picked":"Battle Trance","floor":55}],"player_experience":2003252,"relics_obtained":[{"floor":7,"key":"Centennial Puzzle"},{"floor":10,"key":"Lantern"},{"floor":13,"key":"Art of War"},{"floor":14,"key":"Sundial"},{"floor":22,"key":"Nilry\u0027s Codex"},{"floor":26,"key":"Question Card"},{"floor":29,"key":"Shuriken"},{"floor":37,"key":"Du-Vu Doll"},{"floor":40,"key":"Blue Candle"},{"floor":43,"key":"Gremlin Horn"},{"floor":45,"key":"Pantograph"},{"floor":55,"key":"Kunai"}],"event_choices":[{"damage_healed":0,"gold_gain":0,"player_choice":"Upgraded","damage_taken":0,"max_hp_gain":0,"max_hp_loss":0,"event_name":"Upgrade Shrine","floor":2,"gold_loss":0,"cards_upgraded":["Thunderclap"]},{"damage_healed":0,"gold_gain":0,"player_choice":"Donut","damage_taken":0,"max_hp_gain":5,"max_hp_loss":0,"event_name":"Big Fish","floor":5,"gold_loss":0},{"damage_healed":0,"gold_gain":0,"player_choice":"Obtained Book","damage_taken":21,"max_hp_gain":0,"max_hp_loss":0,"event_name":"Cursed Tome","floor":22,"gold_loss":0},{"cards_removed":["Fiend Fire"],"damage_healed":47,"gold_gain":0,"player_choice":"Offered Rare","damage_taken":0,"max_hp_gain":10,"max_hp_loss":0,"event_name":"Bonfire Elementals","floor":30,"gold_loss":0},{"damage_healed":0,"gold_gain":0,"player_choice":"Fight","damage_taken":0,"max_hp_gain":0,"max_hp_loss":0,"event_name":"MindBloom","floor":37,"gold_loss":0},{"damage_healed":17,"gold_gain":0,"player_choice":"Writhe","damage_taken":0,"max_hp_gain":0,"max_hp_loss":0,"event_name":"Winding Halls","floor":38,"gold_loss":0,"cards_obtained":["Writhe"]},{"damage_healed":0,"gold_gain":0,"player_choice":"Memory 3","damage_taken":10,"max_hp_gain":0,"max_hp_loss":0,"event_name":"SensoryStone","floor":39,"gold_loss":0}],"is_beta":false,"boss_relics":[{"not_picked":["Black Blood","Calling Bell"],"picked":"Runic Cube"},{"not_picked":["Mark of Pain","Empty Cage"],"picked":"SlaversCollar"}],"items_purged_floors":[21,54],"is_endless":false,"potions_floor_spawned":[4,7,16,20,27,33,35,40,45,46,48],"ascension_level":20}}