{"host":"2qv44oxt58ptq59r","time":1610130359,"event":{"mods":["AchievementEnabler","BaseMod","Colored Powertips","Highlight Path","Minty Spire (QoL Compilation)","Permanent Neow","StSLib"],"gold_per_floor":[115,9,27,43,43,43,77,91,114,140,154,154,169,183,183,288,288,305,320,245,245,263,263,273,273,299,299,299],"floor_reached":27,"playtime":11170,"items_purged":[],"score":227,"play_id":"16ff4f22-1c59-453d-a1c5-7272d7e69580","local_time":"20210108182559","is_ascension_mode":false,"campfire_choices":[{"data":"Bash","floor":6.0,"key":"SMITH"},{"floor":12.0,"key":"REST"},{"data":"Whirlwind","floor":15.0,"key":"SMITH"},{"floor":23,"key":"REST"},{"floor":25,"key":"REST"}],"circlet_count":0,"master_deck":["Strike_R","Strike_R","Defend_R","Defend_R","Defend_R","Defend_R","Bash+1","Panacea","Disarm","Pommel Strike","Whirlwind+1","Seeing Red","Thunderclap","Intimidate","Feed","Demon Form"],"relics":["Burning Blood","Oddly Smooth Stone","Happy Flower","Art of War","Darkstone Periapt","Empty Cage","Pen Nib"],"acts_visited":["Exordium","TheCity"],"potions_floor_usage":[16,20,22,22],"damage_taken":[{"damage":1.0,"enemies":"2 Louse","floor":1.0,"turns":4.0},{"damage":1.0,"enemies":"Cultist","floor":3.0,"turns":3.0},{"damage":1.0,"enemies":"Small Slimes","floor":4.0,"turns":3.0},{"damage":31.0,"enemies":"Lagavulin","floor":7.0,"turns":9.0},{"damage":0.0,"enemies":"2 Fungi Beasts","floor":8.0,"turns":3.0},{"damage":39.0,"enemies":"3 Sentries","floor":10.0,"turns":14.0},{"damage":1.0,"enemies":"Red Slaver","floor":11.0,"turns":3.0},{"damage":2.0,"enemies":"Large Slime","floor":13.0,"turns":4.0},{"damage":0.0,"enemies":"2 Fungi Beasts","floor":14.0,"turns":3.0},{"damage":7,"enemies":"Slime Boss","floor":16,"turns":9},{"damage":26,"enemies":"Spheric Guardian","floor":18,"turns":8},{"damage":3,"enemies":"3 Byrds","floor":19,"turns":4},{"damage":35,"enemies":"Centurion and Healer","floor":22,"turns":3},{"damage":30,"enemies":"Snecko","floor":24,"turns":5},{"damage":68,"enemies":"Slavers","floor":27,"turns":4}],"seed_played":"6918490067263883680","potions_obtained":[{"floor":1.0,"key":"LiquidMemories"},{"floor":10.0,"key":"Strength Potion"},{"floor":11.0,"key":"Regen Potion"},{"floor":13.0,"key":"SmokeBomb"},{"floor":16,"key":"PowerPotion"},{"floor":19,"key":"Fruit Juice"}],"is_trial":false,"path_per_floor":["M","$","M","M","?","R","E","M","T","E","M","R","M","M","R","B",null,"M","M","?","?","M","R","M","R","T","E"],"character_chosen":"IRONCLAD","items_purchased":["Disarm","Pommel Strike"],"campfire_rested":3,"item_purchase_floors":[2,2],"current_hp_per_floor":[80,80,80,80,80,80,55,61,61,28,33,57,61,67,67,66,80,60,63,68,62,42,67,43,68,68,0,0],"gold":299,"neow_bonus":"RANDOM_COLORLESS","is_daily":false,"chose_seed":false,"campfire_upgraded":2,"win_rate":0.0,"timestamp":1610130359,"path_taken":["M","$","M","M","?","R","E","?","T","E","M","R","M","M","R","BOSS","M","M","?","?","M","R","M","R","T","E"],"items_purchased_type":["Card","Card"],"build_version":"2020-12-22","purchased_purges":0,"victory":false,"max_hp_per_floor":[80,80,80,80,80,80,80,80,80,80,80,80,80,80,80,80,80,80,80,85,85,85,85,85,85,85,85,85],"card_choices":[{"not_picked":["Finesse","Deep Breath"],"picked":"Panacea","floor":0.0},{"not_picked":["Searing Blow","Infernal Blade","Warcry"],"picked":"SKIP","floor":1.0},{"not_picked":["Clothesline","Havoc"],"picked":"Whirlwind","floor":3.0},{"not_picked":["Armaments","Iron Wave"],"picked":"Seeing Red","floor":4.0},{"not_picked":["Ghostly Armor","Cleave","Dual Wield"],"picked":"SKIP","floor":7.0},{"not_picked":["True Grit","Reckless Charge","Warcry"],"picked":"SKIP","floor":8.0},{"not_picked":["Twin Strike","Dropkick","Perfected Strike"],"picked":"SKIP","floor":10.0},{"not_picked":["Combust","Sword Boomerang","Flex"],"picked":"SKIP","floor":11.0},{"not_picked":["Heavy Blade","Cleave"],"picked":"Thunderclap","floor":13.0},{"not_picked":["Cleave","Pummel"],"picked":"Intimidate","floor":14.0},{"not_picked":["Barricade","Offering"],"picked":"Feed","floor":16},{"not_picked":["Body Slam","Iron Wave","Armaments"],"picked":"SKIP","floor":18},{"not_picked":["Cleave","Clothesline"],"picked":"Demon Form","floor":19},{"not_picked":["Combust+1","Rampage+1","Perfected Strike"],"picked":"SKIP","floor":22},{"not_picked":["Dual Wield","Twin Strike","Infernal Blade+1"],"picked":"SKIP","floor":24}],"player_experience":5251750,"relics_obtained":[{"floor":7.0,"key":"Happy Flower"},{"floor":9.0,"key":"Art of War"},{"floor":10.0,"key":"Darkstone Periapt"},{"floor":26,"key":"Pen Nib"}],"event_choices":[{"damage_healed":0.0,"max_hp_gain":0.0,"max_hp_loss":0.0,"gold_gain":0.0,"event_name":"WeMeetAgain","player_choice":"Gave Potion","floor":5.0,"gold_loss":0.0,"damage_taken":0.0,"relics_obtained":["Oddly Smooth Stone"]},{"cards_removed":["Strike_R"],"damage_healed":0,"gold_gain":0,"player_choice":"Gave Gold","damage_taken":0,"max_hp_gain":0,"max_hp_loss":0,"event_name":"Beggar","floor":20,"gold_loss":75},{"damage_healed":0,"gold_gain":0,"player_choice":"","damage_taken":6,"max_hp_gain":0,"max_hp_loss":0,"event_name":"Knowing Skull","floor":21,"potions_obtained":[],"gold_loss":0,"cards_obtained":[]}],"is_beta":false,"boss_relics":[{"not_picked":["Runic Dome","Runic Cube"],"picked":"Empty Cage"}],"items_purged_floors":[],"is_endless":false,"potions_floor_spawned":[1,10,11,13,16,19],"killed_by":"Slavers","ascension_level":0}}