{"host":"p7j7o00jacnw7qzt","time":1610117049,"event":{"mods":["BaseMod","Colored Map","Colored Powertips","DeckTracker","Highlight Path","Minty Spire (QoL Compilation)","Relic Stats"],"gold_per_floor":[117,117,13,33,33,33,65,65,65,98,116,136,156,191,191,266,266,277,202,92,102,114,114,128,128,128,140,153,153,153,153],"floor_reached":30,"playtime":1187,"items_purged":["Strike_R"],"score":554,"play_id":"402e015f-f637-4b4f-a0bc-ab0e18d5bbcd","local_time":"20210108094409","is_ascension_mode":true,"campfire_choices":[{"data":"Armaments","floor":6.0,"key":"SMITH"},{"data":"Rupture","floor":8.0,"key":"SMITH"},{"data":"Demon Form","floor":15.0,"key":"SMITH"},{"data":"Limit Break","floor":23.0,"key":"SMITH"},{"data":"Pommel Strike","floor":25.0,"key":"SMITH"}],"circlet_count":0,"master_deck":["AscendersBane","Strike_R","Defend_R","Defend_R","Defend_R","Defend_R","Bash","Rupture+1","Sword Boomerang","Armaments+1","True Grit","Power Through","Shockwave+1","Demon Form+1","Second Wind","Limit Break+1","Shrug It Off","Pommel Strike+1","Bloodletting","Evolve"],"relics":["Burning Blood","NeowsBlessing","Art of War","Pantograph","Blue Candle","Potion Belt","Incense Burner","Runic Dome","Mercury Hourglass"],"acts_visited":["Exordium","TheCity"],"potions_floor_usage":[30,30],"damage_taken":[{"damage":0.0,"enemies":"Cultist","floor":1.0,"turns":1.0},{"damage":0.0,"enemies":"2 Louse","floor":4.0,"turns":1.0},{"damage":0.0,"enemies":"Gremlin Nob","floor":7.0,"turns":1.0},{"damage":27.0,"enemies":"Lagavulin","floor":10.0,"turns":6.0},{"damage":2.0,"enemies":"Jaw Worm","floor":11.0,"turns":5.0},{"damage":7.0,"enemies":"Exordium Thugs","floor":12.0,"turns":5.0},{"damage":2.0,"enemies":"Blue Slaver","floor":13.0,"turns":6.0},{"damage":26.0,"enemies":"3 Sentries","floor":14.0,"turns":12.0},{"damage":27.0,"enemies":"Hexaghost","floor":16.0,"turns":9.0},{"damage":14.0,"enemies":"3 Byrds","floor":18.0,"turns":4.0},{"damage":27.0,"enemies":"Shell Parasite","floor":21.0,"turns":7.0},{"damage":25.0,"enemies":"Snecko","floor":22.0,"turns":6.0},{"damage":8.0,"enemies":"3 Cultists","floor":24.0,"turns":5.0},{"damage":17.0,"enemies":"Sentry and Sphere","floor":27.0,"turns":5.0},{"damage":5.0,"enemies":"Snake Plant","floor":28.0,"turns":2.0},{"damage":44,"enemies":"Gremlin Leader","floor":30,"turns":5}],"seed_played":"-4406554855094122710","potions_obtained":[{"floor":1.0,"key":"Fire Potion"},{"floor":4.0,"key":"Explosive Potion"},{"floor":11.0,"key":"SteroidPotion"},{"floor":12.0,"key":"Regen Potion"},{"floor":18.0,"key":"EntropicBrew"},{"floor":22.0,"key":"Energy Potion"},{"floor":24.0,"key":"PowerPotion"}],"is_trial":false,"path_per_floor":["M","?","$","M","?","R","E","R","T","E","M","M","M","E","R","B",null,"M","?","?","M","M","R","M","R","T","M","M","?","E"],"character_chosen":"IRONCLAD","items_purchased":["Sword Boomerang"],"campfire_rested":0,"item_purchase_floors":[3],"current_hp_per_floor":[74,69,69,75,75,75,75,75,75,54,58,57,61,41,41,45,68,60,60,60,39,34,34,32,32,32,21,22,37,0,0],"gold":153,"neow_bonus":"THREE_ENEMY_KILL","is_daily":false,"chose_seed":false,"campfire_upgraded":5,"win_rate":0.0,"timestamp":1610117049,"path_taken":["M","?","$","M","?","R","E","R","T","E","M","?","M","E","R","BOSS","M","?","?","M","?","R","M","R","T","M","?","?","E"],"items_purchased_type":["Card"],"build_version":"2020-12-22","purchased_purges":1,"victory":false,"max_hp_per_floor":[75,75,75,75,75,75,75,75,75,75,75,75,75,75,75,75,75,75,75,75,75,75,75,75,75,75,75,75,75,75,75],"relic_stats":{"counters":[16,80],"Pantograph":25,"Blue Candle":[9],"Art of War":[24],"obtain_stats":[{"Potion Belt":10,"Runic Dome":17,"NeowsBlessing":0,"Pantograph":7,"Blue Candle":9,"Art of War":2,"Incense Burner":14,"Burning Blood":0,"Mercury Hourglass":26},{"Potion Belt":4,"Runic Dome":9,"NeowsBlessing":0,"Pantograph":3,"Blue Candle":3,"Art of War":1,"Incense Burner":8,"Burning Blood":0,"Mercury Hourglass":13},{"Potion Belt":9,"Runic Dome":46,"NeowsBlessing":0,"Pantograph":3,"Blue Candle":3,"Art of War":1,"Incense Burner":37,"Burning Blood":0,"Mercury Hourglass":68}],"Burning Blood":84,"Mercury Hourglass":[51]},"card_choices":[{"not_picked":["Flex","Warcry"],"picked":"Rupture","floor":1.0},{"not_picked":["Infernal Blade","Seeing Red"],"picked":"Armaments","floor":4.0},{"not_picked":["Sentinel","Headbutt"],"picked":"True Grit","floor":7.0},{"not_picked":["Anger","Clash"],"picked":"Power Through","floor":10.0},{"not_picked":["Reckless Charge","Dual Wield"],"picked":"Shockwave","floor":11.0},{"not_picked":["Twin Strike","Perfected Strike","Sword Boomerang"],"picked":"SKIP","floor":12.0},{"not_picked":["Twin Strike","Body Slam"],"picked":"Demon Form","floor":13.0},{"not_picked":["Feel No Pain","Blood for Blood"],"picked":"Second Wind","floor":14.0},{"not_picked":["Brutality","Offering"],"picked":"Limit Break","floor":16.0},{"not_picked":["Anger+1","Combust"],"picked":"Shrug It Off","floor":18.0},{"not_picked":["Wild Strike","Clash+1"],"picked":"Pommel Strike","floor":21.0},{"not_picked":["Warcry","Entrench","Metallicize+1"],"picked":"SKIP","floor":22.0},{"not_picked":["Shrug It Off","Cleave","Wild Strike+1"],"picked":"SKIP","floor":24.0},{"not_picked":["Body Slam","Disarm+1"],"picked":"Bloodletting","floor":27.0},{"not_picked":["Body Slam","Seeing Red"],"picked":"Evolve","floor":28.0}],"player_experience":1016244,"relics_obtained":[{"floor":7.0,"key":"Pantograph"},{"floor":9.0,"key":"Blue Candle"},{"floor":10.0,"key":"Potion Belt"},{"floor":14.0,"key":"Incense Burner"},{"floor":26.0,"key":"Mercury Hourglass"}],"event_choices":[{"damage_healed":0.0,"max_hp_gain":0.0,"max_hp_loss":0.0,"gold_gain":0.0,"event_name":"Scrap Ooze","player_choice":"Success","floor":2.0,"gold_loss":0.0,"damage_taken":5.0,"relics_obtained":["Art of War"]},{"cards_removed":["Strike_R"],"damage_healed":0.0,"max_hp_gain":0.0,"max_hp_loss":0.0,"gold_gain":0.0,"event_name":"Living Wall","player_choice":"Forget","floor":5.0,"gold_loss":0.0,"damage_taken":0.0},{"cards_removed":["Strike_R"],"damage_healed":0.0,"max_hp_gain":0.0,"max_hp_loss":0.0,"gold_gain":0.0,"event_name":"Beggar","player_choice":"Gave Gold","floor":19.0,"gold_loss":75.0,"damage_taken":0.0},{"cards_removed":["Strike_R"],"damage_healed":0.0,"max_hp_gain":0.0,"max_hp_loss":0.0,"gold_gain":0.0,"event_name":"Designer","player_choice":"Upgrade and Remove","floor":20.0,"gold_loss":110.0,"damage_taken":0.0,"cards_upgraded":["Shockwave"]},{"damage_healed":15,"gold_gain":0,"player_choice":"Heal","damage_taken":0,"max_hp_gain":0,"max_hp_loss":0,"event_name":"The Library","floor":29,"gold_loss":0}],"is_beta":false,"boss_relics":[{"not_picked":["Empty Cage","Black Blood"],"picked":"Runic Dome"}],"items_purged_floors":[3],"is_endless":false,"potions_floor_spawned":[1,4,11,12,18,22,24],"killed_by":"Gremlin Leader","ascension_level":20}}