{"host":"s9dep4x43c14s74h","time":1610090455,"event":{"mods":["BaseMod","Downfall","Gremlin Mod","Hermit","HololiveMod","Jorbs\u0027s Wanderer Trilogy","Lobotomy","Marisa????????","Minty Spire (QoL Compilation)","Replay The Spire","StSLib","The Animator","The Bug Knight","The Construct","The Cursed","The Necromancer","The Runesmith","The Servant 0.9.4"],"gold_per_floor":[99,118,118,135,153,153,232,232,232,265,281,299,319,339,354,457,457,457,472,484,484,484,500,524,624,624,724,574,593,607,173,191,191,191,191],"floor_reached":33,"playtime":4252,"items_purged":["hexamod:Strike"],"score":278,"play_id":"2d2eade7-63fe-44b0-8250-d95ac0615759","local_time":"20210108102055","is_ascension_mode":false,"campfire_choices":[{"data":"hexamod:Strike","floor":1.0,"key":"SMITH"},{"data":"hexamod:Float","floor":6.0,"key":"SMITH"},{"data":"hexamod:CatchUp","floor":8.0,"key":"SMITH"},{"data":"hexamod:HexaLevel","floor":18.0,"key":"SMITH"},{"data":"hexamod:EmpoweringStance","floor":28.0,"key":"SMITH"}],"circlet_count":0,"master_deck":["hexamod:Strike+1","hexamod:Defend","hexamod:Defend","hexamod:Defend","hexamod:Defend","hexamod:Sear","hexamod:Float+1","hexamod:GhostflameBarrier+1","hexamod:CatchUp+1","hexamod:HeatMetal+1","hexamod:GhostOfSpirePresent+1","hexamod:ThermalTransfer","hexamod:Firestarter","hexamod:AdvancingGuard","hexamod:SpectersWail","hexamod:HexaLevel+1","hexamod:ExtraCrispy","hexamod:StepThrough+1","hexamod:DynamicBlow+1","hexamod:EmpoweringStance+1","hexamod:GhostflameInferno","Shame","hexamod:GhostOfSpireFuture","hexamod:SkipABeat","hexamod:DynamicBlow","hexamod:SixthSeal","hexamod:FirstSeal"],"relics":["hexamod:SpiritBrand","Iron Hammer","Bronze Scales","Velvet Choker","MutagenicStrength","Happy Flower","downfall:HeartBlessingBlue","downfall:HeartBlessingGreen","Runesmith:AutoHammer"],"acts_visited":["Exordium","TheCity"],"potions_floor_usage":[],"damage_taken":[{"damage":0.0,"enemies":"Jaw Worm","floor":2.0,"turns":6.0},{"damage":7.0,"enemies":"2 Louse","floor":4.0,"turns":2.0},{"damage":0.0,"enemies":"Cultist","floor":5.0,"turns":3.0},{"damage":15.0,"enemies":"3 Sentries","floor":10.0,"turns":10.0},{"damage":0.0,"enemies":"2 Fungi Beasts","floor":11.0,"turns":4.0},{"damage":7.0,"enemies":"Gremlin Gang","floor":12.0,"turns":3.0},{"damage":10.0,"enemies":"Large Slime","floor":13.0,"turns":5.0},{"damage":0.0,"enemies":"2 Fungi Beasts","floor":14.0,"turns":4.0},{"damage":0.0,"enemies":"Exordium Wildlife","floor":15.0,"turns":4.0},{"damage":15.0,"enemies":"downfall:Ironclad","floor":16.0,"turns":8.0},{"damage":2.0,"enemies":"Shell Parasite","floor":19.0,"turns":5.0},{"damage":7.0,"enemies":"3 Byrds","floor":20.0,"turns":4.0},{"damage":20.0,"enemies":"Snecko","floor":23.0,"turns":6.0},{"damage":23.0,"enemies":"downfall:Augmenter","floor":25.0,"turns":5.0},{"damage":0.0,"enemies":"Chosen and Byrds","floor":29.0,"turns":5.0},{"damage":6.0,"enemies":"Snake Plant","floor":30.0,"turns":4.0},{"damage":0.0,"enemies":"downfall:FleeingMerchant","floor":31.0,"turns":4.0},{"damage":9.0,"enemies":"Cultist and Chosen","floor":32.0,"turns":5.0},{"damage":27,"enemies":"downfall:Watcher","floor":33,"turns":4}],"seed_played":"6528566392338534243","potions_obtained":[{"floor":4.0,"key":"Flashbang"},{"floor":5.0,"key":"Block Potion"},{"floor":11.0,"key":"Toxic Potion"},{"floor":12.0,"key":"AttackPotion"},{"floor":16.0,"key":"SkillPotion"},{"floor":20.0,"key":"Swift Potion"},{"floor":29.0,"key":"Reflective Coating"},{"floor":30.0,"key":"Explosive Potion"}],"is_trial":false,"path_per_floor":["R","M","?","M","M","R","T","R","?","E","M","M","M","M","M","B",null,"R","M","M","?","?","M","T","?","?","?","R","M","M","$","M","B"],"character_chosen":"THE_SPIRIT","items_purchased":["Regen Potion","Runesmith:AutoHammer","hexamod:SixthSeal"],"campfire_rested":0,"item_purchase_floors":[31,31,31],"current_hp_per_floor":[77,77,77,70,70,70,70,70,70,55,55,48,38,38,38,23,77,77,75,68,54,54,34,34,11,11,11,21,21,15,15,20,0,0,0],"gold":191,"neow_bonus":"TEN_PERCENT_HP_BONUS","is_daily":false,"chose_seed":false,"campfire_upgraded":5,"win_rate":0.0,"timestamp":1610090455,"path_taken":["R","M","?","M","M","R","T","R","?","E","M","M","M","M","M","BOSS","R","M","M","?","?","?","T","?","?","?","R","M","M","$","M","BOSS"],"items_purchased_type":["Potion","Relic","Card"],"build_version":"2020-12-22","purchased_purges":1,"victory":false,"max_hp_per_floor":[77,77,77,77,77,77,77,77,77,77,77,77,77,77,77,77,77,77,77,77,82,82,82,82,82,82,82,92,92,92,92,92,92,92,92],"card_choices":[{"not_picked":["hexamod:Hexaguard","hexamod:NightmareStrike"],"picked":"hexamod:GhostflameBarrier","floor":2.0},{"not_picked":["hexamod:SpectersWail","hexamod:EtherealExpedition"],"picked":"hexamod:CatchUp","floor":4.0},{"not_picked":["hexamod:BurningTouch","hexamod:RetreatToShadows"],"picked":"hexamod:HeatMetal","floor":5.0},{"not_picked":["hexamod:ThirdSeal","hexamod:HeatCrush"],"picked":"hexamod:GhostOfSpirePresent","floor":10.0},{"not_picked":["hexamod:RecurringNightmare","hexamod:Rewind"],"picked":"hexamod:ThermalTransfer","floor":11.0},{"not_picked":["hexamod:Firestarter","hexamod:HeatCrush","hexamod:AdvancingGuard"],"picked":"SKIP","floor":12.0},{"not_picked":["hexamod:GhostLash","hexamod:Haunt"],"picked":"hexamod:Firestarter","floor":13.0},{"not_picked":["hexamod:CatchUp","hexamod:BacktrackSmack"],"picked":"hexamod:AdvancingGuard","floor":14.0},{"not_picked":["hexamod:Rewind","hexamod:SwordOfDarkness"],"picked":"hexamod:SpectersWail","floor":15.0},{"not_picked":["hexamod:TurnItUp","hexamod:EmpoweringStance"],"picked":"hexamod:HexaLevel","floor":16.0},{"not_picked":["hexamod:AdvancingGuard","hexamod:InspiringFlames"],"picked":"hexamod:ExtraCrispy","floor":19.0},{"not_picked":["hexamod:NightmareGuise+1","hexamod:GhostLash+1"],"picked":"hexamod:StepThrough+1","floor":20.0},{"not_picked":["hexamod:SkipABeat","hexamod:HeatMetal"],"picked":"hexamod:DynamicBlow+1","floor":23.0},{"not_picked":["hexamod:ThermalTransfer","hexamod:HauntingEcho"],"picked":"hexamod:GhostOfSpireFuture","floor":29.0},{"not_picked":["hexamod:Firestarter","hexamod:ThirdSeal"],"picked":"hexamod:SkipABeat","floor":30.0},{"not_picked":["hexamod:SpectersWail","hexamod:GhostShield+1"],"picked":"hexamod:DynamicBlow","floor":31.0},{"not_picked":["hexamod:Haunt","hexamod:SixthSeal"],"picked":"hexamod:FirstSeal","floor":32.0}],"player_experience":844888,"relics_obtained":[{"floor":7.0,"key":"Iron Hammer"},{"floor":10.0,"key":"Bronze Scales"},{"floor":25.0,"key":"MutagenicStrength"}],"event_choices":[{"damage_healed":0.0,"max_hp_gain":0.0,"max_hp_loss":0.0,"gold_gain":0.0,"event_name":"Accursed Blacksmith","player_choice":"Forge","floor":9.0,"gold_loss":0.0,"damage_taken":0.0,"cards_upgraded":["hexamod:HeatMetal"]},{"damage_healed":0.0,"max_hp_gain":0.0,"max_hp_loss":0.0,"gold_gain":0.0,"event_name":"Upgrade Shrine","player_choice":"Upgraded","floor":22.0,"gold_loss":0.0,"damage_taken":0.0,"cards_upgraded":["hexamod:GhostOfSpirePresent"]},{"damage_healed":0.0,"max_hp_gain":0.0,"max_hp_loss":0.0,"gold_gain":0.0,"event_name":"Addict","player_choice":"Stole Relic","floor":26.0,"gold_loss":0.0,"damage_taken":0.0,"relics_obtained":["Happy Flower"],"cards_obtained":["Shame"]}],"is_beta":false,"boss_relics":[{"not_picked":["Runesmith:UraniumAnvil","Runic Dome"],"picked":"Velvet Choker"}],"items_purged_floors":[31],"is_endless":false,"potions_floor_spawned":[4,5,11,12,16,20,23,29,30],"killed_by":"downfall:Watcher","ascension_level":0}}