{"host":"p4v0hquynnreu717","time":1610127115,"event":{"mods":["BaseMod","Better Vampires","DeckTracker","Googly Eyes","Minty Spire (QoL Compilation)","Quick Restart","StSLib","SuperFastMode"],"gold_per_floor":[111,111,122,138,138,138,171,186,186,200,200,213,213,59,59,152,152,176,196,69,69,94,94,113,137,137,160,160,174,192,52,52,145,145,166,44,44,377,390,390,415,415,438,438,454,454,278,296,296,296,296,296,47,82,82,82],"floor_reached":55,"playtime":2298,"items_purged":["Strike_G","Strike_G","Strike_G+1","Flechettes"],"score":1183,"play_id":"5a31369b-90e3-41bc-99b9-b12740efbb87","local_time":"20210109013155","is_ascension_mode":true,"campfire_choices":[{"data":"Neutralize","floor":6.0,"key":"SMITH"},{"data":"After Image","floor":11.0,"key":"SMITH"},{"data":"Well Laid Plans","floor":15.0,"key":"SMITH"},{"data":"A Thousand Cuts","floor":23.0,"key":"SMITH"},{"data":"Prepared","floor":28.0,"key":"SMITH"},{"data":"Calculated Gamble","floor":32.0,"key":"SMITH"},{"floor":40.0,"key":"REST"},{"data":"Purity","floor":42.0,"key":"SMITH"},{"data":"Adrenaline","floor":46.0,"key":"SMITH"},{"floor":49.0,"key":"RECALL"},{"data":"Terror","floor":52.0,"key":"SMITH"}],"circlet_count":0,"master_deck":["AscendersBane","Defend_G","Defend_G","Defend_G","Defend_G","Defend_G","Survivor","Neutralize+1","Blade Dance","Crippling Poison","Finisher+1","After Image+1","Blade Dance","Well Laid Plans+1","Adrenaline+1","Reflex","A Thousand Cuts+1","Prepared+1","Terror+1","Finisher+1","Calculated Gamble+1","Concentrate+1","Accuracy+1","Acrobatics+1","Purity+1","Tactician+1","Calculated Gamble"],"relics":["Calling Bell","Omamori","HornCleat","Calipers","WarpedTongs","Mercury Hourglass","Orrery","Runic Pyramid","Sundial","Astrolabe","Juzu Bracelet","Mango","Whetstone","Centennial Puzzle"],"acts_visited":["Exordium","TheCity","TheBeyond","TheEnding"],"potions_floor_usage":[55],"damage_taken":[{"damage":10.0,"enemies":"Jaw Worm","floor":1.0,"turns":8.0},{"damage":2.0,"enemies":"Cultist","floor":3.0,"turns":4.0},{"damage":1.0,"enemies":"2 Louse","floor":4.0,"turns":3.0},{"damage":0.0,"enemies":"Gremlin Nob","floor":7.0,"turns":4.0},{"damage":3.0,"enemies":"Lots of Slimes","floor":8.0,"turns":2.0},{"damage":9.0,"enemies":"3 Louse","floor":10.0,"turns":2.0},{"damage":1.0,"enemies":"Large Slime","floor":12.0,"turns":4.0},{"damage":17.0,"enemies":"Slime Boss","floor":16.0,"turns":10.0},{"damage":5.0,"enemies":"3 Byrds","floor":18.0,"turns":4.0},{"damage":7.0,"enemies":"Spheric Guardian","floor":19.0,"turns":4.0},{"damage":6.0,"enemies":"Shelled Parasite and Fungi","floor":22.0,"turns":6.0},{"damage":0.0,"enemies":"3 Cultists","floor":24.0,"turns":5.0},{"damage":0.0,"enemies":"Centurion and Healer","floor":25.0,"turns":6.0},{"damage":0.0,"enemies":"Cultist and Chosen","floor":27.0,"turns":6.0},{"damage":4.0,"enemies":"Shelled Parasite and Fungi","floor":29.0,"turns":3.0},{"damage":0.0,"enemies":"3 Cultists","floor":30.0,"turns":4.0},{"damage":13.0,"enemies":"Champ","floor":33.0,"turns":8.0},{"damage":3.0,"enemies":"3 Shapes","floor":35.0,"turns":5.0},{"damage":27.0,"enemies":"3 Darklings","floor":39.0,"turns":3.0},{"damage":19.0,"enemies":"Nemesis","floor":41.0,"turns":7.0},{"damage":0.0,"enemies":"Transient","floor":45.0,"turns":5.0},{"damage":5.0,"enemies":"4 Shapes","floor":48.0,"turns":6.0},{"damage":27.0,"enemies":"Awakened One","floor":50.0,"turns":8.0},{"damage":37.0,"enemies":"Shield and Spear","floor":54.0,"turns":6.0},{"damage":1,"enemies":"The Heart","floor":55,"turns":2}],"seed_played":"7039341731860693319","potions_obtained":[{"floor":3.0,"key":"Energy Potion"},{"floor":7.0,"key":"Ancient Potion"},{"floor":8.0,"key":"Fruit Juice"},{"floor":10.0,"key":"Regen Potion"},{"floor":19.0,"key":"GhostInAJar"},{"floor":35.0,"key":"SteroidPotion"},{"floor":41.0,"key":"Poison Potion"}],"is_trial":false,"path_per_floor":["M","?","M","M","?","R","E","M","T","M","R","M","?","$","R","B",null,"M","M","$","?","M","R","M","M","T","M","R","M","M","$","R","B",null,"M","$","?","?","M","R","E","R","T","?","M","R","$","M","R","B",null,"R","$","E","B"],"character_chosen":"THE_SILENT","items_purchased":["Orrery","Prepared","Calculated Gamble","Purity","Tactician","Energy Potion","Weak Potion","Poison Potion"],"campfire_rested":1,"item_purchase_floors":[14,20,31,36,36,47,53,53],"current_hp_per_floor":[49,49,47,46,46,46,46,48,48,39,39,38,38,38,38,21,53,48,41,41,41,35,35,35,35,35,35,35,31,31,31,31,33,56,53,53,53,53,26,45,40,40,40,40,40,40,40,35,35,8,61,61,61,24,23,23],"gold":82,"neow_bonus":"BOSS_RELIC","is_daily":false,"chose_seed":false,"campfire_upgraded":9,"win_rate":0.0,"timestamp":1610127115,"path_taken":["M","?","?","M","?","R","E","?","T","M","R","M","?","$","R","BOSS","M","M","$","?","?","R","?","M","T","M","R","M","M","$","R","BOSS","M","$","?","?","M","R","E","R","T","?","M","R","$","M","R","BOSS","R","$","E","BOSS"],"items_purchased_type":["Relic","Card","Card","Card","Card","Potion","Potion","Potion"],"build_version":"2020-12-22","purchased_purges":4,"victory":false,"max_hp_per_floor":[66,66,66,66,66,66,66,71,71,71,71,71,64,64,64,64,64,64,64,64,64,64,64,64,64,64,64,64,64,64,64,64,64,64,64,64,64,64,64,64,78,78,78,78,78,78,78,78,78,78,78,78,78,78,78,78],"card_choices":[{"not_picked":["Caltrops","Sucker Punch"],"picked":"Blade Dance","floor":1.0},{"not_picked":["Noxious Fumes","Expertise"],"picked":"Crippling Poison","floor":3.0},{"not_picked":["Well Laid Plans","Backstab"],"picked":"Masterful Stab","floor":4.0},{"not_picked":["Bane","Deadly Poison"],"picked":"Finisher","floor":7.0},{"not_picked":["Well Laid Plans","PiercingWail"],"picked":"After Image","floor":8.0},{"not_picked":["Underhanded Strike","Concentrate"],"picked":"Blade Dance","floor":10.0},{"not_picked":["Crippling Poison","Underhanded Strike","Skewer"],"picked":"SKIP","floor":12.0},{"not_picked":["PiercingWail","Dodge and Roll"],"picked":"Well Laid Plans","floor":14.0},{"not_picked":["Cloak And Dagger","Acrobatics"],"picked":"Adrenaline","floor":14.0},{"not_picked":["Blade Dance","Masterful Stab"],"picked":"Reflex","floor":14.0},{"not_picked":["Doppelganger","Glass Knife"],"picked":"A Thousand Cuts","floor":16.0},{"not_picked":["Slice","Flying Knee","Skewer"],"picked":"SKIP","floor":18.0},{"not_picked":["Dodge and Roll","Dash","Outmaneuver"],"picked":"SKIP","floor":19.0},{"not_picked":["Escape Plan","Prepared"],"picked":"Flechettes","floor":22.0},{"not_picked":["Deflect+1","Deadly Poison","Slice"],"picked":"SKIP","floor":24.0},{"not_picked":["Distraction","Finisher","Acrobatics+1"],"picked":"SKIP","floor":25.0},{"not_picked":["Backflip","Crippling Poison"],"picked":"Terror","floor":27.0},{"not_picked":["Prepared","Noxious Fumes"],"picked":"Finisher+1","floor":29.0},{"not_picked":["Dodge and Roll","Terror","Blade Dance"],"picked":"SKIP","floor":30.0},{"not_picked":["Outmaneuver","Skewer","Blade Dance"],"picked":"SKIP","floor":35.0},{"not_picked":["Skewer","Quick Slash","Expertise"],"picked":"SKIP","floor":39.0},{"not_picked":["Backflip+1","Leg Sweep","Underhanded Strike+1"],"picked":"SKIP","floor":41.0},{"not_picked":["Underhanded Strike","Distraction+1","Heel Hook"],"picked":"SKIP","floor":45.0},{"not_picked":["Tactician","Sucker Punch","Dash+1"],"picked":"SKIP","floor":48.0},{"not_picked":["Acrobatics","Prepared+1"],"picked":"Calculated Gamble","floor":54.0}],"player_experience":774582,"relics_obtained":[{"floor":0.0,"key":"Omamori"},{"floor":0.0,"key":"HornCleat"},{"floor":0.0,"key":"Calipers"},{"floor":7.0,"key":"Mercury Hourglass"},{"floor":26.0,"key":"Sundial"},{"floor":41.0,"key":"Mango"},{"floor":43.0,"key":"Whetstone"},{"floor":54.0,"key":"Centennial Puzzle"}],"event_choices":[{"damage_healed":0.0,"max_hp_gain":0.0,"max_hp_loss":0.0,"gold_gain":0.0,"cards_transformed":["Strike_G"],"event_name":"Transmorgrifier","player_choice":"Transformed","floor":2.0,"gold_loss":0.0,"damage_taken":0.0,"cards_obtained":["Unload"]},{"damage_healed":0.0,"max_hp_gain":0.0,"max_hp_loss":0.0,"gold_gain":0.0,"event_name":"Accursed Blacksmith","player_choice":"Rummage","floor":5.0,"gold_loss":0.0,"damage_taken":0.0,"relics_obtained":["WarpedTongs"],"cards_obtained":["Pain"]},{"damage_healed":0.0,"max_hp_gain":0.0,"max_hp_loss":7.0,"gold_gain":0.0,"event_name":"Golden Idol","player_choice":"Lose Max HP","floor":13.0,"gold_loss":0.0,"damage_taken":0.0,"relics_obtained":["Golden Idol"]},{"damage_healed":0.0,"max_hp_gain":0.0,"max_hp_loss":0.0,"gold_gain":0.0,"event_name":"Lab","player_choice":"Got Potions","floor":21.0,"gold_loss":0.0,"damage_taken":0.0},{"damage_healed":0.0,"max_hp_gain":0.0,"max_hp_loss":0.0,"gold_gain":0.0,"event_name":"WeMeetAgain","player_choice":"Gave Potion","floor":37.0,"gold_loss":0.0,"damage_taken":0.0,"relics_obtained":["Juzu Bracelet"]},{"damage_healed":0.0,"max_hp_gain":0.0,"max_hp_loss":0.0,"gold_gain":333.0,"event_name":"The Moai Head","player_choice":"Gave Idol","floor":38.0,"relics_lost":["Golden Idol"],"gold_loss":0.0,"damage_taken":0.0},{"damage_healed":0.0,"max_hp_gain":0.0,"max_hp_loss":0.0,"gold_gain":0.0,"event_name":"Upgrade Shrine","player_choice":"Upgraded","floor":44.0,"gold_loss":0.0,"damage_taken":0.0,"cards_upgraded":["Tactician"]}],"is_beta":false,"boss_relics":[{"not_picked":["Philosopher\u0027s Stone","Ectoplasm"],"picked":"Runic Pyramid"},{"not_picked":["WristBlade","Velvet Choker"],"picked":"Astrolabe"}],"items_purged_floors":[20,31,47,53],"is_endless":false,"potions_floor_spawned":[3,7,8,10,12,19,22,29,35,41],"killed_by":"The Heart","ascension_level":15}}