{"host":"bpkhhmvsfrvlto2l","time":1610080286,"event":{"mods":["2.2 Compatiblity","AchievementEnabler","Act Like it!","AlwaysNeverKeys","Aspiration","BaseMod","Better Silent Start","Challenge The Spire","Colored Map","Colored Powertips","Custom Start","Downfall","Energized Spire","Friendly Minions","GifTheSpireLib","Halation","Hubris","Infinite Spire","Ironclad Rager","Mimic Mod","Minty Spire (QoL Compilation)","Permanent Neow","Quick Restart","Random Character Button","Relic Sorter","Replay The Spire","Spikes Relics","StSLib","Stuff the Spire","Swap Starting Deck Mod","Trackpad"],"gold_per_floor":[118,135,148,166,183,215,215,243,282,282,317,317,317,330,330,429,429,444,464,478,478,478,478,478,507,519,533,570,570,601,157,157,157,157,254,254,271,324,324,337,350,367,400,410,410,99,112,112,137,148,148,148,148,148,27,56,56],"floor_reached":58,"playtime":3451,"items_purged":["Replay:Hum"],"score":1379,"play_id":"de0976cd-d5e5-4d58-99a4-c3409ae0a31e","local_time":"20210107233126","is_ascension_mode":true,"campfire_choices":[{"data":"Nirvana","floor":7.0,"key":"SMITH"},{"data":"Nirvana","floor":10.0,"key":"SMITH"},{"data":"Nirvana","floor":12.0,"key":"SMITH"},{"data":"CutThroughFate","floor":15.0,"key":"SMITH"},{"data":"Replay:ManipulateFuture","floor":29,"key":"SMITH"},{"data":"CutThroughFate","floor":32,"key":"SMITH"},{"data":"CutThroughFate","floor":33,"key":"SMITH"},{"data":"CutThroughFate","floor":34,"key":"SMITH"},{"floor":48,"key":"RECALL"},{"data":"CutThroughFate","floor":51,"key":"SMITH"},{"data":"ThirdEye","floor":54,"key":"SMITH"}],"circlet_count":0,"master_deck":["CutThroughFate+1","CutThroughFate+1","CutThroughFate+1","CutThroughFate+1","ThirdEye","ThirdEye","ThirdEye","ThirdEye+1","Nirvana+1","Nirvana+1","Replay:ManipulateFuture+1","Nirvana+1","CutThroughFate+1","CutThroughFate+1","Parasite"],"relics":["PureWater","trackpad:WindUpAutoDealer","Replay:Purple Gloves","Happy Flower","infinitespire:BottledMercury","aspiration:SecretTechniqueScroll","WizardHat","StuffTheSpire:PointBlank","Letter Opener","StuffTheSpire:Mouthbags","halation:Komachan","Coffee Dripper","hubris:ScarierMask","trackpad:DisasterInABottle","Thread and Needle","Quantum Egg","Pear"],"acts_visited":["Exordium","TheCity","TheBeyond","TheEnding"],"potions_floor_usage":[30,35,35,35,40,52,52,52,57,57,57],"damage_taken":[{"damage":1.0,"enemies":"Jaw Worm","floor":1.0,"turns":3.0},{"damage":0.0,"enemies":"Small Slimes","floor":2.0,"turns":5.0},{"damage":0.0,"enemies":"Cultist","floor":3.0,"turns":3.0},{"damage":0.0,"enemies":"Exordium Wildlife","floor":4.0,"turns":6.0},{"damage":0.0,"enemies":"Red Slaver","floor":5.0,"turns":4.0},{"damage":0.0,"enemies":"Gremlin Nob","floor":6.0,"turns":4.0},{"damage":0.0,"enemies":"Lagavulin","floor":8.0,"turns":5.0},{"damage":0.0,"enemies":"3 Louse","floor":9.0,"turns":8.0},{"damage":0.0,"enemies":"3 Sentries","floor":11.0,"turns":8.0},{"damage":0.0,"enemies":"3 Louse","floor":14.0,"turns":4.0},{"damage":0.0,"enemies":"Fading Forest","floor":16.0,"turns":11.0},{"damage":0.0,"enemies":"Spheric Guardian","floor":18.0,"turns":4.0},{"damage":0,"enemies":"Shell Parasite","floor":19,"turns":4},{"damage":0,"enemies":"Snecko","floor":20,"turns":4},{"damage":4,"enemies":"Book of Stabbing","floor":25,"turns":7},{"damage":0,"enemies":"Shelled Parasite and Fungi","floor":26,"turns":4},{"damage":0,"enemies":"Snake Plant","floor":27,"turns":4},{"damage":0,"enemies":"Centurion and Healer","floor":28,"turns":5},{"damage":0,"enemies":"Gremlin Leader","floor":30,"turns":5},{"damage":5,"enemies":"Automaton","floor":35,"turns":9},{"damage":0,"enemies":"Orb Walker","floor":37,"turns":3},{"damage":0,"enemies":"3 Darklings","floor":40,"turns":3},{"damage":0,"enemies":"Transient","floor":41,"turns":5},{"damage":0,"enemies":"Maw","floor":42,"turns":7},{"damage":0,"enemies":"Nemesis","floor":43,"turns":5},{"damage":3,"enemies":"Sphere and 2 Shapes","floor":44,"turns":3},{"damage":0,"enemies":"Spire Growth","floor":47,"turns":4},{"damage":27,"enemies":"R_Hoarder","floor":49,"turns":8},{"damage":0,"enemies":"Writhing Mass","floor":50,"turns":7},{"damage":0,"enemies":"Replay:Hell Engine","floor":52,"turns":5},{"damage":0,"enemies":"Shield and Spear","floor":56,"turns":4},{"damage":14,"enemies":"The Heart","floor":57,"turns":12}],"seed_played":"-4726427481511018622","potions_obtained":[{"floor":4.0,"key":"BottledMiracle"},{"floor":5.0,"key":"DistilledChaos"},{"floor":8.0,"key":"Elixir"},{"floor":11.0,"key":"Toxic Potion"},{"floor":18.0,"key":"Energy Potion"},{"floor":24,"key":"EssenceOfSteel"},{"floor":24,"key":"DistilledChaos"},{"floor":24,"key":"Elixir"},{"floor":30,"key":"BlessingOfTheForge"},{"floor":35,"key":"Fire Potion"},{"floor":37,"key":"Elixir"},{"floor":38,"key":"CultistPotion"},{"floor":38,"key":"Flashbang"},{"floor":38,"key":"Ambrosia"},{"floor":42,"key":"Ambrosia"}],"is_trial":false,"path_per_floor":["M","M","M","M","M","E","R","E","MIM","R","E","R","?","M","R","B",null,"M","M","M","?","PTL","PTL","?","E","M","M","MIM","R","E","$","R","R","R","B",null,"M","?","AVR","M","M","M","E","M","T","$","M","R","E","M","R","B",null,"R","$","E","B",null],"character_chosen":"WATCHER","items_purchased":["StuffTheSpire:Mouthbags","halation:Komachan","Regen Potion","Thread and Needle","DuplicationPotion","ColorlessPotion"],"campfire_rested":0,"item_purchase_floors":[31,31,31,46,55,55],"current_hp_per_floor":[35,35,35,35,35,35,35,35,35,35,35,35,35,35,35,45,72,72,72,72,72,72,72,72,68,68,68,68,68,68,68,68,68,68,67,72,72,44,44,44,44,44,44,41,41,41,41,41,14,14,14,14,72,72,72,82,68],"gold":56,"neow_bonus":"","is_daily":false,"chose_seed":false,"campfire_upgraded":10,"win_rate":0.0,"timestamp":1610080286,"path_taken":["M","M","M","M","M","E","R","E","MIM","R","E","R","?","M","R","BOSS","M","M","M","?","PTL","PTL","?","E","M","?","MIM","R","E","$","R","R","R","BOSS","M","?","AVR","?","?","M","E","M","T","$","M","R","E","M","R","BOSS","R","$","E","BOSS"],"items_purchased_type":["Relic","Relic","Potion","Relic","Potion","Potion"],"build_version":"2020-12-22","purchased_purges":1,"victory":true,"max_hp_per_floor":[72,72,72,72,72,72,72,72,72,72,72,72,72,72,72,72,72,72,72,72,72,72,72,72,72,72,72,72,72,72,72,72,72,72,72,72,72,72,72,72,72,72,72,72,72,72,72,72,72,72,72,72,72,72,72,82,82],"card_choices":[{"not_picked":["BattleHymn","WaveOfTheHand"],"picked":"Nirvana","floor":1.0},{"not_picked":["EmptyMind","CrushJoints"],"picked":"Replay:ManipulateFuture","floor":4.0},{"not_picked":["Conclude","Consecrate","EmptyBody"],"picked":"SKIP","floor":6.0},{"not_picked":["Scrawl","DevaForm"],"picked":"Nirvana","floor":8.0},{"not_picked":["FlurryOfBlows","FlyingSleeves"],"picked":"Replay:Hum","floor":9.0},{"not_picked":["SashWhip","Prostrate"],"picked":"CutThroughFate","floor":11.0},{"not_picked":["Replay:DivineShield","Replay:BluntJabs","CarveReality"],"picked":"SKIP","floor":14.0},{"not_picked":["FollowUp+1","Consecrate+1","Study"],"picked":"SKIP","floor":18.0},{"not_picked":["FollowUp+1","Consecrate+1","Study"],"picked":"SKIP","floor":18.0},{"not_picked":["BattleHymn+1","Replay:AtTheReady","FlurryOfBlows"],"picked":"SKIP","floor":19},{"not_picked":["Collect","Consecrate+1","BowlingBash"],"picked":"SKIP","floor":25},{"not_picked":["Replay:DivineShield+1","SashWhip+1","Consecrate"],"picked":"SKIP","floor":41},{"not_picked":["BowlingBash","Replay:Vibes","FlurryOfBlows+1"],"picked":"SKIP","floor":43},{"not_picked":["PathToVictory","Conclude","Vengeance+1"],"picked":"SKIP","floor":49},{"not_picked":["Evaluate+1","PathToVictory+1","JustLucky"],"picked":"SKIP","floor":50},{"not_picked":["EmptyFist","Evaluate","Protect+1"],"picked":"SKIP","floor":56}],"player_experience":43641,"relics_obtained":[{"floor":6.0,"key":"trackpad:WindUpAutoDealer"},{"floor":8.0,"key":"Replay:Purple Gloves"},{"floor":9.0,"key":"Happy Flower"},{"floor":11.0,"key":"infinitespire:BottledMercury"},{"floor":25,"key":"WizardHat"},{"floor":28,"key":"StuffTheSpire:PointBlank"},{"floor":30,"key":"Letter Opener"},{"floor":43,"key":"trackpad:DisasterInABottle"},{"floor":49,"key":"Quantum Egg"},{"floor":56,"key":"Pear"}],"event_choices":[{"damage_healed":0.0,"max_hp_gain":0.0,"max_hp_loss":0.0,"gold_gain":0.0,"event_name":"Upgrade Shrine","player_choice":"Upgraded","floor":13.0,"gold_loss":0.0,"damage_taken":0.0,"cards_upgraded":["CutThroughFate"]},{"damage_healed":0,"gold_gain":0,"player_choice":"Got Potions","damage_taken":0,"max_hp_gain":0,"max_hp_loss":0,"event_name":"Lab","floor":24,"gold_loss":0}],"is_beta":false,"boss_relics":[{"not_picked":["hubris:Backtick","hubris:CrackedHourglass"],"picked":"aspiration:SecretTechniqueScroll"},{"not_picked":["halation:LoveArrow","hubris:GrandSneckoEye"],"picked":"Coffee Dripper"}],"items_purged_floors":[31],"is_endless":false,"potions_floor_spawned":[4,5,8,11,18,20,30,35,37,42,43,49],"ascension_level":1}}