{"host":"ig7tc0uedzltt2sr","time":1610070029,"event":{"mods":["BaseMod","Better Twitch Integration","Block Reminder","Colored Map","Colored Powertips","Communication Mod","Current Relic Mod","GifTheSpireLib","HexUI Lib","Minty Spire (QoL Compilation)","Quick Restart","Random Character Button","Rare Cards Sparkle","Relic Sorter","Relic Stats","Slay the Relics Exporter","StSLib","SuperFastMode","Synergy Search","Twitch Decklist","Twitch Utils","everything is the same but u backflip on backflip","slay the spire mod where everything is the same but ironclad has a cowboy hat"],"gold_per_floor":[115,26,36,46,66,66,79,79,103,113,113,126,140,158,158,158,158],"floor_reached":16,"playtime":129,"items_purged":[],"score":98,"play_id":"9b6d7922-60e5-4d4a-a1bb-90984c16118e","local_time":"20210107174029","is_ascension_mode":false,"campfire_choices":[{"floor":6,"key":"REST"},{"data":"Wild Strike","floor":8,"key":"SMITH"},{"data":"Strike_R","floor":15,"key":"SMITH"}],"circlet_count":0,"master_deck":["Strike_R+1","Strike_R","Strike_R","Strike_R","Strike_R","Defend_R","Defend_R","Defend_R","Defend_R","Bash","Clash","Dramatic Entrance","Wild Strike+1","Rupture","Whirlwind","Battle Trance","Iron Wave","Brutality","Seeing Red","Body Slam"],"relics":["Burning Blood"],"acts_visited":["Exordium"],"potions_floor_usage":[],"damage_taken":[{"damage":58,"enemies":"Cultist","floor":1,"turns":10},{"damage":8,"enemies":"Small Slimes","floor":3,"turns":2},{"damage":6,"enemies":"Jaw Worm","floor":4,"turns":2},{"damage":7,"enemies":"Blue Slaver","floor":5,"turns":3},{"damage":30,"enemies":"Exordium Thugs","floor":7,"turns":6},{"damage":2,"enemies":"3 Louse","floor":10,"turns":2},{"damage":35,"enemies":"Exordium Wildlife","floor":12,"turns":9},{"damage":31,"enemies":"Gremlin Gang","floor":13,"turns":6},{"damage":21,"enemies":"Lots of Slimes","floor":14,"turns":6},{"damage":13,"enemies":"Hexaghost","floor":16,"turns":4}],"seed_played":"3794805832756933494","potions_obtained":[{"floor":4,"key":"BloodPotion"},{"floor":7,"key":"Fire Potion"},{"floor":10,"key":"FairyPotion"},{"floor":12,"key":"SkillPotion"}],"is_trial":false,"path_per_floor":["M","$","M","M","M","R","M","R","T","M","$","M","M","M","R","B"],"character_chosen":"IRONCLAD","items_purchased":["Dramatic Entrance"],"campfire_rested":1,"item_purchase_floors":[2],"current_hp_per_floor":[36,36,34,34,50,76,52,52,52,56,56,27,28,13,13,0,0],"gold":158,"neow_bonus":"TEN_PERCENT_HP_BONUS","is_daily":false,"chose_seed":false,"campfire_upgraded":2,"win_rate":0.0,"timestamp":1610070029,"path_taken":["M","$","M","?","M","R","M","R","T","M","?","?","M","?","R","BOSS"],"items_purchased_type":["Card"],"build_version":"2020-12-22","purchased_purges":0,"victory":false,"max_hp_per_floor":[88,88,88,88,88,88,88,88,88,88,88,88,88,88,88,88,88],"relic_stats":{"counters":[10,50],"obtain_stats":[{"Burning Blood":0},{"Burning Blood":0},{"Burning Blood":0}],"Burning Blood":54},"card_choices":[{"not_picked":["Sword Boomerang","Heavy Blade"],"picked":"Clash","floor":1},{"not_picked":["Juggernaut","Dual Wield"],"picked":"Wild Strike","floor":3},{"not_picked":["Havoc","Headbutt"],"picked":"Rupture","floor":4},{"not_picked":["Anger","Feel No Pain"],"picked":"Whirlwind","floor":5},{"not_picked":["Flex","True Grit"],"picked":"Battle Trance","floor":7},{"not_picked":["Perfected Strike","Dark Embrace"],"picked":"Iron Wave","floor":10},{"not_picked":["Sword Boomerang","Heavy Blade"],"picked":"Brutality","floor":12},{"not_picked":["Body Slam","Heavy Blade"],"picked":"Seeing Red","floor":13},{"not_picked":["Wild Strike","Warcry"],"picked":"Body Slam","floor":14}],"player_experience":1467129,"relics_obtained":[],"event_choices":[],"is_beta":false,"boss_relics":[],"items_purged_floors":[],"is_endless":false,"potions_floor_spawned":[4,7,10,12],"killed_by":"Hexaghost","ascension_level":0}}