{"host":"zdhcon9z6t4xbcdl","time":1610150026,"event":{"mods":["BaseMod","Minty Spire (QoL Compilation)"],"gold_per_floor":[118,134,10,10,30,62,81,81,81,101,101,135,135,210,210,307,307,324,30,105,18,33,64,74,74,144,219,232,245,273,140,140,245,245,263,157,157,157,177,177,194,225,225,225,66,66,66,0,0,0],"floor_reached":51,"playtime":6282,"items_purged":["Strike_B","Strike_B","Strike_B","Strike_B","Defend_B","Defend_B"],"score":696,"play_id":"cadce37d-dc1b-47f4-a4b8-8144ab0752cd","local_time":"20210108235346","is_ascension_mode":false,"campfire_choices":[{"data":"Self Repair","floor":11,"key":"SMITH"},{"data":"Static Discharge","floor":13,"key":"SMITH"},{"floor":15,"key":"REST"},{"data":"Zap","floor":25,"key":"SMITH"},{"floor":32,"key":"REST"},{"data":"Static Discharge","floor":40,"key":"SMITH"},{"data":"Coolheaded","floor":44,"key":"SMITH"},{"data":"Leap","floor":46,"key":"SMITH"},{"data":"Gash","floor":49,"key":"SMITH"}],"circlet_count":0,"master_deck":["Defend_B+1","Defend_B","Zap+1","Dualcast","FTL","Redo+1","Coolheaded+1","Self Repair+1","Gash","Gash","Gash+1","Static Discharge+1","All For One","Beam Cell","Glacier","Sweeping Beam","Go for the Eyes+1","Defragment+1","Compile Driver","Beam Cell","Storm+1","Leap+1","Chill","Seek","Ball Lightning","Static Discharge+1","The Bomb","Ball Lightning","Defragment+1","White Noise+1","Gash","Leap+1"],"relics":["Cracked Core","Eternal Feather","StoneCalendar","Ginger","SlaversCollar","Membership Card","Girya","Letter Opener","HornCleat","Matryoshka","Runic Pyramid","Smiling Mask","War Paint","Boot","Pen Nib","Red Mask"],"acts_visited":["Exordium","TheCity","TheBeyond"],"potions_floor_usage":[10,16,16,24,33,50,50,50],"damage_taken":[{"damage":2,"enemies":"Jaw Worm","floor":1,"turns":4},{"damage":1,"enemies":"Cultist","floor":2,"turns":3},{"damage":0,"enemies":"Small Slimes","floor":5,"turns":2},{"damage":45,"enemies":"Gremlin Nob","floor":6,"turns":5},{"damage":3,"enemies":"Looter","floor":7,"turns":3},{"damage":13,"enemies":"Exordium Thugs","floor":10,"turns":3},{"damage":34,"enemies":"Lagavulin","floor":12,"turns":7},{"damage":34,"enemies":"Slime Boss","floor":16,"turns":6},{"damage":15,"enemies":"Shell Parasite","floor":18,"turns":4},{"damage":12,"enemies":"3 Byrds","floor":22,"turns":6},{"damage":33,"enemies":"Gremlin Leader","floor":23,"turns":6},{"damage":16,"enemies":"Snake Plant","floor":24,"turns":3},{"damage":12,"enemies":"Chosen and Byrds","floor":28,"turns":4},{"damage":10,"enemies":"Cultist and Chosen","floor":29,"turns":3},{"damage":24,"enemies":"Slavers","floor":30,"turns":6},{"damage":14,"enemies":"Collector","floor":33,"turns":7},{"damage":23,"enemies":"3 Darklings","floor":35,"turns":3},{"damage":5,"enemies":"Orb Walker","floor":39,"turns":3},{"damage":16,"enemies":"4 Shapes","floor":41,"turns":4},{"damage":35,"enemies":"Giant Head","floor":42,"turns":6},{"damage":42,"enemies":"Time Eater","floor":50,"turns":7}],"seed_played":"-1026494919194017515","potions_obtained":[{"floor":5,"key":"GamblersBrew"},{"floor":7,"key":"Explosive Potion"},{"floor":10,"key":"Swift Potion"},{"floor":18,"key":"SkillPotion"},{"floor":23,"key":"Energy Potion"},{"floor":33,"key":"AttackPotion"},{"floor":35,"key":"DuplicationPotion"},{"floor":41,"key":"Dexterity Potion"}],"is_trial":false,"path_per_floor":["M","M","$","?","M","E","M","?","T","M","R","E","R","?","R","B",null,"M","$","?","$","M","E","M","R","T","T","M","M","E","$","R","B",null,"M","$","?","?","M","R","M","E","T","R","$","R","?","?","R","B",null],"character_chosen":"DEFECT","items_purchased":["Coolheaded","Glacier","Membership Card","Sweeping Beam","Leap","Chill","Static Discharge","Gash","Pen Nib","Leap"],"campfire_rested":2,"item_purchase_floors":[3,19,19,21,31,31,36,45,45,45],"current_hp_per_floor":[80,79,79,79,79,41,45,45,45,39,48,24,33,22,55,21,82,67,67,59,59,57,34,28,40,40,40,38,38,24,24,63,59,82,69,69,69,69,64,79,63,38,38,56,56,74,74,74,78,36],"gold":0,"neow_bonus":"TEN_PERCENT_HP_BONUS","is_daily":false,"chose_seed":false,"campfire_upgraded":7,"win_rate":0.0,"timestamp":1610150026,"path_taken":["M","M","$","?","M","E","?","?","T","?","R","E","R","?","R","BOSS","M","$","?","?","M","E","M","R","T","?","?","M","E","$","R","BOSS","M","$","?","?","M","R","M","E","T","R","?","R","?","?","R","BOSS"],"items_purchased_type":["Card","Card","Relic","Card","Card","Card","Card","Card","Relic","Card"],"build_version":"2020-12-22","purchased_purges":6,"victory":true,"max_hp_per_floor":[82,82,82,82,82,82,82,82,82,82,82,82,82,82,82,82,82,82,82,82,82,82,82,82,82,82,82,82,82,82,82,82,82,82,82,82,82,82,82,82,82,82,82,82,82,82,78,78,78,78],"card_choices":[{"not_picked":["Cold Snap","Redo"],"picked":"FTL","floor":1},{"not_picked":["Aggregate","Conserve Battery"],"picked":"Redo","floor":2},{"not_picked":["Barrage","BootSequence"],"picked":"Self Repair","floor":5},{"not_picked":["Coolheaded","Beam Cell"],"picked":"Gash","floor":6},{"not_picked":["Coolheaded","Redo"],"picked":"Gash","floor":7},{"not_picked":["Rebound","Redo"],"picked":"Gash","floor":10},{"not_picked":["Lockon","Capacitor"],"picked":"Static Discharge","floor":12},{"not_picked":["Fission","Thunder Strike"],"picked":"All For One","floor":16},{"not_picked":["Rebound+1","Doom and Gloom"],"picked":"Beam Cell","floor":18},{"not_picked":["Rebound","Conserve Battery"],"picked":"Go for the Eyes+1","floor":22},{"not_picked":["Conserve Battery","Storm"],"picked":"Seek","floor":23},{"not_picked":["Ball Lightning+1","Sweeping Beam"],"picked":"Defragment+1","floor":24},{"not_picked":["Conserve Battery","Stack"],"picked":"Compile Driver","floor":28},{"not_picked":["Conserve Battery+1","Steam+1"],"picked":"Beam Cell","floor":29},{"not_picked":["Stack","Darkness"],"picked":"Storm+1","floor":30},{"not_picked":["Thunder Strike","All For One"],"picked":"Seek","floor":33},{"not_picked":["Conserve Battery+1","Reinforced Body+1"],"picked":"Ball Lightning","floor":35},{"not_picked":["Chrysalis","Forethought"],"picked":"The Bomb","floor":37},{"not_picked":["Leap","Hologram+1"],"picked":"Ball Lightning","floor":39},{"not_picked":["Loop+1","White Noise"],"picked":"Defragment+1","floor":41},{"not_picked":["Hologram+1","Self Repair+1"],"picked":"White Noise+1","floor":42}],"player_experience":33564,"relics_obtained":[{"floor":6,"key":"Eternal Feather"},{"floor":9,"key":"StoneCalendar"},{"floor":12,"key":"Ginger"},{"floor":23,"key":"Girya"},{"floor":26,"key":"Letter Opener"},{"floor":27,"key":"HornCleat"},{"floor":30,"key":"Matryoshka"},{"floor":42,"key":"Smiling Mask"},{"floor":43,"key":"War Paint"},{"floor":43,"key":"Boot"}],"event_choices":[{"damage_healed":0,"gold_gain":0,"player_choice":"Upgraded","damage_taken":0,"max_hp_gain":0,"max_hp_loss":0,"event_name":"Upgrade Shrine","floor":4,"gold_loss":0,"cards_upgraded":["Redo"]},{"damage_healed":0,"gold_gain":0,"player_choice":"Bought 0 Potions","damage_taken":0,"max_hp_gain":0,"max_hp_loss":0,"event_name":"The Woman in Blue","floor":8,"gold_loss":0},{"damage_healed":0,"gold_gain":75,"player_choice":"Gather Gold","damage_taken":11,"max_hp_gain":0,"max_hp_loss":0,"event_name":"World of Goop","floor":14,"gold_loss":0},{"damage_healed":0,"gold_gain":75,"player_choice":"Touch","damage_taken":8,"max_hp_gain":0,"max_hp_loss":0,"event_name":"FaceTrader","floor":20,"gold_loss":0},{"damage_healed":0,"gold_gain":0,"player_choice":"Memory 1","damage_taken":0,"max_hp_gain":0,"max_hp_loss":0,"event_name":"SensoryStone","floor":37,"gold_loss":0},{"cards_removed":["Seek"],"damage_healed":0,"gold_gain":0,"player_choice":"Removed Skill","damage_taken":0,"max_hp_gain":0,"max_hp_loss":0,"event_name":"Falling","floor":38,"gold_loss":0},{"damage_healed":0,"gold_gain":0,"player_choice":"Max HP","damage_taken":0,"max_hp_gain":0,"max_hp_loss":4,"event_name":"Winding Halls","floor":47,"gold_loss":0},{"damage_healed":0,"gold_gain":0,"player_choice":"Paid","damage_taken":0,"relics_obtained":["Red Mask"],"max_hp_gain":0,"max_hp_loss":0,"event_name":"Tomb of Lord Red Mask","floor":48,"gold_loss":66}],"is_beta":false,"boss_relics":[{"not_picked":["SacredBark","Tiny House"],"picked":"SlaversCollar"},{"not_picked":["Philosopher\u0027s Stone","Snecko Eye"],"picked":"Runic Pyramid"}],"items_purged_floors":[3,19,21,31,36,45],"is_endless":false,"potions_floor_spawned":[5,7,10,18,23,33,35,41],"ascension_level":0}}