{"host":"6pgtslebjnyv5xmi","time":1610072170,"event":{"mods":["AchievementEnabler","BaseMod","Colored Map","Minty Spire (QoL Compilation)","Rare Cards Sparkle","StSLib","SuperFastMode","everything is the same but u backflip on backflip"],"gold_per_floor":[119,130,80,80,80,80,93,93,93,93,18,18,31,45,45,140,140,156,156,66,78,98,98,98,98,98,118,130,149,149,8,8,8,8],"floor_reached":33,"playtime":142611,"items_purged":["Strike_R","Defend_R"],"score":237,"play_id":"9b8bd663-2672-42a3-947b-2e78df68ac47","local_time":"20210108111610","is_ascension_mode":false,"campfire_choices":[{"data":"Wild Strike","floor":10.0,"key":"SMITH"},{"data":"Sword Boomerang","floor":12.0,"key":"SMITH"},{"data":"Disarm","floor":15.0,"key":"SMITH"},{"data":"Flex","floor":23,"key":"SMITH"},{"data":"Fiend Fire","floor":25,"key":"SMITH"},{"floor":30,"key":"REST"},{"data":"Demon Form","floor":32,"key":"SMITH"}],"circlet_count":0,"master_deck":["Strike_R+1","Strike_R+1","Defend_R","Defend_R","Defend_R+1","Bash","Sword Boomerang+1","Berserk+1","Wild Strike+1","Disarm+1","Fiend Fire+1","Pummel","Flex+1","Sword Boomerang+1","Demon Form+1","Reckless Charge"],"relics":["Burning Blood"],"acts_visited":["Exordium","TheCity"],"potions_floor_usage":[22,22,29],"damage_taken":[{"damage":1.0,"enemies":"2 Louse","floor":1.0,"turns":3.0},{"damage":1.0,"enemies":"Jaw Worm","floor":2.0,"turns":4.0},{"damage":7.0,"enemies":"Small Slimes","floor":7.0,"turns":4.0},{"damage":14.0,"enemies":"3 Louse","floor":13.0,"turns":2.0},{"damage":8.0,"enemies":"Red Slaver","floor":14.0,"turns":2.0},{"damage":33.0,"enemies":"Slime Boss","floor":16.0,"turns":12.0},{"damage":32.0,"enemies":"2 Thieves","floor":18.0,"turns":4.0},{"damage":11.0,"enemies":"Shell Parasite","floor":21.0,"turns":6.0},{"damage":26,"enemies":"Centurion and Healer","floor":22,"turns":7},{"damage":10,"enemies":"Snake Plant","floor":27,"turns":4},{"damage":13,"enemies":"Shelled Parasite and Fungi","floor":28,"turns":6},{"damage":13,"enemies":"Snecko","floor":29,"turns":5},{"damage":47,"enemies":"Collector","floor":33,"turns":3}],"seed_played":"-688785213129941743","potions_obtained":[{"floor":1.0,"key":"DistilledChaos"},{"floor":13.0,"key":"ColorlessPotion"},{"floor":16.0,"key":"AttackPotion"},{"floor":18.0,"key":"DistilledChaos"},{"floor":21.0,"key":"Dexterity Potion"},{"floor":27,"key":"Ancient Potion"}],"is_trial":false,"path_per_floor":["M","M","?","?","?","?","M","?","T","R","$","R","M","M","R","B",null,"M","?","?","M","M","R","$","R","T","M","M","M","R","$","R","B"],"character_chosen":"IRONCLAD","items_purchased":["Reckless Charge"],"campfire_rested":1,"item_purchase_floors":[31],"current_hp_per_floor":[88,88,88,70,70,70,69,88,88,88,88,88,80,78,78,51,88,62,62,62,57,37,37,37,37,37,33,26,19,45,45,45,0,0],"gold":8,"neow_bonus":"TEN_PERCENT_HP_BONUS","is_daily":false,"chose_seed":false,"campfire_upgraded":6,"win_rate":0.0,"timestamp":1610072170,"path_taken":["M","M","?","?","?","?","?","?","T","R","$","R","M","M","R","BOSS","M","?","?","?","M","R","$","R","T","M","M","M","R","?","R","BOSS"],"items_purchased_type":["Card"],"build_version":"2020-12-22","purchased_purges":2,"victory":false,"max_hp_per_floor":[88,88,88,88,88,88,88,88,88,88,88,88,88,88,88,88,88,88,88,88,88,88,88,88,88,88,88,88,88,88,88,88,88,88],"card_choices":[{"not_picked":["Armaments","Anger"],"picked":"Sword Boomerang","floor":1.0},{"not_picked":["Headbutt","Body Slam"],"picked":"Berserk","floor":2.0},{"not_picked":["Headbutt","Dropkick"],"picked":"Wild Strike","floor":7.0},{"not_picked":["Body Slam","Anger"],"picked":"Disarm","floor":13.0},{"not_picked":["Pommel Strike","Dual Wield","Clothesline"],"picked":"SKIP","floor":14.0},{"not_picked":["Brutality","Exhume"],"picked":"Fiend Fire","floor":16.0},{"not_picked":["Heavy Blade","Shrug It Off"],"picked":"Pummel","floor":18.0},{"not_picked":["Anger","Shrug It Off","Havoc"],"picked":"SKIP","floor":21.0},{"not_picked":["Cleave+1","True Grit"],"picked":"Flex","floor":22},{"not_picked":["Thunderclap","Perfected Strike","Armaments"],"picked":"SKIP","floor":27},{"not_picked":["Searing Blow+1","Clash+1"],"picked":"Sword Boomerang+1","floor":28},{"not_picked":["Heavy Blade","Pommel Strike+1"],"picked":"Demon Form","floor":29}],"player_experience":752873,"relics_obtained":[],"event_choices":[{"cards_removed":["Strike_R"],"damage_healed":0.0,"max_hp_gain":0.0,"max_hp_loss":0.0,"gold_gain":0.0,"event_name":"The Cleric","player_choice":"Card Removal","floor":3.0,"gold_loss":50.0,"damage_taken":0.0},{"damage_healed":0.0,"max_hp_gain":0.0,"max_hp_loss":0.0,"gold_gain":0.0,"event_name":"Shining Light","player_choice":"Entered Light","floor":4.0,"gold_loss":0.0,"damage_taken":18.0,"cards_upgraded":["Defend_R","Strike_R"]},{"damage_healed":0.0,"max_hp_gain":0.0,"max_hp_loss":0.0,"gold_gain":0.0,"event_name":"Living Wall","player_choice":"Grow","floor":5.0,"gold_loss":0.0,"damage_taken":0.0,"cards_upgraded":["Berserk"]},{"damage_healed":0.0,"max_hp_gain":0.0,"max_hp_loss":0.0,"gold_gain":0.0,"event_name":"WeMeetAgain","player_choice":"Ignored","floor":6.0,"gold_loss":0.0,"damage_taken":0.0},{"damage_healed":29.0,"max_hp_gain":0.0,"max_hp_loss":0.0,"gold_gain":0.0,"event_name":"Big Fish","player_choice":"Banana","floor":8.0,"gold_loss":0.0,"damage_taken":0.0},{"damage_healed":0.0,"max_hp_gain":0.0,"max_hp_loss":0.0,"gold_gain":0.0,"event_name":"Cursed Tome","player_choice":"Ignored","floor":19.0,"gold_loss":0.0,"damage_taken":0.0},{"cards_removed":["Strike_R"],"damage_healed":0.0,"max_hp_gain":0.0,"max_hp_loss":0.0,"gold_gain":0.0,"event_name":"Designer","player_choice":"Upgrade and Remove","floor":20.0,"gold_loss":90.0,"damage_taken":0.0,"cards_upgraded":["Strike_R"]}],"is_beta":false,"boss_relics":[{"not_picked":["Philosopher\u0027s Stone","Runic Pyramid","Sozu"]}],"items_purged_floors":[11,31],"is_endless":false,"potions_floor_spawned":[1,13,16,18,21,27],"killed_by":"Collector","ascension_level":0}}