{"host":"a1eatafr7pisesky","time":1610129358,"event":{"mods":["AchievementEnabler","BaseMod","Colored Map","Keyboard Shortcuts","Minty Spire (QoL Compilation)","Say the Spire","StSLib","SuperFastMode","everything is the same but u backflip on backflip"],"gold_per_floor":[118,193,36,54,54,81,6,38,90,110,110,134,161,189,189,286,286,306,306,332,332,344,344,357,373,397,397,62,91,108,32,32,32,32],"floor_reached":33,"playtime":909,"items_purged":["Strike_B","Strike_B"],"score":413,"play_id":"2c2551f7-8be5-4514-8dca-7ac9ecfe4cff","local_time":"20210109030918","is_ascension_mode":true,"campfire_choices":[{"floor":11.0,"key":"REST"},{"data":"Sunder","floor":15.0,"key":"SMITH"},{"data":"Dualcast","floor":23.0,"key":"SMITH"},{"floor":27.0,"key":"REST"},{"floor":32.0,"key":"REST"}],"circlet_count":0,"master_deck":["Defend_B","Defend_B","Defend_B","Zap","Dualcast+1","Sweeping Beam","Ball Lightning","Ball Lightning","Thunder Strike","Turbo","Glacier","Static Discharge","Streamline","Sunder+1","Core Surge","Conserve Battery","BootSequence","Chaos","Hologram","Compile Driver","Seek","Undo","Creative AI+1","Leap","Heatsinks+1"],"relics":["Cracked Core","NeowsBlessing","Orrery","Bag of Marbles","Pen Nib","Vajra","Blood Vial","Frozen Egg 2","Odd Mushroom","Nuclear Battery","Red Mask","Bag of Preparation","Juzu Bracelet"],"acts_visited":["Exordium","TheCity"],"potions_floor_usage":[33,33,33],"damage_taken":[{"damage":0.0,"enemies":"Small Slimes","floor":1.0,"turns":1.0},{"damage":0.0,"enemies":"Jaw Worm","floor":4.0,"turns":1.0},{"damage":0.0,"enemies":"3 Sentries","floor":6.0,"turns":1.0},{"damage":18.0,"enemies":"Gremlin Nob","floor":8.0,"turns":3.0},{"damage":0.0,"enemies":"2 Louse","floor":10.0,"turns":2.0},{"damage":12.0,"enemies":"Lagavulin","floor":13.0,"turns":5.0},{"damage":15.0,"enemies":"The Mushroom Lair","floor":14.0,"turns":3.0},{"damage":19.0,"enemies":"The Guardian","floor":16.0,"turns":7.0},{"damage":7.0,"enemies":"Chosen","floor":18.0,"turns":3.0},{"damage":17.0,"enemies":"Masked Bandits","floor":20.0,"turns":3.0},{"damage":2.0,"enemies":"Shell Parasite","floor":22.0,"turns":3.0},{"damage":19.0,"enemies":"Shelled Parasite and Fungi","floor":24.0,"turns":5.0},{"damage":12.0,"enemies":"3 Cultists","floor":25.0,"turns":5.0},{"damage":26.0,"enemies":"Book of Stabbing","floor":29.0,"turns":5.0},{"damage":9.0,"enemies":"Centurion and Healer","floor":30.0,"turns":3.0},{"damage":21,"enemies":"Collector","floor":33,"turns":5}],"seed_played":"-3788154369959637727","potions_obtained":[{"floor":4.0,"key":"Block Potion"},{"floor":8.0,"key":"DistilledChaos"},{"floor":14.0,"key":"SkillPotion"},{"floor":20.0,"key":"LiquidMemories"},{"floor":24.0,"key":"EntropicBrew"},{"floor":25.0,"key":"FearPotion"}],"is_trial":false,"path_per_floor":["M","?","$","M","?","E","$","E","T","M","R","T","E","?","R","B",null,"M","?","?","?","M","R","M","M","T","R","$","E","M","$","R","B"],"character_chosen":"DEFECT","items_purchased":["Orrery","Seek","Undo","Heatsinks+1"],"campfire_rested":3,"item_purchase_floors":[3,28,28,31],"current_hp_per_floor":[68,57,57,57,50,50,50,32,32,32,54,54,44,31,31,14,60,55,55,40,40,40,40,23,13,13,35,35,11,4,4,26,7,7],"gold":32,"neow_bonus":"THREE_ENEMY_KILL","is_daily":false,"chose_seed":false,"campfire_upgraded":2,"win_rate":0.0,"timestamp":1610129358,"path_taken":["M","?","$","M","?","E","?","E","T","M","R","?","E","?","R","BOSS","M","?","?","?","M","R","M","M","T","R","$","E","M","?","R","BOSS"],"items_purchased_type":["Relic","Card","Card","Card"],"build_version":"2020-12-22","purchased_purges":2,"victory":false,"max_hp_per_floor":[75,75,75,75,75,75,75,75,75,75,75,75,75,75,75,75,75,75,75,75,75,75,75,75,75,75,75,75,75,75,75,75,75,75],"card_choices":[{"not_picked":["Barrage","Turbo"],"picked":"Sweeping Beam","floor":1.0},{"not_picked":["Stack","Rebound"],"picked":"Ball Lightning","floor":3.0},{"not_picked":["Heatsinks","Steam"],"picked":"Ball Lightning","floor":3.0},{"not_picked":["Hologram","BootSequence"],"picked":"Thunder Strike","floor":3.0},{"not_picked":["Barrage","Rip and Tear"],"picked":"Turbo","floor":4.0},{"not_picked":["Beam Cell","Cold Snap"],"picked":"Glacier","floor":6.0},{"not_picked":["Loop","Scrape"],"picked":"Static Discharge","floor":8.0},{"not_picked":["Hologram","Static Discharge"],"picked":"Streamline","floor":10.0},{"not_picked":["Chaos","Force Field","Conserve Battery"],"picked":"SKIP","floor":13.0},{"not_picked":["Ball Lightning","Coolheaded"],"picked":"Sunder","floor":14.0},{"not_picked":["Rainbow","Amplify"],"picked":"Core Surge","floor":16.0},{"not_picked":["Sweeping Beam","Auto Shields"],"picked":"Conserve Battery","floor":18.0},{"not_picked":["Leap+1","Cold Snap"],"picked":"BootSequence","floor":20.0},{"not_picked":["Darkness","Turbo","Rebound+1"],"picked":"SKIP","floor":22.0},{"not_picked":["Go for the Eyes","Chill"],"picked":"Compile Driver","floor":24.0},{"not_picked":["Beam Cell+1","Rebound+1","Hologram+1"],"picked":"SKIP","floor":25.0},{"not_picked":["Consume","Rebound"],"picked":"Creative AI+1","floor":29.0},{"not_picked":["Beam Cell","Rainbow"],"picked":"Leap","floor":30.0}],"player_experience":292777,"relics_obtained":[{"floor":6.0,"key":"Bag of Marbles"},{"floor":8.0,"key":"Pen Nib"},{"floor":9.0,"key":"Vajra"},{"floor":12.0,"key":"Blood Vial"},{"floor":13.0,"key":"Frozen Egg 2"},{"floor":14.0,"key":"Odd Mushroom"},{"floor":20.0,"key":"Red Mask"},{"floor":26.0,"key":"Bag of Preparation"},{"floor":29.0,"key":"Juzu Bracelet"}],"event_choices":[{"damage_healed":0.0,"max_hp_gain":0.0,"max_hp_loss":0.0,"gold_gain":75.0,"event_name":"World of Goop","player_choice":"Gather Gold","floor":2.0,"gold_loss":0.0,"damage_taken":11.0},{"cards_removed":["Strike_B"],"damage_healed":0.0,"max_hp_gain":0.0,"max_hp_loss":0.0,"gold_gain":0.0,"event_name":"Golden Wing","player_choice":"Card Removal","floor":5.0,"gold_loss":0.0,"damage_taken":7.0},{"damage_healed":0.0,"max_hp_gain":0.0,"max_hp_loss":0.0,"gold_gain":0.0,"event_name":"Mushrooms","player_choice":"Fought Mushrooms","floor":14.0,"gold_loss":0.0,"damage_taken":0.0},{"damage_healed":0.0,"max_hp_gain":0.0,"max_hp_loss":0.0,"gold_gain":0.0,"event_name":"Ghosts","player_choice":"Ignored","floor":19.0,"gold_loss":0.0,"damage_taken":0.0},{"damage_healed":0.0,"max_hp_gain":0.0,"max_hp_loss":0.0,"gold_gain":0.0,"event_name":"Masked Bandits","player_choice":"Fought Bandits","floor":20.0,"gold_loss":0.0,"damage_taken":0.0},{"damage_healed":0.0,"max_hp_gain":0.0,"max_hp_loss":0.0,"gold_gain":0.0,"cards_transformed":["Strike_B","Defend_B"],"event_name":"Drug Dealer","player_choice":"Became Test Subject","floor":21.0,"gold_loss":0.0,"damage_taken":0.0,"cards_obtained":["Chaos","Hologram"]}],"is_beta":false,"boss_relics":[{"not_picked":["SlaversCollar","Runic Dome"],"picked":"Nuclear Battery"}],"items_purged_floors":[7,28],"is_endless":false,"potions_floor_spawned":[4,8,14,20,24,25],"killed_by":"Collector","ascension_level":7}}