{"host":"vfg9szunmpjwj08o","time":1610109256,"event":{"mods":["Act Like it!","BaseMod","Challenge The Spire","Colored Map","Colored Powertips","Minty Spire (QoL Compilation)","StSLib","Waifu the Spire"],"gold_per_floor":[117,217,231,249,260,290,308,308,308,34,60,60,77,77,77,77,77],"floor_reached":16,"playtime":422,"items_purged":["Strike_B"],"score":218,"play_id":"852f69c6-1ccb-48d5-9de1-cb946030f62b","local_time":"20210108133416","is_ascension_mode":true,"campfire_choices":[{"floor":12.0,"key":"REST"},{"data":"Zap","floor":15.0,"key":"SMITH"}],"circlet_count":0,"master_deck":["AscendersBane","Strike_B","Strike_B","Defend_B","Defend_B","Defend_B","Defend_B","Zap+1","Dualcast","BootSequence","Coolheaded","Ball Lightning","Sunder","Mayhem","Buffer","Chill"],"relics":["Cracked Core","NeowsBlessing","Omamori","Nunchaku","Potion Belt"],"acts_visited":["Exordium"],"potions_floor_usage":[],"damage_taken":[{"damage":0.0,"enemies":"Jaw Worm","floor":1.0,"turns":1.0},{"damage":0.0,"enemies":"Cultist","floor":3.0,"turns":1.0},{"damage":0.0,"enemies":"Small Slimes","floor":4.0,"turns":1.0},{"damage":1.0,"enemies":"2 Fungi Beasts","floor":5.0,"turns":4.0},{"damage":30.0,"enemies":"Lagavulin","floor":6.0,"turns":6.0},{"damage":19.0,"enemies":"Blue Slaver","floor":7.0,"turns":5.0},{"damage":29.0,"enemies":"3 Sentries","floor":11.0,"turns":10.0},{"damage":1.0,"enemies":"Looter","floor":13.0,"turns":2.0},{"damage":28,"enemies":"Slime Boss","floor":16,"turns":7}],"seed_played":"1609657782380012351","potions_obtained":[{"floor":1.0,"key":"Strength Potion"},{"floor":4.0,"key":"SkillPotion"}],"is_trial":false,"path_per_floor":["M","?","M","M","M","E","M","?","T","$","E","R","M","?","R","B"],"character_chosen":"DEFECT","items_purchased":["Mayhem"],"campfire_rested":1,"item_purchase_floors":[10],"current_hp_per_floor":[64,64,64,64,63,33,14,31,31,31,2,23,22,22,22,0,0],"gold":77,"neow_bonus":"THREE_ENEMY_KILL","is_daily":false,"chose_seed":false,"campfire_upgraded":1,"win_rate":0.0,"timestamp":1610109256,"path_taken":["M","?","?","?","M","E","M","?","T","$","E","R","M","?","R","BOSS"],"items_purchased_type":["Card"],"build_version":"2020-12-22","purchased_purges":1,"victory":false,"max_hp_per_floor":[71,71,71,71,71,71,71,71,71,71,71,71,71,71,71,71,71],"card_choices":[{"not_picked":["Hello World","Rip and Tear"],"picked":"BootSequence","floor":1.0},{"not_picked":["Leap","Consume"],"picked":"Coolheaded","floor":3.0},{"not_picked":["Redo","Steam","Streamline"],"picked":"SKIP","floor":4.0},{"not_picked":["Sweeping Beam","Stack"],"picked":"Ball Lightning","floor":5.0},{"not_picked":["Heatsinks","Sweeping Beam","Ball Lightning"],"picked":"SKIP","floor":6.0},{"not_picked":["Genetic Algorithm","Barrage"],"picked":"Sunder","floor":7.0},{"not_picked":["Beam Cell","Turbo"],"picked":"Buffer","floor":11.0},{"not_picked":["Steam Power","Gash"],"picked":"Chill","floor":13.0}],"player_experience":1040044,"relics_obtained":[{"floor":6.0,"key":"Omamori"},{"floor":9.0,"key":"Nunchaku"},{"floor":11.0,"key":"Potion Belt"}],"event_choices":[{"damage_healed":0.0,"max_hp_gain":0.0,"max_hp_loss":0.0,"gold_gain":100.0,"event_name":"Wheel of Change","player_choice":"Gold","floor":2.0,"gold_loss":0.0,"damage_taken":0.0},{"damage_healed":17.0,"max_hp_gain":0.0,"max_hp_loss":0.0,"gold_gain":0.0,"event_name":"Mushrooms","player_choice":"Healed and dodged fight","floor":8.0,"gold_loss":0.0,"damage_taken":0.0,"cards_obtained":["Parasite"]},{"cards_removed":["Strike_B"],"damage_healed":0.0,"max_hp_gain":0.0,"max_hp_loss":0.0,"gold_gain":0.0,"event_name":"Living Wall","player_choice":"Forget","floor":14.0,"gold_loss":0.0,"damage_taken":0.0}],"is_beta":false,"boss_relics":[],"items_purged_floors":[10],"is_endless":false,"potions_floor_spawned":[1,4],"killed_by":"Slime Boss","ascension_level":19}}