{"host":"873t0y8ybyo38pfq","time":1610102655,"event":{"mods":["BaseMod","Bestiary","Colored Map","Colored Powertips","Highlight Path","Minty Spire (QoL Compilation)","Quick Restart","RNG Fix","Rare Cards Sparkle","Relic Stats","StSLib"],"gold_per_floor":[115,190,23,173,191,216,233,258,258,19,19,69,101,118,118,197,197,208,123,7,22,22,22,34,34,87,87,105,118,118,118],"floor_reached":30,"playtime":824,"items_purged":["Doubt"],"score":621,"play_id":"5a5248aa-74fd-4b74-b506-31dab58e5057","local_time":"20210108054415","is_ascension_mode":true,"campfire_choices":[{"floor":11,"key":"REST"},{"data":"Defragment","floor":15,"key":"SMITH"},{"data":"Buffer","floor":23,"key":"SMITH"},{"data":"Creative AI","floor":25,"key":"SMITH"},{"data":"Dualcast","floor":27,"key":"SMITH"}],"circlet_count":0,"master_deck":["AscendersBane","Defend_B","Defend_B","Defend_B","Defend_B","Zap","Dualcast+1","Buffer+1","Defragment+1","Cold Snap","Conserve Battery","Capacitor","Compile Driver+1","Undo","Sunder+1","Creative AI+1","FTL+1","Ball Lightning+1","Core Surge+1","Conserve Battery","Reinforced Body","Sweeping Beam+1","Bite+1","Bite+1","Bite+1","Bite+1","Bite+1","Coolheaded+1","Rainbow"],"relics":["Cracked Core","NeowsBlessing","Orrery","Molten Egg 2","PreservedInsect","Boot","Oddly Smooth Stone","Inserter","Unceasing Top","Tiny Chest"],"acts_visited":["Exordium","TheCity"],"potions_floor_usage":[8,13,14,24,28],"damage_taken":[{"damage":0,"enemies":"Cultist","floor":1,"turns":1},{"damage":0,"enemies":"Small Slimes","floor":5,"turns":1},{"damage":0,"enemies":"Lagavulin","floor":6,"turns":1},{"damage":12,"enemies":"Jaw Worm","floor":7,"turns":6},{"damage":16,"enemies":"3 Sentries","floor":8,"turns":8},{"damage":0,"enemies":"Gremlin Nob","floor":13,"turns":2},{"damage":0,"enemies":"Gremlin Gang","floor":14,"turns":2},{"damage":24,"enemies":"The Guardian","floor":16,"turns":12},{"damage":12,"enemies":"Chosen","floor":18,"turns":5},{"damage":25,"enemies":"2 Thieves","floor":21,"turns":4},{"damage":6,"enemies":"3 Cultists","floor":24,"turns":6},{"damage":23,"enemies":"Sentry and Sphere","floor":28,"turns":18},{"damage":27,"enemies":"Snecko","floor":29,"turns":7},{"damage":38,"enemies":"Snake Plant","floor":30,"turns":5}],"seed_played":"6009440917064860391","potions_obtained":[{"floor":5,"key":"FearPotion"},{"floor":7,"key":"FocusPotion"},{"floor":13,"key":"Explosive Potion"},{"floor":21,"key":"Strength Potion"},{"floor":24,"key":"GamblersBrew"},{"floor":29,"key":"Weak Potion"}],"is_trial":false,"path_per_floor":["M","?","$","?","M","E","M","E","T","$","R","?","E","M","R","B",null,"M","?","$","M","?","R","M","R","T","R","M","M","M"],"character_chosen":"DEFECT","items_purchased":["Orrery","Sunder+1","Creative AI","Reinforced Body"],"campfire_rested":1,"item_purchase_floors":[3,10,10,20],"current_hp_per_floor":[64,53,53,53,53,53,41,25,25,25,46,46,46,46,46,22,59,47,47,47,22,22,22,28,28,28,28,49,31,0,0],"gold":118,"neow_bonus":"THREE_ENEMY_KILL","is_daily":false,"chose_seed":false,"campfire_upgraded":4,"win_rate":0.0,"timestamp":1610102655,"path_taken":["M","?","?","?","M","E","M","E","T","$","R","?","E","?","R","BOSS","M","?","$","M","?","R","M","R","T","R","M","M","M"],"items_purchased_type":["Relic","Card","Card","Card"],"build_version":"2020-12-22","purchased_purges":1,"victory":false,"max_hp_per_floor":[71,71,71,71,71,71,71,71,71,71,71,71,71,71,71,71,71,71,71,71,71,49,49,49,49,49,49,49,49,49,49],"relic_stats":{"Inserter":[18],"counters":[14,78],"Tiny Chest":0,"PreservedInsect":22,"Boot":[18],"obtain_stats":[{"Inserter":17,"NeowsBlessing":0,"Orrery":3,"Oddly Smooth Stone":13,"Molten Egg 2":6,"Tiny Chest":26,"PreservedInsect":8,"Cracked Core":0,"Boot":9,"Unceasing Top":19},{"Inserter":8,"NeowsBlessing":0,"Orrery":1,"Oddly Smooth Stone":6,"Molten Egg 2":3,"Tiny Chest":11,"PreservedInsect":5,"Cracked Core":0,"Boot":5,"Unceasing Top":9},{"Inserter":33,"NeowsBlessing":0,"Orrery":1,"Oddly Smooth Stone":19,"Molten Egg 2":3,"Tiny Chest":48,"PreservedInsect":17,"Cracked Core":0,"Boot":17,"Unceasing Top":38}],"Unceasing Top":[0]},"card_choices":[{"not_picked":["Barrage","Double Energy","Stack"],"picked":"SKIP","floor":1},{"not_picked":["Streamline","Coolheaded"],"picked":"Buffer","floor":3},{"not_picked":["Hologram","Barrage"],"picked":"Defragment","floor":3},{"not_picked":["Storm","Stack"],"picked":"Cold Snap","floor":3},{"not_picked":["Reprogram","Static Discharge"],"picked":"Conserve Battery","floor":3},{"not_picked":["Barrage","Loop","Steam"],"picked":"SKIP","floor":5},{"not_picked":["Stack","Barrage+1"],"picked":"Capacitor","floor":6},{"not_picked":["Auto Shields","Storm"],"picked":"Compile Driver+1","floor":7},{"not_picked":["Redo","Hello World"],"picked":"Undo","floor":8},{"not_picked":["Conserve Battery","Recycle"],"picked":"FTL+1","floor":13},{"not_picked":["Rebound+1","Streamline+1"],"picked":"Ball Lightning+1","floor":14},{"not_picked":["All For One+1","Seek"],"picked":"Core Surge+1","floor":16},{"not_picked":["Leap","Streamline+1"],"picked":"Conserve Battery","floor":18},{"not_picked":["Streamline+1","Capacitor"],"picked":"Sweeping Beam+1","floor":21},{"not_picked":["Gash+1","Sweeping Beam+1","Loop"],"picked":"SKIP","floor":24},{"not_picked":["Leap","Ball Lightning+1"],"picked":"Coolheaded+1","floor":28},{"not_picked":["Stack","Hologram"],"picked":"Rainbow","floor":29}],"player_experience":1544881,"relics_obtained":[{"floor":6,"key":"Molten Egg 2"},{"floor":8,"key":"PreservedInsect"},{"floor":9,"key":"Boot"},{"floor":13,"key":"Oddly Smooth Stone"},{"floor":26,"key":"Tiny Chest"}],"event_choices":[{"damage_healed":0,"gold_gain":75,"player_choice":"Gather Gold","damage_taken":11,"max_hp_gain":0,"max_hp_loss":0,"event_name":"World of Goop","floor":2,"gold_loss":0},{"damage_healed":0,"gold_gain":150,"player_choice":"AGREE","damage_taken":0,"max_hp_gain":0,"max_hp_loss":0,"event_name":"Liars Game","floor":4,"gold_loss":0,"cards_obtained":["Doubt"]},{"damage_healed":0,"gold_gain":50,"player_choice":"Pray","damage_taken":0,"max_hp_gain":0,"max_hp_loss":0,"event_name":"Golden Shrine","floor":12,"gold_loss":0},{"damage_healed":0,"gold_gain":0,"player_choice":"Obtained Relic","damage_taken":0,"relics_obtained":["Unceasing Top"],"max_hp_gain":0,"max_hp_loss":0,"event_name":"Addict","floor":19,"gold_loss":85},{"damage_healed":0,"gold_gain":0,"player_choice":"Became a vampire","damage_taken":0,"max_hp_gain":0,"max_hp_loss":22,"event_name":"Vampires","floor":22,"gold_loss":0,"cards_obtained":["Bite","Bite","Bite","Bite","Bite"]}],"is_beta":false,"boss_relics":[{"not_picked":["Black Star","FrozenCore"],"picked":"Inserter"}],"items_purged_floors":[20],"is_endless":false,"potions_floor_spawned":[5,7,13,21,24,29],"killed_by":"Snake Plant","ascension_level":20}}