{"host":"ixqzyafodex1tsi5","time":1610101631,"event":{"mods":["ATMod(°¢èªMod)","AchievementEnabler","Act Like it!","BaseMod","Gensokyo","GifTheSpireLib","Lobotomy","LobotomyExtend","Luminous","Minty Spire (QoL Compilation)","Relic Stats","Replay The Spire","RumiaBox-Â¶Ã×æ«µÄÉñÃØºÐ×Ó","Shop Mod","Spicy Shops","StSLib","The Cursed","[IsaacMod]ÒÔÈö¼âËþ","¡¾¹¦ÄÜMod¡¿»ìãçÖ®»·ÐÞ¸´²¹¶¡","¡¾ÒÅÎï¿¨ÅÆ¡¿REMEMod"],"gold_per_floor":[115,115,115,21,39,369,383,383,430,430,441,441,453,469,469,867,867,881,899,899,899,931,962,972,988,988,8,8,43,60,60,60,158,158,168,188,188,188,61,506,593,631,657,713,852,939,939,1050,1050,1175,1175,1175,1175,162,247,372,372],"floor_reached":56,"playtime":3347,"items_purged":["Defend_R","Delirium","Doubt","Parasite"],"score":2399,"play_id":"e969584b-a275-46e9-b52c-f4feee709054","local_time":"20210108182711","is_ascension_mode":true,"campfire_choices":[{"data":"REME_Scribble","floor":10.0,"key":"SMITH"},{"floor":15.0,"key":"DIG"},{"data":"Replay:Many Hands","floor":28,"key":"SMITH"},{"data":"AT_CaressingTears","floor":32,"key":"SMITH"},{"floor":49,"key":"RECALL"},{"data":"Offering","floor":53,"key":"SMITH"}],"circlet_count":0,"master_deck":["BigBird","Strike_R","Strike_R","Strike_R","Defend_R","Defend_R","Bash","AT_CaressingTears+1","ReplayTheSpireMod:Strike From Hell","Shrug It Off","Pommel Strike","REME_Scribble+1","QueenBee","AT_ShrugMaster","REME_Scribble","REME_Cut","Replay:Many Hands+1","Uppercut+1","ReplayTheSpireMod:Limb From Limb","REME_TheLastStrike","Replay:Undeath\u0027s Touch+1","ReplayTheSpireMod:Limb From Limb","Mercenary","BlueStar","Offering+1","REME_Flogging","Seeing Red+1"],"relics":["Burning Blood","REME_ComplimentaryCards","HushsDoor","AT_ATBox","DoctorsRemote","CogitoBucket","RabbitCall","LetterFromLob","Gensokyo:OccultBall","Onion Ring","GodSword4","Smiling Mask","Pocketwatch","LuminousBracelet","Ancient Tea Set","Coffee Dripper","MegaBlast","GuppysHairball","ZombieArmy","Red Mask","HowToJump","BehaviorAdjustment","Nunchaku","ClockworkSouvenir","Singing Bowl","BookOfRevelations","Anchor","Art of War","Chemical X","Lamp_r","Boot","Black Star","AtMidnight","SkinProphecy","ReplayTheSpireMod:Lightbulb","AT_MibuBalloonWealth","MoreBug","Bag of Marbles","MagicDraw3","UnicornStump","ShedSkin_r","Replay:Baseball","King of Hearts","TheAbacus","Toy Ornithopter","Replay:Wax Seal","Calipers"],"acts_visited":["Gensokyo:Gensokyo","TheCity","TheBeyond","TheEnding"],"potions_floor_usage":[29,50,50,56,56,56],"damage_taken":[{"damage":0.0,"enemies":"Gensokyo:Python","floor":1.0,"turns":1.0},{"damage":22.0,"enemies":"Gensokyo:2_Kodama","floor":5.0,"turns":4.0},{"damage":49.0,"enemies":"Gensokyo:Cirno","floor":6.0,"turns":7.0},{"damage":3.0,"enemies":"Gensokyo:Gryphon","floor":7.0,"turns":4.0},{"damage":17.0,"enemies":"Gensokyo:5_Fairies","floor":11.0,"turns":4.0},{"damage":13.0,"enemies":"Gensokyo:LivingMonolith","floor":13.0,"turns":3.0},{"damage":5.0,"enemies":"Gensokyo:VengefulSpirit","floor":14.0,"turns":3.0},{"damage":42.0,"enemies":"Gensokyo:Kokoro","floor":16.0,"turns":5.0},{"damage":17.0,"enemies":"2 Thieves","floor":18.0,"turns":3.0},{"damage":10.0,"enemies":"Shell Parasite","floor":19.0,"turns":2.0},{"damage":5.0,"enemies":"Masked Bandits","floor":22.0,"turns":2.0},{"damage":28.0,"enemies":"Book of Stabbing","floor":23.0,"turns":3.0},{"damage":38.0,"enemies":"Snecko","floor":24.0,"turns":5.0},{"damage":4,"enemies":"Centurion and Healer","floor":25,"turns":3},{"damage":24,"enemies":"REME_1_Revenger","floor":29,"turns":5},{"damage":3,"enemies":"Snake Plant","floor":30,"turns":1},{"damage":11,"enemies":"Collector","floor":33,"turns":1},{"damage":70,"enemies":"Orb Walker","floor":35,"turns":5},{"damage":0,"enemies":"3 Darklings","floor":36,"turns":1},{"damage":35,"enemies":"Nemesis","floor":40,"turns":1},{"damage":0,"enemies":"Jaw Worm Horde","floor":41,"turns":2},{"damage":0,"enemies":"Jaw Worm Horde","floor":42,"turns":1},{"damage":5,"enemies":"Giant Head","floor":44,"turns":1},{"damage":0,"enemies":"3 Darklings","floor":45,"turns":1},{"damage":0,"enemies":"Jaw Worm Horde","floor":46,"turns":1},{"damage":2,"enemies":"4 Shapes","floor":48,"turns":1},{"damage":14,"enemies":"Awakened One","floor":50,"turns":2},{"damage":0,"enemies":"Shield and Spear","floor":55,"turns":1},{"damage":241,"enemies":"LittleHush","floor":56,"turns":23}],"seed_played":"484761254918502685","potions_obtained":[{"floor":1.0,"key":"Energy Potion"},{"floor":6.0,"key":"Weak Potion"},{"floor":14.0,"key":"DistilledChaos"},{"floor":18.0,"key":"Weak Potion"},{"floor":22.0,"key":"SkillPotion"},{"floor":33,"key":"FearPotion"},{"floor":36,"key":"Adrenaline Potion"},{"floor":42,"key":"Block Potion"}],"is_trial":false,"path_per_floor":["M","?","T","COS","M","E","M","?","T","R","M","?","M","M","R","B",null,"M","M","?","?","?","E","M","M","T","$","R","E","M","$","R","B",null,"M","M","?","?","$","E","M","R","T","E","M","M","E","M","R","B",null,null,"R","$","E","B"],"character_chosen":"IRONCLAD","items_purchased":["MegaBlast","GuppysHairball","ClockworkSouvenir","Singing Bowl","BookOfRevelations","Anchor","Art of War","Chemical X","ReplayTheSpireMod:Limb From Limb","AT_MibuBalloonWealth","Replay:Baseball","King of Hearts","TheAbacus","Toy Ornithopter","ColorlessPotion","Regen Potion","REME_Flogging","Seeing Red+1"],"campfire_rested":0,"item_purchase_floors":[17,17,27,27,27,27,27,27,27,39,54,54,54,54,54,54,54,54],"current_hp_per_floor":[80,80,80,80,64,25,30,30,30,30,25,41,52,60,60,44,58,54,54,54,54,61,49,71,76,76,76,76,73,81,81,81,88,108,61,65,65,65,65,39,41,45,45,49,53,55,106,110,110,101,101,154,154,154,158,0,0],"gold":372,"neow_bonus":"","is_daily":false,"chose_seed":false,"campfire_upgraded":4,"win_rate":0.0,"timestamp":1610101631,"path_taken":["M","?","?","COS","?","E","M","?","T","R","?","?","M","M","R","BOSS","M","M","?","?","?","E","M","M","T","$","R","E","?","?","R","BOSS","M","M","?","?","$","E","M","R","T","E","M","M","E","M","R","BOSS","R","$","E","BOSS"],"items_purchased_type":["Relic","Relic","Relic","Relic","Relic","Relic","Relic","Relic","Card","Relic","Relic","Relic","Relic","Relic","Potion","Potion","Card","Card"],"build_version":"2020-12-22","purchased_purges":4,"victory":false,"max_hp_per_floor":[80,80,80,80,80,82,84,84,84,84,90,90,108,113,113,118,63,68,71,71,71,76,83,88,91,91,91,91,98,103,103,103,115,115,122,126,126,126,126,135,137,141,141,150,154,156,156,162,162,171,171,171,171,168,172,179,179],"relic_stats":{"Singing Bowl":22,"counters":[33,100],"Smiling Mask":150,"Boot":[368],"Burning Blood":162,"Nunchaku":[18],"TheAbacus":[198],"Art of War":[7],"Black Star":3,"Chemical X":[2],"obtain_stats":[{"RabbitCall":0,"UnicornStump":44,"AT_ATBox":0,"Calipers":55,"Singing Bowl":27,"AT_MibuBalloonWealth":39,"LuminousBracelet":13,"King of Hearts":54,"SkinProphecy":35,"Smiling Mask":9,"Ancient Tea Set":15,"Boot":29,"MagicDraw3":44,"Burning Blood":0,"ClockworkSouvenir":27,"Lamp_r":29,"CogitoBucket":0,"Nunchaku":26,"TheAbacus":54,"Gensokyo:OccultBall":2,"Red Mask":22,"Chemical X":27,"Replay:Wax Seal":55,"ZombieArmy":21,"KeepersGift":0,"MoreBug":40,"DoctorsRemote":0,"HowToJump":23,"BookOfRevelations":27,"MegaBlast":17,"Anchor":27,"Replay:Baseball":54,"AtMidnight":35,"Onion Ring":3,"BehaviorAdjustment":24,"LetterFromLob":1,"Coffee Dripper":17,"Art of War":27,"Black Star":34,"Bag of Marbles":40,"GuppysHairball":17,"GodSword4":6,"HushsDoor":0,"ReplayTheSpireMod:Lightbulb":37,"ShedSkin_r":47,"Toy Ornithopter":54,"REME_ComplimentaryCards":0,"Pocketwatch":11},{"RabbitCall":0,"UnicornStump":26,"AT_ATBox":0,"Calipers":32,"Singing Bowl":16,"AT_MibuBalloonWealth":22,"LuminousBracelet":7,"King of Hearts":31,"SkinProphecy":21,"Smiling Mask":4,"Ancient Tea Set":8,"Boot":17,"MagicDraw3":26,"Burning Blood":0,"ClockworkSouvenir":16,"Lamp_r":17,"CogitoBucket":0,"Nunchaku":16,"TheAbacus":31,"Gensokyo:OccultBall":1,"Red Mask":12,"Chemical X":16,"Replay:Wax Seal":32,"ZombieArmy":11,"KeepersGift":0,"MoreBug":23,"DoctorsRemote":0,"HowToJump":13,"BookOfRevelations":16,"MegaBlast":9,"Anchor":16,"Replay:Baseball":31,"AtMidnight":21,"Onion Ring":1,"BehaviorAdjustment":15,"LetterFromLob":1,"Coffee Dripper":9,"Art of War":16,"Black Star":19,"Bag of Marbles":23,"GuppysHairball":9,"GodSword4":3,"HushsDoor":0,"ReplayTheSpireMod:Lightbulb":22,"ShedSkin_r":28,"Toy Ornithopter":31,"REME_ComplimentaryCards":0,"Pocketwatch":5},{"RabbitCall":0,"UnicornStump":70,"AT_ATBox":0,"Calipers":77,"Singing Bowl":51,"AT_MibuBalloonWealth":65,"LuminousBracelet":24,"King of Hearts":76,"SkinProphecy":64,"Smiling Mask":16,"Ancient Tea Set":27,"Boot":56,"MagicDraw3":70,"Burning Blood":0,"ClockworkSouvenir":51,"Lamp_r":56,"CogitoBucket":0,"Nunchaku":51,"TheAbacus":76,"Gensokyo:OccultBall":1,"Red Mask":39,"Chemical X":51,"Replay:Wax Seal":77,"ZombieArmy":37,"KeepersGift":0,"MoreBug":66,"DoctorsRemote":0,"HowToJump":42,"BookOfRevelations":51,"MegaBlast":32,"Anchor":51,"Replay:Baseball":76,"AtMidnight":64,"Onion Ring":1,"BehaviorAdjustment":48,"LetterFromLob":1,"Coffee Dripper":32,"Art of War":51,"Black Star":58,"Bag of Marbles":66,"GuppysHairball":32,"GodSword4":12,"HushsDoor":0,"ReplayTheSpireMod:Lightbulb":65,"ShedSkin_r":72,"Toy Ornithopter":76,"REME_ComplimentaryCards":0,"Pocketwatch":17}],"Toy Ornithopter":7,"Pocketwatch":[34]},"card_choices":[{"not_picked":[],"picked":"SuicideKing","floor":0.0},{"not_picked":["Iron Wave","Run Through"],"picked":"ReplayTheSpireMod:Strike From Hell","floor":1.0},{"not_picked":["CrumblingArmor","Alriune","FairyFestival"],"picked":"Singing Bowl","floor":1.0},{"not_picked":["BeautyBeast","MeltingLove","OSAHOGD"],"picked":"Singing Bowl","floor":5.0},{"not_picked":["Perfected Strike","True Grit"],"picked":"REME_Scribble","floor":5.0},{"not_picked":["Wellcheers","MeatLantern","UniverseFragment"],"picked":"Singing Bowl","floor":6.0},{"not_picked":["ReplayTheSpireMod:Corrosion Curse","ReplayTheSpireMod:Strike From Hell"],"picked":"Shrug It Off","floor":6.0},{"not_picked":["MHz","Murderer","GreedKing"],"picked":"Singing Bowl","floor":7.0},{"not_picked":["Anger","Shrug It Off"],"picked":"Pommel Strike","floor":7.0},{"not_picked":["OSAHOGD","Wellcheers"],"picked":"QueenBee","floor":11.0},{"not_picked":["ReplayTheSpireMod:Strike From Hell","True Grit"],"picked":"AT_ShrugMaster","floor":11.0},{"not_picked":["ShyLook","DreamingCurrent","MHz"],"picked":"Singing Bowl","floor":13.0},{"not_picked":["ReplayTheSpireMod:Strike From Hell","True Grit"],"picked":"REME_Scribble","floor":13.0},{"not_picked":["LongBird","PunishingBird"],"picked":"BigBird","floor":14.0},{"not_picked":["Wild Strike","Sentinel"],"picked":"REME_Cut","floor":14.0},{"not_picked":["SnowQueen","SilentOrchestra","VoidDream"],"picked":"Singing Bowl","floor":16.0},{"not_picked":["Hemogenesis","Barricade"],"picked":"Replay:Many Hands","floor":16.0},{"not_picked":["SnowQueen","BeautyBeast","Laetitia"],"picked":"Singing Bowl","floor":18.0},{"not_picked":["AT_BodySlamDance","ReplayReversal"],"picked":"Uppercut+1","floor":18.0},{"not_picked":["Scarecrow","WhitesApple","Freischutz"],"picked":"Singing Bowl","floor":19.0},{"not_picked":["ReplayTheSpireMod:Strike From Hell+1","Iron Wave+1"],"picked":"ReplayTheSpireMod:Limb From Limb","floor":19.0},{"not_picked":["BeautyBeast","OSAHOGD","Bloodbath"],"picked":"Singing Bowl","floor":22.0},{"not_picked":["Headbutt+1","Replay:Undeath\u0027s Touch"],"picked":"REME_TheLastStrike","floor":22.0},{"not_picked":["SpiderBud","WallGazer","Alriune"],"picked":"Singing Bowl","floor":23.0},{"not_picked":["Combust","ReplayTheSpireMod:Strike From Hell"],"picked":"Replay:Undeath\u0027s Touch","floor":23.0},{"not_picked":["LittleHelper","DespairKnight","CrumblingArmor"],"picked":"Singing Bowl","floor":24.0},{"not_picked":["Iron Wave","AT_BodySlamDance","Evolve+1"],"picked":"SKIP","floor":24.0},{"not_picked":["Variant","SingingMachine","HappyTeddy"],"picked":"Singing Bowl","floor":25},{"not_picked":["Cleave","Iron Wave","Entrench+1"],"picked":"SKIP","floor":25},{"not_picked":["SnowQueen","Porccubus","Variant"],"picked":"Singing Bowl","floor":29},{"not_picked":["Shrug It Off","Warcry","ReplayTheSpireMod:Muscle Training"],"picked":"Singing Bowl","floor":29},{"not_picked":["FairyFestival","WallGazer","Scarecrow"],"picked":"Singing Bowl","floor":30},{"not_picked":["Combust","Searing Blow","Iron Wave"],"picked":"Singing Bowl","floor":30},{"not_picked":["MeatLantern","DespairKnight","CherryBlossoms"],"picked":"Singing Bowl","floor":33},{"not_picked":["Immolate","Bludgeon","Berserk"],"picked":"Singing Bowl","floor":33},{"not_picked":["RedShoes","Variant"],"picked":"Mercenary","floor":35},{"not_picked":["Perfected Strike+1","Carnage","ReplayTheSpireMod:Corrosion Curse+1"],"picked":"Singing Bowl","floor":35},{"not_picked":["BlackArmy","Porccubus","DreamingCurrent"],"picked":"Singing Bowl","floor":36},{"not_picked":["True Grit","Cleave","Warcry"],"picked":"Singing Bowl","floor":36},{"not_picked":["CherryBlossoms","SingingMachine","BlackSwan"],"picked":"Singing Bowl","floor":40},{"not_picked":["Bloodletting","AT_BodySlamDance+1","Thunderclap"],"picked":"Singing Bowl","floor":40},{"not_picked":["DespairKnight","BlackArmy","HappyTeddy"],"picked":"Singing Bowl","floor":41},{"not_picked":["WallGazer","HeroicMonk"],"picked":"BlueStar","floor":41},{"not_picked":["Feel No Pain","Reckless Charge"],"picked":"Offering","floor":41},{"not_picked":["SpiderBud","MeltingLove","WhitesApple"],"picked":"Singing Bowl","floor":42},{"not_picked":["Warcry","ReplayTheSpireMod:Strike From Hell","Sword Boomerang+1"],"picked":"Singing Bowl","floor":42},{"not_picked":["WhitesApple","Funeral","NakedNest"],"picked":"Singing Bowl","floor":44},{"not_picked":["Disarm","ReplayTheSpireMod:Strike From Hell","Fiend Fire"],"picked":"Singing Bowl","floor":44},{"not_picked":["Woodsman","MeltingLove","Scarecrow"],"picked":"Singing Bowl","floor":45},{"not_picked":["Iron Wave","Uppercut+1","Havoc"],"picked":"Singing Bowl","floor":45},{"not_picked":["DespairKnight","Rudolta","CrumblingArmor"],"picked":"Singing Bowl","floor":46},{"not_picked":["REME_Scribble+1","Thunderclap","Massacre"],"picked":"SKIP","floor":46},{"not_picked":["REME_Scribble+1","Thunderclap","Massacre"],"picked":"SKIP","floor":46},{"not_picked":["LittleHelper","BlackArmy","HappyTeddy"],"picked":"Singing Bowl","floor":48},{"not_picked":["Abandon+1","ReplayTheSpireMod:Corrosion Curse","REME_FearOfPain"],"picked":"Singing Bowl","floor":48},{"not_picked":["WhitesApple","LaLuna","MeltingLove"],"picked":"Singing Bowl","floor":55},{"not_picked":["Berserk","Havoc","Thunderclap+1"],"picked":"Singing Bowl","floor":55}],"player_experience":242512,"relics_obtained":[{"floor":1.0,"key":"LetterFromLob"},{"floor":3.0,"key":"Onion Ring"},{"floor":6.0,"key":"GodSword4"},{"floor":9.0,"key":"Smiling Mask"},{"floor":13.0,"key":"Gensokyo:OccultBall"},{"floor":15.0,"key":"Ancient Tea Set"},{"floor":16.0,"key":"Gensokyo:OccultBall"},{"floor":22.0,"key":"Red Mask"},{"floor":23.0,"key":"Gensokyo:OccultBall"},{"floor":23.0,"key":"HowToJump"},{"floor":24.0,"key":"Gensokyo:OccultBall"},{"floor":26,"key":"Nunchaku"},{"floor":29,"key":"Boot"},{"floor":33,"key":"Gensokyo:OccultBall"},{"floor":35,"key":"Gensokyo:OccultBall"},{"floor":35,"key":"AtMidnight"},{"floor":37,"key":"ReplayTheSpireMod:Lightbulb"},{"floor":40,"key":"MoreBug"},{"floor":40,"key":"Bag of Marbles"},{"floor":42,"key":"Gensokyo:OccultBall"},{"floor":44,"key":"MagicDraw3"},{"floor":44,"key":"UnicornStump"},{"floor":55,"key":"Replay:Wax Seal"},{"floor":55,"key":"Calipers"}],"event_choices":[{"cards_removed":["Defend_R"],"damage_healed":0.0,"max_hp_gain":0.0,"max_hp_loss":0.0,"gold_gain":0.0,"event_name":"Back to Basics","player_choice":"Elegance","floor":20.0,"gold_loss":0.0,"damage_taken":0.0},{"damage_healed":0.0,"max_hp_gain":0.0,"max_hp_loss":0.0,"gold_gain":0.0,"event_name":"Masked Bandits","player_choice":"Fought Bandits","floor":22.0,"gold_loss":0.0,"damage_taken":0.0},{"damage_healed":0,"gold_gain":0,"player_choice":"Relic","damage_taken":0,"max_hp_gain":0,"max_hp_loss":0,"event_name":"Wheel of Change","floor":37,"gold_loss":0},{"damage_healed":0,"gold_gain":0,"player_choice":"Upgraded","damage_taken":0,"max_hp_gain":0,"max_hp_loss":0,"event_name":"Upgrade Shrine","floor":38,"gold_loss":0,"cards_upgraded":["Replay:Undeath\u0027s Touch"]}],"is_beta":false,"boss_relics":[{"not_picked":["REME_ChargedStone","Ooze Armor"],"picked":"Coffee Dripper"},{"not_picked":[]},{"not_picked":["REME_DemonsWealth","Cursed Key"],"picked":"Black Star"},{"not_picked":[]}],"items_purged_floors":[17,27,39,54],"is_endless":false,"potions_floor_spawned":[1,6,14,18,19,22,33,36,42,44,46],"killed_by":"LittleHush","ascension_level":5}}