{"host":"cv77zuuuekizn3ic","time":1610113880,"event":{"mods":["AchievementEnabler","BaseMod","Marisa£®ÏF”Í°°ƒß¿Ì…≥£©","Minty Spire (QoL Compilation)","StSLib","Waifu the Spire","everything is the same but u backflip on backflip","slay the spire mod where everything is the same but ironclad has a cowboy hat"],"gold_per_floor":[114,114,114,114,114,114,114,129,154,180,180,25,40,71,71,148,148,159,84,95,109,109,136,136,148,174,188,207,225,237,266,266,344,344,364,381,426,446,102,131,6,35,60,86,111,127,152,183,195,207,219,231,243,25,56,56],"floor_reached":57,"playtime":3292,"items_purged":["Strike_R","Strike_R+1","Defend_R","Defend_R"],"score":3219,"play_id":"55a15e95-fe8d-4ee8-b336-aab9d1ed63a0","local_time":"20210108215120","is_ascension_mode":true,"campfire_choices":[{"data":"Rage","floor":7.0,"key":"SMITH"},{"data":"Twin Strike","floor":11.0,"key":"SMITH"},{"data":"Body Slam","floor":15.0,"key":"SMITH"},{"data":"Rampage","floor":24.0,"key":"SMITH"},{"floor":32.0,"key":"REST"},{"floor":49,"key":"RECALL"},{"floor":53,"key":"REST"}],"circlet_count":0,"master_deck":["AscendersBane","Defend_R+1","Rage+1","Twin Strike+1","Inflame+1","Corruption+1","Shrug It Off+1","Body Slam+1","Power Through+1","Dual Wield+1","Double Tap+1","Rampage+1","Dark Embrace+1","Bloodletting+1","Spot Weakness+1","Sentinel+1","Dark Embrace+1","Seeing Red+1","Impervious+1","Sentinel+1","Second Wind+1","Limit Break+1","Shockwave+1","Shrug It Off+1","Disarm+1","Barricade+1","Shrug It Off+1","Entrench+1","Dark Embrace+1"],"relics":["Burning Blood","Frozen Egg 2","Question Card","Toxic Egg 2","Ancient Tea Set","Red Skull","Regal Pillow","Empty Cage","PreservedInsect","Toy Ornithopter","Orichalcum","Black Star","CatCart","Sundial","Omamori","Oddly Smooth Stone","Bird Faced Urn","Potion Belt","MealTicket","Unceasing Top","Art of War","MawBank","Anchor","Centennial Puzzle"],"acts_visited":["Exordium","TheCity","TheBeyond","TheEnding"],"potions_floor_usage":[56,56,56],"damage_taken":[{"damage":5.0,"enemies":"Jaw Worm","floor":1.0,"turns":4.0},{"damage":1.0,"enemies":"2 Louse","floor":8.0,"turns":3.0},{"damage":31.0,"enemies":"Gremlin Nob","floor":10.0,"turns":4.0},{"damage":0.0,"enemies":"Cultist","floor":13.0,"turns":3.0},{"damage":15.0,"enemies":"Lagavulin","floor":14.0,"turns":6.0},{"damage":21.0,"enemies":"Slime Boss","floor":16.0,"turns":9.0},{"damage":0.0,"enemies":"Spheric Guardian","floor":18.0,"turns":2.0},{"damage":12.0,"enemies":"Shell Parasite","floor":20.0,"turns":5.0},{"damage":4.0,"enemies":"Snake Plant","floor":21.0,"turns":4.0},{"damage":2.0,"enemies":"Gremlin Leader","floor":23.0,"turns":3.0},{"damage":3.0,"enemies":"Centurion and Healer","floor":25.0,"turns":4.0},{"damage":3.0,"enemies":"3 Cultists","floor":27.0,"turns":3.0},{"damage":19.0,"enemies":"Snake Plant","floor":28.0,"turns":3.0},{"damage":42.0,"enemies":"Shelled Parasite and Fungi","floor":29.0,"turns":4.0},{"damage":13.0,"enemies":"Cultist and Chosen","floor":30.0,"turns":5.0},{"damage":11.0,"enemies":"Slavers","floor":31.0,"turns":3.0},{"damage":11.0,"enemies":"Collector","floor":33.0,"turns":3.0},{"damage":35.0,"enemies":"3 Darklings","floor":35.0,"turns":4.0},{"damage":0.0,"enemies":"3 Shapes","floor":36.0,"turns":2.0},{"damage":3.0,"enemies":"Orin","floor":37.0,"turns":4.0},{"damage":47.0,"enemies":"3 Darklings","floor":38.0,"turns":4.0},{"damage":3.0,"enemies":"Reptomancer","floor":40.0,"turns":3.0},{"damage":5.0,"enemies":"Nemesis","floor":42.0,"turns":5.0},{"damage":0.0,"enemies":"Giant Head","floor":44.0,"turns":3.0},{"damage":0.0,"enemies":"Mind Bloom Boss Battle","floor":45.0,"turns":2.0},{"damage":17.0,"enemies":"Spire Growth","floor":46.0,"turns":4.0},{"damage":26,"enemies":"Reptomancer","floor":47,"turns":4},{"damage":0,"enemies":"Sphere and 2 Shapes","floor":48,"turns":2},{"damage":3,"enemies":"Donu and Deca","floor":50,"turns":4},{"damage":35,"enemies":"Time Eater","floor":51,"turns":4},{"damage":0,"enemies":"Shield and Spear","floor":55,"turns":2},{"damage":6,"enemies":"The Heart","floor":56,"turns":6}],"seed_played":"3902437620441094635","potions_obtained":[{"floor":13.0,"key":"ElixirPotion"},{"floor":14.0,"key":"Swift Potion"},{"floor":30.0,"key":"Energy Potion"},{"floor":35.0,"key":"SkillPotion"},{"floor":38.0,"key":"Ancient Potion"},{"floor":47,"key":"Fire Potion"},{"floor":48,"key":"GamblersBrew"}],"is_trial":false,"path_per_floor":["M","?","?","T","?","T","R","M","T","E","R","$","M","E","R","B",null,"M","?","M","M","?","E","R","M","T","M","M","M","M","E","R","B",null,"M","M","?","M","$","E","$","E","T","E","?","M","E","M","R","B","B",null,"R","$","E","B",null],"character_chosen":"IRONCLAD","items_purchased":["Shrug It Off+1","Body Slam","Limit Break+1","Shockwave+1","Dark Embrace+1"],"campfire_rested":2,"item_purchase_floors":[12,12,39,39,54],"current_hp_per_floor":[69,64,41,41,46,46,46,51,51,26,26,26,32,23,23,8,62,68,68,62,64,64,68,68,71,71,74,66,30,23,18,57,52,73,44,50,53,17,17,20,20,21,21,35,51,50,36,52,52,65,46,72,80,80,80,80],"gold":56,"neow_bonus":"TRANSFORM_CARD","is_daily":false,"chose_seed":false,"campfire_upgraded":4,"win_rate":0.0,"timestamp":1610113880,"path_taken":["M","?","?","?","?","?","R","M","T","E","R","$","M","E","R","BOSS","BOSS","M","?","M","M","?","E","R","M","T","M","?","M","M","E","R","BOSS","M","M","?","M","$","E","$","E","T","E","?","M","E","M","R","BOSS","BOSS","R","$","E","BOSS"],"items_purchased_type":["Card","Card","Card","Card","Card"],"build_version":"2020-12-22","purchased_purges":4,"victory":true,"max_hp_per_floor":[75,75,75,75,80,80,80,80,80,80,80,80,80,80,80,80,80,80,80,80,80,80,80,80,80,80,80,80,80,80,80,80,80,80,80,80,80,80,80,80,80,80,80,80,80,80,80,80,80,80,80,80,80,80,80,80],"card_choices":[{"not_picked":["Headbutt","Thunderclap"],"picked":"Twin Strike","floor":1.0},{"not_picked":["Disarm+1","Flex+1","Wild Strike"],"picked":"Inflame+1","floor":8.0},{"not_picked":["Clothesline","Thunderclap","Combust+1"],"picked":"Corruption+1","floor":10.0},{"not_picked":["Clothesline","Reckless Charge","Disarm+1"],"picked":"Power Through+1","floor":13.0},{"not_picked":["Thunderclap","Heavy Blade","Wild Strike"],"picked":"Dual Wield+1","floor":14.0},{"not_picked":["Bludgeon","Juggernaut+1","Exhume+1"],"picked":"Double Tap+1","floor":16.0},{"not_picked":["Sword Boomerang","Iron Wave","Feel No Pain+1"],"picked":"Rampage","floor":18.0},{"not_picked":["Power Through+1","Sword Boomerang","Warcry+1","Metallicize+1"],"picked":"SKIP","floor":20.0},{"not_picked":["Shockwave+1","Perfected Strike","Combust+1"],"picked":"Dark Embrace+1","floor":21.0},{"not_picked":["Rupture+1","Intimidate+1","Battle Trance+1"],"picked":"Bloodletting+1","floor":23.0},{"not_picked":["Heavy Blade","Flex+1","Anger","Twin Strike"],"picked":"SKIP","floor":25.0},{"not_picked":["Burning Pact+1","Havoc+1","Fire Breathing+1"],"picked":"Spot Weakness+1","floor":27.0},{"not_picked":["Armaments+1","Rupture+1","Pummel"],"picked":"Sentinel+1","floor":28.0},{"not_picked":["Cleave","Searing Blow+1","Rupture+1","Armaments+1"],"picked":"SKIP","floor":29.0},{"not_picked":["Disarm+1","Clothesline","Shrug It Off+1"],"picked":"Dark Embrace+1","floor":30.0},{"not_picked":["Cleave","Thunderclap","Hemokinesis+1"],"picked":"Seeing Red+1","floor":31.0},{"not_picked":["Exhume+1","Bludgeon","Offering+1"],"picked":"Impervious+1","floor":33.0},{"not_picked":["Twin Strike","Power Through+1","True Grit+1"],"picked":"Sentinel+1","floor":35.0},{"not_picked":["Warcry+1","Havoc+1","Headbutt+1","Reckless Charge"],"picked":"SKIP","floor":36.0},{"not_picked":["Thunderclap","Headbutt+1","Havoc+1"],"picked":"Second Wind+1","floor":38.0},{"not_picked":["Shockwave+1","Reaper","Warcry+1"],"picked":"Shrug It Off+1","floor":40.0},{"not_picked":["Armaments+1","Wild Strike","Hemokinesis"],"picked":"Disarm+1","floor":42.0},{"not_picked":["Body Slam","Thunderclap","Feel No Pain+1"],"picked":"Barricade+1","floor":44.0},{"not_picked":["Infernal Blade+1","Rupture+1","Flex+1"],"picked":"Shrug It Off+1","floor":46.0},{"not_picked":["Armaments+1","Sentinel+1","Iron Wave","Feed"],"picked":"SKIP","floor":47},{"not_picked":["Cleave","Reckless Charge+1","Searing Blow"],"picked":"Entrench+1","floor":48},{"not_picked":["Feed","Entrench+1","Rupture+1","Uppercut"],"picked":"SKIP","floor":55}],"player_experience":793216,"relics_obtained":[{"floor":4.0,"key":"Question Card"},{"floor":6.0,"key":"Toxic Egg 2"},{"floor":9.0,"key":"Ancient Tea Set"},{"floor":10.0,"key":"Red Skull"},{"floor":14.0,"key":"Regal Pillow"},{"floor":23.0,"key":"PreservedInsect"},{"floor":26.0,"key":"Toy Ornithopter"},{"floor":31.0,"key":"Orichalcum"},{"floor":37.0,"key":"CatCart"},{"floor":40.0,"key":"Sundial"},{"floor":40.0,"key":"Omamori"},{"floor":42.0,"key":"Oddly Smooth Stone"},{"floor":42.0,"key":"Bird Faced Urn"},{"floor":44.0,"key":"Potion Belt"},{"floor":44.0,"key":"MealTicket"},{"floor":45.0,"key":"Unceasing Top"},{"floor":47,"key":"Art of War"},{"floor":47,"key":"MawBank"},{"floor":55,"key":"Anchor"},{"floor":55,"key":"Centennial Puzzle"}],"event_choices":[{"damage_healed":0.0,"max_hp_gain":0.0,"max_hp_loss":0.0,"gold_gain":0.0,"event_name":"Scrap Ooze","player_choice":"Success","floor":2.0,"gold_loss":0.0,"damage_taken":5.0,"relics_obtained":["Frozen Egg 2"]},{"damage_healed":0.0,"max_hp_gain":0.0,"max_hp_loss":0.0,"gold_gain":0.0,"event_name":"Shining Light","player_choice":"Entered Light","floor":3.0,"gold_loss":0.0,"damage_taken":23.0,"cards_upgraded":["Defend_R","Strike_R"]},{"damage_healed":0.0,"max_hp_gain":5.0,"max_hp_loss":0.0,"gold_gain":0.0,"event_name":"Big Fish","player_choice":"Donut","floor":5.0,"gold_loss":0.0,"damage_taken":0.0},{"cards_removed":["Bash"],"damage_healed":0.0,"max_hp_gain":0.0,"max_hp_loss":0.0,"gold_gain":0.0,"event_name":"Beggar","player_choice":"Gave Gold","floor":19.0,"gold_loss":75.0,"damage_taken":0.0},{"cards_removed":["Defend_R"],"damage_healed":0.0,"max_hp_gain":0.0,"max_hp_loss":0.0,"gold_gain":0.0,"event_name":"Bonfire Elementals","player_choice":"Offered Basic","floor":22.0,"gold_loss":0.0,"damage_taken":0.0},{"damage_healed":0.0,"max_hp_gain":0.0,"max_hp_loss":0.0,"gold_gain":0.0,"event_name":"OrinTheCat","player_choice":"Fight","floor":37.0,"gold_loss":0.0,"damage_taken":0.0},{"damage_healed":0.0,"max_hp_gain":0.0,"max_hp_loss":0.0,"gold_gain":0.0,"event_name":"MindBloom","player_choice":"Fight","floor":45.0,"gold_loss":0.0,"damage_taken":0.0}],"is_beta":false,"boss_relics":[{"not_picked":["SacredBark","Runic Dome"],"picked":"Empty Cage"},{"not_picked":["Runic Pyramid","Philosopher\u0027s Stone"],"picked":"Black Star"}],"items_purged_floors":[12,39,41,54],"is_endless":false,"potions_floor_spawned":[13,14,21,27,30,31,35,38,47,48,55],"ascension_level":20}}