{"host":"uzcks4yhskks9i02","time":1610133890,"event":{"mods":["BaseMod","Minty Spire (QoL Compilation)","Quick Restart"],"gold_per_floor":[113,131,131,131,149,176,192,220,244,244,244],"floor_reached":10,"playtime":388,"items_purged":[],"score":154,"play_id":"5896eb5d-1561-48ed-8da4-99f98dd40a39","local_time":"20210108122450","is_ascension_mode":true,"campfire_choices":[],"circlet_count":0,"master_deck":["AscendersBane","Strike_R","Strike_R","Strike_R","Strike_R","Defend_R","Defend_R+1","Defend_R","Defend_R","Bash","Dropkick","Fire Breathing","Limit Break","True Grit+1","Fiend Fire","Clash","Clothesline"],"relics":["Burning Blood","Potion Belt","Bag of Preparation","War Paint"],"acts_visited":["Exordium"],"potions_floor_usage":[10],"damage_taken":[{"damage":14.0,"enemies":"Jaw Worm","floor":1.0,"turns":5.0},{"damage":0.0,"enemies":"Cultist","floor":2.0,"turns":3.0},{"damage":9.0,"enemies":"2 Louse","floor":5.0,"turns":3.0},{"damage":39.0,"enemies":"Gremlin Nob","floor":6.0,"turns":5.0},{"damage":1.0,"enemies":"Exordium Wildlife","floor":7.0,"turns":2.0},{"damage":18.0,"enemies":"3 Sentries","floor":8.0,"turns":5.0},{"damage":25,"enemies":"Lagavulin","floor":10,"turns":7}],"seed_played":"2485207236539267813","potions_obtained":[{"floor":1.0,"key":"DistilledChaos"},{"floor":2.0,"key":"Explosive Potion"},{"floor":7.0,"key":"Ancient Potion"}],"is_trial":false,"path_per_floor":["M","M","?","?","M","E","M","E","T","E"],"character_chosen":"IRONCLAD","items_purchased":[],"campfire_rested":0,"item_purchase_floors":[],"current_hp_per_floor":[59,65,65,65,62,29,34,22,22,0,0],"gold":244,"neow_bonus":"TWENTY_PERCENT_HP_BONUS","is_daily":false,"chose_seed":false,"campfire_upgraded":0,"win_rate":0.0,"timestamp":1610133890,"path_taken":["M","M","?","?","M","E","?","E","T","E"],"items_purchased_type":[],"build_version":"2020-12-22","purchased_purges":0,"victory":false,"max_hp_per_floor":[96,96,96,96,96,96,96,96,96,96,96],"card_choices":[{"not_picked":["Inflame","Evolve"],"picked":"Dropkick","floor":1.0},{"not_picked":["Armaments","Shrug It Off"],"picked":"Fire Breathing","floor":2.0},{"not_picked":["Sword Boomerang","Clash"],"picked":"True Grit","floor":5.0},{"not_picked":["Havoc","Armaments"],"picked":"Fiend Fire","floor":6.0},{"not_picked":["Body Slam","Heavy Blade"],"picked":"Clash","floor":7.0},{"not_picked":["Evolve","Shrug It Off"],"picked":"Clothesline","floor":8.0}],"player_experience":492292,"relics_obtained":[{"floor":6.0,"key":"Potion Belt"},{"floor":8.0,"key":"Bag of Preparation"},{"floor":9.0,"key":"War Paint"}],"event_choices":[{"damage_healed":0.0,"max_hp_gain":0.0,"max_hp_loss":0.0,"gold_gain":0.0,"cards_transformed":["Strike_R"],"event_name":"Living Wall","player_choice":"Change","floor":3.0,"gold_loss":0.0,"damage_taken":0.0,"cards_obtained":["Limit Break"]},{"damage_healed":0.0,"max_hp_gain":0.0,"max_hp_loss":0.0,"gold_gain":0.0,"event_name":"The Woman in Blue","player_choice":"Bought 0 Potions","floor":4.0,"gold_loss":0.0,"damage_taken":0.0}],"is_beta":false,"boss_relics":[],"items_purged_floors":[],"is_endless":false,"potions_floor_spawned":[1,2,7],"killed_by":"Lagavulin","ascension_level":13}}