{"host":"3jjxuhjpio8e4zkv","time":1610083431,"event":{"mods":["BaseMod","Colored Map","Highlight Path","Minty Spire (QoL Compilation)","Permanent Neow","Relic Stats","StSLib"],"gold_per_floor":[117,129,46,56,72,72,72],"floor_reached":6,"playtime":232,"items_purged":[],"score":76,"play_id":"a53a1ac5-c933-4e31-bd80-920a8ecc9049","local_time":"20210108002351","is_ascension_mode":true,"campfire_choices":[],"circlet_count":0,"master_deck":["AscendersBane","Strike_G","Strike_G","Strike_G","Strike_G","Strike_G","Defend_G","Defend_G","Defend_G","Defend_G","Defend_G","Survivor","Neutralize","Well Laid Plans","Terror","Riddle With Holes","Dash","Unload"],"relics":["Ring of the Snake"],"acts_visited":["Exordium"],"potions_floor_usage":[6],"damage_taken":[{"damage":16.0,"enemies":"Jaw Worm","floor":1.0,"turns":5.0},{"damage":1.0,"enemies":"2 Louse","floor":2.0,"turns":3.0},{"damage":1.0,"enemies":"Small Slimes","floor":4.0,"turns":3.0},{"damage":14.0,"enemies":"Exordium Thugs","floor":5.0,"turns":4.0},{"damage":0,"enemies":"Gremlin Nob","floor":6,"turns":3}],"seed_played":"-1803584477209590857","potions_obtained":[{"floor":1.0,"key":"SpeedPotion"},{"floor":2.0,"key":"ColorlessPotion"}],"is_trial":false,"path_per_floor":["M","M","$","M","M","E"],"character_chosen":"THE_SILENT","items_purchased":["Dash"],"campfire_rested":0,"item_purchase_floors":[3],"current_hp_per_floor":[43,42,42,41,27,27,27],"gold":72,"neow_bonus":"THREE_CARDS","is_daily":false,"chose_seed":false,"campfire_upgraded":0,"win_rate":0.0,"timestamp":1610083431,"path_taken":["M","M","$","M","M","E"],"items_purchased_type":["Card"],"build_version":"2020-12-22","purchased_purges":0,"victory":false,"max_hp_per_floor":[66,66,66,66,66,66,66],"relic_stats":{"counters":[5,18],"obtain_stats":[{"Ring of the Snake":0},{"Ring of the Snake":0},{"Ring of the Snake":0}],"Ring of the Snake":[10]},"card_choices":[{"not_picked":["Catalyst","PiercingWail"],"picked":"Well Laid Plans","floor":0.0},{"not_picked":["Backflip","Prepared"],"picked":"Terror","floor":1.0},{"not_picked":["PiercingWail","Underhanded Strike"],"picked":"Riddle With Holes","floor":2.0},{"not_picked":["Poisoned Stab","Deflect"],"picked":"Unload","floor":4.0},{"not_picked":["Dagger Throw","Catalyst","Outmaneuver"],"picked":"SKIP","floor":5.0}],"player_experience":1182388,"relics_obtained":[],"event_choices":[],"is_beta":false,"boss_relics":[],"items_purged_floors":[],"is_endless":false,"potions_floor_spawned":[1,2],"killed_by":"Gremlin Nob","ascension_level":20}}