{"host":"h5acbxt0wmjo1kpm","time":1610108023,"event":{"mods":["2.2 Compatiblity","Act Like it!","AlwaysNeverKeys","Aspiration","Bard","Bartender","BaseMod","Better Third Choice","Colored Map","Elementarium","Gensokyo","GifTheSpireLib","Hallownest","Marisa????????","Menagerie","Minty Spire (QoL Compilation)","Permanent Neow","Potionbrewer","Relic Filter","Replay The Spire","Robot Space Explorer","RumiaBox-????????","Shade Mod","Spicy Shops","StSLib","Strawberry Spire","The Blackbeard","The Dragon Tamer","The Gatherer","The Hayseed","The Problem Sleuth","The Servant 0.9.4","Wandering Minibosses","vexMod"],"gold_per_floor":[118,218,248,248,262,287,287,28,80,13,13,13,33,63,75,458,470,494,40,311,266,266,266,296,307,307,68,34,52,86,97,97,97,97],"floor_reached":33,"playtime":2317,"items_purged":["TheSimpletonMod:Strike_TheSimpleton"],"score":587,"play_id":"aeba3a32-fb6f-4296-8a66-7a46c99de966","local_time":"20210108041343","is_ascension_mode":true,"campfire_choices":[{"data":"TheSimpletonMod:ReapAndSow","floor":7,"key":"SMITH"},{"data":"TheSimpletonMod:Swelter","floor":12,"key":"SMITH"},{"data":"TheSimpletonMod:CrackOfDawn","floor":15,"key":"SMITH"},{"data":"Neutralize","floor":23,"key":"SMITH"},{"floor":32,"key":"REST"}],"circlet_count":0,"master_deck":["AscendersBane","TheSimpletonMod:Strike_TheSimpleton+1","TheSimpletonMod:Defend_TheSimpleton","TheSimpletonMod:Defend_TheSimpleton","TheSimpletonMod:Defend_TheSimpleton","TheSimpletonMod:Haymaker+1","TheSimpletonMod:ReapAndSow+1","TheSimpletonMod:CloseScrape","TheSimpletonMod:SlashAndBurn","TheSimpletonMod:Swelter+1","TheSimpletonMod:CloseScrape","TheSimpletonMod:Polyculture","TheSimpletonMod:CloseScrape","TheSimpletonMod:Ferment","TheSimpletonMod:CrackOfDawn+1","TheSimpletonMod:SoilSample","TheSimpletonMod:LandGrant","Heel Hook","Neutralize+1","Backflip","TheSimpletonMod:Aerate","TheSimpletonMod:Fertilaser","TheSimpletonMod:CrackOfDawn"],"relics":["TheSimpletonMod:SpudOfTheInnocent","TheSimpletonMod:NightSoil","TheSimpletonMod:TheHarvester","NeowsBlessing","potionbrewer:Torch","Potion Belt","Medical Kit","Whetstone","Pocketwatch","vexMod:EndlessSickness","MagicDraw4","Girya","GodSword1","Mummified Hand","MealTicket"],"acts_visited":["Gensokyo:Gensokyo","Hallownest:CityofTears"],"potions_floor_usage":[6,14,18,25,29,33,33],"damage_taken":[{"damage":0,"enemies":"Gensokyo:3_Fairies","floor":1,"turns":1},{"damage":0,"enemies":"Gensokyo:Cirno","floor":3,"turns":2},{"damage":0,"enemies":"Gensokyo:2_Kodama","floor":5,"turns":1},{"damage":19,"enemies":"Gensokyo:Cirno","floor":6,"turns":6},{"damage":15,"enemies":"Gensokyo:Gryphon","floor":13,"turns":5},{"damage":14,"enemies":"Gensokyo:Aya","floor":14,"turns":6},{"damage":16,"enemies":"Gensokyo:Reimu","floor":16,"turns":9},{"damage":3,"enemies":"Hallownest:Flukemon_and_Top","floor":18,"turns":4},{"damage":0,"enemies":"Hallownest:Nosk","floor":24,"turns":7},{"damage":23,"enemies":"Hallownest:Guard_and_Sentry","floor":25,"turns":6},{"damage":11,"enemies":"Hallownest:3_Mistakes","floor":28,"turns":7},{"damage":25,"enemies":"Hallownest:monsterMisterMushroom","floor":29,"turns":8},{"damage":16,"enemies":"Hallownest:eliteWatcherKnight","floor":30,"turns":10},{"damage":13,"enemies":"Hallownest:Warrior_and_Youth","floor":31,"turns":4},{"damage":53,"enemies":"Hallownest:BossMantisLord","floor":33,"turns":4}],"seed_played":"-7345435702297400168","potions_obtained":[{"floor":1,"key":"PowerPotion"},{"floor":4,"key":"Doom Potion"},{"floor":13,"key":"DistilledChaos"},{"floor":14,"key":"SpeedPotion"},{"floor":16,"key":"ColorlessPotion"},{"floor":24,"key":"PowerPotion"},{"floor":28,"key":"ColorlessPotion"},{"floor":31,"key":"potionbrewer:BoundlessPotion"}],"is_trial":false,"path_per_floor":["M","?","?","?","M","E","R","COS","T","$","?","R","M","E","R","B",null,"M","$","?","?","?","R","E","M","T","$","M","M","E","M","R","B"],"character_chosen":"THE_SIMPLETON","items_purchased":["TheSimpletonMod:Polyculture","Kunai","MagicDraw4","Mummified Hand"],"campfire_rested":1,"item_purchase_floors":[10,19,19,27],"current_hp_per_floor":[64,64,64,64,64,49,49,49,49,49,49,49,34,32,32,22,59,62,62,62,62,62,62,71,54,54,54,51,38,30,23,44,0,0],"gold":97,"neow_bonus":"THREE_ENEMY_KILL","is_daily":false,"chose_seed":false,"campfire_upgraded":4,"win_rate":0.0,"timestamp":1610108023,"path_taken":["M","?","?","?","?","E","R","COS","T","$","?","R","M","E","R","BOSS","M","$","?","?","?","R","E","M","T","$","M","M","E","M","R","BOSS"],"items_purchased_type":["Card","Relic","Relic","Relic"],"build_version":"2020-12-22","purchased_purges":1,"victory":false,"max_hp_per_floor":[71,71,71,71,71,71,71,71,71,71,71,71,71,71,71,71,71,71,71,71,71,71,71,71,71,71,71,71,71,71,71,71,71,71],"card_choices":[{"not_picked":["TheSimpletonMod:Sunseed","TheSimpletonMod:Ferment"],"picked":"TheSimpletonMod:CloseScrape","floor":1},{"not_picked":["TheSimpletonMod:SeedCoat","TheSimpletonMod:VineRipen"],"picked":"TheSimpletonMod:SlashAndBurn","floor":3},{"not_picked":["TheSimpletonMod:VineRipen","TheSimpletonMod:Aerate"],"picked":"TheSimpletonMod:Swelter","floor":5},{"not_picked":["TheSimpletonMod:Rake","TheSimpletonMod:RootDown"],"picked":"TheSimpletonMod:CloseScrape","floor":6},{"not_picked":["TheSimpletonMod:DoubleBarrel","TheSimpletonMod:Ferment"],"picked":"TheSimpletonMod:CloseScrape","floor":11},{"not_picked":["TheSimpletonMod:CropRotation","TheSimpletonMod:SeedCoat"],"picked":"TheSimpletonMod:Ferment","floor":11},{"not_picked":["TheSimpletonMod:ControlledBurn","TheSimpletonMod:Rake","TheSimpletonMod:Rototilling"],"picked":"SKIP","floor":13},{"not_picked":["TheSimpletonMod:Biorefinement","TheSimpletonMod:FanTheFlames"],"picked":"TheSimpletonMod:CrackOfDawn","floor":14},{"not_picked":["TheSimpletonMod:CloseScrape","TheSimpletonMod:ToughenUp"],"picked":"TheSimpletonMod:SoilSample","floor":14},{"not_picked":["TheSimpletonMod:CrackOfDawn","TheSimpletonMod:BuzzBomb"],"picked":"TheSimpletonMod:LandGrant","floor":16},{"not_picked":["TheSimpletonMod:Germinate","TheSimpletonMod:Ferment","TheSimpletonMod:VineRipen+1"],"picked":"SKIP","floor":18},{"not_picked":["TheSimpletonMod:CullingStrike","TheSimpletonMod:SoilSample","TheSimpletonMod:CropRotation"],"picked":"SKIP","floor":24},{"not_picked":["TheSimpletonMod:Thresh","TheSimpletonMod:PestManagement"],"picked":"TheSimpletonMod:Aerate","floor":25},{"not_picked":["TheSimpletonMod:CullingStrike","TheSimpletonMod:DigIn+1","TheSimpletonMod:CloseScrape"],"picked":"SKIP","floor":28},{"not_picked":["TheSimpletonMod:SoilSample","TheSimpletonMod:Ferment","TheSimpletonMod:CropRotation"],"picked":"SKIP","floor":29},{"not_picked":["TheSimpletonMod:Sunseed","TheSimpletonMod:DoubleBarrel"],"picked":"TheSimpletonMod:Fertilaser","floor":30},{"not_picked":["TheSimpletonMod:SaladShooter","TheSimpletonMod:Rake"],"picked":"TheSimpletonMod:CrackOfDawn","floor":31}],"player_experience":2176298,"relics_obtained":[{"floor":3,"key":"potionbrewer:Torch"},{"floor":6,"key":"Potion Belt"},{"floor":9,"key":"Whetstone"},{"floor":14,"key":"Pocketwatch"},{"floor":24,"key":"Girya"},{"floor":26,"key":"GodSword1"},{"floor":30,"key":"MealTicket"}],"event_choices":[],"is_beta":false,"boss_relics":[{"not_picked":["Philosopher\u0027s Stone","Replay:Bronze Core"],"picked":"vexMod:EndlessSickness"}],"items_purged_floors":[19],"is_endless":false,"potions_floor_spawned":[1,13,14,16,24,28,31],"killed_by":"Hallownest:BossMantisLord","ascension_level":15}}