{"host":"8by3m8mve9y2rhh4","time":1610066831,"event":{"mods":["BaseMod","Minty Spire (QoL Compilation)","Quick Restart"],"gold_per_floor":[16,30,50,0,14,44,44,70,119,119,137,137,157,157,157,252,252,265,265,17,32,49,79,98,98,124,124,124,149,49,75,75,177,177,192,211,211,211,11,11,61,85,130,130,155,155,173,250,250,250,250],"floor_reached":50,"playtime":2532,"items_purged":["Strike_R","Clothesline+1"],"score":614,"play_id":"176b4a93-d06d-429f-9fc4-a446753a2329","local_time":"20210108004711","is_ascension_mode":true,"campfire_choices":[{"data":"Armaments","floor":7,"key":"SMITH"},{"floor":10,"key":"REST"},{"floor":15,"key":"RECALL"},{"floor":25,"key":"REST"},{"floor":27,"key":"REST"},{"floor":32,"key":"REST"},{"data":"Berserk","floor":40,"key":"SMITH"},{"data":"Bite","floor":44,"key":"PURGE"},{"floor":46,"key":"REST"},{"floor":49,"key":"REST"}],"circlet_count":0,"master_deck":["Defend_R","Defend_R+1","Defend_R+1","Defend_R+1","Bash","Feed","Cleave","Seeing Red","Armaments+1","Metallicize","Inflame","Headbutt","Fire Breathing","Pummel","Limit Break","Thunderclap","Pummel","Rage+1","Bite","Bite","Bite","Bite","Rage","Berserk+1","Limit Break"],"relics":["Burning Blood","Art of War","Paper Frog","Anchor","Black Star","Boot","Self Forming Clay","Red Skull","Bronze Scales","CaptainsWheel","Tiny Chest","HornCleat","Busted Crown","DollysMirror","Peace Pipe","Toy Ornithopter","Bag of Marbles","War Paint","Bottled Lightning"],"acts_visited":["Exordium","TheCity","TheBeyond"],"potions_floor_usage":[8,13,21,29,41,45,45,50],"damage_taken":[{"damage":8,"enemies":"Jaw Worm","floor":1,"turns":3},{"damage":0,"enemies":"2 Louse","floor":2,"turns":2},{"damage":0,"enemies":"Small Slimes","floor":3,"turns":2},{"damage":11,"enemies":"Blue Slaver","floor":5,"turns":4},{"damage":28,"enemies":"3 Sentries","floor":6,"turns":10},{"damage":14,"enemies":"Lagavulin","floor":8,"turns":5},{"damage":0,"enemies":"3 Louse","floor":11,"turns":3},{"damage":0,"enemies":"Gremlin Gang","floor":13,"turns":2},{"damage":70,"enemies":"Hexaghost","floor":16,"turns":10},{"damage":6,"enemies":"Shell Parasite","floor":18,"turns":4},{"damage":6,"enemies":"3 Byrds","floor":21,"turns":6},{"damage":34,"enemies":"Snake Plant","floor":22,"turns":7},{"damage":35,"enemies":"Book of Stabbing","floor":23,"turns":5},{"damage":19,"enemies":"Shelled Parasite and Fungi","floor":24,"turns":8},{"damage":121,"enemies":"Gremlin Leader","floor":29,"turns":11},{"damage":13,"enemies":"Book of Stabbing","floor":31,"turns":5},{"damage":79,"enemies":"Champ","floor":33,"turns":11},{"damage":0,"enemies":"Orb Walker","floor":35,"turns":3},{"damage":2,"enemies":"3 Shapes","floor":36,"turns":5},{"damage":34,"enemies":"Mind Bloom Boss Battle","floor":41,"turns":7},{"damage":96,"enemies":"Giant Head","floor":45,"turns":9},{"damage":15,"enemies":"Transient","floor":47,"turns":5},{"damage":125,"enemies":"Awakened One","floor":50,"turns":12}],"seed_played":"5425575737842683445","potions_obtained":[{"floor":6,"key":"ColorlessPotion"},{"floor":11,"key":"ColorlessPotion"},{"floor":13,"key":"FairyPotion"},{"floor":18,"key":"Weak Potion"},{"floor":21,"key":"SpeedPotion"},{"floor":33,"key":"BloodPotion"},{"floor":35,"key":"FearPotion"},{"floor":45,"key":"Weak Potion"}],"is_trial":false,"path_per_floor":["M","M","M","$","M","E","R","E","T","R","M","?","M","?","R","B",null,"M","?","$","M","M","E","M","R","T","R","?","E","$","E","R","B",null,"M","M","$","?","$","R","?","T","T","R","E","R","M","T","R","B"],"character_chosen":"IRONCLAD","items_purchased":["Armaments","FairyPotion","Pummel","DollysMirror","ColorlessPotion"],"campfire_rested":6,"item_purchase_floors":[4,20,20,39,39],"current_hp_per_floor":[81,86,89,89,88,69,69,61,61,89,98,78,84,84,84,24,103,106,84,84,87,59,33,20,55,55,90,81,15,15,21,45,36,84,84,84,84,84,84,84,73,73,73,73,24,50,49,49,75,0,0],"gold":250,"neow_bonus":"THREE_RARE_CARDS","is_daily":false,"chose_seed":false,"campfire_upgraded":2,"win_rate":0.0,"timestamp":1610066831,"path_taken":["M","M","M","$","M","E","R","E","T","R","M","?","M","?","R","BOSS","M","?","$","M","M","E","M","R","T","R","?","E","$","E","R","BOSS","M","M","$","?","$","R","?","?","T","R","E","R","M","?","R","BOSS"],"items_purchased_type":["Card","Potion","Card","Relic","Potion"],"build_version":"2020-12-22","purchased_purges":2,"victory":false,"max_hp_per_floor":[83,86,89,89,93,96,96,96,96,96,99,99,99,99,99,103,103,106,111,111,114,114,117,117,117,117,117,81,81,81,81,81,84,84,84,84,84,84,84,84,87,87,87,87,87,87,87,87,87,90,90],"card_choices":[{"not_picked":["Exhume","Double Tap"],"picked":"Feed","floor":0},{"not_picked":["Heavy Blade","Uppercut"],"picked":"Cleave","floor":1},{"not_picked":["Body Slam","Wild Strike","Rupture"],"picked":"SKIP","floor":2},{"not_picked":["Double Tap","Anger"],"picked":"Seeing Red","floor":3},{"not_picked":["Headbutt","Anger"],"picked":"Metallicize","floor":5},{"not_picked":["Blood for Blood","Dropkick","Bloodletting"],"picked":"SKIP","floor":6},{"not_picked":["Entrench","Thunderclap"],"picked":"Inflame","floor":8},{"not_picked":["Dark Embrace","Wild Strike"],"picked":"Headbutt","floor":11},{"not_picked":["Havoc","Dual Wield"],"picked":"Fire Breathing","floor":13},{"not_picked":["Bludgeon","Corruption"],"picked":"Limit Break","floor":16},{"not_picked":["Flame Barrier","Armaments"],"picked":"Thunderclap","floor":18},{"not_picked":["Pommel Strike","Carnage","Clothesline"],"picked":"SKIP","floor":21},{"not_picked":["Pommel Strike","Thunderclap"],"picked":"Rage+1","floor":22},{"not_picked":["Berserk","Dropkick"],"picked":"Clothesline+1","floor":23},{"not_picked":["Searing Blow+1","Dark Embrace","Cleave"],"picked":"SKIP","floor":24},{"not_picked":["Second Wind","Rupture+1","Flex+1"],"picked":"SKIP","floor":29},{"not_picked":["Armaments","Blood for Blood+1"],"picked":"Rage","floor":31},{"not_picked":["Corruption","Feed"],"picked":"Berserk","floor":33},{"not_picked":["Power Through+1"],"picked":"SKIP","floor":35},{"not_picked":["Cleave"],"picked":"SKIP","floor":36},{"not_picked":["Body Slam"],"picked":"SKIP","floor":45},{"not_picked":["Warcry"],"picked":"SKIP","floor":47}],"player_experience":668223,"relics_obtained":[{"floor":6,"key":"Art of War"},{"floor":8,"key":"Paper Frog"},{"floor":9,"key":"Anchor"},{"floor":23,"key":"Boot"},{"floor":23,"key":"Self Forming Clay"},{"floor":26,"key":"Red Skull"},{"floor":29,"key":"Bronze Scales"},{"floor":29,"key":"CaptainsWheel"},{"floor":31,"key":"Tiny Chest"},{"floor":31,"key":"HornCleat"},{"floor":41,"key":"Peace Pipe"},{"floor":43,"key":"Toy Ornithopter"},{"floor":45,"key":"Bag of Marbles"},{"floor":45,"key":"War Paint"},{"floor":48,"key":"Bottled Lightning"}],"event_choices":[{"damage_healed":0,"gold_gain":0,"player_choice":"Entered Light","damage_taken":20,"max_hp_gain":0,"max_hp_loss":0,"event_name":"Shining Light","floor":12,"gold_loss":0,"cards_upgraded":["Strike_R","Defend_R"]},{"damage_healed":0,"gold_gain":0,"cards_transformed":["Strike_R"],"player_choice":"Change","damage_taken":0,"max_hp_gain":0,"max_hp_loss":0,"event_name":"Living Wall","floor":14,"gold_loss":0,"cards_obtained":["Pummel"]},{"damage_healed":0,"gold_gain":0,"player_choice":"Shed Blood","damage_taken":27,"max_hp_gain":5,"max_hp_loss":0,"event_name":"Forgotten Altar","floor":19,"gold_loss":0},{"damage_healed":0,"gold_gain":0,"player_choice":"Became a vampire","damage_taken":0,"max_hp_gain":0,"max_hp_loss":36,"event_name":"Vampires","floor":28,"gold_loss":0,"cards_obtained":["Bite","Bite","Bite","Bite","Bite"]},{"damage_healed":0,"gold_gain":0,"player_choice":"Ignored","damage_taken":0,"max_hp_gain":0,"max_hp_loss":0,"event_name":"Tomb of Lord Red Mask","floor":38,"gold_loss":0},{"damage_healed":0,"gold_gain":0,"player_choice":"Fight","damage_taken":0,"max_hp_gain":0,"max_hp_loss":0,"event_name":"MindBloom","floor":41,"gold_loss":0}],"is_beta":false,"boss_relics":[{"not_picked":["Runic Dome","Astrolabe"],"picked":"Black Star"},{"not_picked":["Cursed Key","Mark of Pain"],"picked":"Busted Crown"}],"items_purged_floors":[20,30],"is_endless":false,"potions_floor_spawned":[6,11,13,18,21,23,33,35,45],"killed_by":"Awakened One","ascension_level":1}}