{"host":"4qkvkh7pd9qr2mca","time":1610135729,"event":{"mods":["AchievementEnabler","BaseMod","Colored Map","Colored Powertips","Highlight Path","Minty Spire (QoL Compilation)","Permanent Neow","Quick Restart","StSLib","SuperFastMode"],"gold_per_floor":[116,134,149,299,299,299,314,314,339,376,403,96,130,205,205,205,205],"floor_reached":16,"playtime":648,"items_purged":["Strike_G"],"score":270,"play_id":"42d1fc6d-8490-4605-b37c-3f5d331fb664","local_time":"20210108205529","is_ascension_mode":true,"campfire_choices":[{"data":"Neutralize","floor":6.0,"key":"SMITH"},{"data":"Poisoned Stab","floor":8.0,"key":"SMITH"},{"data":"Well Laid Plans","floor":15,"key":"SMITH"}],"circlet_count":0,"master_deck":["AscendersBane","Strike_G","Strike_G","Strike_G","Strike_G+1","Defend_G","Defend_G","Defend_G","Defend_G","Defend_G","Survivor","Neutralize+1","Underhanded Strike","Backstab+1","Quick Slash","Poisoned Stab+1","PiercingWail","Dagger Spray","Well Laid Plans+1","Caltrops"],"relics":["Ring of the Snake","Tough Bandages","MawBank","Whetstone","HandDrill","CeramicFish"],"acts_visited":["Exordium"],"potions_floor_usage":[10,10,13,16],"damage_taken":[{"damage":0.0,"enemies":"Small Slimes","floor":1.0,"turns":5.0},{"damage":1.0,"enemies":"Jaw Worm","floor":2.0,"turns":6.0},{"damage":0.0,"enemies":"Cultist","floor":3.0,"turns":3.0},{"damage":1.0,"enemies":"2 Fungi Beasts","floor":7.0,"turns":3.0},{"damage":10,"enemies":"Lagavulin","floor":10,"turns":5},{"damage":0,"enemies":"Exordium Thugs","floor":11,"turns":5},{"damage":0,"enemies":"Gremlin Nob","floor":13,"turns":3},{"damage":40,"enemies":"Slime Boss","floor":16,"turns":9}],"seed_played":"-3278095126102253406","potions_obtained":[{"floor":1.0,"key":"CunningPotion"},{"floor":2.0,"key":"Poison Potion"},{"floor":10,"key":"DistilledChaos"},{"floor":11,"key":"BlessingOfTheForge"}],"is_trial":false,"path_per_floor":["M","M","M","?","?","R","M","R","T","E","M","$","E","?","R","B"],"character_chosen":"THE_SILENT","items_purchased":["Well Laid Plans","HandDrill"],"campfire_rested":0,"item_purchase_floors":[12,12],"current_hp_per_floor":[59,58,58,58,58,58,57,57,57,47,47,47,47,36,36,0,0],"gold":205,"neow_bonus":"ONE_RARE_RELIC","is_daily":false,"chose_seed":false,"campfire_upgraded":3,"win_rate":0.0,"timestamp":1610135729,"path_taken":["M","M","M","?","?","R","M","R","T","E","?","$","E","?","R","BOSS"],"items_purchased_type":["Card","Relic"],"build_version":"2020-12-22","purchased_purges":1,"victory":false,"max_hp_per_floor":[60,60,60,60,60,60,60,60,60,60,60,60,60,60,60,60,60],"card_choices":[{"not_picked":["Distraction","Riddle With Holes"],"picked":"Underhanded Strike","floor":1.0},{"not_picked":["Acrobatics","Deflect"],"picked":"Backstab","floor":2.0},{"not_picked":["Catalyst","Deflect"],"picked":"Quick Slash","floor":3.0},{"not_picked":["Dodge and Roll","Cloak And Dagger"],"picked":"Poisoned Stab","floor":7.0},{"not_picked":["Riddle With Holes","Poisoned Stab"],"picked":"PiercingWail","floor":10},{"not_picked":["Backstab","Deadly Poison"],"picked":"Dagger Spray","floor":11},{"not_picked":["Heel Hook","Outmaneuver"],"picked":"Caltrops","floor":13}],"player_experience":516453,"relics_obtained":[{"floor":9.0,"key":"MawBank"},{"floor":10,"key":"Whetstone"},{"floor":13,"key":"CeramicFish"}],"event_choices":[{"damage_healed":0.0,"max_hp_gain":0.0,"max_hp_loss":0.0,"gold_gain":150.0,"event_name":"Liars Game","player_choice":"AGREE","floor":4.0,"gold_loss":0.0,"damage_taken":0.0,"cards_obtained":["Doubt"]},{"cards_removed":["Doubt"],"damage_healed":0.0,"max_hp_gain":0.0,"max_hp_loss":0.0,"gold_gain":0.0,"event_name":"Purifier","player_choice":"Purged","floor":5.0,"gold_loss":0.0,"damage_taken":0.0},{"damage_healed":0,"gold_gain":75,"player_choice":"Gather Gold","damage_taken":11,"max_hp_gain":0,"max_hp_loss":0,"event_name":"World of Goop","floor":14,"gold_loss":0}],"is_beta":false,"boss_relics":[],"items_purged_floors":[12],"is_endless":false,"potions_floor_spawned":[1,2,10,11],"killed_by":"Slime Boss","ascension_level":20}}