{"host":"omv42op7s93bjjql","time":1610144088,"event":{"mods":["BaseMod","Colored Map","Colored Powertips","DeckTracker","Keyboard Shortcuts","Minty Spire (QoL Compilation)","StSLib","SuperFastMode"],"gold_per_floor":[110,110,185,110,129,129,164,176,224,224,224,224,236,262,262,334,334,344,344,27,27,45,72,72,72],"floor_reached":24,"playtime":638,"items_purged":["Strike_B"],"score":594,"play_id":"bca5850f-2fee-4de8-b833-610b972e50e5","local_time":"20210109071448","is_ascension_mode":true,"campfire_choices":[{"data":"Go for the Eyes","floor":6.0,"key":"SMITH"},{"data":"Multi-Cast","floor":10.0,"key":"SMITH"},{"data":"Redo","floor":12.0,"key":"SMITH"},{"data":"Chaos","floor":15,"key":"SMITH"}],"circlet_count":0,"master_deck":["AscendersBane","Strike_B","Strike_B+1","Strike_B+1","Defend_B+1","Defend_B","Defend_B","Defend_B","Zap","Dualcast","Cold Snap+1","Go for the Eyes+1","Redo+1","Multi-Cast+1","Sweeping Beam","Chaos+1","Creative AI","Writhe","Chaos+1","Aggregate+1","Defragment"],"relics":["Cracked Core","NeowsBlessing","Whetstone","Blood Vial","Centennial Puzzle","PreservedInsect","Nuclear Battery","Girya","Ice Cream","Bag of Preparation"],"acts_visited":["Exordium","TheCity"],"potions_floor_usage":[14,24],"damage_taken":[{"damage":0.0,"enemies":"2 Louse","floor":1.0,"turns":1.0},{"damage":0.0,"enemies":"Small Slimes","floor":5.0,"turns":1.0},{"damage":0.0,"enemies":"3 Sentries","floor":7.0,"turns":1.0},{"damage":2.0,"enemies":"Jaw Worm","floor":8.0,"turns":3.0},{"damage":11.0,"enemies":"3 Louse","floor":13.0,"turns":3.0},{"damage":6,"enemies":"Gremlin Nob","floor":14,"turns":3},{"damage":0,"enemies":"Slime Boss","floor":16,"turns":5},{"damage":18,"enemies":"Chosen","floor":18,"turns":5},{"damage":21,"enemies":"2 Thieves","floor":22,"turns":4},{"damage":23,"enemies":"Gremlin Leader","floor":23,"turns":6},{"damage":6,"enemies":"Snake Plant","floor":24,"turns":2}],"seed_played":"4631061184574011220","potions_obtained":[{"floor":1.0,"key":"DuplicationPotion"},{"floor":5.0,"key":"Explosive Potion"},{"floor":7.0,"key":"CultistPotion"},{"floor":23,"key":"EssenceOfSteel"}],"is_trial":false,"path_per_floor":["M","?","?","$","M","R","E","M","T","R","?","R","M","E","R","B",null,"M","?","$","?","M","E","M"],"character_chosen":"DEFECT","items_purchased":["Ice Cream"],"campfire_rested":0,"item_purchase_floors":[20],"current_hp_per_floor":[64,43,32,32,32,32,32,30,30,30,30,30,21,17,17,19,58,42,42,42,42,23,2,0,0],"gold":72,"neow_bonus":"THREE_ENEMY_KILL","is_daily":false,"chose_seed":false,"campfire_upgraded":4,"win_rate":0.0,"timestamp":1610144088,"path_taken":["M","?","?","?","M","R","E","M","T","R","?","R","?","E","R","BOSS","M","?","?","?","M","E","?"],"items_purchased_type":["Relic"],"build_version":"2020-12-22","purchased_purges":1,"victory":false,"max_hp_per_floor":[71,71,71,71,71,71,71,71,71,71,71,71,71,71,71,71,71,71,71,71,71,71,71,71,71],"card_choices":[{"not_picked":["Consume","Go for the Eyes"],"picked":"Cold Snap","floor":1.0},{"not_picked":["Coolheaded","Double Energy"],"picked":"Go for the Eyes","floor":5.0},{"not_picked":["Reprogram","Scrape"],"picked":"Redo","floor":7.0},{"not_picked":["Steam Power","Skim"],"picked":"Multi-Cast","floor":8.0},{"not_picked":["Recycle","Blizzard"],"picked":"Sweeping Beam","floor":13.0},{"not_picked":["Capacitor","Loop"],"picked":"Chaos","floor":14},{"not_picked":["Machine Learning","Amplify"],"picked":"Creative AI","floor":16},{"not_picked":["Beam Cell","Gash","Chaos"],"picked":"SKIP","floor":18},{"not_picked":["Turbo","Gash+1"],"picked":"Aggregate+1","floor":22},{"not_picked":["Skim","Streamline"],"picked":"Defragment","floor":23}],"player_experience":854666,"relics_obtained":[{"floor":7.0,"key":"Whetstone"},{"floor":9.0,"key":"Blood Vial"},{"floor":14,"key":"PreservedInsect"},{"floor":23,"key":"Bag of Preparation"}],"event_choices":[{"damage_healed":0.0,"max_hp_gain":0.0,"max_hp_loss":0.0,"gold_gain":0.0,"event_name":"Shining Light","player_choice":"Entered Light","floor":2.0,"gold_loss":0.0,"damage_taken":21.0,"cards_upgraded":["Defend_B","Strike_B"]},{"damage_healed":0.0,"max_hp_gain":0.0,"max_hp_loss":0.0,"gold_gain":75.0,"event_name":"World of Goop","player_choice":"Gather Gold","floor":3.0,"gold_loss":0.0,"damage_taken":11.0},{"damage_healed":0.0,"max_hp_gain":0.0,"max_hp_loss":0.0,"gold_gain":0.0,"event_name":"WeMeetAgain","player_choice":"Gave Potion","floor":11.0,"gold_loss":0.0,"damage_taken":0.0,"relics_obtained":["Centennial Puzzle"]},{"damage_healed":0,"gold_gain":0,"player_choice":"Opened","damage_taken":0,"relics_obtained":["Girya"],"max_hp_gain":0,"max_hp_loss":0,"event_name":"The Mausoleum","floor":19,"gold_loss":0,"cards_obtained":["Writhe"]},{"damage_healed":0,"gold_gain":0,"player_choice":"Copied","damage_taken":0,"max_hp_gain":0,"max_hp_loss":0,"event_name":"Duplicator","floor":21,"gold_loss":0,"cards_obtained":["Chaos"]}],"is_beta":false,"boss_relics":[{"not_picked":["Empty Cage","Astrolabe"],"picked":"Nuclear Battery"}],"items_purged_floors":[4],"is_endless":false,"potions_floor_spawned":[1,5,7,23],"killed_by":"Snake Plant","ascension_level":20}}