{"host":"bxn2em57qlx5u4i0","time":1610134011,"event":{"mods":["BaseMod","Colored Map","Colored Powertips","Highlight Path","Minty Spire (QoL Compilation)","Random Character Button","Relic Sorter","Relic Stats","StSLib","SuperFastMode"],"gold_per_floor":[109,109,109,121,121,149,149,168,193,193,206,206,50,66,66,142,142,161,161,8,8,21,21,21,48,48,48,65,65,65,95,95,167,167,182,182,200,225,280,305,330,355,436,448,87,106,121,155,155,155,155,155,155,13,38,38],"floor_reached":57,"playtime":2028,"items_purged":["Strike_G","Strike_G","Strike_G"],"score":3212,"play_id":"5d374fa1-d209-41fe-a56b-34754a63c750","local_time":"20210108142651","is_ascension_mode":true,"campfire_choices":[{"data":"Bouncing Flask","floor":7.0,"key":"SMITH"},{"data":"Catalyst","floor":10.0,"key":"SMITH"},{"data":"Leg Sweep","floor":12.0,"key":"SMITH"},{"data":"Noxious Fumes","floor":15.0,"key":"SMITH"},{"data":"Burst","floor":23.0,"key":"SMITH"},{"data":"Ghostly","floor":27.0,"key":"SMITH"},{"data":"Ghostly","floor":30.0,"key":"SMITH"},{"data":"Ghostly","floor":32.0,"key":"SMITH"},{"floor":49.0,"key":"RECALL"},{"data":"Tactician","floor":53.0,"key":"SMITH"}],"circlet_count":0,"master_deck":["AscendersBane","Defend_G","Defend_G+1","Defend_G","Defend_G","Defend_G+1","Survivor","Neutralize","Catalyst+1","Flying Knee","Bouncing Flask+1","Leg Sweep+1","Noxious Fumes+1","Calculated Gamble","Burst+1","Backflip","Dagger Spray+1","Ghostly+1","Ghostly+1","Ghostly+1","Tools of the Trade","Escape Plan","Doppelganger","Tactician+1","Doppelganger","Bouncing Flask+1","Footwork","Calculated Gamble","Burst","Catalyst"],"relics":["Ring of the Serpent","NeowsBlessing","Orichalcum","Omamori","Cursed Key","Bag of Preparation","The Specimen","Unceasing Top","Prayer Wheel","WingedGreaves","Paper Crane","Turnip","Bronze Scales","Blood Vial","Centennial Puzzle","Bottled Lightning"],"acts_visited":["Exordium","TheCity","TheBeyond","TheEnding"],"potions_floor_usage":[56],"damage_taken":[{"damage":0.0,"enemies":"Jaw Worm","floor":1.0,"turns":1.0},{"damage":0.0,"enemies":"2 Louse","floor":4.0,"turns":2.0},{"damage":0.0,"enemies":"3 Sentries","floor":6.0,"turns":2.0},{"damage":2.0,"enemies":"Small Slimes","floor":8.0,"turns":3.0},{"damage":3.0,"enemies":"Blue Slaver","floor":11.0,"turns":4.0},{"damage":2.0,"enemies":"Exordium Wildlife","floor":14.0,"turns":4.0},{"damage":17.0,"enemies":"Slime Boss","floor":16.0,"turns":6.0},{"damage":0.0,"enemies":"Spheric Guardian","floor":18.0,"turns":2.0},{"damage":3.0,"enemies":"3 Byrds","floor":22.0,"turns":4.0},{"damage":0.0,"enemies":"Slavers","floor":25.0,"turns":6.0},{"damage":16.0,"enemies":"Sentry and Sphere","floor":28.0,"turns":6.0},{"damage":1.0,"enemies":"Gremlin Leader","floor":31.0,"turns":4.0},{"damage":20.0,"enemies":"Collector","floor":33.0,"turns":6.0},{"damage":0.0,"enemies":"3 Shapes","floor":35.0,"turns":5.0},{"damage":0.0,"enemies":"3 Darklings","floor":37.0,"turns":5.0},{"damage":0.0,"enemies":"Mind Bloom Boss Battle","floor":38.0,"turns":6.0},{"damage":0.0,"enemies":"2 Orb Walkers","floor":39.0,"turns":4.0},{"damage":0.0,"enemies":"Nemesis","floor":40.0,"turns":7.0},{"damage":3.0,"enemies":"Reptomancer","floor":41.0,"turns":7.0},{"damage":0.0,"enemies":"Nemesis","floor":42.0,"turns":7.0},{"damage":0.0,"enemies":"Jaw Worm Horde","floor":44.0,"turns":4.0},{"damage":0.0,"enemies":"4 Shapes","floor":46.0,"turns":5.0},{"damage":0.0,"enemies":"Sphere and 2 Shapes","floor":47.0,"turns":3.0},{"damage":0.0,"enemies":"Giant Head","floor":48.0,"turns":5.0},{"damage":0.0,"enemies":"Donu and Deca","floor":50.0,"turns":8.0},{"damage":15.0,"enemies":"Time Eater","floor":51.0,"turns":8.0},{"damage":0.0,"enemies":"Shield and Spear","floor":55.0,"turns":4.0},{"damage":1,"enemies":"The Heart","floor":56,"turns":7}],"seed_played":"-3766715008307973206","potions_obtained":[{"floor":1.0,"key":"EntropicBrew"},{"floor":4.0,"key":"PowerPotion"},{"floor":22.0,"key":"Regen Potion"},{"floor":28.0,"key":"ColorlessPotion"},{"floor":35.0,"key":"Weak Potion"},{"floor":41.0,"key":"PowerPotion"},{"floor":42.0,"key":"LiquidMemories"}],"is_trial":false,"path_per_floor":["M","?","?","M","?","E","R","M","T","R","M","R","$","M","R","B",null,"M","?","$","?","M","R","?","E","T","R","M","?","R","E","R","B",null,"M","?","M","?","?","E","E","E","T","M","$","M","M","E","R","B","B",null,"R","$","E","B",null],"character_chosen":"THE_SILENT","items_purchased":["Noxious Fumes","Poison Potion","Blood Vial","Calculated Gamble","Catalyst","Block Potion"],"campfire_rested":0,"item_purchase_floors":[13,20,45,45,54,54],"current_hp_per_floor":[59,39,32,32,32,32,32,30,30,30,27,27,27,25,25,8,52,52,34,34,48,45,45,35,35,35,35,31,31,31,30,30,10,29,29,29,29,29,29,29,26,26,26,26,26,28,30,32,32,34,20,31,31,31,33,34],"gold":38,"neow_bonus":"THREE_ENEMY_KILL","is_daily":false,"chose_seed":false,"campfire_upgraded":9,"win_rate":0.0,"timestamp":1610134011,"path_taken":["M","?","?","?","?","E","R","M","T","R","M","R","$","M","R","BOSS","M","?","$","?","M","R","?","E","T","R","?","?","R","E","R","BOSS","M","?","M","?","?","E","E","E","T","M","?","M","M","E","R","BOSS","BOSS","R","$","E","BOSS"],"items_purchased_type":["Card","Potion","Relic","Card","Card","Potion"],"build_version":"2020-12-22","purchased_purges":3,"victory":true,"max_hp_per_floor":[66,66,66,66,66,66,66,66,66,66,66,66,66,66,66,66,66,66,71,71,71,71,71,35,35,35,35,35,35,35,35,35,35,35,35,35,35,35,35,35,35,35,35,35,35,35,35,35,35,35,35,35,35,35,35,35],"relic_stats":{"Blood Vial":13,"Centennial Puzzle":[6],"counters":[28,135],"Bronze Scales":[201],"Prayer Wheel":3,"Turnip":[8],"Bag of Preparation":[36],"Orichalcum":[378],"Cursed Key":2,"obtain_stats":[{"NeowsBlessing":0,"The Specimen":26,"Omamori":9,"Bag of Preparation":25,"Orichalcum":6,"Paper Crane":40,"Cursed Key":17,"Blood Vial":45,"Centennial Puzzle":48,"Bronze Scales":42,"Prayer Wheel":38,"WingedGreaves":39,"Turnip":41,"Bottled Lightning":55,"Unceasing Top":31,"Ring of the Serpent":34,"Ring of the Snake":0},{"NeowsBlessing":0,"The Specimen":10,"Omamori":4,"Bag of Preparation":10,"Orichalcum":3,"Paper Crane":18,"Cursed Key":7,"Blood Vial":21,"Centennial Puzzle":24,"Bronze Scales":20,"Prayer Wheel":16,"WingedGreaves":17,"Turnip":19,"Bottled Lightning":27,"Unceasing Top":12,"Ring of the Serpent":13,"Ring of the Snake":0},{"NeowsBlessing":0,"The Specimen":34,"Omamori":8,"Bag of Preparation":34,"Orichalcum":5,"Paper Crane":77,"Cursed Key":22,"Blood Vial":95,"Centennial Puzzle":108,"Bronze Scales":91,"Prayer Wheel":66,"WingedGreaves":70,"Turnip":84,"Bottled Lightning":128,"Unceasing Top":44,"Ring of the Serpent":50,"Ring of the Snake":0}],"Unceasing Top":[3]},"card_choices":[{"not_picked":["Endless Agony","Skewer"],"picked":"Catalyst","floor":1.0},{"not_picked":["Dodge and Roll","Riddle With Holes"],"picked":"Flying Knee","floor":4.0},{"not_picked":["Dash","Slice"],"picked":"Bouncing Flask","floor":6.0},{"not_picked":["Blur","Flying Knee"],"picked":"Leg Sweep","floor":8.0},{"not_picked":["Cloak And Dagger","Underhanded Strike","Choke"],"picked":"SKIP","floor":11.0},{"not_picked":["Deflect","Finisher"],"picked":"Calculated Gamble","floor":14.0},{"not_picked":["Tools of the Trade","Envenom"],"picked":"Burst","floor":16.0},{"not_picked":["Backstab","Slice"],"picked":"Backflip","floor":18.0},{"not_picked":["Deflect","Backflip"],"picked":"Dagger Spray+1","floor":22.0},{"not_picked":["Outmaneuver+1","Underhanded Strike"],"picked":"Tools of the Trade","floor":25.0},{"not_picked":["Outmaneuver","Acrobatics","Poisoned Stab"],"picked":"SKIP","floor":28.0},{"not_picked":["Eviscerate","Dagger Throw"],"picked":"Escape Plan","floor":31.0},{"not_picked":["Unload","Grand Finale"],"picked":"Doppelganger","floor":33.0},{"not_picked":["Setup","Underhanded Strike","Expertise"],"picked":"SKIP","floor":35.0},{"not_picked":["Outmaneuver+1","Poisoned Stab+1","Leg Sweep"],"picked":"SKIP","floor":37.0},{"not_picked":["Terror+1","Dash","Distraction"],"picked":"SKIP","floor":40.0},{"not_picked":["Poisoned Stab","Dagger Spray"],"picked":"Tactician","floor":41.0},{"not_picked":["Dodge and Roll","Setup+1"],"picked":"Doppelganger","floor":42.0},{"not_picked":["Heel Hook+1","Slice+1"],"picked":"Bouncing Flask+1","floor":44.0},{"not_picked":["Dodge and Roll+1","Prepared"],"picked":"Footwork","floor":44.0},{"not_picked":["Endless Agony","Deadly Poison+1","Cloak And Dagger+1"],"picked":"SKIP","floor":46.0},{"not_picked":["Dodge and Roll","Sucker Punch","Dagger Spray"],"picked":"SKIP","floor":46.0},{"not_picked":["Deadly Poison+1","Finisher","Quick Slash"],"picked":"SKIP","floor":47.0},{"not_picked":["Slice+1","Blade Dance","Deflect"],"picked":"SKIP","floor":47.0},{"not_picked":["Flechettes","Endless Agony"],"picked":"Burst","floor":48.0},{"not_picked":["Deadly Poison","Sucker Punch","Quick Slash+1"],"picked":"SKIP","floor":55.0}],"player_experience":2883657,"relics_obtained":[{"floor":6.0,"key":"Orichalcum"},{"floor":9.0,"key":"Omamori"},{"floor":25.0,"key":"Bag of Preparation"},{"floor":26.0,"key":"The Specimen"},{"floor":31.0,"key":"Unceasing Top"},{"floor":38.0,"key":"Prayer Wheel"},{"floor":39.0,"key":"WingedGreaves"},{"floor":40.0,"key":"Paper Crane"},{"floor":41.0,"key":"Turnip"},{"floor":42.0,"key":"Bronze Scales"},{"floor":48.0,"key":"Centennial Puzzle"},{"floor":55.0,"key":"Bottled Lightning"}],"event_choices":[{"damage_healed":0.0,"max_hp_gain":0.0,"max_hp_loss":0.0,"gold_gain":0.0,"event_name":"Shining Light","player_choice":"Entered Light","floor":2.0,"gold_loss":0.0,"damage_taken":20.0,"cards_upgraded":["Defend_G","Defend_G"]},{"cards_removed":["Strike_G"],"damage_healed":0.0,"max_hp_gain":0.0,"max_hp_loss":0.0,"gold_gain":0.0,"event_name":"Golden Wing","player_choice":"Card Removal","floor":3.0,"gold_loss":0.0,"damage_taken":7.0},{"damage_healed":0.0,"max_hp_gain":0.0,"max_hp_loss":0.0,"gold_gain":0.0,"event_name":"Liars Game","player_choice":"Ignored","floor":5.0,"gold_loss":0.0,"damage_taken":0.0},{"damage_healed":0.0,"max_hp_gain":5.0,"max_hp_loss":0.0,"gold_gain":0.0,"event_name":"Forgotten Altar","player_choice":"Shed Blood","floor":19.0,"gold_loss":0.0,"damage_taken":23.0},{"damage_healed":14.0,"max_hp_gain":0.0,"max_hp_loss":0.0,"gold_gain":0.0,"event_name":"The Library","player_choice":"Heal","floor":21.0,"gold_loss":0.0,"damage_taken":0.0},{"damage_healed":0.0,"max_hp_gain":0.0,"max_hp_loss":36.0,"gold_gain":0.0,"event_name":"Ghosts","player_choice":"Became a Ghost","floor":24.0,"gold_loss":0.0,"damage_taken":0.0,"cards_obtained":["Ghostly","Ghostly","Ghostly"]},{"damage_healed":0.0,"max_hp_gain":0.0,"max_hp_loss":0.0,"gold_gain":0.0,"event_name":"Vampires","player_choice":"Ignored","floor":29.0,"gold_loss":0.0,"damage_taken":0.0},{"cards_removed":["Strike_G"],"damage_healed":0.0,"max_hp_gain":0.0,"max_hp_loss":0.0,"gold_gain":0.0,"event_name":"Falling","player_choice":"Removed Attack","floor":36.0,"gold_loss":0.0,"damage_taken":0.0},{"damage_healed":0.0,"max_hp_gain":0.0,"max_hp_loss":0.0,"gold_gain":0.0,"event_name":"MindBloom","player_choice":"Fight","floor":38.0,"gold_loss":0.0,"damage_taken":0.0},{"damage_healed":0.0,"max_hp_gain":0.0,"max_hp_loss":0.0,"gold_gain":0.0,"event_name":"Mysterious Sphere","player_choice":"Fight","floor":39.0,"gold_loss":0.0,"damage_taken":0.0}],"is_beta":false,"boss_relics":[{"not_picked":["Runic Dome","Black Star"],"picked":"Cursed Key"},{"not_picked":["Philosopher\u0027s Stone","Pandora\u0027s Box"],"picked":"Ring of the Serpent"}],"items_purged_floors":[13,20,45],"is_endless":false,"potions_floor_spawned":[1,4,11,14,22,28,35,41,42,44,47,48],"ascension_level":20}}