{"host":"tjicewryrzew529r","time":1610119494,"event":{"mods":["AchievementEnabler","BaseMod","Block Reminder","Colored Map","Highlight Path","Minty Spire (QoL Compilation)","StSLib","The Servant 0.9.4"],"gold_per_floor":[119,119,132,132,112,112,143,143,167,167,12,12,45,55,55,156,156,174,187,73,84,95,95,125,125,125,135,54,54,84,94,94,189,189,205,220,80,80,97,130,130,164,164,196,209,209,61,80,80,80,80,80,4,29,29],"floor_reached":56,"playtime":3148,"items_purged":["Strike_S"],"score":1685,"play_id":"9baf436c-c3f1-4c03-8bd4-0b83342108de","local_time":"20210108232454","is_ascension_mode":true,"campfire_choices":[{"data":"Barrier","floor":6.0,"key":"SMITH"},{"data":"ReturningBlade","floor":8.0,"key":"SMITH"},{"data":"ReturningBlade+1","floor":10.0,"key":"SMITH"},{"data":"ReturningBlade+2","floor":15.0,"key":"SMITH"},{"data":"FanOfKnives","floor":23.0,"key":"SMITH"},{"data":"Gouge","floor":25.0,"key":"SMITH"},{"data":"ReturningBlade+3","floor":29.0,"key":"SMITH"},{"data":"ReturningBlade+4","floor":32.0,"key":"SMITH"},{"data":"GearUp","floor":41.0,"key":"SMITH"},{"data":"Read","floor":46,"key":"SMITH"},{"floor":49,"key":"RECALL"},{"data":"ReturningBlade+5","floor":52,"key":"SMITH"}],"circlet_count":0,"master_deck":["Defend_S+1","Defend_S+1","Defend_S","KidneyShot","Exchange","GearUp+1","Barrier+1","ReturningBlade+6","Sabotage","SilverMatrix+1","BestPractice+1","FanOfKnives+1","SpecialFormula+1","Gouge+1","SilverBlades+1","Foresight+1","Sunlight+1","DoubleEdge+1","Luminosity+1","SoulSculpture+1","TrueSight+1","Revamp+1","SilverMatrix+1","Read+1","Deadline"],"relics":["Uniform","NeowsBlessing","PocketWatch","Frozen Egg 2","Vajra","Akabeko","Velvet Choker","Orichalcum","Singing Bowl","Mercury Hourglass","Astrolabe","Anchor","Oddly Smooth Stone","War Paint","StrikeDummy","Medical Kit","Toy Ornithopter"],"acts_visited":["Exordium","TheCity","TheBeyond","TheEnding"],"potions_floor_usage":[54,55,55],"damage_taken":[{"damage":0.0,"enemies":"Jaw Worm","floor":1.0,"turns":1.0},{"damage":0.0,"enemies":"Cultist","floor":3.0,"turns":1.0},{"damage":0.0,"enemies":"Gremlin Nob","floor":7.0,"turns":1.0},{"damage":6.0,"enemies":"Lagavulin","floor":13.0,"turns":12.0},{"damage":0.0,"enemies":"Small Slimes","floor":14.0,"turns":3.0},{"damage":6.0,"enemies":"The Guardian","floor":16.0,"turns":13.0},{"damage":2.0,"enemies":"Chosen","floor":18.0,"turns":6.0},{"damage":2.0,"enemies":"2 Thieves","floor":19.0,"turns":4.0},{"damage":0.0,"enemies":"Chosen and Byrds","floor":21.0,"turns":7.0},{"damage":0.0,"enemies":"Centurion and Healer","floor":22.0,"turns":6.0},{"damage":0.0,"enemies":"Gremlin Leader","floor":24.0,"turns":10.0},{"damage":0.0,"enemies":"Snake Plant","floor":27.0,"turns":3.0},{"damage":10.0,"enemies":"Slavers","floor":30.0,"turns":3.0},{"damage":0.0,"enemies":"Sentry and Sphere","floor":31.0,"turns":4.0},{"damage":0.0,"enemies":"Champ","floor":33.0,"turns":9.0},{"damage":0.0,"enemies":"3 Darklings","floor":35.0,"turns":1.0},{"damage":0.0,"enemies":"Orb Walker","floor":36.0,"turns":3.0},{"damage":5.0,"enemies":"Maw","floor":39.0,"turns":6.0},{"damage":3.0,"enemies":"Giant Head","floor":40.0,"turns":7.0},{"damage":6,"enemies":"Reptomancer","floor":42,"turns":6},{"damage":2,"enemies":"Nemesis","floor":44,"turns":7},{"damage":0,"enemies":"Spire Growth","floor":45,"turns":4},{"damage":15,"enemies":"Writhing Mass","floor":48,"turns":6},{"damage":23,"enemies":"Time Eater","floor":50,"turns":9},{"damage":0,"enemies":"Shield and Spear","floor":54,"turns":7},{"damage":57,"enemies":"The Heart","floor":55,"turns":9}],"seed_played":"-6117658938284447371","potions_obtained":[{"floor":3.0,"key":"Fire Potion"},{"floor":14.0,"key":"SpeedPotion"},{"floor":21.0,"key":"SmokeBomb"},{"floor":24.0,"key":"CultistPotion"},{"floor":31.0,"key":"LiquidMemories"},{"floor":35.0,"key":"SteroidPotion"},{"floor":42,"key":"CultistPotion"}],"is_trial":false,"path_per_floor":["M","?","M","?","?","R","E","R","T","R","$","?","E","M","R","B",null,"M","M","$","M","M","R","E","R","T","M","$","R","E","M","R","B",null,"M","M","$","?","M","E","R","E","T","E","M","R","$","M","R","B",null,"R","$","E","B",null],"character_chosen":"THE_SERVANT","items_purchased":["Vajra","FanOfKnives","SilverBlades+1","TrueSight+1","Medical Kit","Deadline"],"campfire_rested":0,"item_purchase_floors":[11,20,28,37,47,53],"current_hp_per_floor":[65,65,65,32,32,32,32,32,32,32,32,32,26,26,26,20,54,52,50,50,50,58,58,65,65,65,67,67,67,57,67,67,69,69,71,73,73,73,68,75,75,75,75,73,75,75,75,70,70,55,73,73,73,81,32],"gold":29,"neow_bonus":"THREE_ENEMY_KILL","is_daily":false,"chose_seed":false,"campfire_upgraded":11,"win_rate":0.0,"timestamp":1610119494,"path_taken":["M","?","?","?","?","R","E","R","T","R","$","?","E","M","R","BOSS","M","M","$","M","M","R","E","R","T","M","$","R","E","M","R","BOSS","M","M","$","?","M","E","R","E","T","E","M","R","$","M","R","BOSS","R","$","E","BOSS"],"items_purchased_type":["Relic","Card","Card","Card","Relic","Card"],"build_version":"2020-12-22","purchased_purges":1,"victory":true,"max_hp_per_floor":[65,65,65,65,65,65,65,65,65,65,65,65,65,65,65,65,65,65,65,65,65,65,65,65,65,65,67,67,67,67,69,69,69,69,71,73,73,73,73,75,75,75,75,75,77,77,77,79,79,79,79,79,79,81,81],"card_choices":[{"not_picked":["Unruled","Deadline"],"picked":"GearUp","floor":1.0},{"not_picked":["Potential","Spin"],"picked":"ReturningBlade","floor":3.0},{"not_picked":["Alleviate","ReturningBlade","Unruled"],"picked":"SKIP","floor":7.0},{"not_picked":["Revamp","TimeWarp"],"picked":"Sabotage","floor":13.0},{"not_picked":["Starlight","Snipe","Advance"],"picked":"SKIP","floor":14.0},{"not_picked":["ForgedInTime","FloweringNight+1"],"picked":"SilverMatrix+1","floor":16.0},{"not_picked":["Defy+1","Replace","Rewind"],"picked":"SKIP","floor":18.0},{"not_picked":["RealityMarble+1","Replace"],"picked":"BestPractice+1","floor":19.0},{"not_picked":["Gouge","Manipulate"],"picked":"SpecialFormula+1","floor":21.0},{"not_picked":["Reset","Starlight","TimeWarp"],"picked":"SKIP","floor":22.0},{"not_picked":["Read","Defy"],"picked":"Gouge","floor":24.0},{"not_picked":["FanOfKnives","Moondial","Orbit"],"picked":"Singing Bowl","floor":27.0},{"not_picked":["TimeTheft","Unruled"],"picked":"Foresight+1","floor":30.0},{"not_picked":["BottledTime","Alleviate","Rewind+1"],"picked":"Singing Bowl","floor":31.0},{"not_picked":["Initiator","MurderousAura+1"],"picked":"Sunlight","floor":33.0},{"not_picked":["Advance","ShiftingGears","Gouge"],"picked":"Singing Bowl","floor":35.0},{"not_picked":["TimeWarp","Barrier+1","ShatteredReality+1"],"picked":"Singing Bowl","floor":36.0},{"not_picked":["Contraction","InstantArmor+1"],"picked":"Revamp+1","floor":39.0},{"not_picked":["PendulumOfEternity","Replace","Rewind+1"],"picked":"Singing Bowl","floor":40.0},{"not_picked":["DualDimension","ReturningBlade"],"picked":"SilverMatrix+1","floor":42},{"not_picked":["Rewind+1","DoubleEdge+1"],"picked":"Read","floor":44},{"not_picked":["Alleviate","Foresight+1","Desolation"],"picked":"Singing Bowl","floor":45},{"not_picked":["Rearm+1","Starlight","Defy+1"],"picked":"Singing Bowl","floor":48},{"not_picked":["Shuttle","TimeWarp","Read"],"picked":"Singing Bowl","floor":54}],"player_experience":415670,"relics_obtained":[{"floor":7.0,"key":"Frozen Egg 2"},{"floor":13.0,"key":"Akabeko"},{"floor":24.0,"key":"Orichalcum"},{"floor":26.0,"key":"Singing Bowl"},{"floor":30.0,"key":"Mercury Hourglass"},{"floor":40.0,"key":"Anchor"},{"floor":42,"key":"Oddly Smooth Stone"},{"floor":43,"key":"War Paint"},{"floor":44,"key":"StrikeDummy"},{"floor":54,"key":"Toy Ornithopter"}],"event_choices":[{"damage_healed":0.0,"max_hp_gain":0.0,"max_hp_loss":0.0,"gold_gain":0.0,"cards_transformed":["Defend_S"],"event_name":"Transmorgrifier","player_choice":"Transformed","floor":2.0,"gold_loss":0.0,"damage_taken":0.0,"cards_obtained":["Barrier"]},{"damage_healed":0.0,"max_hp_gain":0.0,"max_hp_loss":0.0,"gold_gain":0.0,"event_name":"Scrap Ooze","player_choice":"Success","floor":4.0,"gold_loss":0.0,"damage_taken":33.0,"relics_obtained":["PocketWatch"]},{"damage_healed":0.0,"max_hp_gain":0.0,"max_hp_loss":0.0,"gold_gain":0.0,"event_name":"World of Goop","player_choice":"Left Gold","floor":5.0,"gold_loss":20.0,"damage_taken":0.0},{"damage_healed":0.0,"max_hp_gain":0.0,"max_hp_loss":0.0,"gold_gain":0.0,"event_name":"Shining Light","player_choice":"Ignored","floor":12.0,"gold_loss":0.0,"damage_taken":0.0},{"damage_healed":0.0,"max_hp_gain":0.0,"max_hp_loss":0.0,"gold_gain":0.0,"event_name":"Upgrade Shrine","player_choice":"Upgraded","floor":38.0,"gold_loss":0.0,"damage_taken":0.0,"cards_upgraded":["Sunlight"]}],"is_beta":false,"boss_relics":[{"not_picked":["Calling Bell","Runic Pyramid"],"picked":"Velvet Choker"},{"not_picked":["Fusion Hammer","Runic Dome"],"picked":"Astrolabe"}],"items_purged_floors":[20],"is_endless":false,"potions_floor_spawned":[3,14,21,24,27,31,35,42,48],"ascension_level":5}}