{"host":"raai0vtvcfkt8csp","time":1610120172,"event":{"mods":["2.2 Compatiblity","BaseMod","Beaked The Cultist","Block Reminder","Booster Modes","DeckTracker","Defective Defect","Dio Mod","Downfall","GifTheSpireLib","Infinite Spire","Minty Spire (QoL Compilation)","Quick Restart","Random Character Button","Rare Cards Sparkle","StSLib","Unceasing Turn Reminder"],"gold_per_floor":[114,114,114,69,85,115,115,115,115],"floor_reached":8,"playtime":191,"items_purged":[],"score":83,"play_id":"3d6c8603-1c2a-4005-8797-9c36cbaa235f","local_time":"20210108163612","is_ascension_mode":true,"campfire_choices":[],"circlet_count":0,"master_deck":["beaked:Strike_Y","beaked:Strike_Y","beaked:Strike_Y","beaked:Strike_Y","beaked:Strike_Y","beaked:Strike_Y","beaked:Defend_Y","beaked:Defend_Y","beaked:Defend_Y","beaked:Defend_Y","beaked:Ceremony","beaked:Ceremony","beaked:Ceremony","beaked:MaddeningMurmurs","infinitespire:NeuralNetwork","beaked:WarriorEssence","beaked:CrazyRituals","beaked:Caw"],"relics":["beaked:MendingPlumage","NeowsBlessing","Du-Vu Doll","White Beast Statue"],"acts_visited":["Exordium"],"potions_floor_usage":[8],"damage_taken":[{"damage":0,"enemies":"2 Louse","floor":1,"turns":1},{"damage":0,"enemies":"Jaw Worm","floor":5,"turns":1},{"damage":0,"enemies":"3 Sentries","floor":6,"turns":2},{"damage":64,"enemies":"Gremlin Nob","floor":8,"turns":6}],"seed_played":"3210292546746944308","potions_obtained":[{"floor":1,"key":"ColorlessPotion"},{"floor":5,"key":"SkillPotion"}],"is_trial":false,"path_per_floor":["M","?","?","$","M","E","?","E"],"character_chosen":"BEAKED_THE_CULTIST","items_purchased":["beaked:WarriorEssence"],"campfire_rested":0,"item_purchase_floors":[4],"current_hp_per_floor":[50,50,39,39,40,44,44,0,0],"gold":115,"neow_bonus":"THREE_ENEMY_KILL","is_daily":false,"chose_seed":false,"campfire_upgraded":0,"win_rate":0.0,"timestamp":1610120172,"path_taken":["M","?","?","$","?","E","?","E"],"items_purchased_type":["Card"],"build_version":"2020-12-22","purchased_purges":0,"victory":false,"max_hp_per_floor":[50,50,50,50,50,50,50,50,50],"card_choices":[{"not_picked":["beaked:Cower","beaked:Insight"],"picked":"beaked:MaddeningMurmurs","floor":1},{"not_picked":["infinitespire:Punishment","infinitespire:Fortify"],"picked":"infinitespire:NeuralNetwork","floor":3},{"not_picked":["beaked:Foresight","beaked:BounceBack"],"picked":"beaked:CrazyRituals","floor":5},{"not_picked":["beaked:WindBringer","beaked:Tweet"],"picked":"beaked:Caw","floor":6}],"player_experience":867838,"relics_obtained":[{"floor":6,"key":"Du-Vu Doll"}],"event_choices":[{"damage_healed":0,"gold_gain":0,"player_choice":"Ignored","damage_taken":0,"max_hp_gain":0,"max_hp_loss":0,"event_name":"Liars Game","floor":2,"gold_loss":0},{"damage_healed":0,"gold_gain":0,"player_choice":"Gave Potion","damage_taken":0,"relics_obtained":["White Beast Statue"],"max_hp_gain":0,"max_hp_loss":0,"event_name":"WeMeetAgain","floor":7,"gold_loss":0}],"is_beta":false,"boss_relics":[],"items_purged_floors":[],"is_endless":false,"potions_floor_spawned":[1,5],"killed_by":"Gremlin Nob","ascension_level":1}}