{"host":"6ilae7ewjeys3uzr","time":1610126823,"event":{"mods":["AchievementEnabler","BaseMod","Hermit","Marisa????????","Minty Spire (QoL Compilation)","Quick Restart","StSLib","The Cursed"],"gold_per_floor":[116,128,53,228,228,228,260,15,95,123,136,152,182,196,196,196,196],"floor_reached":16,"playtime":627,"items_purged":["Defend_P","Strike_P"],"score":110,"play_id":"78873430-7fdd-47d5-9513-73a98b879ef6","local_time":"20210108182703","is_ascension_mode":false,"campfire_choices":[{"floor":15,"key":"REST"}],"circlet_count":0,"master_deck":["Strike_P","Strike_P","Defend_P","Defend_P","Eruption","Vigilance"],"relics":["PureWater","Centennial Puzzle","CloakClasp","Lee\u0027s Waffle","Molten Egg 2","CeramicFish","Odd Mushroom"],"acts_visited":["Exordium"],"potions_floor_usage":[13,16,16,16],"damage_taken":[{"damage":1,"enemies":"Cultist","floor":1,"turns":4},{"damage":0,"enemies":"Small Slimes","floor":2,"turns":2},{"damage":34,"enemies":"3 Sentries","floor":7,"turns":8},{"damage":15,"enemies":"Lagavulin","floor":10,"turns":5},{"damage":0,"enemies":"Jaw Worm","floor":11,"turns":3},{"damage":18,"enemies":"Exordium Thugs","floor":12,"turns":4},{"damage":7,"enemies":"The Mushroom Lair","floor":13,"turns":3},{"damage":4,"enemies":"Looter","floor":14,"turns":4},{"damage":66,"enemies":"The Guardian","floor":16,"turns":16}],"seed_played":"4066117948356331395","potions_obtained":[{"floor":1,"key":"FearPotion"},{"floor":11,"key":"SpeedPotion"},{"floor":12,"key":"Strength Potion"},{"floor":14,"key":"LiquidMemories"}],"is_trial":false,"path_per_floor":["M","M","$","?","?","T","E","$","T","E","M","M","?","M","R","B"],"character_chosen":"WATCHER","items_purchased":["Lee\u0027s Waffle"],"campfire_rested":1,"item_purchase_floors":[8],"current_hp_per_floor":[50,50,50,50,50,50,16,79,79,64,64,46,39,35,58,0,0],"gold":196,"neow_bonus":"REMOVE_TWO","is_daily":false,"chose_seed":false,"campfire_upgraded":0,"win_rate":0.0,"timestamp":1610126823,"path_taken":["M","M","$","?","?","?","E","$","T","E","M","?","?","M","R","BOSS"],"items_purchased_type":["Relic"],"build_version":"2020-12-22","purchased_purges":2,"victory":false,"max_hp_per_floor":[72,72,72,72,72,72,72,79,79,79,79,79,79,79,79,79,79],"card_choices":[{"not_picked":["Wireheading","ReachHeaven","BattleHymn"],"picked":"SKIP","floor":1},{"not_picked":["DeceiveReality","Evaluate","LikeWater"],"picked":"SKIP","floor":2},{"not_picked":["Sanctity","Wireheading","CrushJoints"],"picked":"SKIP","floor":7},{"not_picked":["SpiritShield","CutThroughFate+1","CrushJoints+1"],"picked":"SKIP","floor":10},{"not_picked":["DeceiveReality","CutThroughFate+1","FlyingSleeves+1"],"picked":"SKIP","floor":11},{"not_picked":["Sanctity","SashWhip+1","FollowUp+1"],"picked":"SKIP","floor":12},{"not_picked":["ConjureBlade","Crescendo","ClearTheMind"],"picked":"SKIP","floor":14}],"player_experience":245056,"relics_obtained":[{"floor":6,"key":"Centennial Puzzle"},{"floor":7,"key":"CloakClasp"},{"floor":9,"key":"Molten Egg 2"},{"floor":10,"key":"CeramicFish"},{"floor":13,"key":"Odd Mushroom"}],"event_choices":[{"damage_healed":0,"gold_gain":175,"player_choice":"AGREE","damage_taken":0,"max_hp_gain":0,"max_hp_loss":0,"event_name":"Liars Game","floor":4,"gold_loss":0,"cards_obtained":["Doubt"]},{"cards_removed":["Doubt"],"damage_healed":0,"gold_gain":0,"player_choice":"Forget","damage_taken":0,"max_hp_gain":0,"max_hp_loss":0,"event_name":"Living Wall","floor":5,"gold_loss":0},{"damage_healed":0,"gold_gain":0,"player_choice":"Fought Mushrooms","damage_taken":0,"max_hp_gain":0,"max_hp_loss":0,"event_name":"Mushrooms","floor":13,"gold_loss":0}],"is_beta":false,"boss_relics":[],"items_purged_floors":[3,8],"is_endless":false,"potions_floor_spawned":[1,11,12,14],"killed_by":"The Guardian","ascension_level":0}}