{"host":"p4v0hquynnreu717","time":1610123241,"event":{"mods":["BaseMod","Better Vampires","DeckTracker","Googly Eyes","Minty Spire (QoL Compilation)","Quick Restart","StSLib","SuperFastMode"],"gold_per_floor":[113,132,132,7,25,25,58,58,84,84,98,109,121,121,121,198,198,213,31,31,51,66,66,79,79,147,147,173,173,173,186,186,265,265,282,299,349,364,25,37,67,67,67,0,0,34,34,34,34,34,34,34,34,62,62],"floor_reached":56,"playtime":2118,"items_purged":["Strike_R","Strike_R","Bash"],"score":2194,"play_id":"6f9e3f30-0d00-4d36-a0ae-8b35ca7fcada","local_time":"20210109002721","is_ascension_mode":true,"campfire_choices":[{"data":"Armaments","floor":6.0,"key":"SMITH"},{"data":"Dark Embrace","floor":10.0,"key":"SMITH"},{"data":"Barricade","floor":15.0,"key":"SMITH"},{"data":"Juggernaut","floor":23.0,"key":"SMITH"},{"data":"Battle Trance","floor":25.0,"key":"SMITH"},{"data":"Impervious","floor":27.0,"key":"SMITH"},{"data":"Second Wind","floor":30.0,"key":"SMITH"},{"data":"Feel No Pain","floor":32.0,"key":"SMITH"},{"data":"Entrench","floor":45.0,"key":"SMITH"},{"floor":49.0,"key":"RECALL"},{"data":"Body Slam","floor":52,"key":"SMITH"}],"circlet_count":0,"master_deck":["AscendersBane","Defend_R","Defend_R","Defend_R","Juggernaut+1","Carnage","Battle Trance+1","Armaments+1","Dark Embrace+1","Power Through","Barricade+1","Second Wind+1","Disarm","Impervious+1","Flash of Steel","Havoc+1","Feel No Pain+1","Shockwave+1","Brutality+1","Reaper+1","Entrench+1","Offering","Body Slam+1","Bloodletting"],"relics":["Burning Blood","Ancient Tea Set","Centennial Puzzle","Mark of Pain","Gremlin Horn","Boot","Astrolabe","Membership Card","Singing Bowl","Red Mask","Juzu Bracelet","Dead Branch","Bottled Tornado"],"acts_visited":["Exordium","TheCity","TheBeyond","TheEnding"],"potions_floor_usage":[55],"damage_taken":[{"damage":18.0,"enemies":"Jaw Worm","floor":1.0,"turns":4.0},{"damage":1.0,"enemies":"Cultist","floor":2.0,"turns":3.0},{"damage":12.0,"enemies":"2 Louse","floor":5.0,"turns":3.0},{"damage":23.0,"enemies":"Lagavulin","floor":7.0,"turns":9.0},{"damage":15.0,"enemies":"Gremlin Gang","floor":11.0,"turns":5.0},{"damage":6.0,"enemies":"Blue Slaver","floor":12.0,"turns":7.0},{"damage":0.0,"enemies":"Large Slime","floor":13.0,"turns":8.0},{"damage":12.0,"enemies":"The Guardian","floor":16.0,"turns":16.0},{"damage":0.0,"enemies":"Spheric Guardian","floor":18.0,"turns":7.0},{"damage":4.0,"enemies":"Shell Parasite","floor":21.0,"turns":7.0},{"damage":10.0,"enemies":"Cultist and Chosen","floor":22.0,"turns":6.0},{"damage":3.0,"enemies":"Snecko","floor":24.0,"turns":5.0},{"damage":21.0,"enemies":"Slavers","floor":28.0,"turns":7.0},{"damage":0.0,"enemies":"Centurion and Healer","floor":31.0,"turns":5.0},{"damage":0.0,"enemies":"Automaton","floor":33.0,"turns":16.0},{"damage":27.0,"enemies":"3 Darklings","floor":35.0,"turns":6.0},{"damage":4.0,"enemies":"Orb Walker","floor":36.0,"turns":5.0},{"damage":6.0,"enemies":"3 Darklings","floor":38.0,"turns":6.0},{"damage":32.0,"enemies":"Maw","floor":40.0,"turns":5.0},{"damage":16.0,"enemies":"Giant Head","floor":41.0,"turns":5.0},{"damage":33.0,"enemies":"Reptomancer","floor":46.0,"turns":5.0},{"damage":28,"enemies":"Awakened One","floor":50,"turns":5},{"damage":18,"enemies":"Shield and Spear","floor":54,"turns":4},{"damage":34,"enemies":"The Heart","floor":55,"turns":5}],"seed_played":"4778804410472866023","potions_obtained":[{"floor":1.0,"key":"Regen Potion"},{"floor":2.0,"key":"Weak Potion"},{"floor":18.0,"key":"Ancient Potion"},{"floor":22.0,"key":"BlessingOfTheForge"}],"is_trial":false,"path_per_floor":["M","M","?","$","M","R","E","?","T","R","M","M","M","?","R","B",null,"M","$","?","M","M","R","M","R","T","R","E","?","R","M","R","B",null,"M","M","?","M","$","M","E","?","T","?","R","E","T","?","R","B",null,"R","$","E","B",null],"character_chosen":"IRONCLAD","items_purchased":["Armaments","Flash of Steel","Membership Card","Offering","Body Slam","Bloodletting"],"campfire_rested":0,"item_purchase_floors":[4,19,39,39,39,39],"current_hp_per_floor":[38,43,43,43,37,37,20,16,16,16,21,21,27,27,27,21,62,68,68,47,49,45,45,48,48,48,48,33,33,33,39,39,45,71,62,69,69,80,80,54,46,46,46,46,46,35,35,31,31,39,74,74,74,74,51],"gold":62,"neow_bonus":"THREE_RARE_CARDS","is_daily":false,"chose_seed":false,"campfire_upgraded":10,"win_rate":0.0,"timestamp":1610123241,"path_taken":["M","M","?","$","?","R","E","?","T","R","M","?","M","?","R","BOSS","M","$","?","M","M","R","M","R","T","R","E","?","R","M","R","BOSS","M","M","?","?","$","M","E","?","T","?","R","E","?","?","R","BOSS","R","$","E","BOSS"],"items_purchased_type":["Card","Card","Relic","Card","Card","Card"],"build_version":"2020-12-22","purchased_purges":3,"victory":true,"max_hp_per_floor":[75,75,75,75,75,75,75,75,75,75,75,75,75,75,75,75,75,75,75,80,80,80,80,80,80,80,80,80,80,80,80,80,80,80,80,80,80,80,80,80,82,78,78,78,78,80,80,86,86,86,86,86,86,88,88],"card_choices":[{"not_picked":["Reaper","Impervious"],"picked":"Juggernaut","floor":0.0},{"not_picked":["Power Through","Shrug It Off"],"picked":"Carnage","floor":1.0},{"not_picked":["Perfected Strike","Iron Wave"],"picked":"Battle Trance","floor":2.0},{"not_picked":["Havoc","Rage"],"picked":"Dark Embrace","floor":5.0},{"not_picked":["Reckless Charge","Headbutt"],"picked":"Power Through","floor":7.0},{"not_picked":["Cleave","Twin Strike"],"picked":"Barricade","floor":11.0},{"not_picked":["Sword Boomerang","Cleave"],"picked":"Second Wind","floor":12.0},{"not_picked":["Havoc","True Grit"],"picked":"Disarm","floor":13.0},{"not_picked":["Exhume","Barricade"],"picked":"Impervious","floor":16.0},{"not_picked":["Armaments","Warcry","Clothesline"],"picked":"SKIP","floor":18.0},{"not_picked":["Armaments","Pommel Strike+1"],"picked":"Sentinel","floor":21.0},{"not_picked":["Fire Breathing","Whirlwind"],"picked":"Havoc+1","floor":22.0},{"not_picked":["Iron Wave","Thunderclap","Spot Weakness"],"picked":"SKIP","floor":24.0},{"not_picked":["Rampage+1","Perfected Strike","Combust"],"picked":"SKIP","floor":28.0},{"not_picked":["Cleave+1","Perfected Strike"],"picked":"Feel No Pain","floor":31.0},{"not_picked":["Rupture","True Grit+1"],"picked":"Entrench","floor":35.0},{"not_picked":["Fire Breathing","Perfected Strike","Sever Soul"],"picked":"SKIP","floor":36.0},{"not_picked":["Flex+1","Wild Strike+1","Carnage"],"picked":"SKIP","floor":38.0},{"not_picked":["Thunderclap","Havoc","Bloodletting+1"],"picked":"SKIP","floor":40.0},{"not_picked":["Shockwave","Intimidate+1","Rage+1"],"picked":"Singing Bowl","floor":41.0},{"not_picked":["Clash","Shockwave","Wild Strike+1"],"picked":"Singing Bowl","floor":46.0},{"not_picked":["Purity","Mayhem","Violence"],"picked":"Singing Bowl","floor":48.0},{"not_picked":["Enlightenment","Panache","Transmutation"],"picked":"Singing Bowl","floor":48.0},{"not_picked":["Secret Weapon","PanicButton","Deep Breath"],"picked":"Singing Bowl","floor":48.0},{"not_picked":["Clothesline","Brutality","True Grit"],"picked":"Singing Bowl","floor":54}],"player_experience":772464,"relics_obtained":[{"floor":7.0,"key":"Ancient Tea Set"},{"floor":9.0,"key":"Centennial Puzzle"},{"floor":26.0,"key":"Gremlin Horn"},{"floor":28.0,"key":"Boot"},{"floor":41.0,"key":"Singing Bowl"},{"floor":46.0,"key":"Juzu Bracelet"},{"floor":47.0,"key":"Dead Branch"},{"floor":54,"key":"Bottled Tornado"}],"event_choices":[{"cards_removed":["Strike_R"],"damage_healed":0.0,"max_hp_gain":0.0,"max_hp_loss":0.0,"gold_gain":0.0,"event_name":"Bonfire Elementals","player_choice":"Offered Basic","floor":3.0,"gold_loss":0.0,"damage_taken":0.0},{"damage_healed":0.0,"max_hp_gain":0.0,"max_hp_loss":0.0,"gold_gain":0.0,"event_name":"The Woman in Blue","player_choice":"Bought 0 Potions","floor":8.0,"gold_loss":0.0,"damage_taken":0.0},{"damage_healed":0.0,"max_hp_gain":0.0,"max_hp_loss":0.0,"gold_gain":0.0,"event_name":"Shining Light","player_choice":"Ignored","floor":14.0,"gold_loss":0.0,"damage_taken":0.0},{"damage_healed":0.0,"max_hp_gain":5.0,"max_hp_loss":0.0,"gold_gain":0.0,"event_name":"Forgotten Altar","player_choice":"Shed Blood","floor":20.0,"gold_loss":0.0,"damage_taken":26.0},{"cards_removed":["Strike_R"],"damage_healed":0.0,"max_hp_gain":0.0,"max_hp_loss":0.0,"gold_gain":0.0,"event_name":"Back to Basics","player_choice":"Elegance","floor":29.0,"gold_loss":0.0,"damage_taken":0.0},{"damage_healed":0.0,"max_hp_gain":0.0,"max_hp_loss":0.0,"gold_gain":50.0,"event_name":"Golden Shrine","player_choice":"Pray","floor":37.0,"gold_loss":0.0,"damage_taken":0.0},{"damage_healed":0.0,"max_hp_gain":0.0,"max_hp_loss":4.0,"gold_gain":0.0,"event_name":"Winding Halls","player_choice":"Max HP","floor":42.0,"gold_loss":0.0,"damage_taken":0.0},{"damage_healed":0.0,"max_hp_gain":0.0,"max_hp_loss":0.0,"gold_gain":0.0,"event_name":"Tomb of Lord Red Mask","player_choice":"Paid","floor":44.0,"gold_loss":67.0,"damage_taken":0.0,"relics_obtained":["Red Mask"]},{"damage_healed":0.0,"max_hp_gain":0.0,"max_hp_loss":0.0,"gold_gain":0.0,"event_name":"SensoryStone","player_choice":"Memory 3","floor":48.0,"gold_loss":0.0,"damage_taken":10.0}],"is_beta":false,"boss_relics":[{"not_picked":["Runic Dome","Black Star"],"picked":"Mark of Pain"},{"not_picked":["SacredBark","Tiny House"],"picked":"Astrolabe"}],"items_purged_floors":[4,19,39],"is_endless":false,"potions_floor_spawned":[1,2,7,18,22,31,40,46,54],"ascension_level":15}}