{"host":"w5ovz9boloi14a0g","time":1610085064,"event":{"mods":["BaseMod","Downfall","Googly Eyes","Minty Spire (QoL Compilation)","StSLib","SuperFastMode"],"gold_per_floor":[99,111,111,124,144,171,219,234,234,302,302,313,348,92,107,107,107,107],"floor_reached":16,"playtime":623,"items_purged":[],"score":162,"play_id":"650a54ca-f125-419b-a9f2-62bb36da60f4","local_time":"20210107235104","is_ascension_mode":false,"campfire_choices":[{"data":"hexamod:Sear","floor":1,"key":"SMITH"},{"data":"hexamod:InspiringFlames","floor":9,"key":"SMITH"},{"floor":11,"key":"REST"}],"circlet_count":0,"master_deck":["hexamod:Strike","hexamod:Strike","hexamod:Strike","hexamod:Strike","hexamod:Defend","hexamod:Defend","hexamod:Defend","hexamod:Defend","hexamod:Sear+1","hexamod:Float","hexamod:RadiantFlame","hexamod:HauntingEcho","hexamod:InspiringFlames+1","hexamod:HeatCrush","hexamod:EmpoweredFlame","hexamod:Incineration"],"relics":["hexamod:SpiritBrand","Bag of Preparation","Sundial","Art of War","CeramicFish","Toxic Egg 2","Pear"],"acts_visited":["Exordium"],"potions_floor_usage":[10],"damage_taken":[{"damage":0,"enemies":"Cultist","floor":2,"turns":3},{"damage":0,"enemies":"Small Slimes","floor":4,"turns":3},{"damage":0,"enemies":"2 Louse","floor":5,"turns":3},{"damage":0,"enemies":"Gremlin Nob","floor":6,"turns":3},{"damage":3,"enemies":"2 Fungi Beasts","floor":8,"turns":3},{"damage":12,"enemies":"Gremlin Nob","floor":10,"turns":4},{"damage":8,"enemies":"3 Louse","floor":12,"turns":4},{"damage":44,"enemies":"Lagavulin","floor":13,"turns":6},{"damage":0,"enemies":"downfall:FleeingMerchant","floor":14,"turns":4},{"damage":1,"enemies":"Exordium Wildlife","floor":15,"turns":4},{"damage":24,"enemies":"downfall:Defect","floor":16,"turns":5}],"seed_played":"2407276188363675004","potions_obtained":[{"floor":2,"key":"champ:CounterPotion"},{"floor":5,"key":"Fire Potion"},{"floor":8,"key":"hexamod:DoubleChargePotion"},{"floor":10,"key":"FearPotion"}],"is_trial":false,"path_per_floor":["R","M","?","M","M","E","T","M","R","?","R","M","E","$","M","B"],"character_chosen":"THE_SPIRIT","items_purchased":["Pear"],"campfire_rested":1,"item_purchase_floors":[14],"current_hp_per_floor":[77,77,52,52,52,52,52,49,49,37,60,52,8,18,17,0,0,0],"gold":107,"neow_bonus":"TEN_PERCENT_HP_BONUS","is_daily":false,"chose_seed":false,"campfire_upgraded":2,"win_rate":0.0,"timestamp":1610085064,"path_taken":["R","?","?","M","M","E","T","M","R","?","R","M","E","$","M","BOSS"],"items_purchased_type":["Relic"],"build_version":"2020-12-22","purchased_purges":0,"victory":false,"max_hp_per_floor":[77,77,77,77,77,77,77,77,77,77,77,77,77,87,87,87,87,87],"card_choices":[{"not_picked":["hexamod:FourthSeal","hexamod:RainOfEmbers"],"picked":"hexamod:RadiantFlame","floor":2},{"not_picked":["hexamod:GhostflameBarrier","hexamod:ShieldOfDarkness"],"picked":"hexamod:HauntingEcho","floor":4},{"not_picked":["hexamod:CatchUp","hexamod:RainOfEmbers","hexamod:SwordOfDarkness"],"picked":"SKIP","floor":5},{"not_picked":["hexamod:HauntingEcho","hexamod:BacktrackSmack","hexamod:NightmareGuise"],"picked":"SKIP","floor":6},{"not_picked":["hexamod:NightmareStrike","hexamod:NightmareGuise"],"picked":"hexamod:InspiringFlames","floor":8},{"not_picked":["hexamod:HauntingEcho","hexamod:FastForward"],"picked":"hexamod:HeatCrush","floor":10},{"not_picked":["hexamod:SoulSteal","hexamod:HauntingEcho","hexamod:NightmareStrike"],"picked":"SKIP","floor":12},{"not_picked":["hexamod:CatchUp+1","hexamod:HeatShield+1"],"picked":"hexamod:EmpoweredFlame","floor":13},{"not_picked":["hexamod:SecondSeal","hexamod:Rewind+1"],"picked":"hexamod:Incineration","floor":14},{"not_picked":["hexamod:EtherealExpedition+1","hexamod:BurningTouch+1","hexamod:GhostShield+1"],"picked":"SKIP","floor":15}],"player_experience":74858,"relics_obtained":[{"floor":6,"key":"Sundial"},{"floor":7,"key":"Art of War"},{"floor":13,"key":"Toxic Egg 2"}],"event_choices":[{"damage_healed":0,"gold_gain":0,"player_choice":"Success","damage_taken":25,"relics_obtained":["Bag of Preparation"],"max_hp_gain":0,"max_hp_loss":0,"event_name":"Scrap Ooze","floor":3,"gold_loss":0}],"is_beta":false,"boss_relics":[],"items_purged_floors":[],"is_endless":false,"potions_floor_spawned":[2,5,8,10],"killed_by":"downfall:Defect","ascension_level":0}}