{"host":"roqztpbdbchtekes","time":1610108433,"event":{"mods":["BaseMod","Colored Map","Colored Powertips","Curses Come First","DeckTracker","Minty Spire (QoL Compilation)","Relic Stats","Spicy Shops","StSLib"],"gold_per_floor":[111,386,402,352,352,377,377,412,412,412,440,240,258,269,269,374,374,393,413,107,107,119,119,119,119,119,119,119,154,154,179,179,274,274,292,304,354,364,364,364,395,395,395,409,409,409,422,469,469,469],"floor_reached":51,"playtime":2477,"items_purged":["Strike_R","Strike_R"],"score":819,"play_id":"c2af9199-2686-4936-9fdc-4d0999d3aabb","local_time":"20210108132033","is_ascension_mode":true,"campfire_choices":[{"data":"Searing Blow","floor":7,"key":"SMITH"},{"data":"Searing Blow+1","floor":10,"key":"SMITH"},{"data":"Searing Blow+2","floor":15,"key":"SMITH"},{"data":"Searing Blow+3","floor":23,"key":"SMITH"},{"data":"Searing Blow+4","floor":25,"key":"SMITH"},{"data":"Searing Blow+5","floor":30,"key":"SMITH"},{"data":"Searing Blow+6","floor":32,"key":"SMITH"},{"data":"1","floor":40,"key":"LIFT"},{"data":"Searing Blow+7","floor":42,"key":"SMITH"},{"data":"Searing Blow+8","floor":46,"key":"SMITH"},{"data":"Searing Blow+9","floor":49,"key":"SMITH"}],"circlet_count":0,"master_deck":["Strike_R","Strike_R","Strike_R","Defend_R","Defend_R","Defend_R","Defend_R","Bash","Searing Blow+10","Dropkick","Metallicize+1","Limit Break","Flex","Dropkick+1","Immolate+1","Necronomicurse","Inflame+1","Pommel Strike+1","Pummel+1","Berserk+1","Pummel+1","Shockwave","Flex+1","Searing Blow+7","Inflame+1"],"relics":["Burning Blood","NeowsBlessing","Frozen Egg 2","TungstenRod","Molten Egg 2","Tiny Chest","Runic Pyramid","Thread and Needle","Necronomicon","MealTicket","Calipers","Meat on the Bone","Smiling Mask","Coffee Dripper","Girya","Oddly Smooth Stone","Bottled Flame","Centennial Puzzle","Incense Burner"],"acts_visited":["Exordium","TheCity","TheBeyond"],"potions_floor_usage":[14,16,16,33,38,47,50,50,50],"damage_taken":[{"damage":0,"enemies":"Small Slimes","floor":1,"turns":1},{"damage":0,"enemies":"Cultist","floor":3,"turns":1},{"damage":0,"enemies":"Lagavulin","floor":6,"turns":1},{"damage":20,"enemies":"Gremlin Nob","floor":8,"turns":4},{"damage":12,"enemies":"3 Sentries","floor":11,"turns":11},{"damage":0,"enemies":"2 Louse","floor":13,"turns":3},{"damage":9,"enemies":"Exordium Thugs","floor":14,"turns":4},{"damage":10,"enemies":"Slime Boss","floor":16,"turns":9},{"damage":14,"enemies":"2 Thieves","floor":18,"turns":3},{"damage":15,"enemies":"Shell Parasite","floor":19,"turns":5},{"damage":12,"enemies":"Sentry and Sphere","floor":22,"turns":4},{"damage":12,"enemies":"Book of Stabbing","floor":29,"turns":3},{"damage":15,"enemies":"Champ","floor":33,"turns":6},{"damage":7,"enemies":"3 Darklings","floor":35,"turns":3},{"damage":2,"enemies":"3 Shapes","floor":36,"turns":3},{"damage":0,"enemies":"Mind Bloom Boss Battle","floor":37,"turns":2},{"damage":8,"enemies":"Sphere and 2 Shapes","floor":38,"turns":4},{"damage":12,"enemies":"Nemesis","floor":41,"turns":3},{"damage":14,"enemies":"4 Shapes","floor":44,"turns":3},{"damage":0,"enemies":"Jaw Worm Horde","floor":47,"turns":2},{"damage":10,"enemies":"2 Orb Walkers","floor":48,"turns":3},{"damage":36,"enemies":"Awakened One","floor":50,"turns":4}],"seed_played":"5712176996591962926","potions_obtained":[{"floor":1,"key":"Weak Potion"},{"floor":3,"key":"EssenceOfSteel"},{"floor":8,"key":"SteroidPotion"},{"floor":19,"key":"BlessingOfTheForge"},{"floor":29,"key":"BlessingOfTheForge"},{"floor":33,"key":"SneckoOil"},{"floor":41,"key":"Fire Potion"},{"floor":44,"key":"FearPotion"},{"floor":47,"key":"DistilledChaos"},{"floor":48,"key":"SkillPotion"}],"is_trial":false,"path_per_floor":["M","?","M","?","?","E","R","E","T","R","E","$","M","M","R","B",null,"M","M","$","?","M","R","$","R","T","?","?","E","R","T","R","B",null,"M","M","?","M","?","R","E","R","T","M","T","R","M","?","R","B",null],"character_chosen":"IRONCLAD","items_purchased":["Flex","Thread and Needle"],"campfire_rested":0,"item_purchase_floors":[12,20],"current_hp_per_floor":[80,80,80,80,80,80,80,66,66,66,60,60,66,63,63,59,80,72,63,63,51,45,45,45,45,45,45,45,39,39,39,39,42,80,79,80,80,78,78,78,72,72,72,64,64,64,70,66,66,48],"gold":469,"neow_bonus":"THREE_ENEMY_KILL","is_daily":false,"chose_seed":false,"campfire_upgraded":10,"win_rate":0.0,"timestamp":1610108433,"path_taken":["M","?","?","?","?","E","R","E","T","R","E","$","M","M","R","BOSS","M","M","$","?","M","R","$","R","T","?","?","E","R","?","R","BOSS","M","M","?","M","?","R","E","R","T","?","?","R","M","?","R","BOSS"],"items_purchased_type":["Card","Relic"],"build_version":"2020-12-22","purchased_purges":2,"victory":true,"max_hp_per_floor":[80,80,80,80,80,80,80,80,80,80,80,80,80,80,80,80,80,80,80,80,80,80,80,80,80,80,80,80,80,80,80,80,80,80,80,80,80,80,80,80,80,80,80,80,80,80,80,80,80,80],"relic_stats":{"Centennial Puzzle":[6],"counters":[22,82],"Tiny Chest":2,"MealTicket":0,"Necronomicon":[24],"Smiling Mask":0,"obtain_stats":[{"Girya":37,"Calipers":28,"NeowsBlessing":0,"Oddly Smooth Stone":41,"Thread and Needle":20,"Incense Burner":48,"Frozen Egg 2":6,"Smiling Mask":31,"Burning Blood":0,"Bottled Flame":43,"Centennial Puzzle":45,"Molten Egg 2":9,"Tiny Chest":11,"MealTicket":26,"Necronomicon":21,"Coffee Dripper":34,"TungstenRod":8,"Runic Pyramid":17,"Meat on the Bone":29},{"Girya":16,"Calipers":11,"NeowsBlessing":0,"Oddly Smooth Stone":18,"Thread and Needle":10,"Incense Burner":21,"Frozen Egg 2":3,"Smiling Mask":12,"Burning Blood":0,"Bottled Flame":18,"Centennial Puzzle":19,"Molten Egg 2":4,"Tiny Chest":5,"MealTicket":11,"Necronomicon":10,"Coffee Dripper":13,"TungstenRod":4,"Runic Pyramid":8,"Meat on the Bone":12},{"Girya":63,"Calipers":46,"NeowsBlessing":0,"Oddly Smooth Stone":70,"Thread and Needle":42,"Incense Burner":78,"Frozen Egg 2":3,"Smiling Mask":49,"Burning Blood":0,"Bottled Flame":70,"Centennial Puzzle":73,"Molten Egg 2":7,"Tiny Chest":18,"MealTicket":46,"Necronomicon":42,"Coffee Dripper":55,"TungstenRod":7,"Runic Pyramid":34,"Meat on the Bone":49}],"Burning Blood":105,"TungstenRod":37,"Meat on the Bone":24},"card_choices":[{"not_picked":["Uppercut","Warcry"],"picked":"Searing Blow","floor":1},{"not_picked":["Flex","Cleave"],"picked":"Dropkick","floor":3},{"not_picked":["Blood for Blood","True Grit"],"picked":"Metallicize+1","floor":6},{"not_picked":["Iron Wave","Carnage"],"picked":"Limit Break","floor":8},{"not_picked":["Rage","Thunderclap+1","True Grit"],"picked":"SKIP","floor":11},{"not_picked":["Heavy Blade+1","Shrug It Off","Intimidate"],"picked":"SKIP","floor":13},{"not_picked":["Pummel+1","Fiend Fire+1"],"picked":"Dropkick+1","floor":14},{"not_picked":["Double Tap","Corruption+1"],"picked":"Immolate+1","floor":16},{"not_picked":["Dual Wield","Headbutt+1","Thunderclap+1"],"picked":"SKIP","floor":18},{"not_picked":["Disarm","Rage+1","Battle Trance"],"picked":"SKIP","floor":19},{"not_picked":["Shockwave+1","Perfected Strike+1"],"picked":"Inflame+1","floor":22},{"not_picked":["Twin Strike+1","Bloodletting+1"],"picked":"Pummel+1","floor":29},{"not_picked":["Brutality+1","Corruption+1"],"picked":"Berserk+1","floor":33},{"not_picked":["Perfected Strike+1","Searing Blow+1"],"picked":"Pummel+1","floor":35},{"not_picked":["Bloodletting","Spot Weakness"],"picked":"Shockwave","floor":36},{"not_picked":["Sever Soul+1","Body Slam+1"],"picked":"Flex+1","floor":38},{"not_picked":["Juggernaut+1","Body Slam+1","Spot Weakness+1"],"picked":"SKIP","floor":41},{"not_picked":["Uppercut+1","Twin Strike+1","Rampage+1"],"picked":"SKIP","floor":44},{"not_picked":["Spot Weakness","Sword Boomerang+1","Sever Soul+1"],"picked":"SKIP","floor":47},{"not_picked":["Warcry+1","Thunderclap+1"],"picked":"Inflame+1","floor":48}],"player_experience":249285,"relics_obtained":[{"floor":6,"key":"Frozen Egg 2"},{"floor":8,"key":"TungstenRod"},{"floor":9,"key":"Molten Egg 2"},{"floor":11,"key":"Tiny Chest"},{"floor":21,"key":"Necronomicon"},{"floor":26,"key":"MealTicket"},{"floor":29,"key":"Meat on the Bone"},{"floor":31,"key":"Smiling Mask"},{"floor":37,"key":"Girya"},{"floor":41,"key":"Oddly Smooth Stone"},{"floor":43,"key":"Bottled Flame"},{"floor":45,"key":"Centennial Puzzle"},{"floor":48,"key":"Incense Burner"}],"event_choices":[{"damage_healed":0,"gold_gain":275,"player_choice":"Desecrate","damage_taken":0,"max_hp_gain":0,"max_hp_loss":0,"event_name":"Golden Shrine","floor":2,"gold_loss":0,"cards_obtained":["Regret"]},{"cards_removed":["Regret"],"damage_healed":0,"gold_gain":0,"player_choice":"Card Removal","damage_taken":0,"max_hp_gain":0,"max_hp_loss":0,"event_name":"The Cleric","floor":4,"gold_loss":50},{"damage_healed":0,"gold_gain":0,"player_choice":"Bought 0 Potions","damage_taken":0,"max_hp_gain":0,"max_hp_loss":0,"event_name":"The Woman in Blue","floor":5,"gold_loss":0},{"damage_healed":0,"gold_gain":0,"player_choice":"Obtained Book","damage_taken":16,"max_hp_gain":0,"max_hp_loss":0,"event_name":"Cursed Tome","floor":21,"gold_loss":0},{"damage_healed":0,"gold_gain":0,"player_choice":"Read","damage_taken":0,"max_hp_gain":0,"max_hp_loss":0,"event_name":"The Library","floor":27,"gold_loss":0,"cards_obtained":["Pommel Strike"]},{"damage_healed":0,"gold_gain":0,"player_choice":"Gave Potion","damage_taken":0,"relics_obtained":["Calipers"],"max_hp_gain":0,"max_hp_loss":0,"event_name":"WeMeetAgain","floor":28,"gold_loss":0},{"damage_healed":0,"gold_gain":0,"player_choice":"Fight","damage_taken":0,"max_hp_gain":0,"max_hp_loss":0,"event_name":"MindBloom","floor":37,"gold_loss":0},{"damage_healed":0,"gold_gain":0,"player_choice":"Copied","damage_taken":0,"max_hp_gain":0,"max_hp_loss":0,"event_name":"Duplicator","floor":39,"gold_loss":0,"cards_obtained":["Searing Blow"]},{"damage_healed":0,"gold_gain":0,"player_choice":"Fight","damage_taken":0,"max_hp_gain":0,"max_hp_loss":0,"event_name":"Mysterious Sphere","floor":48,"gold_loss":0}],"is_beta":false,"boss_relics":[{"not_picked":["Mark of Pain","Tiny House"],"picked":"Runic Pyramid"},{"not_picked":["Black Star","Busted Crown"],"picked":"Coffee Dripper"}],"items_purged_floors":[12,12],"is_endless":false,"potions_floor_spawned":[1,3,8,19,29,33,41,44,47,48],"ascension_level":1}}