{"host":"px2oznrenyeljk7o","time":1610132846,"event":{"mods":["A Magickal Journey","AchievementEnabler","Arknights The Spire","BaseMod","Better Altar","Better Match","Better Note","Better Sensory Stone","Better Third Choice","Conspire","Curses Come First","GifTheSpireLib","GungeonMod","Hermit","Koishi","Lobotomy","LobotomyExtend","Minty Spire (QoL Compilation)","Nova Terra(??·??)","Potionbrewer","Reimu??????","Replay The Spire","Robot Space Explorer","Small Relic Pack","Somnambulant","Spicy Shops","StSLib","Stuff the Spire","The Administrix","The Alterego","The Blackbeard","The Blue Laboratory","The Bug Knight","The Construct","The Cursed","The Disciple","The Gatherer","The Hayseed","The Hierophant","The Jungle","The Marked","The Poker Player","The Runesmith","Yakumo Yukari mod","Yuri Mod","everything is the same but u backflip on backflip","slay the spire mod where everything is the same but ironclad has a cowboy hat"],"gold_per_floor":[116,116,135,104,120,120,133,163,163,63,74,74,74,93,93,93,93],"floor_reached":16,"playtime":2976,"items_purged":[],"score":127,"play_id":"3efdf435-6a7b-4418-a8ce-e087b9f95f05","local_time":"20210108200726","is_ascension_mode":false,"campfire_choices":[{"floor":6,"key":"REST"},{"floor":15,"key":"REST"}],"circlet_count":0,"master_deck":["construct:Strike_Gold","construct:Strike_Gold","construct:Strike_Gold","construct:Strike_Gold","construct:Defend_Gold","construct:Defend_Gold","construct:Defend_Gold","construct:Defend_Gold","construct:Defend_Gold","construct:AttackMode","construct:DefenseMode","construct:HeavyBolt","construct:Versatility","Looming Evil","construct:SuppressiveFire","construct:MetalShell+1","construct:Disrupt","construct:ChargeShot","construct:FocusedBeam","construct:SyphonStrike","construct:Zapper","construct:Boost"],"relics":["construct:Cogwheel","LetterFromLob","Ring of Peace","Ring of Hypnosis","betterThird:SlimedRelic","Replay:Ringing Soul","potionbrewer:SlideRule"],"acts_visited":["Exordium"],"potions_floor_usage":[5],"damage_taken":[{"damage":4,"enemies":"Small Slimes","floor":1,"turns":3},{"damage":0,"enemies":"2 Louse","floor":3,"turns":3},{"damage":2,"enemies":"conspire:RoseBush","floor":5,"turns":4},{"damage":5,"enemies":"Red Slaver","floor":7,"turns":7},{"damage":0,"enemies":"HollowMod:MossKnight","floor":8,"turns":35},{"damage":4,"enemies":"Exordium Wildlife","floor":11,"turns":7},{"damage":0,"enemies":"Lots of Slimes","floor":14,"turns":5},{"damage":116,"enemies":"Fading Forest","floor":16,"turns":11}],"seed_played":"-2252695349459677853","potions_obtained":[{"floor":3,"key":"potionbrewer:NoxiousPotion"}],"is_trial":false,"path_per_floor":["M","?","M","?","M","R","M","E","T","$","M","?","?","M","R","B"],"character_chosen":"THE_CONSTRUCT_MOD","items_purchased":["construct:FocusedBeam","construct:SyphonStrike"],"campfire_rested":2,"item_purchase_floors":[10,10],"current_hp_per_floor":[81,81,81,70,68,85,80,83,83,86,85,85,85,88,97,0,0],"gold":93,"neow_bonus":"TRANSFORM_CARD","is_daily":false,"chose_seed":false,"campfire_upgraded":0,"win_rate":0.0,"timestamp":1610132846,"path_taken":["M","?","M","?","M","R","M","E","T","$","M","?","?","?","R","BOSS"],"items_purchased_type":["Card","Card"],"build_version":"2020-12-22","purchased_purges":0,"victory":false,"max_hp_per_floor":[85,85,85,85,85,85,85,88,88,91,94,94,94,97,97,97,97],"card_choices":[{"not_picked":["construct:Backfire","construct:ClusterMines"],"picked":"construct:Versatility","floor":1},{"not_picked":["construct:HeavyBolt","construct:ClusterMines"],"picked":"construct:SuppressiveFire","floor":3},{"not_picked":["construct:Backfire","construct:SuppressiveFire"],"picked":"construct:MetalShell","floor":5},{"not_picked":["construct:ModeShift","construct:GuardCore"],"picked":"construct:Disrupt","floor":7},{"not_picked":["construct:Zapper","construct:Autoturret"],"picked":"construct:ChargeShot","floor":8},{"not_picked":["construct:HastyRepair","construct:Electrocute"],"picked":"construct:Zapper","floor":11},{"not_picked":["construct:SuppressiveFire","construct:SaveState"],"picked":"construct:Boost","floor":14}],"player_experience":448736,"relics_obtained":[{"floor":1,"key":"LetterFromLob"},{"floor":2,"key":"Ring of Peace"},{"floor":2,"key":"Ring of Hypnosis"},{"floor":8,"key":"Replay:Ringing Soul"},{"floor":9,"key":"potionbrewer:SlideRule"}],"event_choices":[{"damage_healed":0,"gold_gain":0,"player_choice":"Slimed","damage_taken":11,"max_hp_gain":0,"max_hp_loss":0,"event_name":"betterThird:BetterGoop","floor":4,"gold_loss":31},{"damage_healed":0,"gold_gain":0,"player_choice":"Upgraded","damage_taken":0,"max_hp_gain":0,"max_hp_loss":0,"event_name":"Upgrade Shrine","floor":13,"gold_loss":0,"cards_upgraded":["construct:MetalShell"]}],"is_beta":false,"boss_relics":[],"items_purged_floors":[],"is_endless":false,"potions_floor_spawned":[3],"killed_by":"Fading Forest","ascension_level":0}}