{"host":"7po9pgh86bqe2blc","time":1610124285,"event":{"mods":["BaseMod","ChefMod","Colored Map","Colored Powertips","Hermit","Minty Spire (QoL Compilation)","StSLib","The Cursed","The Disciple","The Hierophant","The Runesmith"],"gold_per_floor":[116,133,133,58,38,38,48,48,48,48,48,65,91,106,106,206,206,226,243,243,268,293,293,293,310,359,359,380,132,139,139],"floor_reached":30,"playtime":3361,"items_purged":["hermit:Defend_Hermit","hermit:Strike_Hermit"],"score":232,"play_id":"83258242-5163-469b-b423-1401660a69ca","local_time":"20210108174445","is_ascension_mode":false,"campfire_choices":[{"data":"hermit:Quickdraw","floor":6,"key":"SMITH"},{"data":"hermit:Glare","floor":8,"key":"SMITH"},{"data":"hermit:Snapshot","floor":10,"key":"SMITH"},{"floor":15,"key":"REST"},{"data":"hermit:Scavenge","floor":23,"key":"SMITH"},{"data":"hermit:GhostlyPresence","floor":27,"key":"SMITH"}],"circlet_count":0,"master_deck":["hermit:Strike_Hermit","hermit:Strike_Hermit","hermit:Defend_Hermit","hermit:Defend_Hermit","hermit:Defend_Hermit","hermit:Snapshot+1","hermit:Covet","hermit:Quickdraw+1","hermit:Glare+1","hermit:Scavenge+1","hermit:BigShot","hermit:GhostlyPresence+1","hermit:Quickdraw+1","hermit:Feint+1","Writhe","hermit:Enervate","Writhe","hermit:RoundhouseKick"],"relics":["hermit:Momento","NeowsBlessing","hermit:RyeStalk","Anchor","Cursed Key","Letter Opener","Akabeko"],"acts_visited":["Exordium","TheCity"],"potions_floor_usage":[12,16,16,22,25,28],"damage_taken":[{"damage":0,"enemies":"Small Slimes","floor":1,"turns":1},{"damage":0,"enemies":"Jaw Worm","floor":2,"turns":1},{"damage":0,"enemies":"Cultist","floor":7,"turns":1},{"damage":9,"enemies":"2 Fungi Beasts","floor":12,"turns":3},{"damage":20,"enemies":"3 Sentries","floor":13,"turns":9},{"damage":3,"enemies":"Lots of Slimes","floor":14,"turns":5},{"damage":22,"enemies":"Slime Boss","floor":16,"turns":13},{"damage":3,"enemies":"Shell Parasite","floor":18,"turns":7},{"damage":2,"enemies":"2 Thieves","floor":19,"turns":4},{"damage":2,"enemies":"Shelled Parasite and Fungi","floor":21,"turns":8},{"damage":57,"enemies":"Cultist and Chosen","floor":22,"turns":15},{"damage":0,"enemies":"Snake Plant","floor":25,"turns":5},{"damage":7,"enemies":"Snecko","floor":28,"turns":7},{"damage":15,"enemies":"Sentry and Sphere","floor":30,"turns":5}],"seed_played":"88977034073093948","potions_obtained":[{"floor":1,"key":"Block Potion"},{"floor":2,"key":"LiquidMemories"},{"floor":5,"key":"Fruit Juice"},{"floor":14,"key":"AttackPotion"},{"floor":16,"key":"BlessingOfTheForge"},{"floor":19,"key":"FearPotion"},{"floor":25,"key":"FearPotion"}],"is_trial":false,"path_per_floor":["M","M","?","$","?","R","M","R","T","R","$","M","E","M","R","B",null,"M","M","?","M","M","R","?","M","T","R","M","$","M"],"character_chosen":"HERMIT","items_purchased":["hermit:RoundhouseKick"],"campfire_rested":1,"item_purchase_floors":[29],"current_hp_per_floor":[75,75,68,68,68,68,68,68,68,68,68,64,44,41,65,43,80,77,75,75,73,16,16,16,16,16,16,9,9,0,0],"gold":139,"neow_bonus":"THREE_ENEMY_KILL","is_daily":false,"chose_seed":false,"campfire_upgraded":5,"win_rate":0.0,"timestamp":1610124285,"path_taken":["M","M","?","$","?","R","M","R","T","R","$","?","E","M","R","BOSS","M","M","?","M","?","R","?","M","T","R","M","$","M"],"items_purchased_type":["Card"],"build_version":"2020-12-13","purchased_purges":2,"victory":false,"max_hp_per_floor":[75,75,75,75,75,75,75,75,75,75,75,80,80,80,80,80,80,80,80,80,80,80,80,80,80,80,80,80,80,80,80],"card_choices":[{"not_picked":["hermit:Scavenge","hermit:Feint"],"picked":"hermit:Quickdraw","floor":1},{"not_picked":["hermit:WideOpen","hermit:Manifest","hermit:ItchyTrigger"],"picked":"SKIP","floor":2},{"not_picked":["hermit:BodyArmor","hermit:Desperado"],"picked":"hermit:Glare","floor":7},{"not_picked":["hermit:Desperado","hermit:Coalescence","hermit:Roulette"],"picked":"SKIP","floor":12},{"not_picked":["hermit:Roulette","hermit:HighNoon","hermit:Ricochet"],"picked":"SKIP","floor":13},{"not_picked":["hermit:Spite","hermit:Desperado"],"picked":"hermit:Scavenge","floor":14},{"not_picked":["hermit:GoldenBullet","hermit:BodyArmor+1"],"picked":"hermit:BigShot","floor":18},{"not_picked":["hermit:Quickdraw","hermit:CursedWeapon"],"picked":"hermit:GhostlyPresence","floor":19},{"not_picked":["hermit:HighCaliber","hermit:FullyLoaded"],"picked":"hermit:Feint+1","floor":21},{"not_picked":["hermit:Midnight+1","hermit:Horror","hermit:BodyArmor"],"picked":"SKIP","floor":22},{"not_picked":["hermit:NoHoldsBarred+1","hermit:TakeAim"],"picked":"hermit:Enervate","floor":25},{"not_picked":["hermit:ItchyTrigger+1","hermit:HoleUp","hermit:SprayPray+1"],"picked":"SKIP","floor":28}],"player_experience":309159,"relics_obtained":[{"floor":9,"key":"hermit:RyeStalk"},{"floor":13,"key":"Anchor"},{"floor":26,"key":"Akabeko"}],"event_choices":[{"cards_removed":["hermit:Strike_Hermit"],"damage_healed":0,"gold_gain":0,"player_choice":"Card Removal","damage_taken":7,"max_hp_gain":0,"max_hp_loss":0,"event_name":"Golden Wing","floor":3,"gold_loss":0},{"damage_healed":0,"gold_gain":0,"player_choice":"Bought 1 Potion","damage_taken":0,"max_hp_gain":0,"max_hp_loss":0,"event_name":"The Woman in Blue","floor":5,"gold_loss":0},{"damage_healed":0,"gold_gain":0,"player_choice":"Copied","damage_taken":0,"max_hp_gain":0,"max_hp_loss":0,"event_name":"Duplicator","floor":20,"gold_loss":0,"cards_obtained":["hermit:Quickdraw"]},{"damage_healed":0,"gold_gain":0,"player_choice":"Opened","damage_taken":0,"relics_obtained":["Letter Opener"],"max_hp_gain":0,"max_hp_loss":0,"event_name":"The Mausoleum","floor":24,"gold_loss":0,"cards_obtained":["Writhe"]}],"is_beta":false,"boss_relics":[{"not_picked":["Astrolabe","Runic Dome"],"picked":"Cursed Key"}],"items_purged_floors":[4,29],"is_endless":false,"potions_floor_spawned":[1,2,14,16,19,25],"killed_by":"Sentry and Sphere","ascension_level":0}}