{"host":"2hea6pl5vmah38iy","time":1610090955,"event":{"mods":["AchievementEnabler","BaseMod","Colored Map","DeckTracker","Keyboard Shortcuts","Minty Spire (QoL Compilation)","Rare Cards Sparkle","StSLib","SuperFastMode","everything is the same but u backflip on backflip"],"gold_per_floor":[112,62,137,137,69,85,85,116,116,133,133,165,182,182,182,259,259,269,269,289,109,125,159,258,284,284,300,320,119,131,160,160,236,236,247,56,73,85,97,127,147,164,164,183,83,83,131,156,156,156,156,156,39,67,67,67],"floor_reached":55,"playtime":2543,"items_purged":["Defend_P","Strike_P","Defend_P"],"score":1307,"play_id":"a166c98e-1d9a-4ed3-aa5d-6379b03921d5","local_time":"20210108162915","is_ascension_mode":true,"campfire_choices":[{"data":"Eruption","floor":7.0,"key":"SMITH"},{"data":"Adaptation","floor":15.0,"key":"SMITH"},{"floor":32.0,"key":"RECALL"},{"floor":46.0,"key":"REST"},{"floor":49,"key":"REST"},{"floor":52,"key":"REST"}],"circlet_count":0,"master_deck":["AscendersBane","Strike_P+1","Defend_P","Eruption+1","Vigilance","FlyingSleeves+1","CrushJoints","FlurryOfBlows","Adaptation+1","DeceiveReality","Indignation","SandsOfTime","MentalFortress","Adaptation"],"relics":["PureWater","Du-Vu Doll","Incense Burner","Pantograph","Pear","The Courier","Fusion Hammer","Enchiridion","ClockworkSouvenir","Shuriken","Vajra","Whetstone","Runic Pyramid","Blue Candle","Torii","Kunai","Unceasing Top","CloakClasp","OrangePellets","White Beast Statue"],"acts_visited":["Exordium","TheCity","TheBeyond","TheEnding"],"potions_floor_usage":[54],"damage_taken":[{"damage":0.0,"enemies":"Small Slimes","floor":1.0,"turns":2.0},{"damage":0.0,"enemies":"Jaw Worm","floor":6.0,"turns":2.0},{"damage":29.0,"enemies":"3 Sentries","floor":8.0,"turns":8.0},{"damage":0.0,"enemies":"Cultist","floor":10.0,"turns":2.0},{"damage":8.0,"enemies":"Gremlin Nob","floor":12.0,"turns":3.0},{"damage":0.0,"enemies":"Exordium Wildlife","floor":13.0,"turns":3.0},{"damage":9.0,"enemies":"The Guardian","floor":16.0,"turns":6.0},{"damage":0.0,"enemies":"Spheric Guardian","floor":18.0,"turns":2.0},{"damage":4.0,"enemies":"Shell Parasite","floor":20.0,"turns":2.0},{"damage":4.0,"enemies":"Centurion and Healer","floor":22.0,"turns":4.0},{"damage":1.0,"enemies":"Slavers","floor":23.0,"turns":3.0},{"damage":0.0,"enemies":"Gremlin Leader","floor":25.0,"turns":3.0},{"damage":0.0,"enemies":"Snecko","floor":27.0,"turns":3.0},{"damage":14.0,"enemies":"Snake Plant","floor":28.0,"turns":3.0},{"damage":1.0,"enemies":"Cultist and Chosen","floor":30.0,"turns":6.0},{"damage":0.0,"enemies":"Slavers","floor":31.0,"turns":4.0},{"damage":11.0,"enemies":"Collector","floor":33.0,"turns":5.0},{"damage":3.0,"enemies":"Orb Walker","floor":35.0,"turns":2.0},{"damage":3.0,"enemies":"3 Shapes","floor":37.0,"turns":3.0},{"damage":0.0,"enemies":"Transient","floor":38.0,"turns":5.0},{"damage":2.0,"enemies":"Maw","floor":39.0,"turns":5.0},{"damage":3.0,"enemies":"Reptomancer","floor":40.0,"turns":3.0},{"damage":7.0,"enemies":"Sphere and 2 Shapes","floor":41.0,"turns":4.0},{"damage":0.0,"enemies":"Writhing Mass","floor":42.0,"turns":3.0},{"damage":6.0,"enemies":"4 Shapes","floor":44.0,"turns":5.0},{"damage":22.0,"enemies":"2 Orb Walkers","floor":47.0,"turns":2.0},{"damage":13,"enemies":"Mind Bloom Boss Battle","floor":48,"turns":4},{"damage":54,"enemies":"Awakened One","floor":50,"turns":8},{"damage":40,"enemies":"Shield and Spear","floor":54,"turns":6},{"damage":13,"enemies":"The Heart","floor":55,"turns":5}],"seed_played":"-6591455277200737814","potions_obtained":[{"floor":1.0,"key":"FearPotion"},{"floor":10.0,"key":"PowerPotion"},{"floor":16.0,"key":"LiquidMemories"},{"floor":18.0,"key":"EssenceOfSteel"},{"floor":20.0,"key":"ColorlessPotion"},{"floor":31.0,"key":"Swift Potion"},{"floor":33.0,"key":"Dexterity Potion"},{"floor":35.0,"key":"Energy Potion"},{"floor":44.0,"key":"LiquidMemories"},{"floor":54,"key":"Fire Potion"}],"is_trial":false,"path_per_floor":["M","?","?","$","$","M","R","E","T","M","T","E","M","T","R","B",null,"M","?","M","$","M","E","?","E","T","M","M","$","M","E","R","B",null,"M","$","M","M","M","E","M","M","T","M","$","R","?","?","R","B",null,"R","$","E","B"],"character_chosen":"WATCHER","items_purchased":["Adaptation","ClockworkSouvenir","MentalFortress","Adaptation","Blue Candle","OrangePellets"],"campfire_rested":3,"item_purchase_floors":[5,21,29,29,36,53],"current_hp_per_floor":[61,61,50,50,50,50,50,21,21,21,21,23,23,23,23,39,64,64,48,44,44,40,39,39,39,39,39,25,25,24,24,24,38,64,61,61,58,58,56,53,46,46,46,40,40,61,39,51,72,18,59,72,72,32,44,44],"gold":67,"neow_bonus":"TRANSFORM_TWO_CARDS","is_daily":false,"chose_seed":false,"campfire_upgraded":2,"win_rate":0.0,"timestamp":1610090955,"path_taken":["M","?","?","?","$","M","R","E","T","?","?","E","M","?","R","BOSS","M","?","M","$","M","E","?","E","T","?","M","$","M","E","R","BOSS","M","$","M","M","M","E","M","M","T","M","$","R","?","?","R","BOSS","R","$","E","BOSS"],"items_purchased_type":["Card","Relic","Card","Card","Relic","Relic"],"build_version":"2020-12-22","purchased_purges":3,"victory":false,"max_hp_per_floor":[62,62,62,62,62,62,62,62,62,62,62,72,72,72,72,72,72,72,72,72,72,72,72,72,72,72,72,72,72,72,72,72,72,72,72,72,72,72,72,72,72,72,72,72,72,72,72,72,72,72,72,72,72,72,72,72],"card_choices":[{"not_picked":["ClearTheMind","Consecrate"],"picked":"FlurryOfBlows","floor":1.0},{"not_picked":["FlyingSleeves","Consecrate","Evaluate"],"picked":"SKIP","floor":6.0},{"not_picked":["FlurryOfBlows","DeceiveReality","Wallop"],"picked":"SKIP","floor":8.0},{"not_picked":["FlurryOfBlows","Wallop"],"picked":"DeceiveReality","floor":8.0},{"not_picked":["EmptyBody","CrushJoints"],"picked":"Indignation","floor":10.0},{"not_picked":["CrushJoints","PathToVictory","Prostrate"],"picked":"SKIP","floor":12.0},{"not_picked":["ReachHeaven","MasterReality"],"picked":"SandsOfTime","floor":13.0},{"not_picked":["Prostrate","Halt","WheelKick"],"picked":"SKIP","floor":18.0},{"not_picked":["CrushJoints","Conclude+1","ClearTheMind"],"picked":"SKIP","floor":20.0},{"not_picked":["LikeWater","Crescendo","Nirvana"],"picked":"SKIP","floor":22.0},{"not_picked":["Evaluate","Omniscience","ForeignInfluence"],"picked":"SKIP","floor":23.0},{"not_picked":["FollowUp","Conclude+1","FlyingSleeves"],"picked":"SKIP","floor":25.0},{"not_picked":["SignatureMove","EmptyBody","Consecrate"],"picked":"SKIP","floor":27.0},{"not_picked":["Nirvana","JustLucky","CarveReality"],"picked":"SKIP","floor":28.0},{"not_picked":["EmptyFist","Fasting2","Meditate+1"],"picked":"SKIP","floor":30.0},{"not_picked":["CutThroughFate","CrushJoints","FlurryOfBlows"],"picked":"SKIP","floor":31.0},{"not_picked":["BattleHymn","Swivel","CrushJoints"],"picked":"SKIP","floor":35.0},{"not_picked":["PathToVictory","WreathOfFlame+1","CarveReality"],"picked":"SKIP","floor":37.0},{"not_picked":["EmptyBody","PathToVictory","Vengeance"],"picked":"SKIP","floor":38.0},{"not_picked":["ThirdEye","Pray+1","WheelKick"],"picked":"SKIP","floor":39.0},{"not_picked":["WreathOfFlame+1","Prostrate","Wireheading+1"],"picked":"SKIP","floor":40.0},{"not_picked":["WaveOfTheHand","EmptyFist","Protect"],"picked":"SKIP","floor":41.0},{"not_picked":["Evaluate+1","ForeignInfluence+1","LikeWater+1"],"picked":"SKIP","floor":42.0},{"not_picked":["CutThroughFate+1","Evaluate","Study"],"picked":"SKIP","floor":44.0},{"not_picked":["Pray","Wish","PathToVictory"],"picked":"SKIP","floor":54}],"player_experience":460995,"relics_obtained":[{"floor":8.0,"key":"Du-Vu Doll"},{"floor":9.0,"key":"Incense Burner"},{"floor":11.0,"key":"Pantograph"},{"floor":12.0,"key":"Pear"},{"floor":14.0,"key":"The Courier"},{"floor":19.0,"key":"Enchiridion"},{"floor":23.0,"key":"Shuriken"},{"floor":25.0,"key":"Vajra"},{"floor":31.0,"key":"Whetstone"},{"floor":40.0,"key":"Torii"},{"floor":43.0,"key":"Kunai"},{"floor":47.0,"key":"Unceasing Top"},{"floor":48,"key":"CloakClasp"},{"floor":54,"key":"White Beast Statue"}],"event_choices":[{"cards_removed":["Strike_P"],"damage_healed":0.0,"max_hp_gain":0.0,"max_hp_loss":0.0,"gold_gain":0.0,"event_name":"The Cleric","player_choice":"Card Removal","floor":2.0,"gold_loss":50.0,"damage_taken":0.0},{"damage_healed":0.0,"max_hp_gain":0.0,"max_hp_loss":0.0,"gold_gain":75.0,"event_name":"World of Goop","player_choice":"Gather Gold","floor":3.0,"gold_loss":0.0,"damage_taken":11.0},{"damage_healed":0.0,"max_hp_gain":0.0,"max_hp_loss":0.0,"gold_gain":0.0,"event_name":"Cursed Tome","player_choice":"Obtained Book","floor":19.0,"gold_loss":0.0,"damage_taken":16.0},{"damage_healed":0.0,"max_hp_gain":0.0,"max_hp_loss":0.0,"gold_gain":99.0,"event_name":"Nest","player_choice":"Stole From Cult","floor":24.0,"gold_loss":0.0,"damage_taken":0.0},{"damage_healed":0.0,"max_hp_gain":0.0,"max_hp_loss":0.0,"gold_gain":0.0,"event_name":"Mysterious Sphere","player_choice":"Fight","floor":47.0,"gold_loss":0.0,"damage_taken":0.0},{"damage_healed":0,"gold_gain":0,"player_choice":"Fight","damage_taken":0,"max_hp_gain":0,"max_hp_loss":0,"event_name":"MindBloom","floor":48,"gold_loss":0}],"is_beta":false,"boss_relics":[{"not_picked":["Runic Dome","Calling Bell"],"picked":"Fusion Hammer"},{"not_picked":["Busted Crown","Sozu"],"picked":"Runic Pyramid"}],"items_purged_floors":[21,29,45],"is_endless":false,"potions_floor_spawned":[1,10,16,18,20,31,33,35,41,44,54],"killed_by":"The Heart","ascension_level":14}}