{"host":"51mqhfpmwwd4kxyt","time":1610135168,"event":{"mods":["BaseMod","Downfall","Googly Eyes","Highlight Path","Minty Spire (QoL Compilation)","READ ME - Guardian Mod","StSLib","The Cursed","The Servant 0.9.4"],"gold_per_floor":[99,115,133,133,133,150,150,166,266,266,285,46,46,62,79,181,181,181,197,197,197,51,70,70,85,111,111,211,242,242,279,299,407,407,332,348,373,373,391,400,426,426,426,426],"floor_reached":42,"playtime":2286,"items_purged":["Regret"],"score":451,"play_id":"d52ac323-b75f-45b6-b785-d84599faabb9","local_time":"20210108144608","is_ascension_mode":false,"campfire_choices":[{"data":"champ:Taunt","floor":1,"key":"SMITH"},{"data":"champ:CalledShot","floor":18,"key":"SMITH"},{"data":"champ:HoldFirm","floor":27,"key":"SMITH"},{"floor":30,"key":"REST"},{"data":"champ:ShieldWall","floor":35,"key":"SMITH"}],"circlet_count":0,"master_deck":["champ:Defend","champ:Defend+1","champ:Defend","champ:Execute","champ:Taunt+1","champ:DefensiveStyle+1","champ:TornadoPunch","champ:PerfectedStrike","champ:Circumvent+1","champ:ShieldThrow","champ:CalledShot+1","Magnetism","champ:Circumvent","champ:HoldFirm+1","champ:Improvising","champ:CalledShot","champ:Lariat+1","Mayhem","champ:IronFortress+1","champ:SkillfulDodge","champ:Aggression","champ:EndlessRage","J.A.X.","champ:ShieldWall+1","champ:TornadoPunch+1","champ:CrownThrow","champ:ViciousMockery+1","expansioncontent:DarkVoid","expansioncontent:ManipulateTime","Pain"],"relics":["champ:ChampionCrown","champ:FightingForDummies","Meat on the Bone","The Courier","Sozu","War Paint","Ancient Tea Set","MutagenicStrength","CeramicFish","Mercury Hourglass","Runic Pyramid","downfall:HeartBlessingGreen","WarpedTongs","Juzu Bracelet"],"acts_visited":["Exordium","TheCity","TheBeyond"],"potions_floor_usage":[9,16,19,29],"damage_taken":[{"damage":5,"enemies":"2 Louse","floor":2,"turns":2},{"damage":10,"enemies":"Jaw Worm","floor":3,"turns":6},{"damage":10,"enemies":"Small Slimes","floor":6,"turns":4},{"damage":15,"enemies":"3 Louse","floor":8,"turns":3},{"damage":3,"enemies":"downfall:Heads","floor":9,"turns":6},{"damage":3,"enemies":"Lots of Slimes","floor":11,"turns":2},{"damage":2,"enemies":"downfall:FleeingMerchant","floor":12,"turns":4},{"damage":5,"enemies":"2 Fungi Beasts","floor":14,"turns":3},{"damage":6,"enemies":"Red Slaver","floor":15,"turns":4},{"damage":56,"enemies":"downfall:Defect","floor":16,"turns":9},{"damage":5,"enemies":"Chosen","floor":19,"turns":6},{"damage":0,"enemies":"downfall:FleeingMerchant","floor":22,"turns":4},{"damage":0,"enemies":"Shell Parasite","floor":23,"turns":8},{"damage":0,"enemies":"Chosen and Byrds","floor":25,"turns":6},{"damage":0,"enemies":"downfall:Augmenter","floor":28,"turns":5},{"damage":29,"enemies":"Slavers","floor":29,"turns":6},{"damage":15,"enemies":"Book of Stabbing","floor":31,"turns":5},{"damage":5,"enemies":"3 Cultists","floor":32,"turns":5},{"damage":41,"enemies":"downfall:Silent","floor":33,"turns":8},{"damage":0,"enemies":"3 Shapes","floor":36,"turns":2},{"damage":8,"enemies":"Orb Walker","floor":37,"turns":4},{"damage":81,"enemies":"Transient","floor":42,"turns":5}],"seed_played":"-2223391343227813573","potions_obtained":[{"floor":6,"key":"AttackPotion"},{"floor":9,"key":"LiquidMemories"},{"floor":11,"key":"BlessingOfTheForge"},{"floor":15,"key":"Explosive Potion"}],"is_trial":false,"path_per_floor":["R","M","M","?","?","M","T","M","?","?","M","$","?","M","M","B",null,"R","M","?","?","$","M","T","M","T","R","?","E","R","E","M","B",null,"R","M","M","?","?","?","T","M"],"character_chosen":"THE_CHAMP","items_purchased":["champ:CalledShot","Magnetism","Mayhem"],"campfire_rested":1,"item_purchase_floors":[12,12,22],"current_hp_per_floor":[90,90,85,60,60,60,60,62,59,59,56,54,59,59,58,14,90,90,90,72,72,72,72,72,72,72,72,72,55,83,73,73,53,95,95,95,87,87,77,77,77,0,0,0],"gold":426,"neow_bonus":"THREE_CARDS","is_daily":false,"chose_seed":false,"campfire_upgraded":4,"win_rate":0.0,"timestamp":1610135168,"path_taken":["R","M","M","?","?","M","T","?","?","?","M","$","?","?","M","BOSS","R","M","?","?","$","?","T","M","?","R","?","E","R","E","M","BOSS","R","M","M","?","?","?","T","M"],"items_purchased_type":["Card","Card","Card"],"build_version":"2020-12-22","purchased_purges":1,"victory":false,"max_hp_per_floor":[90,90,90,90,90,90,90,90,90,90,90,90,90,90,90,90,90,90,90,95,95,95,95,95,95,95,95,95,95,95,95,95,95,95,95,95,95,95,95,95,95,95,95,95],"card_choices":[{"not_picked":["champ:AdrenalArmor","champ:HeartStrike"],"picked":"champ:StanceDance","floor":0},{"not_picked":["champ:GladiatorsShout","champ:FocusedBerserking"],"picked":"champ:DefensiveStyle","floor":2},{"not_picked":["champ:FlashCut","champ:FocusedGladiator","champ:RapidStrikes"],"picked":"SKIP","floor":3},{"not_picked":["champ:FlashCut","champ:BladeFlurry","champ:GladiatorsShout"],"picked":"SKIP","floor":6},{"not_picked":["champ:CrookedStrike","champ:StanceDance"],"picked":"champ:TornadoPunch","floor":8},{"not_picked":["champ:HeavySlash","champ:GutPunch"],"picked":"champ:Circumvent","floor":11},{"not_picked":["champ:BladeFlurry","champ:AdrenalArmor"],"picked":"champ:ShieldThrow","floor":12},{"not_picked":["champ:DefensiveShout","champ:Haymaker"],"picked":"champ:Circumvent","floor":14},{"not_picked":["champ:PreciseThrust","champ:TornadoPunch"],"picked":"champ:HoldFirm","floor":15},{"not_picked":["champ:StrikeOfGenius","champ:SwordThrow"],"picked":"champ:Improvising","floor":16},{"not_picked":["champ:TornadoPunch","champ:FocusedBerserking+1"],"picked":"champ:CalledShot","floor":19},{"not_picked":["champ:TornadoPunch","champ:FlashCut"],"picked":"champ:Lariat+1","floor":22},{"not_picked":["champ:BladeFlurry","champ:Riposte"],"picked":"champ:IronFortress+1","floor":23},{"not_picked":["champ:StanceDance","champ:GladiatorsShout"],"picked":"champ:SkillfulDodge","floor":25},{"not_picked":[],"picked":"J.A.X.","floor":28},{"not_picked":["champ:AdrenalArmor+1","champ:StanceDance"],"picked":"champ:ShieldWall","floor":28},{"not_picked":["champ:Riposte","champ:Backstep","champ:BladeFlurry"],"picked":"SKIP","floor":29},{"not_picked":["champ:FlashCut+1","champ:BringItOn"],"picked":"champ:TornadoPunch+1","floor":31},{"not_picked":["champ:StanceDance","champ:DefensiveShout","champ:BringItOn"],"picked":"SKIP","floor":32},{"not_picked":["champ:StrikeOfGenius","champ:Devastate"],"picked":"champ:CrownThrow","floor":33},{"not_picked":["champ:StanceDance","champ:GladiatorsShout","champ:DefensiveShout+1"],"picked":"SKIP","floor":36},{"not_picked":["champ:Aggression+1","champ:FanOfKnives"],"picked":"champ:ViciousMockery+1","floor":37},{"not_picked":["expansioncontent:HyperBeam","expansioncontent:ChargeUp"],"picked":"expansioncontent:DarkVoid","floor":39},{"not_picked":["expansioncontent:Torchfire","expansioncontent:ChargeUp"],"picked":"expansioncontent:ManipulateTime","floor":39}],"player_experience":359309,"relics_obtained":[{"floor":7,"key":"Meat on the Bone"},{"floor":24,"key":"War Paint"},{"floor":26,"key":"Ancient Tea Set"},{"floor":28,"key":"MutagenicStrength"},{"floor":29,"key":"CeramicFish"},{"floor":31,"key":"Mercury Hourglass"},{"floor":41,"key":"Juzu Bracelet"}],"event_choices":[{"damage_healed":0,"gold_gain":0,"player_choice":"Success","damage_taken":25,"relics_obtained":["champ:FightingForDummies"],"max_hp_gain":0,"max_hp_loss":0,"event_name":"Scrap Ooze","floor":4,"gold_loss":0},{"cards_removed":["champ:Strike"],"damage_healed":0,"gold_gain":0,"player_choice":"Card Removal","damage_taken":0,"max_hp_gain":0,"max_hp_loss":0,"event_name":"The Cleric","floor":5,"gold_loss":0},{"damage_healed":0,"gold_gain":0,"player_choice":"Box","damage_taken":0,"relics_obtained":["The Courier"],"max_hp_gain":0,"max_hp_loss":0,"event_name":"Big Fish","floor":10,"gold_loss":0,"cards_obtained":["Regret"]},{"cards_removed":["champ:StanceDance"],"damage_healed":5,"gold_gain":0,"player_choice":"Offered Common","damage_taken":0,"max_hp_gain":0,"max_hp_loss":0,"event_name":"Bonfire Elementals","floor":13,"gold_loss":0},{"cards_removed":["champ:StanceDance"],"damage_healed":5,"gold_gain":0,"player_choice":"Offered Special","damage_taken":0,"max_hp_gain":0,"max_hp_loss":0,"event_name":"Bonfire Elementals","floor":13,"gold_loss":0},{"damage_healed":0,"gold_gain":0,"player_choice":"Got Potions","damage_taken":0,"max_hp_gain":0,"max_hp_loss":0,"event_name":"Lab","floor":21,"gold_loss":0},{"damage_healed":0,"gold_gain":0,"player_choice":"Rummage","damage_taken":0,"relics_obtained":["WarpedTongs"],"max_hp_gain":0,"max_hp_loss":0,"event_name":"Accursed Blacksmith","floor":40,"gold_loss":0,"cards_obtained":["Pain"]}],"is_beta":false,"boss_relics":[{"not_picked":["Velvet Choker","Coffee Dripper"],"picked":"Sozu"},{"not_picked":["Snecko Eye","Busted Crown"],"picked":"Runic Pyramid"}],"items_purged_floors":[12],"is_endless":false,"potions_floor_spawned":[6,9,11,15,23,25,33],"killed_by":"Transient","ascension_level":0}}