{"host":"acw864156wjp8gcv","time":1610064076,"event":{"mods":["2.2 Compatiblity","AchievementEnabler","Aspiration","BaseMod","Beaked The Cultist","Better Altar","Better Match","Better Note","Better Sensory Stone","Better Silent Start","Better Skull","Better Third Choice","Better Vampires","BetterRewards","Challenge The Spire","Colored Map","Colored Powertips","Conspire","Curses Come First","Downfall","Energized Spire","GifTheSpireLib","Halation","Hubris","Infinite Spire","Ironclad Rager","Jedi Mod","Mimic Mod","Minty Spire (QoL Compilation)","Permanent Neow","Relic Sorter","Replay The Spire","Shop Mod","Spicy Shops","Spikes Relics","StSLib","Stuff the Spire","The Blue Laboratory","The Construct","The Jungle","Wandering Minibosses","everything is the same but u backflip on backflip","vexMod"],"gold_per_floor":[99,99,99,99,99,99,99,99,99,99,99,99,99,99,99,99,99,99,99,99,99,99,99,99,99,99,99,99,99,199,199,199,303,303,303,303,303,303,303,303,303,303,303,303,351,362,397,411,411,411,411,411,411,411,413],"floor_reached":56,"playtime":302,"items_purged":[],"score":1989,"play_id":"557edd81-f676-4eeb-b0ee-4814ea6c7789","local_time":"20210107180116","is_ascension_mode":true,"campfire_choices":[{"floor":7,"key":"RECALL"},{"floor":10,"key":"REST"},{"floor":15,"key":"REST"},{"floor":25,"key":"REST"},{"floor":32,"key":"REST"},{"floor":40,"key":"REST"},{"floor":44,"key":"REST"},{"floor":52,"key":"REST"}],"circlet_count":0,"master_deck":["construct:Strike_Gold","construct:Strike_Gold+1","construct:Strike_Gold","construct:Strike_Gold","construct:Strike_Gold+1","construct:Defend_Gold","construct:Defend_Gold","construct:Defend_Gold","construct:Defend_Gold","construct:Defend_Gold","construct:AttackMode","construct:DefenseMode"],"relics":["construct:ClockworkPhoenix","aspiration:DSix","vexMod:DeviousBotling","CaptainsWheel","LugNut","Black Star","infinitespire:Midas Blood","halation:SwordOfLegend","Pet Ghost","Whetstone"],"acts_visited":["Exordium","TheCity","TheBeyond","TheEnding"],"potions_floor_usage":[],"damage_taken":[{"damage":0,"enemies":"2 Louse","floor":1,"turns":1},{"damage":0,"enemies":"Jaw Worm","floor":3,"turns":1},{"damage":0,"enemies":"Cultist","floor":5,"turns":1},{"damage":0,"enemies":"Replay:BlueRogue","floor":6,"turns":1},{"damage":0,"enemies":"Lagavulin","floor":8,"turns":1},{"damage":0,"enemies":"3 Louse","floor":11,"turns":1},{"damage":0,"enemies":"Red Slaver","floor":12,"turns":1},{"damage":0,"enemies":"2 Fungi Beasts","floor":13,"turns":1},{"damage":0,"enemies":"3 Louse","floor":14,"turns":1},{"damage":0,"enemies":"Slime Boss","floor":16,"turns":1},{"damage":0,"enemies":"2 Thieves","floor":18,"turns":1},{"damage":0,"enemies":"Shell Parasite","floor":19,"turns":1},{"damage":0,"enemies":"Centurion and Healer","floor":20,"turns":1},{"damage":0,"enemies":"Cultist and Chosen","floor":21,"turns":1},{"damage":0,"enemies":"Chosen and Byrds","floor":22,"turns":1},{"damage":0,"enemies":"Gremlin Leader","floor":23,"turns":1},{"damage":0,"enemies":"conspire:SneckoGhost","floor":27,"turns":1},{"damage":0,"enemies":"3 Cultists","floor":28,"turns":1},{"damage":0,"enemies":"Centurion and Healer","floor":29,"turns":1},{"damage":0,"enemies":"Colosseum Slavers","floor":30,"turns":1},{"damage":0,"enemies":"Colosseum Nobs","floor":30,"turns":1},{"damage":0,"enemies":"conspire:MysteriousRune","floor":33,"turns":1},{"damage":0,"enemies":"Orb Walker","floor":35,"turns":1},{"damage":0,"enemies":"3 Shapes","floor":38,"turns":1},{"damage":0,"enemies":"Writhing Mass","floor":39,"turns":1},{"damage":0,"enemies":"Nemesis","floor":41,"turns":1},{"damage":0,"enemies":"2 Orb Walkers","floor":45,"turns":1},{"damage":0,"enemies":"Jaw Worm Horde","floor":46,"turns":1},{"damage":0,"enemies":"Giant Head","floor":47,"turns":1},{"damage":0,"enemies":"Transient","floor":48,"turns":1},{"damage":0,"enemies":"Awakened One","floor":50,"turns":2},{"damage":0,"enemies":"Shield and Spear","floor":54,"turns":1},{"damage":3,"enemies":"The Heart","floor":55,"turns":2}],"seed_played":"-4658384107476901054","potions_obtained":[],"is_trial":false,"path_per_floor":["M","?","M","?","M","E","R","E","T","R","M","M","M","M","R","B",null,"M","M","M","M","M","E","?","R","T","E","M","M","?","?","R","B",null,"M","AVR","?","M","M","R","E","?","T","R","?","M","E","M","R_BF","B",null,"R","$","E","B",null],"character_chosen":"THE_CONSTRUCT_MOD","items_purchased":[],"campfire_rested":7,"item_purchase_floors":[],"current_hp_per_floor":[85,85,85,85,85,85,85,85,85,85,85,85,85,85,85,85,85,85,85,85,85,85,85,85,85,85,85,85,85,85,85,85,85,85,85,85,85,85,85,85,85,81,81,81,81,81,81,81,81,81,81,81,81,81,78],"gold":413,"neow_bonus":"DSIX","is_daily":false,"chose_seed":false,"campfire_upgraded":0,"win_rate":0.0,"timestamp":1610064076,"path_taken":["M","?","M","?","M","E","R","E","T","R","M","M","?","M","R","BOSS","M","M","?","M","M","E","?","R","T","E","M","M","?","?","R","BOSS","M","AVR","?","M","M","R","E","?","T","R","?","?","E","M","R_BF","BOSS","R","$","E","BOSS"],"items_purchased_type":[],"build_version":"2020-12-22","purchased_purges":0,"victory":true,"max_hp_per_floor":[85,85,85,85,85,85,85,85,85,85,85,85,85,85,85,85,85,85,85,85,85,85,85,85,85,85,85,85,85,85,85,85,85,85,85,85,85,85,85,85,85,81,81,81,81,81,81,81,81,81,81,81,81,81,81],"card_choices":[{"not_picked":["construct:BatteryAcid","construct:Accumulate","construct:Impenetrable"],"picked":"SKIP","floor":1},{"not_picked":["construct:ScrapCannon","construct:SweepLaser","construct:Forcefield"],"picked":"SKIP","floor":3},{"not_picked":["construct:PointDefense","construct:Forcefield","construct:ShiftStrike"],"picked":"SKIP","floor":5},{"not_picked":["construct:OneWayMirror","construct:Tumble","construct:Isolate"],"picked":"SKIP","floor":6},{"not_picked":["construct:Accumulate","construct:SuppressiveFire","construct:Hazardproof"],"picked":"SKIP","floor":8},{"not_picked":["construct:FlameCore","construct:Zapper","construct:SaveState"],"picked":"SKIP","floor":11},{"not_picked":["construct:Accumulate","construct:VentSteam","construct:Reinforce"],"picked":"SKIP","floor":12},{"not_picked":["construct:Boost","construct:Forcefield","construct:Backfire"],"picked":"SKIP","floor":13},{"not_picked":["construct:FocusedBeam","construct:SuppressiveFire","construct:LongRangeLance"],"picked":"SKIP","floor":14},{"not_picked":["construct:OmegaCannon+1","construct:Missile+1","construct:HardReboot"],"picked":"SKIP","floor":18},{"not_picked":["construct:SyphonStrike","construct:FocusedBeam+1","construct:SweepLaser+1"],"picked":"SKIP","floor":19},{"not_picked":["construct:ScrapCannon","construct:Construct_Overclock+1","construct:Hazardproof+1"],"picked":"SKIP","floor":20},{"not_picked":["construct:Anticipate","construct:HeavyBolt","construct:Accumulate+1"],"picked":"SKIP","floor":21},{"not_picked":["construct:ShieldBurst","construct:QuickAttack","construct:Anticipate+1"],"picked":"SKIP","floor":22},{"not_picked":["construct:SweepLaser","construct:CripplingShot","construct:Autoturret+1"],"picked":"SKIP","floor":23},{"not_picked":["construct:HeavyBolt","construct:Anticipate","construct:ScrapCannon"],"picked":"SKIP","floor":27},{"not_picked":["construct:SuppressiveFire","construct:ClusterMines+1","construct:Dampening"],"picked":"SKIP","floor":28},{"not_picked":["construct:SweepLaser","construct:FierceBash","construct:FocusedBeam"],"picked":"SKIP","floor":29},{"not_picked":["construct:Accumulate","construct:FocusedBeam","construct:SuppressiveFire"],"picked":"SKIP","floor":35},{"not_picked":["construct:Boost+1","construct:Hazardproof","construct:ModeShift+1"],"picked":"SKIP","floor":38},{"not_picked":["construct:SweepLaser","construct:ScrapCannon+1","construct:Forcefield"],"picked":"SKIP","floor":39},{"not_picked":["construct:Forcefield+1","construct:ForceCore+1","construct:ClusterMines+1"],"picked":"SKIP","floor":41},{"not_picked":["construct:GuardCore","construct:Boost+1","construct:SaveState"],"picked":"SKIP","floor":46},{"not_picked":["construct:GuardCore+1","construct:Enhance","construct:VentSteam"],"picked":"SKIP","floor":47},{"not_picked":["construct:SweepLaser+1","construct:Accumulate","construct:Backfire"],"picked":"SKIP","floor":48},{"not_picked":["construct:Synchronize+1","construct:Isolate","construct:FocusedBeam+1"],"picked":"SKIP","floor":54}],"player_experience":133041,"relics_obtained":[{"floor":30,"key":"CaptainsWheel"},{"floor":30,"key":"LugNut"},{"floor":43,"key":"infinitespire:Midas Blood"},{"floor":45,"key":"halation:SwordOfLegend"},{"floor":47,"key":"Pet Ghost"},{"floor":47,"key":"Whetstone"}],"event_choices":[{"damage_healed":0,"gold_gain":0,"player_choice":"Ignored","damage_taken":0,"max_hp_gain":0,"max_hp_loss":0,"event_name":"betterNote:BetterNote","floor":24,"gold_loss":0,"cards_obtained":["hubris:InfiniteBlow"]},{"damage_healed":0,"gold_gain":0,"player_choice":"Fight","damage_taken":0,"max_hp_gain":0,"max_hp_loss":0,"event_name":"Colosseum","floor":30,"gold_loss":0},{"damage_healed":0,"gold_gain":0,"player_choice":"Fought Nobs","damage_taken":0,"max_hp_gain":0,"max_hp_loss":0,"event_name":"Colosseum","floor":30,"gold_loss":0},{"damage_healed":0,"gold_gain":0,"player_choice":"Leave","damage_taken":0,"max_hp_gain":0,"max_hp_loss":0,"event_name":"conspire:Investor","floor":31,"gold_loss":0},{"damage_healed":0,"gold_gain":0,"player_choice":"Max HP","damage_taken":0,"max_hp_gain":0,"max_hp_loss":4,"event_name":"Winding Halls","floor":42,"gold_loss":0},{"damage_healed":0,"gold_gain":0,"player_choice":"Fight","damage_taken":0,"max_hp_gain":0,"max_hp_loss":0,"event_name":"Mysterious Sphere","floor":45,"gold_loss":0}],"is_beta":false,"boss_relics":[{"not_picked":["vexMod:MegatonBomb","energizedSpire:NeverEndingSparkler"],"picked":"vexMod:DeviousBotling"},{"not_picked":["vexMod:RockOfEvil","hubris:HollowSoul"],"picked":"Black Star"}],"items_purged_floors":[],"is_endless":false,"potions_floor_spawned":[1,6,8,11,12,19,21,22,23,28,30,33,35,41,54],"ascension_level":3}}