{"host":"8abfg9qscoja4hwf","time":1610148377,"event":{"mods":["AchievementEnabler","BaseMod","Colored Powertips","Highlight Path","Minty Spire (QoL Compilation)","Quick Restart","Relic Stats","Slay-I","slay the spire mod where everything is the same but ironclad has a cowboy hat"],"gold_per_floor":[113,34,34,209,14,40,40,57,81,81,8,36,36,49,49,151,151,133,152,168,168,184,184,184,184],"floor_reached":24,"playtime":1807,"items_purged":[],"score":245,"play_id":"6b8c4834-0a20-416b-b3f8-c2c1c716ab4a","local_time":"20210108232617","is_ascension_mode":true,"campfire_choices":[{"floor":7.0,"key":"REST"},{"floor":10.0,"key":"RECALL"},{"floor":15.0,"key":"REST"},{"floor":23.0,"key":"REST"}],"circlet_count":0,"master_deck":["Survivor","Neutralize","Leg Sweep","Noxious Fumes","Doubt","Violence","Skewer","Deadly Poison","Poisoned Stab","Backflip","Venomology","Regret","Backflip","Glass Knife","Grand Finale","Tools of the Trade","Malaise","Flying Knee","Expertise","Cloak And Dagger","Infinite Blades","Escape Plan","Predator","Grand Finale","Poisoned Stab+1","Blade Dance","Finisher","Quick Slash+1"],"relics":["HoveringKite","Centennial Puzzle","MealTicket","PreservedInsect","InkBottle","Blue Candle","Pandora\u0027s Box"],"acts_visited":["Exordium","TheCity"],"potions_floor_usage":[24],"damage_taken":[{"damage":4.0,"enemies":"Jaw Worm","floor":1.0,"turns":7.0},{"damage":22.0,"enemies":"Lagavulin","floor":6.0,"turns":10.0},{"damage":0.0,"enemies":"Small Slimes","floor":8.0,"turns":3.0},{"damage":30.0,"enemies":"3 Sentries","floor":12.0,"turns":10.0},{"damage":3.0,"enemies":"Cultist","floor":14.0,"turns":4.0},{"damage":39.0,"enemies":"Hexaghost","floor":16.0,"turns":10.0},{"damage":9.0,"enemies":"2 Thieves","floor":18.0,"turns":4.0},{"damage":18.0,"enemies":"Chosen","floor":19.0,"turns":5.0},{"damage":21.0,"enemies":"Snecko","floor":20.0,"turns":6.0},{"damage":26.0,"enemies":"Chosen and Byrds","floor":22.0,"turns":6.0},{"damage":35,"enemies":"Slavers","floor":24,"turns":1}],"seed_played":"-8771793922845913438","potions_obtained":[{"floor":1.0,"key":"GhostInAJar"},{"floor":8.0,"key":"Weak Potion"},{"floor":16.0,"key":"Fruit Juice"},{"floor":18.0,"key":"PowerPotion"}],"is_trial":false,"path_per_floor":["M","$","?","?","$","E","R","M","T","R","$","E","?","M","R","B",null,"M","M","M","?","M","R","E"],"character_chosen":"THE_SILENT","items_purchased":["Noxious Fumes","Violence","Poisoned Stab","Backflip"],"campfire_rested":3,"item_purchase_floors":[2,5,11,11],"current_hp_per_floor":[66,66,63,63,63,41,62,62,62,62,70,40,40,37,58,19,70,66,48,27,27,1,23,0,0],"gold":184,"neow_bonus":"BOSS_RELIC","is_daily":false,"chose_seed":false,"campfire_upgraded":0,"win_rate":0.0,"timestamp":1610148377,"path_taken":["M","$","?","?","?","E","R","?","T","R","$","E","?","M","R","BOSS","M","M","M","?","M","R","E"],"items_purchased_type":["Card","Card","Card","Card"],"build_version":"2020-12-22","purchased_purges":0,"victory":false,"max_hp_per_floor":[70,70,70,70,70,70,70,70,70,70,70,70,70,70,70,70,70,75,75,75,75,75,75,75,75],"relic_stats":{"Centennial Puzzle":[27],"counters":[11,66],"Blue Candle":[13],"HoveringKite":[13],"MealTicket":8,"Pandora\u0027s Box":["Grand Finale","Tools of the Trade","Malaise","Flying Knee","Expertise","Cloak And Dagger","Infinite Blades","Escape Plan","Predator","Grand Finale"],"PreservedInsect":78,"obtain_stats":[{"Centennial Puzzle":3,"Blue Candle":13,"HoveringKite":0,"MealTicket":6,"Pandora\u0027s Box":17,"PreservedInsect":9,"InkBottle":12,"Ring of the Snake":0},{"Centennial Puzzle":1,"Blue Candle":4,"HoveringKite":0,"MealTicket":2,"Pandora\u0027s Box":6,"PreservedInsect":3,"InkBottle":4,"Ring of the Snake":0},{"Centennial Puzzle":7,"Blue Candle":30,"HoveringKite":0,"MealTicket":17,"Pandora\u0027s Box":44,"PreservedInsect":20,"InkBottle":30,"Ring of the Snake":0}],"InkBottle":[15]},"card_choices":[{"not_picked":["Outmaneuver","Concentrate"],"picked":"Leg Sweep","floor":1.0},{"not_picked":["Dodge and Roll","Quick Slash"],"picked":"Skewer","floor":6.0},{"not_picked":["Slice","Skewer"],"picked":"Deadly Poison","floor":8.0},{"not_picked":["Choke","Sucker Punch"],"picked":"Venomology","floor":12.0},{"not_picked":["Slice","PiercingWail"],"picked":"Backflip","floor":14.0},{"not_picked":["After Image","Doppelganger"],"picked":"Glass Knife","floor":16.0},{"not_picked":["Caltrops","Tactician"],"picked":"Poisoned Stab+1","floor":18.0},{"not_picked":["Backflip","PiercingWail+1"],"picked":"Blade Dance","floor":19.0},{"not_picked":["Calculated Gamble","Dodge and Roll"],"picked":"Finisher","floor":20.0},{"not_picked":["Underhanded Strike+1","Backflip"],"picked":"Quick Slash+1","floor":22.0}],"player_experience":357498,"relics_obtained":[{"floor":6.0,"key":"MealTicket"},{"floor":9.0,"key":"PreservedInsect"},{"floor":12.0,"key":"InkBottle"}],"event_choices":[{"damage_healed":0.0,"max_hp_gain":0.0,"max_hp_loss":0.0,"gold_gain":0.0,"event_name":"Scrap Ooze","player_choice":"Success","floor":3.0,"gold_loss":0.0,"damage_taken":3.0,"relics_obtained":["Centennial Puzzle"]},{"damage_healed":0.0,"max_hp_gain":0.0,"max_hp_loss":0.0,"gold_gain":175.0,"event_name":"Liars Game","player_choice":"AGREE","floor":4.0,"gold_loss":0.0,"damage_taken":0.0,"cards_obtained":["Doubt"]},{"damage_healed":0.0,"max_hp_gain":0.0,"max_hp_loss":0.0,"gold_gain":0.0,"event_name":"Big Fish","player_choice":"Box","floor":13.0,"gold_loss":0.0,"damage_taken":0.0,"relics_obtained":["Blue Candle"],"cards_obtained":["Regret"]},{"damage_healed":0.0,"max_hp_gain":0.0,"max_hp_loss":0.0,"gold_gain":0.0,"event_name":"Ghosts","player_choice":"Ignored","floor":21.0,"gold_loss":0.0,"damage_taken":0.0}],"is_beta":false,"boss_relics":[{"not_picked":["Coffee Dripper","Runic Dome"],"picked":"Pandora\u0027s Box"}],"items_purged_floors":[],"is_endless":false,"potions_floor_spawned":[1,8,16,18],"killed_by":"Slavers","ascension_level":4}}