{"host":"g7trc0x2teqyd8ye","time":1610125184,"event":{"mods":["BaseMod","Key Reminder","Minty Spire (QoL Compilation)","Relic Stats"],"gold_per_floor":[114,78,253,92,102,129,148,180,252,15,26,83,83,83],"floor_reached":13,"playtime":346,"items_purged":["Doubt"],"score":183,"play_id":"8d5b827d-4b1c-49e9-aa6b-8f3f79427cc7","local_time":"20210108175944","is_ascension_mode":true,"campfire_choices":[],"circlet_count":0,"master_deck":["AscendersBane","Strike_B","Strike_B","Strike_B","Strike_B","Defend_B","Defend_B","Defend_B","Defend_B","Zap","Dualcast","FTL","Auto Shields","Dramatic Entrance","Sunder","Coolheaded","Hologram","Core Surge","Mind Blast","Fusion","Chill"],"relics":["Cracked Core","NeowsBlessing","WingedGreaves","Bronze Scales","keyreminder:keyreminder","Blue Candle","Omamori","Bag of Preparation"],"acts_visited":["Exordium"],"potions_floor_usage":[12],"damage_taken":[{"damage":0,"enemies":"Small Slimes","floor":1,"turns":1},{"damage":0,"enemies":"Jaw Worm","floor":5,"turns":1},{"damage":0,"enemies":"Gremlin Nob","floor":6,"turns":1},{"damage":0,"enemies":"Cultist","floor":7,"turns":3},{"damage":33,"enemies":"Lagavulin","floor":8,"turns":5},{"damage":20,"enemies":"Exordium Thugs","floor":11,"turns":3},{"damage":14,"enemies":"Lagavulin Event","floor":12,"turns":5},{"damage":1,"enemies":"Gremlin Nob","floor":13,"turns":2}],"seed_played":"-3027030623515474674","potions_obtained":[{"floor":1,"key":"LiquidBronze"},{"floor":5,"key":"BlessingOfTheForge"}],"is_trial":false,"path_per_floor":["M","$","?","$","M","E","M","E","T","$","M","?","E"],"character_chosen":"DEFECT","items_purchased":["Auto Shields","Dramatic Entrance","Mind Blast","Omamori"],"campfire_rested":0,"item_purchase_floors":[2,4,10,10],"current_hp_per_floor":[68,68,68,68,68,68,68,35,35,35,15,1,0,0],"gold":83,"neow_bonus":"THREE_ENEMY_KILL","is_daily":false,"chose_seed":false,"campfire_upgraded":0,"win_rate":0.0,"timestamp":1610125184,"path_taken":["M","$","?","$","M","E","M","E","T","$","M","?","E"],"items_purchased_type":["Card","Card","Card","Relic"],"build_version":"2020-12-22","purchased_purges":1,"victory":false,"max_hp_per_floor":[75,75,75,75,75,75,75,75,75,75,75,75,75,75],"relic_stats":{"counters":[8,21],"Bronze Scales":[15],"Blue Candle":[0],"Bag of Preparation":[2],"obtain_stats":[{"keyreminder:keyreminder":8,"NeowsBlessing":0,"Bronze Scales":8,"Blue Candle":9,"WingedGreaves":6,"Omamori":10,"Bag of Preparation":12,"Cracked Core":0},{"keyreminder:keyreminder":5,"NeowsBlessing":0,"Bronze Scales":5,"Blue Candle":5,"WingedGreaves":3,"Omamori":5,"Bag of Preparation":7,"Cracked Core":0},{"keyreminder:keyreminder":11,"NeowsBlessing":0,"Bronze Scales":11,"Blue Candle":11,"WingedGreaves":3,"Omamori":11,"Bag of Preparation":19,"Cracked Core":0}]},"card_choices":[{"not_picked":["Reprogram","Chaos"],"picked":"FTL","floor":1},{"not_picked":["Fusion","Rebound"],"picked":"Sunder","floor":5},{"not_picked":["Go for the Eyes","Leap"],"picked":"Coolheaded","floor":6},{"not_picked":["Double Energy","Gash"],"picked":"Hologram","floor":7},{"not_picked":["Coolheaded","Biased Cognition"],"picked":"Core Surge","floor":8},{"not_picked":["Leap","Go for the Eyes"],"picked":"Fusion","floor":11},{"not_picked":["Compile Driver","Darkness"],"picked":"Chill","floor":12}],"player_experience":891195,"relics_obtained":[{"floor":6,"key":"WingedGreaves"},{"floor":8,"key":"Bronze Scales"},{"floor":9,"key":"Blue Candle"},{"floor":12,"key":"Bag of Preparation"}],"event_choices":[{"damage_healed":0,"gold_gain":175,"player_choice":"AGREE","damage_taken":0,"max_hp_gain":0,"max_hp_loss":0,"event_name":"Liars Game","floor":3,"gold_loss":0,"cards_obtained":["Doubt"]},{"damage_healed":0,"gold_gain":0,"player_choice":"Searched \u00272\u0027 times","damage_taken":0,"max_hp_gain":0,"max_hp_loss":0,"event_name":"Dead Adventurer","floor":12,"gold_loss":0}],"is_beta":false,"boss_relics":[],"items_purged_floors":[4],"is_endless":false,"potions_floor_spawned":[1,5],"killed_by":"Gremlin Nob","ascension_level":11}}