{"host":"d107yck46y3a78tv","time":1610127097,"event":{"mods":["ATMod(°¢èªMod)","Act Like it!","Aspiration","Bard","BaseMod","CapriCore","Colored Map","Gensokyo","Marisa£¨ìFÓê¡¡Ä§ÀíÉ³£©","Minty Spire (QoL Compilation)","Quick Restart","Relic Stats","StSLib","The Runesmith","The Servant 0.9.4"],"gold_per_floor":[114,114,14,14,48,73,24,39,39,39,39,51,71,1,1,100,100,110,110,120,120,132,159,159,171,171,171,171],"floor_reached":27,"playtime":8097,"items_purged":["Runesmith:Defend_RS"],"score":241,"play_id":"614e36d2-be72-4295-bbd6-1bab20038872","local_time":"20210109013137","is_ascension_mode":false,"campfire_choices":[{"data":"Runesmith:OneForEveryone","floor":10,"key":"SMITH"},{"data":"Runesmith:ChaoticBlast","floor":15,"key":"SMITH"}],"circlet_count":0,"master_deck":["Runesmith:Strike_RS+1","Runesmith:Strike_RS","Runesmith:Strike_RS","Runesmith:Defend_RS","Runesmith:Defend_RS","Runesmith:CraftFirestone+1","Runesmith:Fortify","Runesmith:OneForEveryone+1","Runesmith:Repurpose","Runesmith:CraftMagma","Runesmith:BackupBattery","Runesmith:HammerThrow","Runesmith:LithiumIon","Runesmith:ChaoticBlast+1","Runesmith:CreatorForm"],"relics":["Runesmith:BrokenRuby","AT_ATBox","Gensokyo:NagashiBinaDoll","aspiration:AnachronicSnailShell","AT_DeathDance","MealTicket","Runesmith:PocketReactor","Boot","Gensokyo:ConquerorOfFear","Bottled Lightning","Frozen Eye"],"acts_visited":["Gensokyo:Gensokyo","Gensokyo:Gensokyoer"],"potions_floor_usage":[16],"damage_taken":[{"damage":0,"enemies":"Gensokyo:3_Fairies","floor":1,"turns":5},{"damage":18,"enemies":"Gensokyo:Mamizou","floor":5,"turns":7},{"damage":9,"enemies":"Gensokyo:Mamizou","floor":6,"turns":7},{"damage":1,"enemies":"Gensokyo:Gryphon","floor":8,"turns":4},{"damage":2,"enemies":"Gensokyo:Python","floor":12,"turns":3},{"damage":2,"enemies":"Gensokyo:VengefulSpirit","floor":13,"turns":4},{"damage":12,"enemies":"Gensokyo:Reimu","floor":16,"turns":11},{"damage":20,"enemies":"Gensokyo:CosmicMonolith","floor":18,"turns":5},{"damage":6,"enemies":"Gensokyo:AngelMirror","floor":20,"turns":3},{"damage":14,"enemies":"Gensokyo:Wraith","floor":22,"turns":5},{"damage":4,"enemies":"Gensokyo:Tenshi","floor":23,"turns":5},{"damage":0,"enemies":"Gensokyo:3_Gloops","floor":25,"turns":4},{"damage":9,"enemies":"Gensokyo:Koishi","floor":27,"turns":5}],"seed_played":"-26978553983813891","potions_obtained":[{"floor":1,"key":"CultistPotion"},{"floor":5,"key":"BlessingOfTheForge"},{"floor":8,"key":"Regen Potion"},{"floor":16,"key":"SkillPotion"}],"is_trial":false,"path_per_floor":["M","?","$","?","?","E","$","M","T","R","$","M","M","?","R","B",null,"M","?","M","?","M","E","?","M","T","E"],"character_chosen":"RUNESMITH_CLASS","items_purchased":["Runesmith:Repurpose","Runesmith:BackupBattery"],"campfire_rested":0,"item_purchase_floors":[3,7],"current_hp_per_floor":[77,77,77,47,29,20,20,19,19,19,34,32,30,30,30,18,77,57,57,51,51,37,33,33,33,33,24,24],"gold":171,"neow_bonus":"TEN_PERCENT_HP_BONUS","is_daily":false,"chose_seed":false,"campfire_upgraded":2,"win_rate":0.0,"timestamp":1610127097,"path_taken":["M","?","?","?","?","E","?","M","T","R","$","M","M","?","R","BOSS","M","?","M","?","?","E","?","M","T","E"],"items_purchased_type":["Card","Card"],"build_version":"2020-12-22","purchased_purges":1,"victory":false,"max_hp_per_floor":[77,77,77,77,77,77,77,77,77,77,77,77,77,77,77,77,77,77,77,77,77,77,77,77,77,77,77,77],"relic_stats":{"counters":[13,68],"MealTicket":15,"Boot":[17],"obtain_stats":[{"Frozen Eye":27,"Runesmith:BrokenRuby":0,"AT_ATBox":0,"aspiration:AnachronicSnailShell":5,"Gensokyo:UndefinedDarkness":24,"MealTicket":9,"Gensokyo:NagashiBinaDoll":2,"Gensokyo:ConquerorOfFear":25,"Bottled Lightning":26,"AT_DeathDance":6,"Boot":23,"Runesmith:PocketReactor":17},{"Frozen Eye":12,"Runesmith:BrokenRuby":0,"AT_ATBox":0,"aspiration:AnachronicSnailShell":2,"Gensokyo:UndefinedDarkness":11,"MealTicket":4,"Gensokyo:NagashiBinaDoll":1,"Gensokyo:ConquerorOfFear":12,"Bottled Lightning":12,"AT_DeathDance":3,"Boot":11,"Runesmith:PocketReactor":7},{"Frozen Eye":63,"Runesmith:BrokenRuby":0,"AT_ATBox":0,"aspiration:AnachronicSnailShell":12,"Gensokyo:UndefinedDarkness":59,"MealTicket":23,"Gensokyo:NagashiBinaDoll":5,"Gensokyo:ConquerorOfFear":63,"Bottled Lightning":63,"AT_DeathDance":19,"Boot":59,"Runesmith:PocketReactor":41}]},"card_choices":[{"not_picked":["Runesmith:DoubleUp","Runesmith:Repurpose"],"picked":"Runesmith:OneForEveryone","floor":1},{"not_picked":["Runesmith:Overpower","aspiration:UnbridledHammer","Runesmith:MakeshiftArmor"],"picked":"SKIP","floor":5},{"not_picked":["Runesmith:HammerAndChisel","Runesmith:EarthShield"],"picked":"Runesmith:CraftMagma","floor":6},{"not_picked":["Runesmith:Overpower","Runesmith:CraftProtectio"],"picked":"Runesmith:HammerThrow","floor":8},{"not_picked":["Runesmith:HammerThrow","Runesmith:Accelerate"],"picked":"Runesmith:LithiumIon","floor":12},{"not_picked":["Runesmith:ChiselStab","Runesmith:GrandSlam"],"picked":"Runesmith:ChaoticBlast","floor":13},{"not_picked":["Runesmith:CraftPrismatica","Runesmith:CraftIndustria"],"picked":"Runesmith:CreatorForm","floor":16},{"not_picked":["Runesmith:BackupBattery","Runesmith:UnstableHammer","Runesmith:CraftMagma"],"picked":"SKIP","floor":18},{"not_picked":["Runesmith:Grindstone","Runesmith:Electrocute","Runesmith:HeatedChisel"],"picked":"SKIP","floor":20},{"not_picked":["Runesmith:UnstableHammer+1","Runesmith:Repurpose","Runesmith:Refine"],"picked":"SKIP","floor":22},{"not_picked":["Runesmith:BackupBattery","Runesmith:HeatedChisel","Runesmith:ShiftingStrike"],"picked":"SKIP","floor":23},{"not_picked":["Runesmith:UnstableHammer","Runesmith:HammerThrow","Runesmith:Prism"],"picked":"SKIP","floor":25}],"player_experience":4666,"relics_obtained":[{"floor":5,"key":"aspiration:AnachronicSnailShell"},{"floor":6,"key":"AT_DeathDance"},{"floor":9,"key":"MealTicket"},{"floor":23,"key":"Boot"},{"floor":25,"key":"Gensokyo:ConquerorOfFear"},{"floor":26,"key":"Bottled Lightning"}],"event_choices":[],"is_beta":false,"boss_relics":[{"not_picked":["aspiration:MobileForge","aspiration:FutureDiary"],"picked":"Runesmith:PocketReactor"}],"items_purged_floors":[3],"is_endless":false,"potions_floor_spawned":[1,5,8,16,18,25],"killed_by":"Gensokyo:Koishi","ascension_level":0}}