{"host":"wonp23fsqqcu31ie","time":1610066862,"event":{"mods":["2.2 Compatiblity","AchievementEnabler","Aspiration","BaseMod","Bestiary","Better Altar","Better Match","Better Sensory Stone","Better Skull","Better Third Choice","BetterRewards","Block Reminder","Colored Map","Colored Powertips","Conspire","Curses Come First","DeckTracker","Displayed Cursed Tome","Downfall","Evolution","Hermit","Highlight Path","Hubris","Marisa????????","Minty Spire (QoL Compilation)","Permanent Neow","Prisma Mod","Quick Restart","Rare Cards Sparkle","Relic Stats","Replay The Spire","Robot Space Explorer","Shade Mod","Shop Mod","StSLib","SuperFastMode","The Animator","The Bug Knight","The Construct","The Cursed","The Dragon Tamer","The Gatherer","The Marked","The Necromancer","The Runesmith","The Servant 0.9.4"],"gold_per_floor":[117,117,77,97,97,97,131,131,157,157,167,30,30,59,59,164,164,174,187,48,48,0,0,18,18,18,18,48,60,71,71,71],"floor_reached":31,"playtime":599,"items_purged":[],"score":475,"play_id":"361df160-3ec2-480c-b9ac-1c6352ff3f1c","local_time":"20210108114742","is_ascension_mode":true,"campfire_choices":[{"data":"Wild Strike","floor":6,"key":"SMITH"},{"data":"Bash","floor":8,"key":"SMITH"},{"data":"expansioncontent:DefensiveStance","floor":15,"key":"SMITH"},{"floor":23,"key":"RECALL"},{"data":"expansioncontent:GuardianWhirl","floor":25,"key":"SMITH"}],"circlet_count":0,"master_deck":["Thunderclap","Thunderclap","Thunderclap","Thunderclap","Defend_R+1","Defend_R","Defend_R+1","Defend_R","Bash+1","Wild Strike+1","Cleave","Iron Wave","ReplayTheSpireMod:LeadingStrike+1","Spot Weakness","conspire:ExplosiveBarrier","expansioncontent:DefensiveStance+1","Run Through","Replay:Undeath\u0027s Touch","conspire:HitWhereItHurts","CurseOfTheBell","Carnage+1","Anger","expansioncontent:GuardianWhirl+1","Inflame","Inflame","Shame","Twin Strike+1","Shrug It Off","Run Through+1","Heavy Blade"],"relics":["Burning Blood","EVO:Axolotl","Guardian:ModeShifter","Paper Frog","King of Hearts","Nunchaku","ReplayTheSpireMod:Ring of Addiction","ReplayTheSpireMod:Ring of Challenge","hubris:EmptyBottle","Chameleon Ring","Spirit Poop","Pen Nib","hubris:ToyBattleship","Runesmith:Locket","MerchantsRug","TungstenRod","Simple Rune"],"acts_visited":["Exordium","TheCity"],"potions_floor_usage":[11,16,16,19,19,31,31],"damage_taken":[{"damage":9,"enemies":"2 Louse","floor":1,"turns":2},{"damage":0,"enemies":"Small Slimes","floor":4,"turns":2},{"damage":18,"enemies":"Gremlin Nob","floor":7,"turns":3},{"damage":1,"enemies":"Cultist","floor":11,"turns":4},{"damage":10,"enemies":"3 Sentries","floor":14,"turns":4},{"damage":6,"enemies":"The Guardian","floor":16,"turns":6},{"damage":27,"enemies":"Shell Parasite","floor":18,"turns":6},{"damage":0,"enemies":"3 Byrds","floor":19,"turns":3},{"damage":10,"enemies":"Cultist and Chosen","floor":24,"turns":3},{"damage":28,"enemies":"Gremlin Leader","floor":28,"turns":3},{"damage":21,"enemies":"Centurion and Healer","floor":29,"turns":3},{"damage":14,"enemies":"Snake Plant","floor":30,"turns":2},{"damage":31,"enemies":"Book of Stabbing","floor":31,"turns":5}],"seed_played":"5178748582604277575","potions_obtained":[{"floor":3,"key":"Ancient Potion"},{"floor":3,"key":"Death Potion"},{"floor":3,"key":"LifebloodPotion"},{"floor":7,"key":"PowerPotion"},{"floor":10,"key":"BloodPotion"},{"floor":10,"key":"DistilledChaos"},{"floor":16,"key":"SteroidPotion"},{"floor":19,"key":"Strength Potion"},{"floor":29,"key":"ElixirPotion"}],"is_trial":false,"path_per_floor":["M","?","?","M","T","R","E","R","T","?","M","$","?","E","R","B",null,"M","M","$","?","?","R","M","R","T","$","E","M","M","E"],"character_chosen":"IRONCLAD","items_purchased":["aspiration:SeaSaltIceCream","Cleave","expansioncontent:DefensiveStance","Run Through","MerchantsRug","expansioncontent:GuardianWhirl","Inflame","Strength Potion"],"campfire_rested":0,"item_purchase_floors":[0,0,12,12,20,20,20,20],"current_hp_per_floor":[64,64,64,70,70,70,58,58,58,58,79,79,79,75,75,75,77,56,77,77,77,77,76,72,72,72,72,50,35,27,0,0],"gold":71,"neow_bonus":"","is_daily":false,"chose_seed":false,"campfire_upgraded":4,"win_rate":0.0,"timestamp":1610066862,"path_taken":["M","?","?","?","?","R","E","R","T","?","M","$","?","E","R","BOSS","M","M","$","?","?","R","?","R","T","$","E","M","M","E"],"items_purchased_type":["Relic","Card","Card","Card","Relic","Card","Card","Potion"],"build_version":"2020-12-22","purchased_purges":0,"victory":false,"max_hp_per_floor":[80,80,80,80,80,80,80,80,80,80,80,80,80,80,78,78,78,78,78,78,78,78,76,76,76,74,74,74,72,72,72,72],"relic_stats":{"Nunchaku":[7],"counters":[47,165],"Pen Nib":[6],"obtain_stats":[{"ReplayTheSpireMod:Ring of Exchange":10,"Spirit Poop":13,"Runesmith:Locket":17,"King of Hearts":7,"EVO:Axolotl":0,"hubris:RunicObelisk":17,"hubris:EmptyBottle":10,"Boot":6,"Burning Blood":0,"aspiration:RitualStick":23,"conspire:TopHat":11,"aspiration:StickyExplosives_weak":25,"ClockworkSouvenir":0,"Blood Vial":9,"Replay:Bandana":3,"Nunchaku":9,"hubris:Icosahedron":10,"Chameleon Ring":10,"FaceOfCleric":22,"Iron Hammer":12,"hubris:ChampionShield":11,"hubris:TinFlute":19,"Paper Frog":8,"MerchantsRug":0,"construct:ClawGrip":17,"Happy Flower":19,"Ring of Hypnosis":10,"aspiration:Nostalgia":0,"ReplayTheSpireMod:CursedCoin":3,"Self Forming Clay":21,"ReplayTheSpireMod:Ring of Addiction":10,"Guardian:ModeShifter":0,"Pen Nib":14,"aspiration:SeaSaltIceCream":6,"Odd Mushroom":12,"Orichalcum":0,"Calling Bell":19,"Shuriken":4,"Bloody Idol":20,"Simple Rune":8,"ReplayTheSpireMod:TigerMarble":6,"hubris:ToyBattleship":17,"ReplayTheSpireMod:Ring of Challenge":10,"StrikeDummy":17,"TungstenRod":19,"ReplayTheSpireMod:ShopPack":22},{"ReplayTheSpireMod:Ring of Exchange":29,"Spirit Poop":38,"Runesmith:Locket":40,"King of Hearts":37,"EVO:Axolotl":0,"hubris:RunicObelisk":32,"hubris:EmptyBottle":37,"Boot":4,"Burning Blood":0,"aspiration:RitualStick":9,"conspire:TopHat":30,"aspiration:StickyExplosives_weak":11,"ClockworkSouvenir":26,"Blood Vial":17,"Replay:Bandana":27,"Nunchaku":37,"hubris:Icosahedron":17,"Chameleon Ring":37,"FaceOfCleric":33,"Iron Hammer":7,"hubris:ChampionShield":18,"hubris:TinFlute":8,"Paper Frog":6,"MerchantsRug":12,"construct:ClawGrip":22,"Happy Flower":8,"Ring of Hypnosis":29,"aspiration:Nostalgia":0,"ReplayTheSpireMod:CursedCoin":27,"Self Forming Clay":33,"ReplayTheSpireMod:Ring of Addiction":37,"Guardian:ModeShifter":0,"Pen Nib":39,"aspiration:SeaSaltIceCream":4,"Odd Mushroom":19,"Orichalcum":26,"Calling Bell":8,"Shuriken":14,"Bloody Idol":33,"Simple Rune":17,"ReplayTheSpireMod:TigerMarble":15,"hubris:ToyBattleship":40,"ReplayTheSpireMod:Ring of Challenge":37,"StrikeDummy":40,"TungstenRod":8,"ReplayTheSpireMod:ShopPack":9},{"ReplayTheSpireMod:Ring of Exchange":99,"Spirit Poop":130,"Runesmith:Locket":140,"King of Hearts":126,"EVO:Axolotl":0,"hubris:RunicObelisk":114,"hubris:EmptyBottle":126,"Boot":13,"Burning Blood":0,"aspiration:RitualStick":30,"conspire:TopHat":103,"aspiration:StickyExplosives_weak":38,"ClockworkSouvenir":91,"Blood Vial":59,"Replay:Bandana":95,"Nunchaku":126,"hubris:Icosahedron":59,"Chameleon Ring":126,"FaceOfCleric":118,"Iron Hammer":21,"hubris:ChampionShield":61,"hubris:TinFlute":27,"Paper Frog":19,"MerchantsRug":41,"construct:ClawGrip":75,"Happy Flower":27,"Ring of Hypnosis":99,"aspiration:Nostalgia":0,"ReplayTheSpireMod:CursedCoin":95,"Self Forming Clay":118,"ReplayTheSpireMod:Ring of Addiction":126,"Guardian:ModeShifter":0,"Pen Nib":134,"aspiration:SeaSaltIceCream":13,"Odd Mushroom":64,"Orichalcum":91,"Calling Bell":27,"Shuriken":47,"Bloody Idol":118,"Simple Rune":59,"ReplayTheSpireMod:TigerMarble":53,"hubris:ToyBattleship":140,"ReplayTheSpireMod:Ring of Challenge":126,"StrikeDummy":140,"TungstenRod":27,"ReplayTheSpireMod:ShopPack":30}],"Burning Blood":256,"TungstenRod":15},"card_choices":[{"not_picked":["Armaments","Feel No Pain"],"picked":"Iron Wave","floor":1},{"not_picked":["ReplayReversal","Rampage"],"picked":"Spot Weakness","floor":4},{"not_picked":["conspire:Purge","Second Wind","Warcry"],"picked":"SKIP","floor":7},{"not_picked":["Abandon","Warcry"],"picked":"conspire:ExplosiveBarrier","floor":11},{"not_picked":["Wild Strike","Shrug It Off"],"picked":"Replay:Undeath\u0027s Touch","floor":14},{"not_picked":["Juggernaut","Berserk"],"picked":"conspire:HitWhereItHurts","floor":16},{"not_picked":["Iron Wave+1","ReplayTheSpireMod:Limb From Limb+1"],"picked":"Carnage+1","floor":18},{"not_picked":["ReplayTheSpireMod:Corrosion Curse","True Grit+1"],"picked":"Anger","floor":19},{"not_picked":["Iron Wave","Disarm"],"picked":"Twin Strike+1","floor":24},{"not_picked":["Sword Boomerang","Clothesline"],"picked":"Shrug It Off","floor":28},{"not_picked":["Flex","Wild Strike"],"picked":"Run Through+1","floor":29},{"not_picked":["Clothesline","ReplayTheSpireMod:Strike From Hell"],"picked":"Heavy Blade","floor":30}],"player_experience":485535,"relics_obtained":[{"floor":5,"key":"Paper Frog"},{"floor":7,"key":"King of Hearts"},{"floor":9,"key":"Nunchaku"},{"floor":10,"key":"ReplayTheSpireMod:Ring of Addiction"},{"floor":10,"key":"ReplayTheSpireMod:Ring of Challenge"},{"floor":10,"key":"hubris:EmptyBottle"},{"floor":10,"key":"Chameleon Ring"},{"floor":14,"key":"Pen Nib"},{"floor":17,"key":"hubris:ToyBattleship"},{"floor":17,"key":"StrikeDummy"},{"floor":17,"key":"Runesmith:Locket"},{"floor":28,"key":"Simple Rune"}],"event_choices":[{"damage_healed":0,"gold_gain":0,"player_choice":"Bought 3 Potions","damage_taken":0,"max_hp_gain":0,"max_hp_loss":0,"event_name":"The Woman in Blue","floor":3,"gold_loss":0},{"cards_removed":["Normality"],"damage_healed":0,"gold_gain":0,"player_choice":"Offered Curse","damage_taken":0,"relics_obtained":["Spirit Poop"],"max_hp_gain":0,"max_hp_loss":0,"event_name":"Bonfire Elementals","floor":13,"gold_loss":0},{"damage_healed":0,"gold_gain":0,"player_choice":"Stole Relic","damage_taken":0,"relics_obtained":["TungstenRod"],"max_hp_gain":0,"max_hp_loss":0,"event_name":"Addict","floor":21,"gold_loss":0,"cards_obtained":["Shame"]},{"damage_healed":0,"gold_gain":0,"player_choice":"Paid Fearfully","damage_taken":0,"max_hp_gain":0,"max_hp_loss":0,"event_name":"Masked Bandits","floor":22,"gold_loss":48}],"is_beta":false,"boss_relics":[{"not_picked":["SacredBark","Abe\u0027s Treasure"],"picked":"Calling Bell"}],"items_purged_floors":[],"is_endless":false,"potions_floor_spawned":[7,14,16,19,29],"killed_by":"Book of Stabbing","ascension_level":5}}