{"host":"9l1knhxfturzliqa","time":1610092713,"event":{"mods":["BaseMod","Colored Map","Colored Powertips","DeckTracker","Highlight Path","Keyboard Shortcuts","Minty Spire (QoL Compilation)","Random Character Button"],"gold_per_floor":[109,129,143,158,174,174,188,113,158,158,186,37,47,66,66,66,66],"floor_reached":16,"playtime":1570,"items_purged":["Strike_G"],"score":170,"play_id":"e597977d-71b3-4753-9859-65f332b80e76","local_time":"20210108165833","is_ascension_mode":true,"campfire_choices":[{"data":"Blur","floor":6,"key":"SMITH"},{"floor":15,"key":"REST"}],"circlet_count":0,"master_deck":["AscendersBane","Strike_G","Strike_G","Defend_G","Defend_G","Defend_G","Defend_G","Survivor","Neutralize","Calculated Gamble","Leg Sweep","Dagger Throw","Blur+1","Dodge and Roll","Backflip","Reflex","PiercingWail","Cloak And Dagger","Glass Knife"],"relics":["Ring of the Snake","Centennial Puzzle","Darkstone Periapt","Membership Card"],"acts_visited":["Exordium"],"potions_floor_usage":[11,13,14,16],"damage_taken":[{"damage":1.0,"enemies":"Jaw Worm","floor":1.0,"turns":6.0},{"damage":2.0,"enemies":"Cultist","floor":2.0,"turns":4.0},{"damage":0.0,"enemies":"2 Louse","floor":3.0,"turns":4.0},{"damage":11.0,"enemies":"Red Slaver","floor":4.0,"turns":7.0},{"damage":17,"enemies":"Exordium Thugs","floor":5,"turns":9},{"damage":1,"enemies":"Exordium Wildlife","floor":7,"turns":7},{"damage":6,"enemies":"3 Sentries","floor":11,"turns":16},{"damage":3,"enemies":"Gremlin Gang","floor":13,"turns":5},{"damage":0,"enemies":"2 Fungi Beasts","floor":14,"turns":5},{"damage":30,"enemies":"Hexaghost","floor":16,"turns":16}],"seed_played":"-6061808677259244807","potions_obtained":[{"floor":5,"key":"Poison Potion"},{"floor":7,"key":"Poison Potion"},{"floor":11,"key":"Fire Potion"},{"floor":14,"key":"LiquidMemories"}],"is_trial":false,"path_per_floor":["M","M","M","M","M","R","M","$","T","?","E","$","M","M","R","B"],"character_chosen":"THE_SILENT","items_purchased":["Membership Card"],"campfire_rested":1,"item_purchase_floors":[12],"current_hp_per_floor":[44,42,42,31,14,14,13,13,13,13,7,7,4,4,25,0,0],"gold":66,"neow_bonus":"TRANSFORM_TWO_CARDS","is_daily":false,"chose_seed":false,"campfire_upgraded":1,"win_rate":0.0,"timestamp":1610092713,"path_taken":["M","M","M","M","M","R","M","$","T","?","E","?","M","M","R","BOSS"],"items_purchased_type":["Relic"],"build_version":"2020-12-22","purchased_purges":1,"victory":false,"max_hp_per_floor":[70,70,70,70,70,70,70,70,70,70,70,70,70,70,70,70,70],"card_choices":[{"not_picked":["Dodge and Roll","Well Laid Plans"],"picked":"Dagger Throw","floor":1.0},{"not_picked":["Crippling Poison","Blur","Blade Dance"],"picked":"SKIP","floor":2.0},{"not_picked":["Crippling Poison","Blade Dance"],"picked":"Blur","floor":2.0},{"not_picked":["Bane","Acrobatics","Slice"],"picked":"SKIP","floor":3.0},{"not_picked":["Riddle With Holes","All Out Attack"],"picked":"Dodge and Roll","floor":4.0},{"not_picked":["Deadly Poison","Prepared"],"picked":"Backflip","floor":5},{"not_picked":["Catalyst","Endless Agony"],"picked":"Reflex","floor":7},{"not_picked":["Quick Slash","Backstab"],"picked":"PiercingWail","floor":11},{"not_picked":["Sucker Punch","Outmaneuver"],"picked":"Cloak And Dagger","floor":13},{"not_picked":["Outmaneuver","PiercingWail"],"picked":"Glass Knife","floor":14}],"player_experience":379230,"relics_obtained":[{"floor":9,"key":"Centennial Puzzle"},{"floor":11,"key":"Darkstone Periapt"}],"event_choices":[{"cards_removed":["Strike_G"],"damage_healed":0,"gold_gain":0,"player_choice":"Purged","damage_taken":0,"max_hp_gain":0,"max_hp_loss":0,"event_name":"Purifier","floor":10,"gold_loss":0}],"is_beta":false,"boss_relics":[],"items_purged_floors":[8],"is_endless":false,"potions_floor_spawned":[5,7,11,14],"killed_by":"Hexaghost","ascension_level":12}}