{"host":"ty2cix8xj6r3ad26","time":1610141542,"event":{"mods":["AchievementEnabler","BaseMod","BetterRewards","Minty Spire (QoL Compilation)","Replay The Spire","StSLib","SuperFastMode","The Cursed","The Disciple"],"gold_per_floor":[112,112,124,52,72,72,98,98,174,174,174,185,185,200,200,299,299,318,318,233,85,85,85,102,102,102,122,148,163,190,200,200,301,301,315,345,345,365,22,22,54,54,54,82,82,102,130,184,184,184,184],"floor_reached":50,"playtime":5785,"items_purged":["TheCursedMod:Strike_TheCursed","TheCursedMod:Defend_TheCursed","Overencumbered"],"score":1143,"play_id":"703cb0f2-e58b-40cb-8409-938c03fb7c5c","local_time":"20210108233222","is_ascension_mode":true,"campfire_choices":[{"data":"TheCursedMod:CleanUpWorkshop","floor":6.0,"key":"SMITH"},{"data":"TheCursedMod:CursedWand","floor":10.0,"key":"SMITH"},{"data":"TheCursedMod:LuckyCharm","floor":13.0,"key":"SMITH"},{"data":"TheCursedMod:PrepareRite","floor":15.0,"key":"SMITH"},{"data":"TheCursedMod:SpitefulPlan","floor":23.0,"key":"SMITH"},{"data":"TheCursedMod:SoulCrush","floor":25.0,"key":"SMITH"},{"floor":32.0,"key":"RECALL"},{"data":"TheCursedMod:CircleOfAbyss","floor":40,"key":"SMITH"},{"data":"TheCursedMod:StunningStrike","floor":42,"key":"SMITH"},{"data":"TheCursedMod:ReleasedKnowledge","floor":49,"key":"SMITH"}],"circlet_count":0,"master_deck":["TheCursedMod:Strike_TheCursed","TheCursedMod:Strike_TheCursed","TheCursedMod:Strike_TheCursed+1","TheCursedMod:Defend_TheCursed+1","TheCursedMod:Defend_TheCursed","TheCursedMod:CursedWand+1","TheCursedMod:CleanUpWorkshop+1","TheCursedMod:Dregs","Master of Strategy","TheCursedMod:SoulCrush+1","TheCursedMod:CursedAmulet+1","Decay","TheCursedMod:SoulReap","TheCursedMod:LuckyCharm+1","TheCursedMod:PrepareRite+1","TheCursedMod:SmokeScreen","TheCursedMod:LuckyCharm","TheCursedMod:StunningStrike+1","TheCursedMod:SpitefulPlan+1","TheCursedMod:Evocation+1","TheCursedMod:CircleOfAbyss+1","TheCursedMod:LuckyCharm","Parasite","TheCursedMod:BloodBarrier","Madness+1","Madness","TheCursedMod:CircleOfAmplification+1","TheCursedMod:CircleOfCorruption+1","TheCursedMod:ReleasedKnowledge+1","TheCursedMod:FuryStrike+1","TheCursedMod:HellfireBreathing","TheCursedMod:SurpriseAttack"],"relics":["TheCursedMod:BlackMagic101","Replay:Ringing Soul","Mummified Hand","MealTicket","Cursed Key","Snack Pack","Bronze Scales","Garlic","Smiling Mask","HornCleat","Honey Jar","Incense Burner","Happy Flower","Omamori","Replay:Bottled Snecko","Replay:Towering Pillar of Hats","War Paint","Eternal Feather","TheCursedMod:MagicCandle"],"acts_visited":["Exordium","TheCity","TheBeyond"],"potions_floor_usage":[33,33,44],"damage_taken":[{"damage":5.0,"enemies":"Small Slimes","floor":1.0,"turns":3.0},{"damage":0.0,"enemies":"Cultist","floor":3.0,"turns":3.0},{"damage":0.0,"enemies":"Jaw Worm","floor":5.0,"turns":4.0},{"damage":5.0,"enemies":"3 Sentries","floor":7.0,"turns":13.0},{"damage":0.0,"enemies":"Looter","floor":12.0,"turns":4.0},{"damage":1.0,"enemies":"Exordium Wildlife","floor":14.0,"turns":5.0},{"damage":2.0,"enemies":"The Guardian","floor":16.0,"turns":12.0},{"damage":0.0,"enemies":"2 Thieves","floor":18.0,"turns":4.0},{"damage":0.0,"enemies":"Chosen","floor":24.0,"turns":4.0},{"damage":0.0,"enemies":"3 Cultists","floor":27.0,"turns":5.0},{"damage":0.0,"enemies":"Replay:Snechameleon","floor":28.0,"turns":5.0},{"damage":0.0,"enemies":"Shelled Parasite and Fungi","floor":29.0,"turns":5.0},{"damage":0.0,"enemies":"Slavers","floor":30.0,"turns":7.0},{"damage":0.0,"enemies":"Sentry and Sphere","floor":31.0,"turns":6.0},{"damage":8,"enemies":"Pondfish","floor":33,"turns":10},{"damage":0,"enemies":"3 Shapes","floor":35,"turns":6},{"damage":0,"enemies":"Orb Walker","floor":38,"turns":4},{"damage":0,"enemies":"Giant Head","floor":41,"turns":11},{"damage":0,"enemies":"R_Hoarder","floor":44,"turns":5},{"damage":0,"enemies":"Spire Growth","floor":46,"turns":6},{"damage":0,"enemies":"Nemesis","floor":47,"turns":9},{"damage":2,"enemies":"2 Orb Walkers","floor":48,"turns":5},{"damage":0,"enemies":"Awakened One","floor":50,"turns":7}],"seed_played":"-5506488572829476875","potions_obtained":[{"floor":1.0,"key":"GamblersBrew"},{"floor":7.0,"key":"Block Potion"},{"floor":16.0,"key":"DistilledChaos"},{"floor":24.0,"key":"ColorlessPotion"},{"floor":28.0,"key":"LiquidMemories"},{"floor":29.0,"key":"LifebloodPotion"},{"floor":31.0,"key":"Languid Potion"},{"floor":41,"key":"PowerPotion"}],"is_trial":false,"path_per_floor":["M","?","M","$","M","R","E","$","T","R","?","M","R","M","R","B",null,"M","?","?","$","?","R","M","R","T","M","E","M","E","M","R","B",null,"M","?","?","M","$","R","E","R","T","E","?","M","E","?","R","B"],"character_chosen":"THE_CURSED","items_purchased":["Master of Strategy","TheCursedMod:SoulCrush","Replay:Ringing Soul","Mummified Hand","TheCursedMod:CursedAmulet","TheCursedMod:LuckyCharm","Bronze Scales","Happy Flower","Omamori"],"campfire_rested":0,"item_purchase_floors":[0,0,0,0,0,4,21,39,39],"current_hp_per_floor":[33,36,39,42,50,50,53,68,68,68,49,54,54,61,61,67,99,99,102,102,102,81,81,88,88,91,98,107,110,113,113,113,116,116,119,122,110,120,128,128,131,131,131,134,134,137,140,143,143,143,143],"gold":184,"neow_bonus":"","is_daily":false,"chose_seed":false,"campfire_upgraded":9,"win_rate":0.0,"timestamp":1610141542,"path_taken":["M","?","M","?","M","R","E","$","T","R","?","?","R","M","R","BOSS","M","?","?","$","?","R","M","R","T","M","E","M","E","M","R","BOSS","M","?","?","M","$","R","E","R","T","E","?","?","E","?","R","BOSS"],"items_purchased_type":["Card","Card","Relic","Relic","Card","Card","Relic","Relic","Relic"],"build_version":"2020-12-22","purchased_purges":3,"victory":false,"max_hp_per_floor":[78,81,84,87,90,90,93,93,93,93,93,93,93,96,96,99,99,99,102,102,102,107,107,107,107,110,110,110,110,113,113,113,116,116,119,122,125,128,128,128,131,131,131,134,134,137,140,143,143,143,143],"card_choices":[{"not_picked":["TheCursedMod:RapidMovement","TheCursedMod:Wield","TheCursedMod:VitalStrike"],"picked":"SKIP","floor":1.0},{"not_picked":["TheCursedMod:CircleOfFlame","TheCursedMod:Grudge"],"picked":"TheCursedMod:SoulReap","floor":3.0},{"not_picked":["TheCursedMod:ManaCirculation","TheCursedMod:CursedBlade"],"picked":"TheCursedMod:PrepareRite","floor":5.0},{"not_picked":["TheCursedMod:BloodBarrier","TheCursedMod:Obscuration"],"picked":"TheCursedMod:SmokeScreen","floor":7.0},{"not_picked":["TheCursedMod:FleshFromBone","TheCursedMod:CursedArmor","TheCursedMod:CursedShiv"],"picked":"SKIP","floor":12.0},{"not_picked":["TheCursedMod:SpitefulPray","TheCursedMod:Obscuration"],"picked":"TheCursedMod:LuckyCharm","floor":14.0},{"not_picked":["TheCursedMod:OutForBlood","TheCursedMod:Neurasthenia"],"picked":"TheCursedMod:StunningStrike","floor":16.0},{"not_picked":["TheCursedMod:Stigma","TheCursedMod:SmokeScreen","TheCursedMod:RavingStaff"],"picked":"SKIP","floor":18.0},{"not_picked":["TheCursedMod:CircleOfWindfury","TheCursedMod:Torture","TheCursedMod:AbyssShockwave"],"picked":"SKIP","floor":24.0},{"not_picked":["TheCursedMod:RapidMovement","TheCursedMod:CursedShiv+1","TheCursedMod:Stretching"],"picked":"SKIP","floor":27.0},{"not_picked":["TheCursedMod:Torture","TheCursedMod:SpitefulPray","TheCursedMod:TroublousMinions"],"picked":"SKIP","floor":28.0},{"not_picked":["TheCursedMod:ManaBullet","TheCursedMod:CursedArmor+1","TheCursedMod:DoubleShield"],"picked":"SKIP","floor":29.0},{"not_picked":["TheCursedMod:PrepareRite+1","TheCursedMod:CursedMace+1"],"picked":"TheCursedMod:Evocation+1","floor":30.0},{"not_picked":["TheCursedMod:FuryStrike","TheCursedMod:SoulReap","TheCursedMod:SmokeScreen"],"picked":"SKIP","floor":31.0},{"not_picked":["TheCursedMod:CursedRelics","TheCursedMod:UltimatePain"],"picked":"TheCursedMod:CircleOfAbyss","floor":33},{"not_picked":["TheCursedMod:CursedMace","TheCursedMod:SaltUponWound","TheCursedMod:Wield"],"picked":"TheCursedMod:LuckyCharm","floor":35},{"not_picked":["TheCursedMod:Obscuration+1","TheCursedMod:VitalStrike+1","TheCursedMod:CursedAmulet+1"],"picked":"TheCursedMod:BloodBarrier","floor":36},{"not_picked":["TheCursedMod:CircleOfFlame+1","TheCursedMod:FleshFromBone","TheCursedMod:Grudge"],"picked":"TheCursedMod:CircleOfAmplification+1","floor":38},{"not_picked":["TheCursedMod:Stigma","TheCursedMod:TacticalStrike+1","TheCursedMod:Mangle+1"],"picked":"TheCursedMod:CircleOfCorruption+1","floor":41},{"not_picked":["TheCursedMod:Torture+1","TheCursedMod:ManaBullet","TheCursedMod:TacticalStrike"],"picked":"TheCursedMod:ReleasedKnowledge","floor":44},{"not_picked":["TheCursedMod:Torture","TheCursedMod:Obscuration","TheCursedMod:SmokeScreen"],"picked":"TheCursedMod:FuryStrike+1","floor":46},{"not_picked":["TheCursedMod:FleshFromBone+1","TheCursedMod:CircleOfCorruption","TheCursedMod:TroublousMinions+1"],"picked":"TheCursedMod:HellfireBreathing","floor":47},{"not_picked":["TheCursedMod:AbyssShockwave","TheCursedMod:Hemoplague","TheCursedMod:Obscuration"],"picked":"TheCursedMod:SurpriseAttack","floor":48}],"player_experience":459400,"relics_obtained":[{"floor":7.0,"key":"MealTicket"},{"floor":26.0,"key":"Garlic"},{"floor":28.0,"key":"Smiling Mask"},{"floor":30.0,"key":"HornCleat"},{"floor":36,"key":"Incense Burner"},{"floor":41,"key":"Replay:Bottled Snecko"},{"floor":43,"key":"Replay:Towering Pillar of Hats"},{"floor":44,"key":"War Paint"},{"floor":47,"key":"Eternal Feather"},{"floor":48,"key":"TheCursedMod:MagicCandle"}],"event_choices":[{"damage_healed":0.0,"max_hp_gain":0.0,"max_hp_loss":0.0,"gold_gain":0.0,"event_name":"Wheel of Change","player_choice":"Cursed","floor":2.0,"gold_loss":0.0,"damage_taken":0.0,"cards_obtained":["Decay"]},{"damage_healed":0.0,"max_hp_gain":0.0,"max_hp_loss":0.0,"gold_gain":0.0,"event_name":"Shining Light","player_choice":"Entered Light","floor":11.0,"gold_loss":0.0,"damage_taken":19.0,"cards_upgraded":["TheCursedMod:CursedAmulet","TheCursedMod:Strike_TheCursed"]},{"damage_healed":0.0,"max_hp_gain":0.0,"max_hp_loss":0.0,"gold_gain":0.0,"event_name":"The Library","player_choice":"Read","floor":19.0,"gold_loss":0.0,"damage_taken":0.0,"cards_obtained":["TheCursedMod:SpitefulPlan"]},{"damage_healed":0.0,"max_hp_gain":0.0,"max_hp_loss":0.0,"gold_gain":0.0,"event_name":"Addict","player_choice":"Obtained Relic","floor":20.0,"gold_loss":85.0,"damage_taken":0.0,"relics_obtained":["Snack Pack"]},{"damage_healed":0.0,"max_hp_gain":5.0,"max_hp_loss":0.0,"gold_gain":0.0,"event_name":"Forgotten Altar","player_choice":"Shed Blood","floor":22.0,"gold_loss":0.0,"damage_taken":26.0},{"damage_healed":0,"gold_gain":0,"player_choice":"Embrace Madness","damage_taken":15,"max_hp_gain":0,"max_hp_loss":0,"event_name":"Winding Halls","floor":37,"gold_loss":0,"cards_obtained":["Madness","Madness"]},{"cards_removed":["TheCursedMod:Defend_TheCursed"],"damage_healed":0,"gold_gain":0,"player_choice":"Removed Skill","damage_taken":0,"max_hp_gain":0,"max_hp_loss":0,"event_name":"Falling","floor":45,"gold_loss":0},{"damage_healed":0,"gold_gain":0,"player_choice":"Fight","damage_taken":0,"max_hp_gain":0,"max_hp_loss":0,"event_name":"Mysterious Sphere","floor":48,"gold_loss":0}],"is_beta":false,"boss_relics":[{"not_picked":["Replay:Drink Me","Replay:Bronze Core"],"picked":"Cursed Key"},{"not_picked":["Black Star","Fusion Hammer"],"picked":"Honey Jar"}],"items_purged_floors":[0,0,39],"is_endless":false,"potions_floor_spawned":[1,7,16,24,28,29,31,41],"killed_by":"Awakened One","ascension_level":1}}