{"host":"2se5dq1do2gp0x9k","time":1610077185,"event":{"mods":["AchievementEnabler","BaseMod","Block Reminder","Colored Map","Colored Powertips","Minty Spire (QoL Compilation)","Relic Stats","StSLib","SuperFastMode"],"gold_per_floor":[118,138,20,20,20,20,95,75,143,154,481,493,493,505,505,578,578,589,601,601,601],"floor_reached":20,"playtime":798,"items_purged":[],"score":392,"play_id":"02d5d741-dda1-4a52-b4b1-a43b1e4d7fc1","local_time":"20210107193945","is_ascension_mode":true,"campfire_choices":[{"data":"Eruption","floor":6.0,"key":"SMITH"},{"floor":13,"key":"REST"},{"data":"Conclude","floor":15,"key":"SMITH"}],"circlet_count":0,"master_deck":["AscendersBane","Strike_P","Strike_P","Strike_P","Defend_P+1","Defend_P","Defend_P","Defend_P","Eruption+1","Vigilance","CutThroughFate","CutThroughFate","Wireheading","ThirdEye","Injury","Prostrate+1","DevaForm","JustLucky","Conclude+1","LessonLearned","SandsOfTime","Crescendo"],"relics":["Cursed Key","TeardropLocket","Old Coin","Sozu"],"acts_visited":["Exordium","TheCity"],"potions_floor_usage":[11],"damage_taken":[{"damage":5.0,"enemies":"2 Louse","floor":1.0,"turns":4.0},{"damage":2.0,"enemies":"Cultist","floor":2.0,"turns":4.0},{"damage":0.0,"enemies":"Small Slimes","floor":10.0,"turns":3.0},{"damage":20,"enemies":"3 Sentries","floor":11,"turns":14},{"damage":0,"enemies":"Blue Slaver","floor":12,"turns":4},{"damage":11,"enemies":"Large Slime","floor":14,"turns":7},{"damage":0,"enemies":"Slime Boss","floor":16,"turns":7},{"damage":11,"enemies":"Spheric Guardian","floor":18,"turns":5},{"damage":12,"enemies":"Shell Parasite","floor":19,"turns":4},{"damage":35,"enemies":"Snake Plant","floor":20,"turns":3}],"seed_played":"-4549649824466162494","potions_obtained":[{"floor":1.0,"key":"SkillPotion"},{"floor":8.0,"key":"GamblersBrew"}],"is_trial":false,"path_per_floor":["M","M","$","?","?","R","?","?","T","M","E","M","R","M","R","B",null,"M","M","M"],"character_chosen":"WATCHER","items_purchased":["Wireheading","ThirdEye"],"campfire_rested":1,"item_purchase_floors":[3,3],"current_hp_per_floor":[56,54,54,47,47,47,36,36,36,36,16,16,36,25,25,25,57,46,34,0,0],"gold":601,"neow_bonus":"BOSS_RELIC","is_daily":false,"chose_seed":false,"campfire_upgraded":2,"win_rate":0.0,"timestamp":1610077185,"path_taken":["M","M","$","?","?","R","?","?","T","M","E","?","R","M","R","BOSS","M","M","?"],"items_purchased_type":["Card","Card"],"build_version":"2020-12-22","purchased_purges":0,"victory":false,"max_hp_per_floor":[68,68,68,68,68,68,68,68,68,68,68,68,68,68,68,68,68,68,68,68,68],"relic_stats":{"Sozu":1,"counters":[10,55],"Cursed Key":1,"obtain_stats":[{"Sozu":17,"TeardropLocket":9,"PureWater":0,"Cursed Key":0,"Old Coin":11},{"Sozu":7,"TeardropLocket":2,"PureWater":0,"Cursed Key":0,"Old Coin":4},{"Sozu":43,"TeardropLocket":8,"PureWater":0,"Cursed Key":0,"Old Coin":25}]},"card_choices":[{"not_picked":["Nirvana","Evaluate"],"picked":"CutThroughFate","floor":1.0},{"not_picked":["ThirdEye","SashWhip"],"picked":"CutThroughFate","floor":2.0},{"not_picked":["Evaluate","FlyingSleeves"],"picked":"Prostrate","floor":10.0},{"not_picked":["Halt","EmptyFist"],"picked":"DevaForm","floor":11},{"not_picked":["Perseverance","SashWhip"],"picked":"JustLucky","floor":12},{"not_picked":["DeceiveReality","LikeWater"],"picked":"Conclude","floor":14},{"not_picked":["Alpha","Wish"],"picked":"LessonLearned","floor":16},{"not_picked":["BowlingBash","EmptyFist"],"picked":"SandsOfTime","floor":18},{"not_picked":["Indignation","SashWhip"],"picked":"Crescendo","floor":19}],"player_experience":3800228,"relics_obtained":[{"floor":9.0,"key":"TeardropLocket"},{"floor":11,"key":"Old Coin"}],"event_choices":[{"cards_removed":["Strike_P"],"damage_healed":0.0,"max_hp_gain":0.0,"max_hp_loss":0.0,"gold_gain":0.0,"event_name":"Golden Wing","player_choice":"Card Removal","floor":4.0,"gold_loss":0.0,"damage_taken":7.0},{"damage_healed":0.0,"max_hp_gain":0.0,"max_hp_loss":0.0,"gold_gain":0.0,"event_name":"Liars Game","player_choice":"Ignored","floor":5.0,"gold_loss":0.0,"damage_taken":0.0},{"damage_healed":0.0,"max_hp_gain":0.0,"max_hp_loss":0.0,"gold_gain":75.0,"event_name":"World of Goop","player_choice":"Gather Gold","floor":7.0,"gold_loss":0.0,"damage_taken":11.0},{"damage_healed":0.0,"max_hp_gain":0.0,"max_hp_loss":0.0,"gold_gain":0.0,"event_name":"The Woman in Blue","player_choice":"Bought 1 Potion","floor":8.0,"gold_loss":0.0,"damage_taken":0.0}],"is_beta":false,"boss_relics":[{"not_picked":["Fusion Hammer","Velvet Choker"],"picked":"Sozu"}],"items_purged_floors":[],"is_endless":false,"potions_floor_spawned":[1,10,19],"killed_by":"Snake Plant","ascension_level":15}}