{"host":"56ghxnzsglgdq727","time":1610117532,"event":{"mods":["AchievementEnabler","BaseMod","Downfall","Duelist Mod","Hermit","Minty Spire (QoL Compilation)","Rare Cards Sparkle","SOS???????","StSLib","The Bug Knight","The Senshi","The Servant 0.9.4","The Wild Card","Yuri Mod"],"gold_per_floor":[110,110,110,65,120,120,120,189,213,59,145,215,215,267,267,267,267],"floor_reached":16,"playtime":415,"items_purged":[],"score":92,"play_id":"d25fb951-15b1-4798-9b1d-d124b959f3ba","local_time":"20210108095212","is_ascension_mode":false,"campfire_choices":[{"data":"EbonyIvory","floor":6,"key":"SMITH"},{"data":"Shoot","floor":13,"key":"SMITH"},{"floor":15,"key":"REST"}],"circlet_count":0,"master_deck":["Attack_a","Attack_a","Attack_b","Shoot+1","Shoot","Provocation","Defend_Dante","Defend_Dante","Defend_Dante","Defend_Dante","Redorb+1","Whiteorb","EbonyIvory+1","EbonyIvory","Pandora"],"relics":["SSS","Combocheck","NeowsBlessing","Vajra","Juzu Bracelet"],"acts_visited":["Exordium"],"potions_floor_usage":[12,12],"damage_taken":[{"damage":0,"enemies":"Cultist","floor":1,"turns":1},{"damage":0,"enemies":"2 Louse","floor":5,"turns":1},{"damage":0,"enemies":"Jaw Worm","floor":8,"turns":1},{"damage":18,"enemies":"2 Fungi Beasts","floor":11,"turns":5},{"damage":27,"enemies":"Gremlin Gang","floor":12,"turns":4},{"damage":12,"enemies":"Red Slaver","floor":14,"turns":4},{"damage":34,"enemies":"The Guardian","floor":16,"turns":5}],"seed_played":"-291733232896560025","potions_obtained":[{"floor":1,"key":"Block Potion"},{"floor":11,"key":"PowerPotion"}],"is_trial":false,"path_per_floor":["M","?","?","$","M","R","?","M","T","$","M","M","R","M","R","B"],"character_chosen":"DANTE","items_purchased":["EbonyIvory","Juzu Bracelet"],"campfire_rested":1,"item_purchase_floors":[4,10],"current_hp_per_floor":[80,85,85,85,85,85,85,85,85,85,67,40,40,28,53,19,19],"gold":267,"neow_bonus":"THREE_ENEMY_KILL","is_daily":false,"chose_seed":false,"campfire_upgraded":2,"win_rate":0.0,"timestamp":1610117532,"path_taken":["M","?","?","?","M","R","?","?","T","$","M","M","R","M","R","BOSS"],"items_purchased_type":["Card","Relic"],"build_version":"2020-12-22","purchased_purges":0,"victory":false,"max_hp_per_floor":[80,85,85,85,85,85,85,85,85,85,85,85,85,85,85,85,85],"card_choices":[{"not_picked":["Gunstinger","DevilstarS"],"picked":"Whiteorb","floor":1},{"not_picked":["Millionstab","Weaponupgrade"],"picked":"EbonyIvory","floor":5},{"not_picked":["DevilstarS","Dash2","LucifercomboD"],"picked":"SKIP","floor":8},{"not_picked":["Lucifer","BeastUppercut","Dash2"],"picked":"SKIP","floor":11},{"not_picked":["Unrisingdragon","Royaldefend","DT"],"picked":"SKIP","floor":12},{"not_picked":["DevilstarS","Unrisingdragon","EbonyIvory"],"picked":"SKIP","floor":14}],"player_experience":194285,"relics_obtained":[{"floor":9,"key":"Vajra"}],"event_choices":[{"damage_healed":0,"gold_gain":0,"player_choice":"Donut","damage_taken":0,"max_hp_gain":5,"max_hp_loss":0,"event_name":"Big Fish","floor":2,"gold_loss":0},{"damage_healed":0,"gold_gain":0,"player_choice":"Grow","damage_taken":0,"max_hp_gain":0,"max_hp_loss":0,"event_name":"Living Wall","floor":3,"gold_loss":0,"cards_upgraded":["Redorb"]},{"damage_healed":0,"gold_gain":0,"player_choice":"1 cards matched","damage_taken":0,"max_hp_gain":0,"max_hp_loss":0,"event_name":"Match and Keep!","floor":7,"gold_loss":0,"cards_obtained":["Pandora"]}],"is_beta":false,"boss_relics":[],"items_purged_floors":[],"is_endless":false,"potions_floor_spawned":[1,11],"killed_by":"The Guardian","ascension_level":0}}