{"host":"ueaobptuyu87ouwy","time":1610118623,"event":{"mods":["Aspiration","Bard","BaseMod","Better Altar","Better Match","Better Note","Better Sensory Stone","Better Skull","Better Third Choice","BetterRewards","CCEM","Colored Map","Conspire","Downfall","GifTheSpireLib","GungeonMod","Halation","Hermit","Highlight Path","Hubris","Infinite Spire","Jedi Mod","Jorbs\u0027s Wanderer Trilogy","Marisa????????","Marked Mod","Mimic Mod","Minty Spire (QoL Compilation)","Permanent Neow","Replay The Spire","Shop Mod","Small Relic Pack","StSLib","Stuff the Spire","The Runesmith","Unceasing Turn Reminder","everything is the same but u backflip on backflip","slay the spire mod where everything is the same but ironclad has a cowboy hat"],"gold_per_floor":[115,132,144,144,144,144,144],"floor_reached":6,"playtime":297,"items_purged":["ReplayTheSpireMod:Necrosis"],"score":38,"play_id":"d4d47c75-e98f-49e3-88e7-4c46b04fa10f","local_time":"20210108231023","is_ascension_mode":true,"campfire_choices":[],"circlet_count":0,"master_deck":["Defend_R","Defend_R","Bash","conspire:Charge","Battle Trance","relicPack:TruthCard","DemoMod:ThirdPartyController","StuffTheSpire:Purify"],"relics":["Burning Blood","relicPack:EdsArm","Snack Pack","ReplayTheSpireMod:TigerMarble"],"acts_visited":["Exordium"],"potions_floor_usage":[],"damage_taken":[{"damage":0,"enemies":"Cultist","floor":1,"turns":3},{"damage":0,"enemies":"2 Louse","floor":2,"turns":2},{"damage":6,"enemies":"Jaw Worm","floor":3,"turns":3},{"damage":56,"enemies":"3 Sentries","floor":6,"turns":6}],"seed_played":"-5047579167737301576","potions_obtained":[{"floor":2,"key":"Milkshake"}],"is_trial":false,"path_per_floor":["M","M","M","?","$","E"],"character_chosen":"IRONCLAD","items_purchased":["ReplayTheSpireMod:Private Reserves","Snack Pack","ReplayTheSpireMod:TigerMarble"],"campfire_rested":0,"item_purchase_floors":[0,5,5],"current_hp_per_floor":[68,74,74,74,43,0,0],"gold":144,"neow_bonus":"","is_daily":false,"chose_seed":false,"campfire_upgraded":0,"win_rate":0.0,"timestamp":1610118623,"path_taken":["M","M","?","?","?","E"],"items_purchased_type":["Card","Relic","Relic"],"build_version":"2020-12-13","purchased_purges":1,"victory":false,"max_hp_per_floor":[80,80,80,75,75,75,75],"card_choices":[{"not_picked":["ReplayReversal","StuffTheSpire:Incineration"],"picked":"conspire:Charge","floor":1},{"not_picked":["Dropkick","Perfected Strike","Havoc"],"picked":"SKIP","floor":2},{"not_picked":["Burning Pact","True Grit"],"picked":"Battle Trance","floor":3}],"player_experience":85480,"relics_obtained":[],"event_choices":[],"is_beta":false,"boss_relics":[],"items_purged_floors":[5],"is_endless":false,"potions_floor_spawned":[2],"killed_by":"3 Sentries","ascension_level":1}}