{"host":"nzm1i0l8mrsm8hd2","time":1610108621,"event":{"mods":["ATMod(阿瑾Mod)","Act Like it!","Arknights The Spire","Aspiration","BaseMod","Better Third Choice","Challenge The Spire","Conspire","Gensokyo","Jedi Mod","Minty Spire (QoL Compilation)","Pale of the Ancients","Quick Restart","RumiaBox-露米娅的神秘盒子","Spicy Shops","StSLib","The Jungle","TheHeartMod"],"gold_per_floor":[117,117,134,59,59,59,77,77,100,100,117,117,117,17,17,121,121,135,152,27,27,27],"floor_reached":21,"playtime":889,"items_purged":["theHeart:theHeartDefend","theHeart:theHeartCommonAttack","theHeart:theHeartCommonAttack"],"score":167,"play_id":"34711d3f-8fc7-483a-9d88-d8a9a56107fe","local_time":"20210108202341","is_ascension_mode":false,"campfire_choices":[{"data":"theHeart:EndlessHatred","floor":6.0,"key":"SMITH"},{"data":"AT_FamilyPortrait","floor":8.0,"key":"SMITH"},{"floor":10.0,"key":"RECALL"},{"data":"theHeart:Antibiotics","floor":13.0,"key":"SMITH"},{"floor":15.0,"key":"REST"}],"circlet_count":0,"master_deck":["theHeart:BloodDrop","theHeart:Scab","theHeart:theHeartDefend","theHeart:theHeartDefend","theHeart:theHeartDefend","theHeart:theHeartCommonAttack","AT_FamilyPortrait+1","theHeart:EndlessHatred+1","theHeart:QuantumEntanglement","theHeart:Antibiotics+1","theHeart:PrecisionCut"],"relics":["theHeart:BeatOfDeath","AT_ATBox","NeowsBlessing","Baka2","Potion Belt","Ccalipers","Black Star"],"acts_visited":["Exordium","Exordium"],"potions_floor_usage":[18,21],"damage_taken":[{"damage":0.0,"enemies":"Cultist","floor":1.0,"turns":2.0},{"damage":0.0,"enemies":"Jaw Worm","floor":3.0,"turns":1.0},{"damage":0.0,"enemies":"2 Louse","floor":7.0,"turns":1.0},{"damage":8.0,"enemies":"Red Slaver","floor":11.0,"turns":6.0},{"damage":55.0,"enemies":"The Guardian","floor":16.0,"turns":9.0},{"damage":23,"enemies":"theJungle:MUSHROOMGANG","floor":18,"turns":4},{"damage":6,"enemies":"theJungle:GiantWrat","floor":19,"turns":6},{"damage":46,"enemies":"theJungle:2_Flameangoes","floor":21,"turns":5}],"seed_played":"-6474099124349328163","potions_obtained":[{"floor":7.0,"key":"Dexterity Potion"},{"floor":11.0,"key":"SkillPotion"},{"floor":19,"key":"BlessingOfTheForge"}],"is_trial":false,"path_per_floor":["M","?","M","$","?","R","M","R","T","R","M","T","R","$","R","B",null,"M","M","$","M"],"character_chosen":"THE_HEART","items_purchased":[],"campfire_rested":1,"item_purchase_floors":[],"current_hp_per_floor":[75,68,68,68,68,68,68,68,68,68,60,60,60,60,75,23,75,52,46,46,0,0],"gold":27,"neow_bonus":"THREE_ENEMY_KILL","is_daily":false,"chose_seed":false,"campfire_upgraded":3,"win_rate":0.0,"timestamp":1610108621,"path_taken":["M","?","M","$","?","R","M","R","T","R","?","?","R","$","R","BOSS","M","M","$","M"],"items_purchased_type":[],"build_version":"2020-12-22","purchased_purges":3,"victory":false,"max_hp_per_floor":[75,75,75,75,75,75,75,75,75,75,75,75,75,75,75,75,75,75,75,75,75,75],"card_choices":[{"not_picked":["theHeart:Devour","theHeart:Embolism"],"picked":"theHeart:EndlessHatred","floor":1.0},{"not_picked":["theHeart:Crush","theHeart:Cyroablation","theHeart:CapillaryExchange"],"picked":"SKIP","floor":3.0},{"not_picked":["theHeart:Arrhythmia","theHeart:Tachycardia"],"picked":"theHeart:QuantumEntanglement","floor":7.0},{"not_picked":["theHeart:OxygenRichBlood","theHeart:Tachycardia"],"picked":"theHeart:Antibiotics","floor":11.0},{"not_picked":["theHeart:Enrage","theHeart:TotalHeartFailure"],"picked":"theHeart:PrecisionCut","floor":16.0},{"not_picked":["theHeart:TranquilRhythm","theHeart:HastyFortification","theHeart:ArterialFlow"],"picked":"SKIP","floor":18},{"not_picked":["theHeart:SpireGrowth","theHeart:Tachycardia","theHeart:CapillaryExchange"],"picked":"SKIP","floor":19}],"player_experience":563146,"relics_obtained":[{"floor":1.0,"key":"Baka"},{"floor":3.0,"key":"Baka2"},{"floor":9.0,"key":"Potion Belt"},{"floor":12.0,"key":"Ccalipers"}],"event_choices":[{"cards_removed":["theHeart:theHeartCommonAttack"],"damage_healed":0.0,"max_hp_gain":0.0,"max_hp_loss":0.0,"gold_gain":0.0,"event_name":"Golden Wing","player_choice":"Card Removal","floor":2.0,"gold_loss":0.0,"damage_taken":7.0},{"cards_removed":["theHeart:theHeartCommonAttack"],"damage_healed":0.0,"max_hp_gain":0.0,"max_hp_loss":0.0,"gold_gain":0.0,"event_name":"Bonfire Elementals","player_choice":"Offered Basic","floor":5.0,"gold_loss":0.0,"damage_taken":0.0}],"is_beta":false,"boss_relics":[{"not_picked":["Coffee Dripper","jedi:hotpepper"],"picked":"Black Star"}],"items_purged_floors":[4,14,20],"is_endless":false,"potions_floor_spawned":[7,11,16,19],"killed_by":"theJungle:2_Flameangoes","ascension_level":0}}