{"host":"sav7uxregyirlf69","time":1610077398,"event":{"mods":["AchievementEnabler","BaseMod","Colored Map","DeckTracker","Keyboard Shortcuts","Minty Spire (QoL Compilation)","READ ME - Guardian Mod","StSLib","SuperFastMode"],"gold_per_floor":[111,127,127,127,142,169,180,180,230,230,243,254,272,289,289,289,289],"floor_reached":16,"playtime":343,"items_purged":[],"score":212,"play_id":"0c28a48e-9714-41e1-b87c-92dd91eb52dc","local_time":"20210108124318","is_ascension_mode":true,"campfire_choices":[{"data":"ClearTheMind","floor":8,"key":"SMITH"},{"data":"Eruption","floor":10,"key":"SMITH"},{"data":"CrushJoints","floor":15,"key":"SMITH"}],"circlet_count":0,"master_deck":["AscendersBane","Strike_P","Strike_P","Defend_P","Defend_P","Defend_P","Eruption+1","Vigilance","FollowUp","ClearTheMind+1","Wallop","Fasting2","FlurryOfBlows","JustLucky","CrushJoints+1"],"relics":["PureWater","Yang"],"acts_visited":["Exordium"],"potions_floor_usage":[6],"damage_taken":[{"damage":9,"enemies":"Jaw Worm","floor":1,"turns":3},{"damage":0,"enemies":"2 Louse","floor":2,"turns":3},{"damage":0,"enemies":"Cultist","floor":5,"turns":3},{"damage":30,"enemies":"3 Sentries","floor":6,"turns":11},{"damage":6,"enemies":"Large Slime","floor":7,"turns":3},{"damage":1,"enemies":"Gremlin Gang","floor":11,"turns":4},{"damage":5,"enemies":"Exordium Wildlife","floor":12,"turns":3},{"damage":1,"enemies":"Blue Slaver","floor":13,"turns":3},{"damage":0,"enemies":"3 Louse","floor":14,"turns":3},{"damage":28,"enemies":"Hexaghost","floor":16,"turns":9}],"seed_played":"-2768599706977235732","potions_obtained":[{"floor":1,"key":"SkillPotion"},{"floor":6,"key":"LiquidMemories"},{"floor":13,"key":"ColorlessPotion"}],"is_trial":false,"path_per_floor":["M","M","?","?","M","E","M","R","T","R","M","M","M","M","R","B"],"character_chosen":"WATCHER","items_purchased":[],"campfire_rested":0,"item_purchase_floors":[],"current_hp_per_floor":[34,34,34,68,68,38,32,32,32,32,31,26,25,25,25,0,0],"gold":289,"neow_bonus":"TRANSFORM_TWO_CARDS","is_daily":false,"chose_seed":false,"campfire_upgraded":3,"win_rate":0.0,"timestamp":1610077398,"path_taken":["M","M","?","?","M","E","?","R","T","R","M","M","M","M","R","BOSS"],"items_purchased_type":[],"build_version":"2020-12-22","purchased_purges":0,"victory":false,"max_hp_per_floor":[68,68,68,68,68,68,68,68,68,68,68,68,68,68,68,68,68],"card_choices":[{"not_picked":["ClearTheMind","Consecrate"],"picked":"Wallop","floor":1},{"not_picked":["Weave","Protect","LikeWater"],"picked":"SKIP","floor":2},{"not_picked":["CutThroughFate","DeceiveReality"],"picked":"Fasting2","floor":5},{"not_picked":["Crescendo","InnerPeace"],"picked":"FlurryOfBlows","floor":6},{"not_picked":["EmptyFist","Protect","FlurryOfBlows"],"picked":"SKIP","floor":7},{"not_picked":["Indignation","Wish"],"picked":"JustLucky","floor":11},{"not_picked":["BowlingBash","WreathOfFlame","ClearTheMind"],"picked":"SKIP","floor":12},{"not_picked":["BowlingBash","WindmillStrike","FlyingSleeves"],"picked":"SKIP","floor":13},{"not_picked":["Vengeance","ClearTheMind"],"picked":"CrushJoints","floor":14}],"player_experience":1193059,"relics_obtained":[{"floor":6,"key":"Yang"}],"event_choices":[{"damage_healed":0,"gold_gain":0,"cards_transformed":["Strike_P"],"player_choice":"Change","damage_taken":0,"max_hp_gain":0,"max_hp_loss":0,"event_name":"Living Wall","floor":3,"gold_loss":0,"cards_obtained":["LikeWater"]},{"cards_removed":["LikeWater"],"damage_healed":34,"gold_gain":0,"player_choice":"Offered Uncommon","damage_taken":0,"max_hp_gain":0,"max_hp_loss":0,"event_name":"Bonfire Elementals","floor":4,"gold_loss":0}],"is_beta":false,"boss_relics":[],"items_purged_floors":[],"is_endless":false,"potions_floor_spawned":[1,6,13],"killed_by":"Hexaghost","ascension_level":20}}