{"host":"kh6fvhxn285ncg0o","time":1610115554,"event":{"mods":["Act Like it!","BaseMod","Colored Map","Friendly Minions","Keyboard Shortcuts","Minty Spire (QoL Compilation)","Quick Restart","Relic Stats","StSLib","SuperFastMode"],"gold_per_floor":[114,130,130,18,18,18,33,33,33,58,76,90,121,133,133,212,212,232,247,247,264,264,264,264,289,289,324,324,324,352,371,371,445,445,458,133,188,203,203,203,229,229,229,229,255,255,274,44,44,44,44,44,44,1,31,31,31],"floor_reached":56,"playtime":2205,"items_purged":["Strike_R","Reckless Charge"],"score":2042,"play_id":"3dee5ad5-f566-4350-baf8-f7dfa93d5c92","local_time":"20210108231914","is_ascension_mode":true,"campfire_choices":[{"data":"Flex","floor":6.0,"key":"SMITH"},{"data":"Feed","floor":8.0,"key":"SMITH"},{"data":"Battle Trance","floor":15.0,"key":"SMITH"},{"data":"Immolate","floor":23.0,"key":"SMITH"},{"data":"Rupture","floor":28.0,"key":"SMITH"},{"floor":32.0,"key":"REST"},{"data":"Dark Embrace","floor":40.0,"key":"SMITH"},{"data":"Rage","floor":42.0,"key":"SMITH"},{"data":"Seeing Red","floor":44.0,"key":"SMITH"},{"floor":49.0,"key":"RECALL"},{"data":"Shrug It Off","floor":53.0,"key":"SMITH"}],"circlet_count":0,"master_deck":["AscendersBane","Defend_R","Flex+1","Twin Strike","Feed+1","Battle Trance+1","Ghostly Armor","Offering","Immolate+1","Dark Embrace+1","Seeing Red+1","Rupture+1","Shrug It Off+1","Pain","Entrench+1","Juggernaut","Reaper","Ghostly Armor+1","Demon Form+1","True Grit+1","Rage+1","Pain","Pommel Strike+1"],"relics":["Burning Blood","The Courier","Ginger","Red Skull","Cursed Key","Centennial Puzzle","Mummified Hand","Paper Frog","PreservedInsect","Astrolabe","Akabeko","Art of War","Lizard Tail","Dream Catcher","Bird Faced Urn","Sundial","Pen Nib"],"acts_visited":["Exordium","TheCity","TheBeyond","TheEnding"],"potions_floor_usage":[56],"damage_taken":[{"damage":6.0,"enemies":"Small Slimes","floor":1.0,"turns":3.0},{"damage":0.0,"enemies":"Cultist","floor":2.0,"turns":2.0},{"damage":1.0,"enemies":"2 Louse","floor":7.0,"turns":3.0},{"damage":25.0,"enemies":"Lagavulin","floor":10.0,"turns":6.0},{"damage":1.0,"enemies":"Lots of Slimes","floor":11.0,"turns":4.0},{"damage":5.0,"enemies":"Red Slaver","floor":12.0,"turns":6.0},{"damage":25.0,"enemies":"3 Sentries","floor":13.0,"turns":14.0},{"damage":3.0,"enemies":"Blue Slaver","floor":14.0,"turns":5.0},{"damage":28.0,"enemies":"The Guardian","floor":16.0,"turns":13.0},{"damage":6.0,"enemies":"Spheric Guardian","floor":18.0,"turns":1.0},{"damage":7.0,"enemies":"2 Thieves","floor":19.0,"turns":2.0},{"damage":19.0,"enemies":"Cultist and Chosen","floor":21.0,"turns":5.0},{"damage":25.0,"enemies":"Slavers","floor":25.0,"turns":3.0},{"damage":16.0,"enemies":"Book of Stabbing","floor":27.0,"turns":2.0},{"damage":16.0,"enemies":"Gremlin Leader","floor":30.0,"turns":3.0},{"damage":22.0,"enemies":"Chosen and Byrds","floor":31.0,"turns":4.0},{"damage":59.0,"enemies":"Automaton","floor":33.0,"turns":7.0},{"damage":47.0,"enemies":"3 Darklings","floor":35.0,"turns":3.0},{"damage":32.0,"enemies":"2 Orb Walkers","floor":37.0,"turns":3.0},{"damage":33.0,"enemies":"3 Shapes","floor":38.0,"turns":6.0},{"damage":43.0,"enemies":"Reptomancer","floor":41.0,"turns":3.0},{"damage":55.0,"enemies":"Nemesis","floor":45.0,"turns":7.0},{"damage":64.0,"enemies":"Jaw Worm Horde","floor":47.0,"turns":4.0},{"damage":41.0,"enemies":"Awakened One","floor":50.0,"turns":9.0},{"damage":41.0,"enemies":"Donu and Deca","floor":51.0,"turns":6.0},{"damage":101.0,"enemies":"Shield and Spear","floor":55.0,"turns":6.0},{"damage":189,"enemies":"The Heart","floor":56,"turns":9}],"seed_played":"3582416344897259731","potions_obtained":[{"floor":10.0,"key":"SteroidPotion"},{"floor":11.0,"key":"LiquidBronze"},{"floor":13.0,"key":"AttackPotion"},{"floor":18.0,"key":"EssenceOfSteel"},{"floor":25.0,"key":"GamblersBrew"},{"floor":29.0,"key":"Fruit Juice"},{"floor":29.0,"key":"Swift Potion"},{"floor":31.0,"key":"GamblersBrew"},{"floor":45.0,"key":"SmokeBomb"}],"is_trial":false,"path_per_floor":["M","M","?","$","?","R","M","R","T","E","M","M","E","M","R","B",null,"M","M","?","M","?","R","?","E","T","E","R","?","E","M","R","B",null,"M","$","?","M","?","R","E","R","T","R","E","?","M","$","R","B","B",null,"R","$","E","B"],"character_chosen":"IRONCLAD","items_purchased":["Battle Trance","Akabeko","Art of War","Sundial","PowerPotion"],"campfire_rested":1,"item_purchase_floors":[4,36,36,48,54],"current_hp_per_floor":[68,68,68,68,68,68,71,71,71,52,61,66,47,54,54,32,70,74,77,77,68,68,68,68,49,49,43,43,43,37,25,63,10,87,112,112,99,108,108,108,115,115,115,115,66,66,83,83,83,106,130,132,132,132,103,40,40],"gold":31,"neow_bonus":"TRANSFORM_TWO_CARDS","is_daily":false,"chose_seed":false,"campfire_upgraded":9,"win_rate":0.0,"timestamp":1610115554,"path_taken":["M","M","?","?","?","R","?","R","T","E","M","M","E","M","R","BOSS","M","M","?","M","?","R","?","E","T","E","R","?","E","M","R","BOSS","M","$","?","M","?","R","E","R","T","R","E","?","?","?","R","BOSS","BOSS","R","$","E","BOSS"],"items_purchased_type":["Card","Relic","Relic","Relic","Potion"],"build_version":"2020-12-22","purchased_purges":2,"victory":false,"max_hp_per_floor":[68,68,68,68,68,68,71,71,71,71,75,79,79,83,83,83,83,87,91,91,95,95,95,95,95,95,99,99,99,103,107,112,112,112,112,112,112,116,116,116,120,120,120,120,120,120,124,124,124,128,132,132,132,132,136,136,136],"relic_stats":{"counters":[27,139],"Astrolabe":["Ghostly Armor","Demon Form","Hemokinesis"],"PreservedInsect":187,"Pen Nib":[1],"Ginger":[15],"Cursed Key":2,"Burning Blood":140,"Centennial Puzzle":[39],"Lizard Tail":68,"Dream Catcher":0,"Mummified Hand":[63],"Sundial":[26],"Bird Faced Urn":[38],"Art of War":[12],"obtain_stats":[{"Astrolabe":34,"The Courier":9,"PreservedInsect":30,"Pen Nib":55,"Ginger":10,"Cursed Key":17,"Burning Blood":0,"Akabeko":36,"Centennial Puzzle":25,"Lizard Tail":37,"Dream Catcher":41,"Mummified Hand":26,"Sundial":48,"Bird Faced Urn":45,"Art of War":36,"Red Skull":13,"Paper Frog":27},{"Astrolabe":17,"The Courier":3,"PreservedInsect":15,"Pen Nib":26,"Ginger":4,"Cursed Key":9,"Burning Blood":0,"Akabeko":18,"Centennial Puzzle":13,"Lizard Tail":19,"Dream Catcher":21,"Mummified Hand":13,"Sundial":23,"Bird Faced Urn":22,"Art of War":18,"Red Skull":7,"Paper Frog":14},{"Astrolabe":83,"The Courier":8,"PreservedInsect":72,"Pen Nib":130,"Ginger":14,"Cursed Key":56,"Burning Blood":0,"Akabeko":86,"Centennial Puzzle":67,"Lizard Tail":89,"Dream Catcher":98,"Mummified Hand":67,"Sundial":109,"Bird Faced Urn":105,"Art of War":86,"Red Skull":38,"Paper Frog":69}]},"card_choices":[{"not_picked":["Flex","Demon Form","Anger"],"picked":"SKIP","floor":7.0},{"not_picked":["Twin Strike","Perfected Strike","Warcry"],"picked":"SKIP","floor":10.0},{"not_picked":["Entrench","Clothesline"],"picked":"Ghostly Armor","floor":11.0},{"not_picked":["Perfected Strike","Pommel Strike","Sever Soul"],"picked":"SKIP","floor":12.0},{"not_picked":["Iron Wave","Armaments","Anger"],"picked":"SKIP","floor":13.0},{"not_picked":["Flex","Entrench"],"picked":"Offering","floor":14.0},{"not_picked":["Brutality","Feed"],"picked":"Immolate","floor":16.0},{"not_picked":["Dropkick","Headbutt","Armaments"],"picked":"SKIP","floor":18.0},{"not_picked":["Battle Trance","Inflame"],"picked":"Dark Embrace","floor":19.0},{"not_picked":["Blood for Blood","Body Slam"],"picked":"Seeing Red","floor":21.0},{"not_picked":["Sever Soul","Rupture"],"picked":"Shrug It Off","floor":25.0},{"not_picked":["Body Slam+1","Fire Breathing+1"],"picked":"Entrench+1","floor":27.0},{"not_picked":["Shrug It Off+1","Disarm"],"picked":"Juggernaut","floor":30.0},{"not_picked":["Warcry","Thunderclap","Berserk"],"picked":"SKIP","floor":31.0},{"not_picked":["Limit Break","Impervious"],"picked":"Reaper","floor":33.0},{"not_picked":["Heavy Blade+1","Clothesline","Twin Strike+1"],"picked":"SKIP","floor":35.0},{"not_picked":["Whirlwind","Sever Soul+1"],"picked":"True Grit+1","floor":37.0},{"not_picked":["Flex","Twin Strike","Headbutt"],"picked":"SKIP","floor":38.0},{"not_picked":["Flex","Twin Strike","Headbutt"],"picked":"SKIP","floor":38.0},{"not_picked":["Clothesline","True Grit+1"],"picked":"Rage","floor":41.0},{"not_picked":["Armaments","Perfected Strike+1"],"picked":"Pommel Strike+1","floor":45.0},{"not_picked":["Searing Blow+1","Sentinel","Havoc+1"],"picked":"SKIP","floor":47.0},{"not_picked":["Rage","Clash","Bloodletting+1"],"picked":"SKIP","floor":55.0}],"player_experience":3387980,"relics_obtained":[{"floor":9.0,"key":"The Courier"},{"floor":10.0,"key":"Ginger"},{"floor":13.0,"key":"Red Skull"},{"floor":25.0,"key":"Centennial Puzzle"},{"floor":26.0,"key":"Mummified Hand"},{"floor":27.0,"key":"Paper Frog"},{"floor":30.0,"key":"PreservedInsect"},{"floor":37.0,"key":"Lizard Tail"},{"floor":41.0,"key":"Dream Catcher"},{"floor":45.0,"key":"Bird Faced Urn"},{"floor":55.0,"key":"Pen Nib"}],"event_choices":[{"damage_healed":0.0,"max_hp_gain":0.0,"max_hp_loss":0.0,"gold_gain":0.0,"event_name":"Match and Keep!","player_choice":"1 cards matched","floor":3.0,"gold_loss":0.0,"damage_taken":0.0,"cards_obtained":["Feed"]},{"cards_removed":["Strike_R"],"damage_healed":0.0,"max_hp_gain":0.0,"max_hp_loss":0.0,"gold_gain":0.0,"event_name":"Purifier","player_choice":"Purged","floor":5.0,"gold_loss":0.0,"damage_taken":0.0},{"damage_healed":0.0,"max_hp_gain":0.0,"max_hp_loss":0.0,"gold_gain":0.0,"event_name":"Vampires","player_choice":"Ignored","floor":20.0,"gold_loss":0.0,"damage_taken":0.0},{"damage_healed":0.0,"max_hp_gain":0.0,"max_hp_loss":0.0,"gold_gain":0.0,"cards_transformed":["Strike_R","Defend_R"],"event_name":"Drug Dealer","player_choice":"Became Test Subject","floor":22.0,"gold_loss":0.0,"damage_taken":0.0,"cards_obtained":["Rupture","Reckless Charge"]},{"damage_healed":0.0,"max_hp_gain":0.0,"max_hp_loss":0.0,"gold_gain":0.0,"event_name":"Ghosts","player_choice":"Ignored","floor":24.0,"gold_loss":0.0,"damage_taken":0.0},{"damage_healed":0.0,"max_hp_gain":0.0,"max_hp_loss":0.0,"gold_gain":0.0,"event_name":"Lab","player_choice":"Got Potions","floor":29.0,"gold_loss":0.0,"damage_taken":0.0},{"damage_healed":0.0,"max_hp_gain":0.0,"max_hp_loss":0.0,"gold_gain":0.0,"event_name":"Mysterious Sphere","player_choice":"Fight","floor":37.0,"gold_loss":0.0,"damage_taken":0.0},{"cards_removed":["Hemokinesis"],"damage_healed":0.0,"max_hp_gain":0.0,"max_hp_loss":0.0,"gold_gain":0.0,"event_name":"Falling","player_choice":"Removed Attack","floor":39.0,"gold_loss":0.0,"damage_taken":0.0},{"damage_healed":0.0,"max_hp_gain":0.0,"max_hp_loss":0.0,"gold_gain":0.0,"event_name":"Tomb of Lord Red Mask","player_choice":"Ignored","floor":46.0,"gold_loss":0.0,"damage_taken":0.0}],"is_beta":false,"boss_relics":[{"not_picked":["Ectoplasm","Velvet Choker"],"picked":"Cursed Key"},{"not_picked":["SacredBark","Snecko Eye"],"picked":"Astrolabe"}],"items_purged_floors":[4,36],"is_endless":false,"potions_floor_spawned":[10,11,13,18,25,31,45],"killed_by":"The Heart","ascension_level":20}}