{"host":"l84l8xigz5v5foa2","time":1610108157,"event":{"mods":["2.2 Compatiblity","AchievementEnabler","BaseMod","Better Note","Better Vampires","Card Filter","Colored Map","DeckTracker","Downfall","Gremlin Skip","Highlight Path","Keyboard Shortcuts","Minty Spire (QoL Compilation)","Permanent Neow","Quick Restart","Relic Filter","Relic Stats","StSLib","SuperFastMode","Transform Curses","Unknown Chances"],"gold_per_floor":[99,116,116,26,39,59,85,105,105,135,135,148,50,79,97,170,170,170,186,186,196,215,100,100,129,54,84,102,27,27,58,77,151,151,151,163,175,187,202,127,181,194,163,163,174,206,206,156,173,173,173,204,42,42,42],"floor_reached":56,"playtime":4481,"items_purged":["hexamod:Strike","hexamod:Strike","hexamod:Strike","hexamod:Sear","hexamod:Strike"],"score":2677,"play_id":"2bbefc0e-1730-413b-8ba2-f5a493541fc1","local_time":"20210108211557","is_ascension_mode":true,"campfire_choices":[{"data":"hexamod:Float","floor":1.0,"key":"SMITH"},{"data":"hexamod:GhostOfSpirePast","floor":9.0,"key":"SMITH"},{"data":"hexamod:CatchUp","floor":11.0,"key":"SMITH"},{"data":"hexamod:NecessarySacrifice","floor":18.0,"key":"SMITH"},{"data":"hexamod:Rewind","floor":26.0,"key":"SMITH"},{"data":"hexamod:ShieldOfDarkness","floor":29.0,"key":"SMITH"},{"floor":35.0,"key":"RECALL"},{"data":"hexamod:Haunt","floor":40.0,"key":"SMITH"},{"data":"hexamod:RainOfEmbers","floor":44.0,"key":"SMITH"},{"data":"hexamod:FastForward","floor":47,"key":"SMITH"},{"data":"hexamod:RecurringNightmare","floor":54,"key":"SMITH"}],"circlet_count":0,"master_deck":["AscendersBane","hexamod:Defend","hexamod:Defend","hexamod:Defend+1","hexamod:Float+1","Finesse","hexamod:GhostOfSpirePast+1","hexamod:HeatCrush","hexamod:SuperheatedStrike","hexamod:SpectersWail","hexamod:CatchUp+1","hexamod:Rewind+1","hexamod:FourthSeal","hexamod:InspiringFlames","hexamod:Rewind+1","hexamod:ShieldOfDarkness+1","hexamod:NecessarySacrifice+1","hexamod:TimeWarp","hexamod:ThirdSeal","hexamod:GhostOfSpirePast+1","hexamod:GhostShield+1","hexamod:ThermalTransfer+1","hexamod:Hexaguard+1","hexamod:TimeWarp","hexamod:TimeOfNeed","hexamod:Haunt+1","hexamod:GhostOfSpirePast+1","hexamod:FastForward+1","hexamod:RainOfEmbers+1","hexamod:RecurringNightmare+1","hexamod:NightmareGuise+1","hexamod:ApocalypticArmor+1"],"relics":["hexamod:SpiritBrand","War Paint","Ornamental Fan","expansioncontent:StudyCardRelic","Pantograph","Dream Catcher","downfall:HeartBlessingGreen","Smiling Mask","downfall:HeartBlessingBlue","hexamod:Sixitude","Philosopher\u0027s Stone","downfall:HeartBlessingRed","Bronze Scales","Kunai","Frozen Egg 2","Guardian:PocketSentry"],"acts_visited":["Exordium","TheCity","TheBeyond","TheEnding"],"potions_floor_usage":[50,55,55],"damage_taken":[{"damage":0.0,"enemies":"Cultist","floor":2.0,"turns":3.0},{"damage":0.0,"enemies":"downfall:FleeingMerchant","floor":4.0,"turns":4.0},{"damage":0.0,"enemies":"Jaw Worm","floor":5.0,"turns":2.0},{"damage":0.0,"enemies":"Small Slimes","floor":6.0,"turns":3.0},{"damage":0.0,"enemies":"Gremlin Gang","floor":8.0,"turns":3.0},{"damage":19.0,"enemies":"Lagavulin","floor":10.0,"turns":5.0},{"damage":0.0,"enemies":"2 Fungi Beasts","floor":12.0,"turns":3.0},{"damage":9.0,"enemies":"downfall:FleeingMerchant","floor":13.0,"turns":4.0},{"damage":4.0,"enemies":"Gremlin Nob","floor":14.0,"turns":3.0},{"damage":0.0,"enemies":"Exordium Wildlife","floor":15.0,"turns":3.0},{"damage":1.0,"enemies":"downfall:Watcher","floor":16.0,"turns":6.0},{"damage":4.0,"enemies":"Spheric Guardian","floor":19.0,"turns":4.0},{"damage":7.0,"enemies":"Shell Parasite","floor":21.0,"turns":3.0},{"damage":0.0,"enemies":"3 Cultists","floor":22.0,"turns":3.0},{"damage":0.0,"enemies":"downfall:FleeingMerchant","floor":23.0,"turns":4.0},{"damage":18.0,"enemies":"Gremlin Leader","floor":25.0,"turns":5.0},{"damage":13.0,"enemies":"Slavers","floor":27.0,"turns":7.0},{"damage":0.0,"enemies":"Sentry and Sphere","floor":28.0,"turns":3.0},{"damage":17.0,"enemies":"Gremlin Leader","floor":31.0,"turns":5.0},{"damage":0.0,"enemies":"Shelled Parasite and Fungi","floor":32.0,"turns":3.0},{"damage":0.0,"enemies":"downfall:Ironclad","floor":33.0,"turns":5.0},{"damage":5.0,"enemies":"Orb Walker","floor":36.0,"turns":4.0},{"damage":0.0,"enemies":"3 Shapes","floor":37.0,"turns":4.0},{"damage":0.0,"enemies":"Spire Growth","floor":38.0,"turns":4.0},{"damage":0.0,"enemies":"4 Shapes","floor":39.0,"turns":4.0},{"damage":0.0,"enemies":"Maw","floor":42.0,"turns":4.0},{"damage":0.0,"enemies":"downfall:FleeingMerchant","floor":43.0,"turns":1.0},{"damage":15.0,"enemies":"Jaw Worm Horde","floor":45.0,"turns":3.0},{"damage":0,"enemies":"Giant Head","floor":46,"turns":5},{"damage":18,"enemies":"4 Shapes","floor":49,"turns":5},{"damage":0,"enemies":"downfall:Silent","floor":50,"turns":7},{"damage":25,"enemies":"downfall:CharBossMerchant","floor":52,"turns":7},{"damage":0,"enemies":"downfall:NeowBoss","floor":55,"turns":15}],"seed_played":"-5622311912443886338","potions_obtained":[{"floor":2.0,"key":"Block Potion"},{"floor":5.0,"key":"hexamod:DoubleChargePotion"},{"floor":10.0,"key":"FearPotion"},{"floor":13.0,"key":"SneckoOil"},{"floor":14.0,"key":"Explosive Potion"},{"floor":15.0,"key":"Block Potion"},{"floor":16.0,"key":"Ancient Potion"},{"floor":22.0,"key":"EntropicBrew"},{"floor":25.0,"key":"CultistPotion"},{"floor":27.0,"key":"champ:CounterPotion"},{"floor":28.0,"key":"GamblersBrew"},{"floor":31.0,"key":"SmokeBomb"},{"floor":36.0,"key":"Swift Potion"},{"floor":39.0,"key":"AttackPotion"},{"floor":45.0,"key":"SteroidPotion"},{"floor":52,"key":"Regen Potion"}],"is_trial":false,"path_per_floor":["R","M","?","$","M","M","T","M","R","E","R","M","$","E","M","B",null,"R","M","?","M","M","$","T","E","R","E","M","R","?","E","M","B",null,"R","M","M","M","M","R","T","M","$","R","M","E","R","$","M","B",null,"E","$","R","B",null],"character_chosen":"THE_SPIRIT","items_purchased":["hexamod:Rewind","Kunai","hexamod:RainOfEmbers","CultistPotion"],"campfire_rested":0,"item_purchase_floors":[13,43,43,53],"current_hp_per_floor":[57,57,57,57,57,57,57,57,57,38,38,38,29,25,25,24,53,53,49,49,42,42,42,42,24,24,11,11,21,21,4,4,29,62,62,57,57,57,57,57,57,57,57,57,42,42,42,42,24,49,67,42,42,42,67],"gold":42,"neow_bonus":"RANDOM_COLORLESS","is_daily":false,"chose_seed":false,"campfire_upgraded":10,"win_rate":0.0,"timestamp":1610108157,"path_taken":["R","M","?","?","?","?","T","M","R","E","R","M","$","E","M","BOSS","R","M","?","M","M","$","T","E","R","E","M","R","?","E","M","BOSS","R","M","M","?","M","R","T","M","$","R","M","E","R","$","M","BOSS","E","$","R","BOSS"],"items_purchased_type":["Card","Relic","Card","Potion"],"build_version":"2020-12-22","purchased_purges":5,"victory":true,"max_hp_per_floor":[63,63,63,63,63,63,63,63,63,63,63,63,63,63,63,63,63,63,63,63,63,63,63,63,63,63,63,63,73,73,73,73,73,73,73,73,73,73,73,73,73,73,73,73,73,73,73,73,73,73,73,73,73,73,73],"relic_stats":{"Dream Catcher":0,"counters":[33,144],"Ornamental Fan":[300],"Pantograph":75,"Bronze Scales":[69],"Kunai":[39],"War Paint":["hexamod:Rewind","hexamod:Defend"],"Smiling Mask":300,"obtain_stats":[{"downfall:HeartBlessingRed":40,"hexamod:Sixitude":31,"downfall:HeartBlessingGreen":26,"expansioncontent:StudyCardRelic":17,"Guardian:PocketSentry":52,"War Paint":10,"Frozen Egg 2":46,"Smiling Mask":27,"Dream Catcher":25,"Ornamental Fan":14,"downfall:HeartBlessingBlue":29,"Pantograph":24,"Bronze Scales":41,"Philosopher\u0027s Stone":34,"Kunai":43,"hexamod:SpiritBrand":0},{"downfall:HeartBlessingRed":25,"hexamod:Sixitude":19,"downfall:HeartBlessingGreen":16,"expansioncontent:StudyCardRelic":11,"Guardian:PocketSentry":32,"War Paint":6,"Frozen Egg 2":29,"Smiling Mask":17,"Dream Catcher":16,"Ornamental Fan":9,"downfall:HeartBlessingBlue":18,"Pantograph":15,"Bronze Scales":25,"Philosopher\u0027s Stone":21,"Kunai":27,"hexamod:SpiritBrand":0},{"downfall:HeartBlessingRed":97,"hexamod:Sixitude":73,"downfall:HeartBlessingGreen":58,"expansioncontent:StudyCardRelic":39,"Guardian:PocketSentry":129,"War Paint":20,"Frozen Egg 2":110,"Smiling Mask":65,"Dream Catcher":58,"Ornamental Fan":30,"downfall:HeartBlessingBlue":68,"Pantograph":53,"Bronze Scales":97,"Philosopher\u0027s Stone":81,"Kunai":102,"hexamod:SpiritBrand":0}]},"card_choices":[{"not_picked":["expansioncontent:Collect","Good Instincts"],"picked":"Finesse","floor":0.0},{"not_picked":["hexamod:PhantomFireball","hexamod:BacktrackSmack"],"picked":"hexamod:GhostOfSpirePast","floor":2.0},{"not_picked":["hexamod:GhostShield","hexamod:HauntingEcho"],"picked":"hexamod:SuperheatedStrike","floor":4.0},{"not_picked":["hexamod:NightmareGuise","hexamod:InspiringFlames"],"picked":"hexamod:SpectersWail","floor":5.0},{"not_picked":["hexamod:SpectersWail","hexamod:ShieldOfDarkness"],"picked":"hexamod:CatchUp","floor":6.0},{"not_picked":["hexamod:SwordOfDarkness","hexamod:GhostOfSpireFuture","hexamod:Firestarter"],"picked":"SKIP","floor":8.0},{"not_picked":["hexamod:GhostLash","hexamod:GiftsFromTheDead"],"picked":"hexamod:Rewind","floor":10.0},{"not_picked":["hexamod:ThermalTransfer","hexamod:AdvancingGuard"],"picked":"hexamod:FourthSeal","floor":12.0},{"not_picked":["hexamod:RetreatToShadows","hexamod:BacktrackSmack"],"picked":"hexamod:InspiringFlames","floor":13.0},{"not_picked":["hexamod:Firestarter","hexamod:FlamesFromBeyond"],"picked":"hexamod:ShieldOfDarkness","floor":14.0},{"not_picked":["hexamod:FastForward","hexamod:Incineration"],"picked":"hexamod:NecessarySacrifice","floor":15.0},{"not_picked":["hexamod:GiftsFromTheDead","hexamod:FifthSeal"],"picked":"hexamod:TimeWarp","floor":16.0},{"not_picked":["hexamod:PhantomCloak","hexamod:SoulSteal","hexamod:SuperheatedStrike"],"picked":"SKIP","floor":19.0},{"not_picked":["hexamod:Firestarter","hexamod:NightmareStrike","hexamod:PhantomFireball"],"picked":"SKIP","floor":21.0},{"not_picked":["hexamod:RetreatToShadows","hexamod:GhostOfSpireFuture","hexamod:Incineration"],"picked":"SKIP","floor":22.0},{"not_picked":["hexamod:GhostflameBarrier","hexamod:Hexaguard"],"picked":"hexamod:ThirdSeal","floor":23.0},{"not_picked":["hexamod:RainOfEmbers","hexamod:CatchUp","hexamod:BacktrackSmack+1"],"picked":"SKIP","floor":25.0},{"not_picked":["hexamod:Toasty","hexamod:InspiringFlames","hexamod:GhostOfSpirePresent"],"picked":"SKIP","floor":25.0},{"not_picked":["hexamod:Again","hexamod:NightmareGuise","hexamod:EmpoweredFlame"],"picked":"SKIP","floor":27.0},{"not_picked":["hexamod:Again","hexamod:GhostOfSpireFuture","hexamod:SpectersWail"],"picked":"SKIP","floor":27.0},{"not_picked":["hexamod:DynamicBlow","hexamod:HauntingEcho","hexamod:RecurringNightmare"],"picked":"SKIP","floor":28.0},{"not_picked":["hexamod:NightmareStrike","hexamod:BacktrackSmack","hexamod:HauntingEcho"],"picked":"SKIP","floor":28.0},{"not_picked":["hexamod:DynamicBlow","hexamod:HauntingEcho","hexamod:RecurringNightmare"],"picked":"SKIP","floor":28.0},{"not_picked":["hexamod:NightmareStrike","hexamod:BacktrackSmack","hexamod:HauntingEcho"],"picked":"SKIP","floor":28.0},{"not_picked":["hexamod:BacktrackSmack","hexamod:ShieldOfDarkness"],"picked":"hexamod:GhostShield+1","floor":31.0},{"not_picked":["hexamod:SuperheatedStrike","hexamod:NightmareStrike","hexamod:GhostLash"],"picked":"SKIP","floor":31.0},{"not_picked":["hexamod:HauntingEcho","hexamod:BacktrackSmack"],"picked":"hexamod:ThermalTransfer+1","floor":32.0},{"not_picked":["hexamod:SwordOfDarkness","hexamod:GhostShield"],"picked":"hexamod:Hexaguard+1","floor":32.0},{"not_picked":["hexamod:TimeOfNeed","hexamod:FifthSeal"],"picked":"hexamod:TimeWarp","floor":33.0},{"not_picked":["hexamod:FifthSeal","hexamod:ParanormalForm"],"picked":"hexamod:TimeOfNeed","floor":33.0},{"not_picked":["hexamod:InspiringFlames","hexamod:ThermalTransfer","hexamod:EtherealExpedition"],"picked":"SKIP","floor":36.0},{"not_picked":["hexamod:SwordOfDarkness+1","hexamod:NightmareGuise","hexamod:ThirdSeal"],"picked":"SKIP","floor":37.0},{"not_picked":["hexamod:RadiantFlame","hexamod:InspiringFlames","hexamod:GhostShield"],"picked":"SKIP","floor":37.0},{"not_picked":["hexamod:InspiringFlames","hexamod:BurningTouch"],"picked":"hexamod:Haunt","floor":38.0},{"not_picked":["hexamod:SpectralAdrenaline+1","hexamod:TimeWarp","hexamod:NightmareStrike+1"],"picked":"SKIP","floor":38.0},{"not_picked":["hexamod:SpectralAdrenaline+1","hexamod:TimeWarp","hexamod:NightmareStrike+1"],"picked":"SKIP","floor":38.0},{"not_picked":["hexamod:GhostLash","hexamod:ShieldOfDarkness","hexamod:InspiringFlames+1"],"picked":"SKIP","floor":39.0},{"not_picked":["hexamod:Firestarter","hexamod:NightmareGuise","hexamod:NightmareStrike"],"picked":"SKIP","floor":39.0},{"not_picked":["hexamod:CatchUp","hexamod:NightmareStrike"],"picked":"hexamod:GhostOfSpirePast+1","floor":42.0},{"not_picked":["hexamod:GhostflameBarrier","hexamod:NightmareGuise+1"],"picked":"hexamod:FastForward","floor":42.0},{"not_picked":["hexamod:RetreatToShadows","hexamod:GhostflameBarrier","hexamod:Toasty"],"picked":"SKIP","floor":43.0},{"not_picked":["hexamod:SwordOfDarkness","hexamod:DynamicBlow"],"picked":"hexamod:RecurringNightmare","floor":45.0},{"not_picked":["hexamod:BurningTouch","hexamod:ShieldOfDarkness","hexamod:DynamicBlow+1"],"picked":"SKIP","floor":45.0},{"not_picked":["hexamod:ThermalTransfer","hexamod:SpectersWail+1"],"picked":"hexamod:NightmareGuise+1","floor":46},{"not_picked":["hexamod:GhostLash","hexamod:RainOfEmbers","hexamod:HeatCrush"],"picked":"SKIP","floor":46},{"not_picked":["hexamod:ThirdSeal","hexamod:FastForward","hexamod:PowerFromBeyond+1"],"picked":"SKIP","floor":49},{"not_picked":["hexamod:GhostLash+1","hexamod:SpectralSpark","hexamod:EmpoweringStance+1"],"picked":"SKIP","floor":49},{"not_picked":["hexamod:ChargedBarrage","hexamod:ThermalTransfer"],"picked":"hexamod:ApocalypticArmor+1","floor":52},{"not_picked":["hexamod:DynamicBlow","hexamod:BurningTouch","hexamod:SwordOfDarkness"],"picked":"SKIP","floor":52}],"player_experience":2985881,"relics_obtained":[{"floor":10.0,"key":"War Paint"},{"floor":14.0,"key":"Ornamental Fan"},{"floor":24.0,"key":"Pantograph"},{"floor":25.0,"key":"Dream Catcher"},{"floor":27.0,"key":"Smiling Mask"},{"floor":31.0,"key":"hexamod:Sixitude"},{"floor":41.0,"key":"Bronze Scales"},{"floor":46,"key":"Frozen Egg 2"},{"floor":52,"key":"Guardian:PocketSentry"}],"event_choices":[{"damage_healed":0.0,"max_hp_gain":0.0,"max_hp_loss":0.0,"gold_gain":0.0,"cards_transformed":["hexamod:Defend"],"event_name":"Transmorgrifier","player_choice":"Transformed","floor":3.0,"gold_loss":0.0,"damage_taken":0.0,"cards_obtained":["hexamod:HeatCrush"]},{"damage_healed":0.0,"max_hp_gain":0.0,"max_hp_loss":0.0,"gold_gain":0.0,"event_name":"Vampires","player_choice":"Ignored","floor":20.0,"gold_loss":0.0,"damage_taken":0.0},{"damage_healed":0.0,"max_hp_gain":0.0,"max_hp_loss":0.0,"gold_gain":0.0,"event_name":"Duplicator","player_choice":"Copied","floor":30.0,"gold_loss":0.0,"damage_taken":0.0,"cards_obtained":["hexamod:GhostOfSpirePast"]}],"is_beta":false,"boss_relics":[{"not_picked":["Astrolabe","sneckomod:SneckoTalon"],"picked":"expansioncontent:StudyCardRelic"},{"not_picked":["Empty Cage","Calling Bell"],"picked":"Philosopher\u0027s Stone"}],"items_purged_floors":[4,23,43,48,53],"is_endless":false,"potions_floor_spawned":[2,5,10,12,15,19,22,27,28,31,33,38,42,45,49,52],"ascension_level":20}}