{"host":"gl7gfqdgzaxu5sie","time":1610079298,"event":{"mods":["AchievementEnabler","BaseMod","Colored Map","DeckTracker","Minty Spire (QoL Compilation)"],"gold_per_floor":[13,26,43,58,71,71,86,116,198,218,218,218,37,55,55,55,55],"floor_reached":16,"playtime":655,"items_purged":["Heavy Blade"],"score":159,"play_id":"da83e5bb-b9c2-49e0-a270-3411b5e1ec05","local_time":"20210108131458","is_ascension_mode":true,"campfire_choices":[{"data":"Shockwave","floor":6,"key":"SMITH"},{"data":"Body Slam","floor":12,"key":"SMITH"},{"data":"Entrench","floor":15,"key":"SMITH"}],"circlet_count":0,"master_deck":["AscendersBane","Strike_R","Strike_R","Strike_R","Defend_R","Defend_R","Defend_R","Defend_R","Bash","Shockwave+1","Heavy Blade","Sword Boomerang","Power Through","Second Wind","Entrench+1","Body Slam+1","Dark Embrace","Flame Barrier"],"relics":["Burning Blood","Sundial","Pear"],"acts_visited":["Exordium"],"potions_floor_usage":[8,8,16,16],"damage_taken":[{"damage":8,"enemies":"2 Louse","floor":1,"turns":4},{"damage":1,"enemies":"Cultist","floor":2,"turns":4},{"damage":9,"enemies":"Jaw Worm","floor":3,"turns":4},{"damage":0,"enemies":"Large Slime","floor":4,"turns":5},{"damage":15,"enemies":"Red Slaver","floor":5,"turns":4},{"damage":9,"enemies":"3 Louse","floor":7,"turns":4},{"damage":39,"enemies":"Gremlin Nob","floor":8,"turns":6},{"damage":15,"enemies":"Exordium Thugs","floor":10,"turns":7},{"damage":8,"enemies":"Exordium Wildlife","floor":14,"turns":4},{"damage":57,"enemies":"Hexaghost","floor":16,"turns":10}],"seed_played":"-6433326757431085411","potions_obtained":[{"floor":1,"key":"BlessingOfTheForge"},{"floor":2,"key":"Energy Potion"},{"floor":7,"key":"SpeedPotion"},{"floor":11,"key":"Ancient Potion"},{"floor":11,"key":"SkillPotion"},{"floor":14,"key":"BloodPotion"}],"is_trial":false,"path_per_floor":["M","M","M","M","M","R","M","E","T","M","?","R","$","M","R","B"],"character_chosen":"IRONCLAD","items_purchased":["Dark Embrace","Flame Barrier"],"campfire_rested":0,"item_purchase_floors":[13,13],"current_hp_per_floor":[70,75,72,78,69,69,66,33,43,34,34,34,34,32,32,0,0],"gold":55,"neow_bonus":"REMOVE_TWO","is_daily":false,"chose_seed":false,"campfire_upgraded":3,"win_rate":0.0,"timestamp":1610079298,"path_taken":["M","M","M","M","M","R","M","E","T","M","?","R","$","?","R","BOSS"],"items_purchased_type":["Card","Card"],"build_version":"2020-12-22","purchased_purges":1,"victory":false,"max_hp_per_floor":[80,80,80,80,80,80,80,80,90,90,90,90,90,90,90,90,90],"card_choices":[{"not_picked":["Pummel","Anger"],"picked":"Shockwave","floor":1},{"not_picked":["Pummel","Havoc"],"picked":"Heavy Blade","floor":2},{"not_picked":["Cleave","Twin Strike"],"picked":"Heavy Blade","floor":3},{"not_picked":["Armaments","Perfected Strike"],"picked":"Sword Boomerang","floor":4},{"not_picked":["Perfected Strike","Exhume"],"picked":"Power Through","floor":5},{"not_picked":["Havoc","Flex"],"picked":"Second Wind","floor":7},{"not_picked":["Ghostly Armor","True Grit"],"picked":"Entrench","floor":8},{"not_picked":["Iron Wave","Havoc"],"picked":"Body Slam","floor":10},{"not_picked":["Blood for Blood","Entrench","Power Through"],"picked":"SKIP","floor":14}],"player_experience":580849,"relics_obtained":[{"floor":8,"key":"Sundial"},{"floor":9,"key":"Pear"}],"event_choices":[{"damage_healed":0,"gold_gain":0,"player_choice":"Got Potions","damage_taken":0,"max_hp_gain":0,"max_hp_loss":0,"event_name":"Lab","floor":11,"gold_loss":0}],"is_beta":false,"boss_relics":[],"items_purged_floors":[13],"is_endless":false,"potions_floor_spawned":[1,2,7,14],"killed_by":"Hexaghost","ascension_level":10}}