{"host":"m3rs92yjkwi06hli","time":1610072199,"event":{"mods":["Act Like it!","Aspiration","BaseMod","Colored Map","Conspire","Defuse TimeMaze Blight","Energized Spire","Hubris","Infinite Spire","Minty Spire (QoL Compilation)","Relic Stats","Replay The Spire","Spicy Shops","StSLib","The Animator"],"gold_per_floor":[130,130,130,143,158,158,190,190,213,228,228,253,101,117,117,219,244,263,288,327,14,32,90,111,111,136,136,160,160,85,10,10,123,148,170,227,83,109,109,173,197,207,232,232,132,190,218,241,241,261,261],"floor_reached":50,"playtime":2662,"items_purged":["Delirium","animator:Defend"],"score":703,"play_id":"552e9ae2-9d6b-46ea-9d08-01497afe077f","local_time":"20210107201639","is_ascension_mode":true,"campfire_choices":[{"floor":6,"key":"REST"},{"data":"animator:MumenRider","floor":8,"key":"SMITH"},{"data":"animator:MumenRider","floor":15,"key":"SMITH"},{"data":"animator:PandorasActor","floor":25,"key":"SMITH"},{"data":"animator:Albedo","floor":27,"key":"SMITH"},{"data":"infinitespire:FutureSight","floor":32,"key":"SMITH"},{"data":"animator:MetalKnight","floor":44,"key":"SMITH"},{"data":"animator:Hans","floor":49,"key":"SMITH"}],"circlet_count":0,"master_deck":["animator:Defend_OnePunchMan","animator:Defend","animator:Defend","animator:MumenRider+1","animator:Megumin+13","animator:MumenRider+1","animator:Vanir+1","animator:Gilgamesh+10","animator:Genos","animator:Chris","animator:Hans+1","infinitespire:FutureSight+1","animator:MetalKnight+1","animator:PandorasActor+1","animator:Albedo+1","animator:Archer+1","animator:DolaSchwi+1","animator:Archer+1","animator:MumenRider+1","animator:Chris+1","animator:NarberalGamma","animator:PandorasActor+1"],"relics":["animator:LivingPicture","animator:TheMissingPiece","aspiration:Nostalgia","Sizzling Blood","Whetstone","conspire:TreasureMap","Sling","animator:AlchemistGlove","Ring of Misfortune","Ring of Peace","hubris:OldNail","Paper Frog","Odd Mushroom","Omamori","energizedSpire:DeadBattery","hubris:64BitClover","animator:RacePiece","animator:OldCoffin","DataDisk","aspiration:HummingbirdHeart","TungstenRod","SlaversCollar","Quantum Egg","Ancient Tea Set","aspiration:FetidBarrel","Boot","Regal Pillow"],"acts_visited":["Exordium","TheCity","TheBeyond"],"potions_floor_usage":[7,16,16,18,28,50],"damage_taken":[{"damage":0,"enemies":"Cultist","floor":1,"turns":3},{"damage":1,"enemies":"infinitespire:Voidling","floor":4,"turns":4},{"damage":0,"enemies":"Jaw Worm","floor":5,"turns":2},{"damage":4,"enemies":"Gremlin Nob","floor":7,"turns":4},{"damage":5,"enemies":"Exordium Wildlife","floor":10,"turns":4},{"damage":0,"enemies":"The Mushroom Lair","floor":12,"turns":4},{"damage":0,"enemies":"Looter","floor":14,"turns":3},{"damage":46,"enemies":"Hexaghost","floor":16,"turns":10},{"damage":0,"enemies":"Spheric Guardian","floor":18,"turns":3},{"damage":11,"enemies":"2 Thieves","floor":20,"turns":4},{"damage":27,"enemies":"conspire:HollyBat","floor":22,"turns":6},{"damage":9,"enemies":"conspire:SneckoGhost","floor":23,"turns":5},{"damage":4,"enemies":"Cultist and Chosen","floor":24,"turns":5},{"damage":0,"enemies":"Snake Plant","floor":28,"turns":5},{"damage":31,"enemies":"Collector","floor":33,"turns":8},{"damage":0,"enemies":"Orb Walker","floor":35,"turns":3},{"damage":0,"enemies":"3 Shapes","floor":36,"turns":3},{"damage":0,"enemies":"Writhing Mass","floor":38,"turns":4},{"damage":0,"enemies":"Giant Head","floor":40,"turns":6},{"damage":3,"enemies":"Jaw Worm Horde","floor":41,"turns":3},{"damage":0,"enemies":"3 Darklings","floor":42,"turns":3},{"damage":0,"enemies":"R_Hoarder","floor":46,"turns":5},{"damage":0,"enemies":"Sphere and 2 Shapes","floor":47,"turns":3},{"damage":0,"enemies":"Maw","floor":48,"turns":5},{"damage":81,"enemies":"conspire:OrnateMirror","floor":50,"turns":6}],"seed_played":"395606791787179143","potions_obtained":[{"floor":4,"key":"GamblersBrew"},{"floor":5,"key":"LifebloodPotion"},{"floor":10,"key":"Explosive Potion"},{"floor":16,"key":"DistilledChaos"},{"floor":23,"key":"Elixir"},{"floor":24,"key":"animator:FalseLifePotion"},{"floor":38,"key":"conspire:TimeTravelPotion"},{"floor":40,"key":"LifebloodPotion"},{"floor":47,"key":"Ancient Potion"}],"is_trial":false,"path_per_floor":["M","$","?","M","M","R","E","R","T","M","?","?","$","M","R","B",null,"M","AVR","M","$","M","E","M","R","T","R","M","?","?","$","R","B",null,"M","M","$","M","?","E","M","M","T","R","NS","E","M","M","R","B"],"character_chosen":"THE_ANIMATOR","items_purchased":["Whetstone","conspire:TreasureMap","Sling","animator:AlchemistGlove","Omamori","animator:OldCoffin","DataDisk","animator:PandorasActor","Ancient Tea Set"],"campfire_rested":1,"item_purchase_floors":[2,2,2,2,13,21,21,21,37],"current_hp_per_floor":[70,20,20,30,36,57,57,57,57,58,58,64,64,70,70,28,78,78,78,74,74,54,53,56,56,56,56,63,63,63,63,63,39,79,79,79,79,79,79,79,79,81,81,81,81,81,81,81,81,0,0],"gold":261,"neow_bonus":"NOSTALGIA","is_daily":false,"chose_seed":false,"campfire_upgraded":7,"win_rate":0.0,"timestamp":1610072199,"path_taken":["M","?","?","?","M","R","E","R","T","M","?","?","$","?","R","BOSS","M","AVR","M","$","?","E","M","R","T","R","M","?","?","?","R","BOSS","M","?","$","M","?","E","?","M","T","R","NS","E","M","M","R","BOSS"],"items_purchased_type":["Relic","Relic","Relic","Relic","Relic","Relic","Relic","Card","Relic"],"build_version":"2020-12-22","purchased_purges":2,"victory":false,"max_hp_per_floor":[70,70,70,70,72,72,72,72,72,74,74,76,76,78,78,78,78,78,78,78,78,78,79,79,79,79,79,79,79,79,79,79,79,79,79,79,79,79,79,79,79,81,81,81,81,81,81,81,81,81,81],"relic_stats":{"Regal Pillow":0,"counters":[25,111],"Whetstone":["animator:Genos","animator:Strike_OnePunchMan"],"Boot":[32],"obtain_stats":[{"Regal Pillow":46,"animator:TheMissingPiece":0,"Sizzling Blood":0,"Whetstone":2,"Sling":2,"animator:RacePiece":19,"Ancient Tea Set":37,"Boot":43,"Ring of Peace":3,"Paper Frog":9,"conspire:TreasureMap":2,"aspiration:Nostalgia":0,"hubris:64BitClover":19,"aspiration:FetidBarrel":40,"Quantum Egg":36,"Omamori":13,"aspiration:HummingbirdHeart":23,"Odd Mushroom":12,"energizedSpire:DeadBattery":17,"SlaversCollar":34,"DataDisk":21,"Ring of Misfortune":3,"animator:LivingPicture":0,"animator:AlchemistGlove":2,"hubris:OldNail":7,"animator:OldCoffin":21,"TungstenRod":26},{"Regal Pillow":22,"animator:TheMissingPiece":0,"Sizzling Blood":0,"Whetstone":1,"Sling":1,"animator:RacePiece":9,"Ancient Tea Set":17,"Boot":21,"Ring of Peace":1,"Paper Frog":4,"conspire:TreasureMap":1,"aspiration:Nostalgia":0,"hubris:64BitClover":9,"aspiration:FetidBarrel":19,"Quantum Egg":17,"Omamori":6,"aspiration:HummingbirdHeart":12,"Odd Mushroom":6,"energizedSpire:DeadBattery":8,"SlaversCollar":15,"DataDisk":10,"Ring of Misfortune":1,"animator:LivingPicture":0,"animator:AlchemistGlove":1,"hubris:OldNail":4,"animator:OldCoffin":10,"TungstenRod":13},{"Regal Pillow":97,"animator:TheMissingPiece":0,"Sizzling Blood":0,"Whetstone":3,"Sling":3,"animator:RacePiece":37,"Ancient Tea Set":76,"Boot":92,"Ring of Peace":3,"Paper Frog":13,"conspire:TreasureMap":3,"aspiration:Nostalgia":0,"hubris:64BitClover":37,"aspiration:FetidBarrel":86,"Quantum Egg":76,"Omamori":21,"aspiration:HummingbirdHeart":52,"Odd Mushroom":21,"energizedSpire:DeadBattery":34,"SlaversCollar":70,"DataDisk":41,"Ring of Misfortune":3,"animator:LivingPicture":0,"animator:AlchemistGlove":3,"hubris:OldNail":13,"animator:OldCoffin":41,"TungstenRod":57}],"TungstenRod":15},"card_choices":[{"not_picked":["animator:Witch","animator:SakuraMatou"],"picked":"animator:Entoma","floor":1},{"not_picked":["animator:Demiurge","animator:MaesHughes"],"picked":"animator:Megumin","floor":4},{"not_picked":["animator:Rider","animator:Tatsumaki"],"picked":"animator:Megumin","floor":5},{"not_picked":["animator:Geryuganshoop","animator:SilverFang"],"picked":"animator:MumenRider","floor":7},{"not_picked":["animator:Sloth","animator:WinryRockbell"],"picked":"animator:Vanir","floor":10},{"not_picked":["animator:Tatsumaki","animator:Alexander","animator:LizardPriest"],"picked":"SKIP","floor":14},{"not_picked":["animator:Ainz","animator:Albedo"],"picked":"animator:Gilgamesh","floor":16},{"not_picked":["animator:Witch","animator:Verdia"],"picked":"animator:Genos","floor":18},{"not_picked":["animator:Tatsumaki","animator:Genos"],"picked":"animator:MetalKnight","floor":20},{"not_picked":["animator:Spearman","animator:ChlammyZell","animator:Assassin"],"picked":"SKIP","floor":22},{"not_picked":["animator:Witch","animator:DolaSchwi+1"],"picked":"animator:Albedo","floor":23},{"not_picked":["animator:Sebas","animator:Chris","animator:DwarfShaman+1"],"picked":"SKIP","floor":24},{"not_picked":["animator:Father","animator:Sora"],"picked":"animator:Gilgamesh","floor":33},{"not_picked":["animator:WinryRockbell","animator:CowGirl","animator:DolaCouronne"],"picked":"SKIP","floor":35},{"not_picked":["animator:Demiurge+1","animator:Rider"],"picked":"animator:DolaSchwi+1","floor":36},{"not_picked":["animator:ShinjiMatou","animator:HighElfArcher+1"],"picked":"animator:Archer+1","floor":38},{"not_picked":["animator:Scar+1","animator:DolaRiku","animator:Sebas+1"],"picked":"SKIP","floor":41},{"not_picked":["animator:Rider+1","animator:Mitsurugi+1"],"picked":"animator:MumenRider+1","floor":42},{"not_picked":["animator:RoyMustang+1","animator:Illya+1"],"picked":"animator:Chris+1","floor":46},{"not_picked":["animator:Cocytus","animator:Entoma"],"picked":"animator:NarberalGamma","floor":47},{"not_picked":["animator:Alexander","animator:Boros"],"picked":"animator:PandorasActor+1","floor":48}],"player_experience":816178,"relics_obtained":[{"floor":3,"key":"Ring of Misfortune"},{"floor":3,"key":"Ring of Peace"},{"floor":7,"key":"hubris:OldNail"},{"floor":9,"key":"Paper Frog"},{"floor":12,"key":"Odd Mushroom"},{"floor":23,"key":"aspiration:HummingbirdHeart"},{"floor":26,"key":"TungstenRod"},{"floor":36,"key":"Quantum Egg"},{"floor":40,"key":"aspiration:FetidBarrel"},{"floor":43,"key":"Boot"},{"floor":46,"key":"Regal Pillow"}],"event_choices":[{"damage_healed":0,"gold_gain":0,"player_choice":"Grow","damage_taken":0,"max_hp_gain":0,"max_hp_loss":0,"event_name":"Living Wall","floor":11,"gold_loss":0,"cards_upgraded":["animator:Vanir"]},{"damage_healed":0,"gold_gain":0,"player_choice":"Fought Mushrooms","damage_taken":0,"max_hp_gain":0,"max_hp_loss":0,"event_name":"Mushrooms","floor":12,"gold_loss":0},{"damage_healed":0,"gold_gain":0,"player_choice":"Read","damage_taken":0,"max_hp_gain":0,"max_hp_loss":0,"event_name":"The Library","floor":29,"gold_loss":0,"cards_obtained":["animator:Archer"]},{"cards_removed":["animator:Strike_OnePunchMan"],"damage_healed":0,"gold_gain":0,"player_choice":"Gave Gold","damage_taken":0,"max_hp_gain":0,"max_hp_loss":0,"event_name":"Beggar","floor":30,"gold_loss":75},{"damage_healed":0,"gold_gain":0,"player_choice":"Upgraded","damage_taken":0,"max_hp_gain":0,"max_hp_loss":0,"event_name":"Upgrade Shrine","floor":39,"gold_loss":0,"cards_upgraded":["animator:Archer"]}],"is_beta":false,"boss_relics":[{"not_picked":["aspiration:RunicSpoon","conspire:SeveredTorchhead"],"picked":"energizedSpire:DeadBattery"},{"not_picked":["hubris:RunicObelisk","aspiration:IroncladSkillbook"],"picked":"SlaversCollar"}],"items_purged_floors":[19,31],"is_endless":false,"potions_floor_spawned":[4,5,10,16,23,24,38,40,47,48],"killed_by":"conspire:OrnateMirror","ascension_level":1}}