{"host":"Connor","time":1610114916,"event":{"mods":["Aspiration","BaseMod","Downfall","Hubris","Marisa????????","Minty Spire (QoL Compilation)","Replay The Spire","StSLib","The Animator","The Cursed","The Jungle","The Servant 0.9.4"],"gold_per_floor":[119,25,72,83,8,8,37,57,57,57,57,57],"floor_reached":11,"playtime":327,"items_purged":["Strike_R"],"score":117,"play_id":"ab7a3409-a2f4-49e8-8940-1e25c409bac5","local_time":"20210108060836","is_ascension_mode":true,"campfire_choices":[{"floor":6,"key":"RECALL"},{"data":"Hemogenesis","floor":10,"key":"SMITH"}],"circlet_count":0,"master_deck":["AscendersBane","Strike_R","Strike_R","Strike_R","Strike_R","Defend_R","Defend_R","Defend_R","Defend_R","Bash","Inflame","Mind Blast","True Grit","Havoc","Hemogenesis+1","Perfected Strike"],"relics":["Burning Blood","Garlic","hubris:FunFungus"],"acts_visited":["Exordium"],"potions_floor_usage":[7,11],"damage_taken":[{"damage":6,"enemies":"Cultist","floor":1,"turns":4},{"damage":1,"enemies":"2 Louse","floor":4,"turns":4},{"damage":35,"enemies":"Gremlin Nob","floor":7,"turns":5},{"damage":11,"enemies":"Jaw Worm","floor":8,"turns":5},{"damage":64,"enemies":"Lagavulin","floor":11,"turns":8}],"seed_played":"7492171414026757601","potions_obtained":[{"floor":3,"key":"SkillPotion"},{"floor":7,"key":"sneckomod:MuddlingPotion"}],"is_trial":false,"path_per_floor":["M","$","?","M","$","R","E","M","T","R","E"],"character_chosen":"IRONCLAD","items_purchased":["Mind Blast"],"campfire_rested":0,"item_purchase_floors":[2],"current_hp_per_floor":[80,80,58,63,63,63,34,34,34,34,0,0],"gold":57,"neow_bonus":"TEN_PERCENT_HP_BONUS","is_daily":false,"chose_seed":false,"campfire_upgraded":1,"win_rate":0.0,"timestamp":1610114916,"path_taken":["M","?","?","M","?","R","E","M","T","R","E"],"items_purchased_type":["Card"],"build_version":"2020-12-18","purchased_purges":1,"victory":false,"max_hp_per_floor":[88,88,88,88,88,88,88,88,88,88,88,88],"card_choices":[{"not_picked":["True Grit","Headbutt"],"picked":"Inflame","floor":1},{"not_picked":["Clothesline","Anger"],"picked":"True Grit","floor":3},{"not_picked":["ReplayTheSpireMod:Corrosion Curse","Warcry"],"picked":"Havoc","floor":4},{"not_picked":["Anger","Body Slam"],"picked":"Hemogenesis","floor":7},{"not_picked":["ReplayTheSpireMod:Corrosion Curse","Abandon"],"picked":"Perfected Strike","floor":8}],"player_experience":563976,"relics_obtained":[{"floor":3,"key":"Garlic"},{"floor":7,"key":"hubris:FunFungus"}],"event_choices":[],"is_beta":true,"boss_relics":[],"items_purged_floors":[5],"is_endless":false,"potions_floor_spawned":[7],"killed_by":"Lagavulin","ascension_level":13}}