{"host":"xf9bcnwrsi0ee9y8","time":1610076038,"event":{"mods":["BaseMod","BetterRewards","Colored Map","Colored Powertips","Highlight Path","Minty Spire (QoL Compilation)","StSLib","The Necromancer","TheHero"],"gold_per_floor":[116,18,18,38,38,71,144,165,215,215,251,272,287,36,36,166,166,179,195,29,43,67,67,166,166,166,6,6,22,57,6,6,129,129,149,36,51,65,65,78,78,93,118,139,139,158,158,202,202,202],"floor_reached":51,"playtime":3485,"items_purged":["Injury"],"score":784,"play_id":"afbc7d87-4a3a-4a27-acdc-f740e03aa91f","local_time":"20210108062038","is_ascension_mode":false,"campfire_choices":[{"data":"Summon_Undead","floor":10,"key":"SMITH"},{"floor":15,"key":"REST"},{"floor":23,"key":"REST"},{"floor":32,"key":"REST"},{"floor":41,"key":"REST"},{"floor":45,"key":"REST"},{"floor":47,"key":"REST"},{"floor":49,"key":"REST"}],"circlet_count":0,"master_deck":["Strike_W","Strike_W","Strike_W","Strike_W","Defend_W","Defend_W","Defend_W","Defend_W","Negative_Energy_Arrows","Bone_Wall","Shade_Step","Bone_Armor","Bones_to_Steel","Summon_Undead+1","Bone_Bullets","Hellfire+1","Blood_Shield","Negative_Energy_Sphere+1","Bone_Spikes+1","Enlightenment","Vampiric_Strike+1","Cloudkill","Summon_Death_Knight+1","Negative_Energy_Javelin+1","Acid_Javelin+1","Chrysalis","Bone_Armor+1","Death_Knell+1","Summon_Undead_Army+1","Jack Of All Trades","Siphon_Strength","Corrupt+1","Blood_Magic+1","CurseOfTheBell","Blood_Curse+1","Deaths_Shadow+1","Blood_Shield+1","Negative_Energy_Javelin+1","Vampiric_Strike+1","Negative_Energy_Sphere+1","Parasite","Grasp_Heart+1","Scare","Negative_Energy_Bomb+1"],"relics":["Vampire_Amulet","NeowsBlessing","Golden Idol","Frozen Egg 2","Molten Egg 2","Bag of Marbles","Sundial","Fusion Hammer","MutagenicStrength","Meat on the Bone","Shuriken","Calling Bell","Ancient Tea Set","Pear","Thread and Needle","Centennial Puzzle","Nunchaku"],"acts_visited":["Exordium","TheCity","TheBeyond"],"potions_floor_usage":[16,16,30,30,30,33,33,44,50,50,50,50,50,50,50,50],"damage_taken":[{"damage":0,"enemies":"Small Slimes","floor":1,"turns":1},{"damage":0,"enemies":"Jaw Worm","floor":4,"turns":1},{"damage":0,"enemies":"Lagavulin","floor":6,"turns":3},{"damage":0,"enemies":"2 Louse","floor":8,"turns":3},{"damage":37,"enemies":"Gremlin Nob","floor":11,"turns":5},{"damage":3,"enemies":"Exordium Wildlife","floor":12,"turns":4},{"damage":2,"enemies":"Looter","floor":13,"turns":3},{"damage":21,"enemies":"The Guardian","floor":16,"turns":9},{"damage":3,"enemies":"Chosen","floor":18,"turns":4},{"damage":26,"enemies":"2 Thieves","floor":19,"turns":4},{"damage":12,"enemies":"Sentry and Sphere","floor":21,"turns":5},{"damage":18,"enemies":"Chosen and Byrds","floor":22,"turns":5},{"damage":16,"enemies":"Colosseum Slavers","floor":28,"turns":3},{"damage":16,"enemies":"Snake Plant","floor":29,"turns":4},{"damage":24,"enemies":"Slavers","floor":30,"turns":4},{"damage":64,"enemies":"Automaton","floor":33,"turns":9},{"damage":13,"enemies":"3 Shapes","floor":35,"turns":4},{"damage":2,"enemies":"Orb Walker","floor":37,"turns":5},{"damage":26,"enemies":"3 Darklings","floor":38,"turns":4},{"damage":5,"enemies":"Jaw Worm Horde","floor":40,"turns":3},{"damage":31,"enemies":"Sphere and 2 Shapes","floor":42,"turns":5},{"damage":50,"enemies":"Writhing Mass","floor":44,"turns":3},{"damage":4,"enemies":"Jaw Worm Horde","floor":46,"turns":3},{"damage":46,"enemies":"Giant Head","floor":48,"turns":7},{"damage":27,"enemies":"Donu and Deca","floor":50,"turns":13}],"seed_played":"-3471172718186086668","potions_obtained":[{"floor":4,"key":"BlessingOfTheForge"},{"floor":11,"key":"Weak Potion"},{"floor":13,"key":"ColorlessPotion"},{"floor":19,"key":"Explosive Potion"},{"floor":22,"key":"Block Potion"},{"floor":30,"key":"DistilledChaos"},{"floor":33,"key":"Dexterity Potion"},{"floor":35,"key":"EntropicBrew"},{"floor":40,"key":"AttackPotion"},{"floor":44,"key":"Weak Potion"}],"is_trial":false,"path_per_floor":["M","$","?","M","?","E","T","M","T","R","E","M","M","$","R","B",null,"M","M","$","M","M","R","?","?","T","$","?","M","E","$","R","B",null,"M","$","M","M","?","M","R","M","T","M","R","M","R","E","R","B",null],"character_chosen":"NECROMANCER","items_purchased":["Bone_Armor","Bones_to_Steel","Enlightenment","Vampiric_Strike+1","Cloudkill","Chrysalis","Summon_Undead_Army+1","Jack Of All Trades","Block Potion","Deaths_Shadow+1"],"campfire_rested":7,"item_purchase_floors":[2,2,14,14,14,20,27,27,31,36],"current_hp_per_floor":[75,75,75,75,80,80,80,80,80,80,45,55,61,61,80,61,80,79,60,60,52,38,62,62,62,62,62,50,48,42,42,66,23,90,81,81,81,57,57,58,85,64,64,34,61,68,90,50,77,62],"gold":202,"neow_bonus":"THREE_ENEMY_KILL","is_daily":false,"chose_seed":false,"campfire_upgraded":1,"win_rate":0.0,"timestamp":1610076038,"path_taken":["M","$","?","M","?","E","?","M","T","R","E","M","M","?","R","BOSS","M","M","$","M","M","R","?","?","T","$","?","M","E","$","R","BOSS","M","$","M","M","?","M","R","M","T","M","R","?","R","E","R","BOSS"],"items_purchased_type":["Card","Card","Card","Card","Card","Card","Card","Card","Potion","Card"],"build_version":"2020-12-22","purchased_purges":1,"victory":true,"max_hp_per_floor":[75,75,75,75,80,80,80,80,80,80,80,80,80,80,80,80,80,80,80,80,80,80,80,80,80,80,80,80,80,80,80,80,80,90,90,90,90,90,90,90,90,90,90,90,90,90,90,90,90,90],"card_choices":[{"not_picked":["Scare","Bones_to_Steel"],"picked":"Shade_Step","floor":1},{"not_picked":["Negative_Energy_Mist","Bones_to_Steel"],"picked":"Summon_Undead","floor":4},{"not_picked":["Slay_Living","Toxic_Smoke_Screen"],"picked":"Bone_Bullets","floor":6},{"not_picked":["Negative_Energy_Javelin+1","Corrupt"],"picked":"Hellfire+1","floor":8},{"not_picked":["Exploit+1","Strike_from_Beyond+1"],"picked":"Blood_Shield","floor":11},{"not_picked":["Death_March_Dance+1","Negative_Energy_Shield"],"picked":"Negative_Energy_Sphere+1","floor":12},{"not_picked":["Negative_Energy_Shield","Toxic_Smoke_Screen"],"picked":"Bone_Spikes+1","floor":13},{"not_picked":["Reap_The_Weak+1","Blood_Wake+1"],"picked":"Summon_Death_Knight+1","floor":16},{"not_picked":["Shackles_Of_Pain+1","Bone_Armor"],"picked":"Negative_Energy_Javelin+1","floor":18},{"not_picked":["Negative_Energy_Sphere+1","Negative_Energy_Shield"],"picked":"Acid_Javelin+1","floor":19},{"not_picked":["Bone_Armory+1","Death_March_Dance+1"],"picked":"Bone_Armor+1","floor":21},{"not_picked":["Finger_Of_Death+1","Shackles_Of_Pain"],"picked":"Death_Knell+1","floor":22},{"not_picked":["Negative_Energy_Mist+1","Bone_Armor"],"picked":"Siphon_Strength","floor":29},{"not_picked":["Exploit+1","Negative_Energy_Bomb+1"],"picked":"Corrupt+1","floor":30},{"not_picked":["Cloudkill","Reap_The_Weak+1"],"picked":"Blood_Magic+1","floor":33},{"not_picked":["Blood_Is_Power","Finger_Of_Death+1"],"picked":"Blood_Curse+1","floor":35},{"not_picked":["Finger_Of_Death+1","Negative_Energy_Mist"],"picked":"Blood_Shield+1","floor":37},{"not_picked":["Toxic_Smoke_Screen+1","Consume_Illness"],"picked":"Negative_Energy_Javelin+1","floor":38},{"not_picked":["Negative_Energy_Javelin+1","Epidemic+1"],"picked":"Vampiric_Strike+1","floor":40},{"not_picked":["Bone_Spikes+1","Death_March_Dance+1"],"picked":"Negative_Energy_Sphere+1","floor":42},{"not_picked":["Negative_Energy_Shield+1","Vampiric_Strike+1"],"picked":"Grasp_Heart+1","floor":44},{"not_picked":["Blood_Whip+1","Death_March_Dance+1"],"picked":"Scare","floor":46},{"not_picked":["Chill_Blood+1","Acid_Javelin+1"],"picked":"Negative_Energy_Bomb+1","floor":48}],"player_experience":13321,"relics_obtained":[{"floor":6,"key":"Frozen Egg 2"},{"floor":7,"key":"Molten Egg 2"},{"floor":9,"key":"Bag of Marbles"},{"floor":11,"key":"Sundial"},{"floor":26,"key":"Meat on the Bone"},{"floor":30,"key":"Shuriken"},{"floor":34,"key":"Ancient Tea Set"},{"floor":34,"key":"Pear"},{"floor":34,"key":"Thread and Needle"},{"floor":43,"key":"Centennial Puzzle"},{"floor":48,"key":"Nunchaku"}],"event_choices":[{"damage_healed":0,"gold_gain":0,"player_choice":"Take Wound","damage_taken":0,"relics_obtained":["Golden Idol"],"max_hp_gain":0,"max_hp_loss":0,"event_name":"Golden Idol","floor":3,"gold_loss":0,"cards_obtained":["Injury"]},{"damage_healed":0,"gold_gain":0,"player_choice":"Donut","damage_taken":0,"max_hp_gain":5,"max_hp_loss":0,"event_name":"Big Fish","floor":5,"gold_loss":0},{"damage_healed":0,"gold_gain":99,"player_choice":"Stole From Cult","damage_taken":0,"max_hp_gain":0,"max_hp_loss":0,"event_name":"Nest","floor":24,"gold_loss":0},{"damage_healed":0,"gold_gain":0,"player_choice":"Inject Mutagens","damage_taken":0,"relics_obtained":["MutagenicStrength"],"max_hp_gain":0,"max_hp_loss":0,"event_name":"Drug Dealer","floor":25,"gold_loss":0},{"damage_healed":0,"gold_gain":0,"player_choice":"Fight","damage_taken":0,"max_hp_gain":0,"max_hp_loss":0,"event_name":"Colosseum","floor":28,"gold_loss":0},{"damage_healed":0,"gold_gain":0,"player_choice":"Fled From Nobs","damage_taken":0,"max_hp_gain":0,"max_hp_loss":0,"event_name":"Colosseum","floor":28,"gold_loss":0},{"damage_healed":0,"gold_gain":0,"player_choice":"Ignored","damage_taken":0,"max_hp_gain":0,"max_hp_loss":0,"event_name":"SecretPortal","floor":39,"gold_loss":0}],"is_beta":false,"boss_relics":[{"not_picked":["Astrolabe","Ectoplasm"],"picked":"Fusion Hammer"},{"not_picked":["SacredBark","Empty Cage"],"picked":"Calling Bell"}],"items_purged_floors":[36],"is_endless":false,"potions_floor_spawned":[4,11,13,19,22,28,30,33,35,40,42,44],"ascension_level":0}}