{"host":"kh6fvhxn285ncg0o","time":1610149233,"event":{"mods":["Act Like it!","BaseMod","Colored Map","Friendly Minions","Keyboard Shortcuts","Minty Spire (QoL Compilation)","Quick Restart","Relic Stats","StSLib","SuperFastMode"],"gold_per_floor":[15,15,27,27,41,71,71,96,123,142,177,191,203,220,220,297,297,308,258,272,292,342,370,370,400,400,429,429,443,443,199,199,277,277,294,294,304,304,304,338,338,348,348,360,360,394,50,10,10,10,10,10,10,10,43,43],"floor_reached":57,"playtime":2214,"items_purged":["Strike_R"],"score":3030,"play_id":"ad9b468b-4536-4e22-8c2e-3fe492ba936e","local_time":"20210109084033","is_ascension_mode":true,"campfire_choices":[{"data":"Apotheosis","floor":7.0,"key":"SMITH"},{"floor":15.0,"key":"RECALL"},{"floor":24.0,"key":"REST"},{"floor":28.0,"key":"REST"},{"floor":30.0,"key":"REST"},{"floor":32.0,"key":"REST"},{"floor":41.0,"key":"REST"},{"floor":49.0,"key":"REST"},{"floor":53.0,"key":"REST"}],"circlet_count":0,"master_deck":["AscendersBane","Strike_R","Strike_R","Strike_R","Defend_R","Defend_R","Defend_R","Defend_R","Bash","Apotheosis+1","Flame Barrier","Battle Trance","Carnage","Hemokinesis+1","Shrug It Off","Shockwave","Exhume","Offering","Dropkick","Immolate","Entrench","Double Tap","Master of Strategy","Purity","Deep Breath","Second Wind","Burning Pact","Flash of Steel+1","Sentinel+1"],"relics":["Burning Blood","Art of War","Nunchaku","Ice Cream","Bronze Scales","Potion Belt","Fusion Hammer","Question Card","Orichalcum","MealTicket","Bag of Marbles","Runic Pyramid","Boot","Darkstone Periapt","The Courier","TungstenRod","Whetstone"],"acts_visited":["Exordium","TheCity","TheBeyond","TheEnding"],"potions_floor_usage":[56,56],"damage_taken":[{"damage":4.0,"enemies":"Jaw Worm","floor":1.0,"turns":3.0},{"damage":7.0,"enemies":"Small Slimes","floor":3.0,"turns":4.0},{"damage":0.0,"enemies":"Cultist","floor":5.0,"turns":5.0},{"damage":4.0,"enemies":"Lagavulin","floor":6.0,"turns":5.0},{"damage":20.0,"enemies":"Gremlin Nob","floor":8.0,"turns":4.0},{"damage":3.0,"enemies":"Exordium Thugs","floor":10.0,"turns":4.0},{"damage":4.0,"enemies":"Lagavulin","floor":11.0,"turns":6.0},{"damage":11.0,"enemies":"Red Slaver","floor":12.0,"turns":2.0},{"damage":11.0,"enemies":"Gremlin Gang","floor":13.0,"turns":4.0},{"damage":9.0,"enemies":"3 Louse","floor":14.0,"turns":2.0},{"damage":4.0,"enemies":"Slime Boss","floor":16.0,"turns":5.0},{"damage":11.0,"enemies":"3 Byrds","floor":18.0,"turns":3.0},{"damage":11.0,"enemies":"2 Thieves","floor":20.0,"turns":4.0},{"damage":13.0,"enemies":"Snecko","floor":21.0,"turns":4.0},{"damage":47.0,"enemies":"Slavers","floor":23.0,"turns":5.0},{"damage":23.0,"enemies":"Book of Stabbing","floor":25.0,"turns":3.0},{"damage":15.0,"enemies":"Slavers","floor":27.0,"turns":3.0},{"damage":4.0,"enemies":"Cultist and Chosen","floor":29.0,"turns":5.0},{"damage":16.0,"enemies":"Collector","floor":33.0,"turns":5.0},{"damage":6.0,"enemies":"Orb Walker","floor":35.0,"turns":2.0},{"damage":0.0,"enemies":"3 Darklings","floor":37.0,"turns":1.0},{"damage":11.0,"enemies":"Nemesis","floor":40.0,"turns":5.0},{"damage":8.0,"enemies":"Jaw Worm Horde","floor":42.0,"turns":3.0},{"damage":20.0,"enemies":"4 Shapes","floor":44.0,"turns":5.0},{"damage":6.0,"enemies":"Reptomancer","floor":46.0,"turns":3.0},{"damage":6.0,"enemies":"Awakened One","floor":50.0,"turns":8.0},{"damage":21.0,"enemies":"Donu and Deca","floor":51.0,"turns":4.0},{"damage":5.0,"enemies":"Shield and Spear","floor":55.0,"turns":3.0},{"damage":22,"enemies":"The Heart","floor":56,"turns":7}],"seed_played":"5052098289316066760","potions_obtained":[{"floor":3.0,"key":"BloodPotion"},{"floor":5.0,"key":"ColorlessPotion"},{"floor":8.0,"key":"LiquidMemories"},{"floor":10.0,"key":"Dexterity Potion"},{"floor":13.0,"key":"Ancient Potion"},{"floor":20.0,"key":"Strength Potion"},{"floor":23.0,"key":"ColorlessPotion"},{"floor":25.0,"key":"FearPotion"},{"floor":37.0,"key":"ColorlessPotion"},{"floor":44.0,"key":"Dexterity Potion"},{"floor":46.0,"key":"ColorlessPotion"},{"floor":48.0,"key":"Swift Potion"}],"is_trial":false,"path_per_floor":["M","?","M","?","M","E","R","E","T","M","E","M","M","M","R","B",null,"M","?","M","M","?","E","R","E","T","E","R","M","R","$","R","B",null,"M","?","M","?","?","E","R","M","T","M","?","E","$","?","R","B","B",null,"R","$","E","B",null],"character_chosen":"IRONCLAD","items_purchased":["Bag of Marbles","Flash of Steel","TungstenRod"],"campfire_rested":7,"item_purchase_floors":[31,47,47],"current_hp_per_floor":[70,70,69,69,75,75,75,61,61,75,75,70,65,62,62,64,72,67,67,62,55,55,14,36,19,19,10,32,34,56,71,75,65,73,73,73,75,75,65,60,75,73,73,59,59,59,74,74,75,75,60,71,75,75,75,59],"gold":43,"neow_bonus":"RANDOM_COLORLESS_2","is_daily":false,"chose_seed":false,"campfire_upgraded":1,"win_rate":0.0,"timestamp":1610149233,"path_taken":["M","?","M","?","M","E","R","E","T","M","E","M","?","M","R","BOSS","M","?","?","?","?","E","R","E","T","E","R","M","R","$","R","BOSS","M","?","?","?","?","E","R","M","T","M","?","E","$","?","R","BOSS","BOSS","R","$","E","BOSS"],"items_purchased_type":["Relic","Card","Relic"],"build_version":"2020-12-22","purchased_purges":1,"victory":true,"max_hp_per_floor":[75,75,75,75,75,75,75,75,75,75,75,75,75,75,75,75,75,75,75,75,75,75,75,75,75,75,75,75,75,75,75,75,75,75,75,75,75,75,75,75,75,75,75,75,75,75,75,75,75,75,75,75,75,75,75,75],"relic_stats":{"Darkstone Periapt":0,"counters":[29,117],"Whetstone":["Flash of Steel","Hemokinesis"],"Orichalcum":[66],"Question Card":14,"Boot":[8],"Burning Blood":165,"Nunchaku":[42],"Bronze Scales":[353],"MealTicket":30,"Art of War":[22],"obtain_stats":[{"Ice Cream":8,"Potion Belt":11,"Darkstone Periapt":43,"The Courier":46,"Whetstone":55,"Orichalcum":25,"Question Card":23,"Boot":40,"Burning Blood":0,"Nunchaku":6,"Bronze Scales":9,"MealTicket":27,"Fusion Hammer":17,"Art of War":4,"Bag of Marbles":31,"TungstenRod":47,"Runic Pyramid":34},{"Ice Cream":5,"Potion Belt":7,"Darkstone Periapt":23,"The Courier":25,"Whetstone":28,"Orichalcum":16,"Question Card":15,"Boot":22,"Burning Blood":0,"Nunchaku":4,"Bronze Scales":5,"MealTicket":17,"Fusion Hammer":11,"Art of War":2,"Bag of Marbles":18,"TungstenRod":25,"Runic Pyramid":19},{"Ice Cream":21,"Potion Belt":31,"Darkstone Periapt":87,"The Courier":95,"Whetstone":110,"Orichalcum":63,"Question Card":60,"Boot":84,"Burning Blood":0,"Nunchaku":17,"Bronze Scales":21,"MealTicket":66,"Fusion Hammer":44,"Art of War":7,"Bag of Marbles":71,"TungstenRod":95,"Runic Pyramid":76}],"TungstenRod":15},"card_choices":[{"not_picked":["Transmutation","Metamorphosis"],"picked":"Apotheosis","floor":0.0},{"not_picked":["Whirlwind","Anger"],"picked":"Flame Barrier","floor":1.0},{"not_picked":["Wild Strike","Body Slam"],"picked":"Battle Trance","floor":3.0},{"not_picked":["Sentinel","Thunderclap","Clothesline"],"picked":"SKIP","floor":5.0},{"not_picked":["Havoc","Clash"],"picked":"Carnage","floor":6.0},{"not_picked":["Dual Wield","Spot Weakness","Cleave"],"picked":"SKIP","floor":8.0},{"not_picked":["Wild Strike","Double Tap"],"picked":"Hemokinesis","floor":10.0},{"not_picked":["Searing Blow","Clash"],"picked":"Shrug It Off","floor":11.0},{"not_picked":["Thunderclap","Armaments"],"picked":"Shockwave","floor":12.0},{"not_picked":["Wild Strike","Clash","Dual Wield"],"picked":"SKIP","floor":13.0},{"not_picked":["Shrug It Off","Heavy Blade"],"picked":"Exhume","floor":14.0},{"not_picked":["Feed","Reaper"],"picked":"Offering","floor":16.0},{"not_picked":["Shockwave","Clothesline","True Grit"],"picked":"SKIP","floor":18.0},{"not_picked":["Twin Strike","Rampage","Heavy Blade+1"],"picked":"SKIP","floor":20.0},{"not_picked":["True Grit","Bloodletting"],"picked":"Dropkick","floor":21.0},{"not_picked":["Bludgeon","Battle Trance+1"],"picked":"Body Slam+1","floor":23.0},{"not_picked":["Havoc","Clash","Whirlwind","True Grit"],"picked":"SKIP","floor":25.0},{"not_picked":["Warcry+1","Shockwave","Pommel Strike"],"picked":"Immolate","floor":27.0},{"not_picked":["Seeing Red","Hemokinesis","Flex"],"picked":"Entrench","floor":29.0},{"not_picked":["Demon Form","Limit Break","Corruption"],"picked":"Double Tap","floor":33.0},{"not_picked":["Warcry","Iron Wave+1","Uppercut","Thunderclap"],"picked":"SKIP","floor":35.0},{"not_picked":["Anger+1","Havoc","Pommel Strike","Searing Blow+1"],"picked":"SKIP","floor":37.0},{"not_picked":["Trip","Panache","Secret Technique"],"picked":"Master of Strategy","floor":39.0},{"not_picked":["PanicButton","Blind","Good Instincts"],"picked":"Purity","floor":39.0},{"not_picked":["Enlightenment","Forethought","Panacea"],"picked":"Deep Breath","floor":39.0},{"not_picked":["Sword Boomerang+1","Inflame","Shrug It Off","Ghostly Armor"],"picked":"SKIP","floor":40.0},{"not_picked":["Thunderclap","Cleave","Twin Strike","Ghostly Armor"],"picked":"SKIP","floor":42.0},{"not_picked":["Perfected Strike+1","Havoc","Body Slam"],"picked":"Second Wind","floor":44.0},{"not_picked":["Clothesline","Reckless Charge","Infernal Blade"],"picked":"Burning Pact","floor":46.0},{"not_picked":["Havoc","Thunderclap","Carnage+1"],"picked":"Sentinel+1","floor":55.0}],"player_experience":3390185,"relics_obtained":[{"floor":4.0,"key":"Art of War"},{"floor":6.0,"key":"Nunchaku"},{"floor":8.0,"key":"Ice Cream"},{"floor":9.0,"key":"Bronze Scales"},{"floor":11.0,"key":"Potion Belt"},{"floor":23.0,"key":"Question Card"},{"floor":25.0,"key":"Orichalcum"},{"floor":27.0,"key":"MealTicket"},{"floor":40.0,"key":"Boot"},{"floor":43.0,"key":"Darkstone Periapt"},{"floor":46.0,"key":"The Courier"},{"floor":55.0,"key":"Whetstone"}],"event_choices":[{"cards_removed":["Strike_R"],"damage_healed":0.0,"max_hp_gain":0.0,"max_hp_loss":0.0,"gold_gain":0.0,"event_name":"Living Wall","player_choice":"Forget","floor":2.0,"gold_loss":0.0,"damage_taken":0.0},{"damage_healed":0.0,"max_hp_gain":0.0,"max_hp_loss":0.0,"gold_gain":0.0,"event_name":"Wheel of Change","player_choice":"Relic","floor":4.0,"gold_loss":0.0,"damage_taken":0.0},{"damage_healed":0.0,"max_hp_gain":0.0,"max_hp_loss":0.0,"gold_gain":0.0,"event_name":"The Joust","player_choice":"Bet on Owner","floor":19.0,"gold_loss":50.0,"damage_taken":0.0},{"damage_healed":0.0,"max_hp_gain":0.0,"max_hp_loss":0.0,"gold_gain":50.0,"event_name":"Nest","player_choice":"Stole From Cult","floor":22.0,"gold_loss":0.0,"damage_taken":0.0},{"damage_healed":0.0,"max_hp_gain":0.0,"max_hp_loss":0.0,"gold_gain":0.0,"event_name":"SecretPortal","player_choice":"Ignored","floor":36.0,"gold_loss":0.0,"damage_taken":0.0},{"damage_healed":0.0,"max_hp_gain":0.0,"max_hp_loss":0.0,"gold_gain":0.0,"event_name":"Tomb of Lord Red Mask","player_choice":"Ignored","floor":38.0,"gold_loss":0.0,"damage_taken":0.0},{"damage_healed":0.0,"max_hp_gain":0.0,"max_hp_loss":0.0,"gold_gain":0.0,"event_name":"SensoryStone","player_choice":"Memory 3","floor":39.0,"gold_loss":0.0,"damage_taken":10.0},{"cards_removed":["Body Slam"],"damage_healed":0.0,"max_hp_gain":0.0,"max_hp_loss":0.0,"gold_gain":0.0,"event_name":"Falling","player_choice":"Removed Attack","floor":45.0,"gold_loss":0.0,"damage_taken":0.0},{"damage_healed":0.0,"max_hp_gain":0.0,"max_hp_loss":0.0,"gold_gain":0.0,"event_name":"The Woman in Blue","player_choice":"Bought 3 Potions","floor":48.0,"gold_loss":0.0,"damage_taken":0.0}],"is_beta":false,"boss_relics":[{"not_picked":["Philosopher\u0027s Stone","Runic Dome"],"picked":"Fusion Hammer"},{"not_picked":["Coffee Dripper","Tiny House"],"picked":"Runic Pyramid"}],"items_purged_floors":[31],"is_endless":false,"potions_floor_spawned":[3,5,8,10,13,20,23,25,37,44,46],"ascension_level":20}}