{"host":"uv231blk40vjdojr","time":1610134456,"event":{"mods":["AchievementEnabler","BaseMod","Bestiary","Minty Spire (QoL Compilation)","Relic Stats"],"gold_per_floor":[119,138,138,155,2,29,29,29,52,10,10,22,22,53,53,127,127,143,143,162,87,105,105,105,105],"floor_reached":24,"playtime":660,"items_purged":["Pain"],"score":408,"play_id":"4cfc063a-7f94-47ce-a30d-999fea4255eb","local_time":"20210108203416","is_ascension_mode":true,"campfire_choices":[{"data":"Bouncing Flask","floor":7.0,"key":"SMITH"},{"data":"Caltrops","floor":13.0,"key":"SMITH"},{"data":"Footwork","floor":15.0,"key":"SMITH"},{"floor":23,"key":"REST"}],"circlet_count":0,"master_deck":["AscendersBane","Strike_G","Strike_G","Strike_G","Strike_G","Strike_G","Defend_G","Defend_G","Defend_G","Defend_G","Defend_G","Survivor","Neutralize","Bouncing Flask+1","Flying Knee","Backflip","Corpse Explosion","Caltrops+1","Footwork","All Out Attack","Footwork+1","After Image","Catalyst","Blur"],"relics":["Ring of the Snake","NeowsBlessing","PreservedInsect","Calipers","Pen Nib","Ornamental Fan","Sozu","WarpedTongs"],"acts_visited":["Exordium","TheCity"],"potions_floor_usage":[22],"damage_taken":[{"damage":0.0,"enemies":"2 Louse","floor":1.0,"turns":1.0},{"damage":0.0,"enemies":"Cultist","floor":2.0,"turns":1.0},{"damage":0.0,"enemies":"Jaw Worm","floor":4.0,"turns":1.0},{"damage":5.0,"enemies":"3 Sentries","floor":6.0,"turns":2.0},{"damage":10.0,"enemies":"Red Slaver","floor":12.0,"turns":3.0},{"damage":9.0,"enemies":"Gremlin Nob","floor":14.0,"turns":3.0},{"damage":34.0,"enemies":"The Guardian","floor":16.0,"turns":10.0},{"damage":8,"enemies":"Chosen","floor":18,"turns":4},{"damage":16,"enemies":"Shell Parasite","floor":20,"turns":5},{"damage":21,"enemies":"Shelled Parasite and Fungi","floor":22,"turns":7},{"damage":24,"enemies":"Slavers","floor":24,"turns":2}],"seed_played":"-7182058078450835811","potions_obtained":[{"floor":1.0,"key":"DuplicationPotion"},{"floor":2.0,"key":"SkillPotion"},{"floor":16.0,"key":"Poison Potion"}],"is_trial":false,"path_per_floor":["M","M","?","M","$","E","R","$","T","$","?","M","R","E","R","B",null,"M","?","M","$","M","R","E"],"character_chosen":"THE_SILENT","items_purchased":["Corpse Explosion","Footwork"],"campfire_rested":1,"item_purchase_floors":[5,10],"current_hp_per_floor":[59,59,59,59,59,54,54,54,54,54,54,44,44,35,35,1,50,42,42,26,26,5,24,0,0],"gold":105,"neow_bonus":"THREE_ENEMY_KILL","is_daily":false,"chose_seed":false,"campfire_upgraded":3,"win_rate":0.0,"timestamp":1610134456,"path_taken":["M","M","?","?","$","E","R","?","T","?","?","M","R","E","R","BOSS","M","?","?","$","M","R","E"],"items_purchased_type":["Card","Card"],"build_version":"2020-12-22","purchased_purges":1,"victory":false,"max_hp_per_floor":[66,66,66,66,66,66,66,66,66,66,66,66,66,66,66,66,66,66,66,66,66,66,66,66,66],"relic_stats":{"Sozu":2,"counters":[11,39],"Ornamental Fan":[4],"PreservedInsect":97,"Pen Nib":[3],"obtain_stats":[{"Sozu":17,"Calipers":6,"NeowsBlessing":0,"Ornamental Fan":14,"PreservedInsect":3,"Pen Nib":9,"Ring of the Snake":0,"WarpedTongs":19},{"Sozu":7,"Calipers":4,"NeowsBlessing":0,"Ornamental Fan":6,"PreservedInsect":2,"Pen Nib":4,"Ring of the Snake":0,"WarpedTongs":8},{"Sozu":21,"Calipers":5,"NeowsBlessing":0,"Ornamental Fan":11,"PreservedInsect":2,"Pen Nib":5,"Ring of the Snake":0,"WarpedTongs":25}],"Ring of the Snake":[22],"WarpedTongs":[14]},"card_choices":[{"not_picked":["Endless Agony","Choke"],"picked":"Bouncing Flask","floor":1.0},{"not_picked":["Reflex","Slice"],"picked":"Flying Knee","floor":2.0},{"not_picked":["Backstab","Bane"],"picked":"Backflip","floor":4.0},{"not_picked":["Deadly Poison","Calculated Gamble"],"picked":"Caltrops","floor":6.0},{"not_picked":["Deflect","Calculated Gamble"],"picked":"All Out Attack","floor":12.0},{"not_picked":["Backstab","Expertise"],"picked":"Footwork","floor":14.0},{"not_picked":["Tools of the Trade","Storm of Steel"],"picked":"After Image","floor":16.0},{"not_picked":["Outmaneuver","Underhanded Strike","Flying Knee"],"picked":"SKIP","floor":18},{"not_picked":["Backflip","Bouncing Flask"],"picked":"Catalyst","floor":20},{"not_picked":["Prepared","Poisoned Stab"],"picked":"Blur","floor":22}],"player_experience":610366,"relics_obtained":[{"floor":6.0,"key":"Calipers"},{"floor":9.0,"key":"Pen Nib"},{"floor":14.0,"key":"Ornamental Fan"}],"event_choices":[{"damage_healed":0.0,"max_hp_gain":0.0,"max_hp_loss":0.0,"gold_gain":0.0,"event_name":"WeMeetAgain","player_choice":"Gave Potion","floor":3.0,"gold_loss":0.0,"damage_taken":0.0,"relics_obtained":["PreservedInsect"]},{"damage_healed":0.0,"max_hp_gain":0.0,"max_hp_loss":0.0,"gold_gain":0.0,"event_name":"Liars Game","player_choice":"Ignored","floor":11.0,"gold_loss":0.0,"damage_taken":0.0},{"damage_healed":0,"gold_gain":0,"player_choice":"Rummage","damage_taken":0,"relics_obtained":["WarpedTongs"],"max_hp_gain":0,"max_hp_loss":0,"event_name":"Accursed Blacksmith","floor":19,"gold_loss":0,"cards_obtained":["Pain"]}],"is_beta":false,"boss_relics":[{"not_picked":["WristBlade","Calling Bell"],"picked":"Sozu"}],"items_purged_floors":[21],"is_endless":false,"potions_floor_spawned":[1,2,16,20,22],"killed_by":"Slavers","ascension_level":20}}