{"host":"s3s7xsmblwiz356v","time":1610125669,"event":{"mods":["AchievementEnabler","BaseMod","Block Reminder","Colored Map","Colored Powertips","Minty Spire (QoL Compilation)"],"gold_per_floor":[117,137,148,161,179,206,25,37,64,78,78,8,8,21,21,124,124,139,27,43,43,62,62,96,96,123,123,73,89,100,126,126,229,229,229,229,1,1,1,1,18,36,36,83,138,138,193,233,233,233,233,233,7,35,35,35],"floor_reached":55,"playtime":5911,"items_purged":["Strike_P","Parasite","Fasting2"],"score":1021,"play_id":"234a9b72-b0a4-4905-9a0f-b4e797cebfe1","local_time":"20210108120749","is_ascension_mode":true,"campfire_choices":[{"floor":15.0,"key":"REST"},{"floor":23.0,"key":"REST"},{"data":"Alpha","floor":25.0,"key":"SMITH"},{"data":"TalkToTheHand","floor":32.0,"key":"SMITH"},{"data":"Ghostly","floor":40.0,"key":"SMITH"},{"data":"Ghostly","floor":46.0,"key":"SMITH"},{"floor":49.0,"key":"RECALL"},{"data":"Ghostly","floor":52,"key":"SMITH"}],"circlet_count":0,"master_deck":["Strike_P+1","Strike_P+1","Defend_P","Defend_P","Defend_P+1","Defend_P","Eruption","Vigilance","Wireheading","Weave","FlurryOfBlows+1","Crescendo+1","Protect","CutThroughFate","WheelKick","Vengeance","FlurryOfBlows","Alpha+1","TalkToTheHand+1","ThirdEye+1","SandsOfTime","ClearTheMind","Ghostly+1","Ghostly+1","Ghostly+1","Ghostly","Ghostly","InnerPeace","Omniscience","Wallop","TalkToTheHand+1","Dark Shackles","Wish","ThirdEye+1","TalkToTheHand"],"relics":["PureWater","Whetstone","Membership Card","Oddly Smooth Stone","Runic Pyramid","Bag of Preparation","Enchiridion","Question Card","Bronze Scales","Centennial Puzzle","SlaversCollar","TeardropLocket","Orrery","Pocketwatch","War Paint","Happy Flower","Bottled Lightning","Vajra"],"acts_visited":["Exordium","TheCity","TheBeyond","TheEnding"],"potions_floor_usage":[50,55],"damage_taken":[{"damage":0.0,"enemies":"Cultist","floor":1.0,"turns":4.0},{"damage":0.0,"enemies":"Jaw Worm","floor":2.0,"turns":4.0},{"damage":7.0,"enemies":"Small Slimes","floor":3.0,"turns":4.0},{"damage":6.0,"enemies":"Exordium Thugs","floor":4.0,"turns":5.0},{"damage":20.0,"enemies":"Gremlin Gang","floor":5.0,"turns":4.0},{"damage":15.0,"enemies":"Lagavulin","floor":6.0,"turns":6.0},{"damage":2.0,"enemies":"2 Fungi Beasts","floor":8.0,"turns":3.0},{"damage":0.0,"enemies":"Exordium Wildlife","floor":10.0,"turns":4.0},{"damage":2.0,"enemies":"Looter","floor":14.0,"turns":2.0},{"damage":39.0,"enemies":"Hexaghost","floor":16.0,"turns":10.0},{"damage":7.0,"enemies":"2 Thieves","floor":18.0,"turns":4.0},{"damage":9.0,"enemies":"Chosen","floor":20.0,"turns":5.0},{"damage":5.0,"enemies":"Shelled Parasite and Fungi","floor":22.0,"turns":5.0},{"damage":4.0,"enemies":"Gremlin Leader","floor":24.0,"turns":5.0},{"damage":4.0,"enemies":"Chosen and Byrds","floor":29.0,"turns":6.0},{"damage":0.0,"enemies":"Snake Plant","floor":30.0,"turns":5.0},{"damage":5.0,"enemies":"Book of Stabbing","floor":31.0,"turns":7.0},{"damage":29.0,"enemies":"Automaton","floor":33.0,"turns":7.0},{"damage":0.0,"enemies":"3 Darklings","floor":35.0,"turns":2.0},{"damage":2.0,"enemies":"3 Shapes","floor":41.0,"turns":6.0},{"damage":0.0,"enemies":"Jaw Worm Horde","floor":42.0,"turns":5.0},{"damage":0.0,"enemies":"2 Orb Walkers","floor":44.0,"turns":5.0},{"damage":1.0,"enemies":"Giant Head","floor":45.0,"turns":9.0},{"damage":15.0,"enemies":"Nemesis","floor":47.0,"turns":7.0},{"damage":4.0,"enemies":"Spire Growth","floor":48.0,"turns":9.0},{"damage":2,"enemies":"Awakened One","floor":50,"turns":11},{"damage":1,"enemies":"Shield and Spear","floor":54,"turns":7},{"damage":35,"enemies":"The Heart","floor":55,"turns":9}],"seed_played":"5642453149479720836","potions_obtained":[{"floor":1.0,"key":"BlessingOfTheForge"},{"floor":3.0,"key":"Block Potion"},{"floor":5.0,"key":"StancePotion"},{"floor":10.0,"key":"Explosive Potion"},{"floor":14.0,"key":"Regen Potion"},{"floor":16.0,"key":"LiquidMemories"},{"floor":18.0,"key":"Energy Potion"},{"floor":29.0,"key":"Regen Potion"},{"floor":31.0,"key":"Energy Potion"},{"floor":33.0,"key":"SmokeBomb"},{"floor":41.0,"key":"SpeedPotion"},{"floor":42.0,"key":"Swift Potion"},{"floor":44.0,"key":"Ambrosia"}],"is_trial":false,"path_per_floor":["M","M","M","M","M","E","$","M","T","M","?","$","?","M","R","B",null,"M","$","M","?","M","R","E","R","T","?","?","M","M","E","R","B",null,"M","?","$","?","?","R","M","M","T","?","E","R","E","M","R","B",null,"R","$","E","B"],"character_chosen":"WATCHER","items_purchased":["Membership Card","Vengeance","TalkToTheHand","Bag of Preparation","TeardropLocket","Orrery","Energy Potion","Bottled Lightning","TalkToTheHand"],"campfire_rested":2,"item_purchase_floors":[7,12,19,19,37,37,37,53,53],"current_hp_per_floor":[72,72,65,59,39,24,24,22,22,22,41,41,26,24,46,22,63,56,56,47,31,26,48,44,44,44,38,38,34,34,29,29,13,32,32,32,32,32,32,32,30,30,30,30,29,29,14,10,10,8,31,31,31,30,0,0],"gold":35,"neow_bonus":"TEN_PERCENT_HP_BONUS","is_daily":false,"chose_seed":false,"campfire_upgraded":5,"win_rate":0.0,"timestamp":1610125669,"path_taken":["M","?","?","M","M","E","$","M","T","M","?","$","?","M","R","BOSS","M","$","M","?","M","R","E","R","T","?","?","?","?","E","R","BOSS","M","?","$","?","?","R","M","?","T","?","E","R","E","M","R","BOSS","R","$","E","BOSS"],"items_purchased_type":["Relic","Card","Card","Relic","Relic","Relic","Potion","Relic","Card"],"build_version":"2020-12-22","purchased_purges":3,"victory":false,"max_hp_per_floor":[79,79,79,79,79,79,79,79,79,79,79,76,76,76,76,76,76,76,76,76,76,76,76,76,76,76,38,38,38,38,38,38,38,38,38,38,38,38,38,38,38,38,38,38,38,38,38,38,38,38,38,38,38,38,38,38],"card_choices":[{"not_picked":["Halt","Protect"],"picked":"Wireheading","floor":1.0},{"not_picked":["Protect","Pray"],"picked":"Weave","floor":2.0},{"not_picked":["ClearTheMind","Prostrate"],"picked":"FlurryOfBlows","floor":3.0},{"not_picked":["PathToVictory","Prostrate"],"picked":"Crescendo","floor":4.0},{"not_picked":["PathToVictory","WindmillStrike"],"picked":"Protect","floor":5.0},{"not_picked":["SpiritShield","Prostrate"],"picked":"CutThroughFate","floor":6.0},{"not_picked":["JustLucky","Protect"],"picked":"WheelKick","floor":8.0},{"not_picked":["Halt","SignatureMove","FlyingSleeves"],"picked":"SKIP","floor":10.0},{"not_picked":["FollowUp","Evaluate"],"picked":"FlurryOfBlows","floor":14.0},{"not_picked":["DeusExMachina","Brilliance"],"picked":"Alpha","floor":16.0},{"not_picked":["EmptyFist+1","CrushJoints","FlurryOfBlows+1"],"picked":"SKIP","floor":18.0},{"not_picked":["Indignation","EmptyBody"],"picked":"ThirdEye","floor":20.0},{"not_picked":["ThirdEye","Conclude"],"picked":"SandsOfTime","floor":22.0},{"not_picked":["WheelKick+1","Weave"],"picked":"ClearTheMind","floor":24.0},{"not_picked":["Crescendo","EmptyFist","Evaluate"],"picked":"InnerPeace","floor":29.0},{"not_picked":["EmptyFist","SandsOfTime+1","SashWhip+1","WreathOfFlame"],"picked":"SKIP","floor":30.0},{"not_picked":["ThirdEye","BattleHymn","Wireheading","FlyingSleeves+1"],"picked":"SKIP","floor":31.0},{"not_picked":["Scrawl","Judgement","MasterReality"],"picked":"Omniscience","floor":33.0},{"not_picked":["SashWhip+1","FollowUp+1","Prostrate"],"picked":"Wallop","floor":37.0},{"not_picked":["CutThroughFate+1","Collect+1","Protect+1"],"picked":"TalkToTheHand+1","floor":37.0},{"not_picked":["Flash of Steel","Forethought","Good Instincts"],"picked":"Dark Shackles","floor":38.0},{"not_picked":["Fasting2","FollowUp","JustLucky","BattleHymn+1"],"picked":"SKIP","floor":41.0},{"not_picked":["EmptyFist","Evaluate+1","Consecrate+1","EmptyBody+1"],"picked":"SKIP","floor":42.0},{"not_picked":["Pray","CrushJoints","EmptyFist"],"picked":"Wish","floor":44.0},{"not_picked":["FollowUp+1","CrushJoints","SpiritShield"],"picked":"ThirdEye+1","floor":45.0},{"not_picked":["CutThroughFate","Scrawl","Prostrate+1","ThirdEye"],"picked":"SKIP","floor":47.0},{"not_picked":["WheelKick","Swivel+1","Collect","CutThroughFate"],"picked":"SKIP","floor":48.0},{"not_picked":["Nirvana","ReachHeaven","Crescendo","Worship+1"],"picked":"SKIP","floor":54}],"player_experience":401162,"relics_obtained":[{"floor":6.0,"key":"Whetstone"},{"floor":9.0,"key":"Oddly Smooth Stone"},{"floor":21.0,"key":"Enchiridion"},{"floor":24.0,"key":"Question Card"},{"floor":26.0,"key":"Bronze Scales"},{"floor":31.0,"key":"Centennial Puzzle"},{"floor":44.0,"key":"Pocketwatch"},{"floor":45.0,"key":"War Paint"},{"floor":47.0,"key":"Happy Flower"},{"floor":54,"key":"Vajra"}],"event_choices":[{"damage_healed":19.0,"max_hp_gain":0.0,"max_hp_loss":0.0,"gold_gain":0.0,"event_name":"Mushrooms","player_choice":"Healed and dodged fight","floor":11.0,"gold_loss":0.0,"damage_taken":0.0,"cards_obtained":["Parasite"]},{"damage_healed":0.0,"max_hp_gain":0.0,"max_hp_loss":0.0,"gold_gain":0.0,"event_name":"Shining Light","player_choice":"Entered Light","floor":13.0,"gold_loss":0.0,"damage_taken":15.0,"cards_upgraded":["Defend_P","Strike_P"]},{"damage_healed":0.0,"max_hp_gain":0.0,"max_hp_loss":0.0,"gold_gain":0.0,"event_name":"Cursed Tome","player_choice":"Obtained Book","floor":21.0,"gold_loss":0.0,"damage_taken":16.0},{"damage_healed":0.0,"max_hp_gain":0.0,"max_hp_loss":38.0,"gold_gain":0.0,"event_name":"Ghosts","player_choice":"Became a Ghost","floor":27.0,"gold_loss":0.0,"damage_taken":0.0,"cards_obtained":["Ghostly","Ghostly","Ghostly","Ghostly","Ghostly"]},{"damage_healed":0.0,"max_hp_gain":0.0,"max_hp_loss":0.0,"gold_gain":0.0,"event_name":"The Joust","player_choice":"Bet on Murderer","floor":28.0,"gold_loss":50.0,"damage_taken":0.0},{"cards_removed":["Strike_P"],"damage_healed":0.0,"max_hp_gain":0.0,"max_hp_loss":0.0,"gold_gain":0.0,"event_name":"Falling","player_choice":"Removed Attack","floor":36.0,"gold_loss":0.0,"damage_taken":0.0},{"damage_healed":0.0,"max_hp_gain":0.0,"max_hp_loss":0.0,"gold_gain":0.0,"event_name":"SensoryStone","player_choice":"Memory 1","floor":38.0,"gold_loss":0.0,"damage_taken":0.0},{"damage_healed":0.0,"max_hp_gain":0.0,"max_hp_loss":0.0,"gold_gain":0.0,"event_name":"Match and Keep!","player_choice":"1 cards matched","floor":39.0,"gold_loss":0.0,"damage_taken":0.0,"cards_obtained":["Fasting2"]},{"damage_healed":0.0,"max_hp_gain":0.0,"max_hp_loss":0.0,"gold_gain":0.0,"event_name":"Mysterious Sphere","player_choice":"Fight","floor":44.0,"gold_loss":0.0,"damage_taken":0.0}],"is_beta":false,"boss_relics":[{"not_picked":["VioletLotus","Coffee Dripper"],"picked":"Runic Pyramid"},{"not_picked":["Fusion Hammer","SacredBark"],"picked":"SlaversCollar"}],"items_purged_floors":[7,12,53],"is_endless":false,"potions_floor_spawned":[1,3,5,10,14,16,18,29,31,33,41,42,44],"killed_by":"The Heart","ascension_level":7}}