{"host":"6q94iy5iz6612v89","time":1610085136,"event":{"mods":["AchievementEnabler","BaseMod","Colored Map","DeckTracker","Keyboard Shortcuts","Minty Spire (QoL Compilation)","Permanent Neow","StSLib","SuperFastMode"],"gold_per_floor":[114,132,57,69,69,69,104,104,104,104,118,153,179,221,233,322,384,407,430,430],"floor_reached":19,"playtime":523,"items_purged":["Strike_R"],"score":378,"play_id":"221c2e80-5f88-4de8-8a1f-4c43eaa7ea66","local_time":"20210108145216","is_ascension_mode":true,"campfire_choices":[{"data":"Rampage","floor":6,"key":"SMITH"},{"data":"Immolate","floor":8,"key":"SMITH"},{"data":"Pommel Strike","floor":10,"key":"SMITH"},{"data":"Fire Breathing","floor":15,"key":"SMITH"}],"circlet_count":0,"master_deck":["AscendersBane","Strike_R","Strike_R+1","Strike_R","Strike_R","Defend_R","Defend_R","Defend_R","Defend_R","Bash","Pommel Strike+1","Battle Trance","Rampage+1","Immolate+1","Evolve","Fire Breathing+1","Feel No Pain","Offering","True Grit","Thunderclap"],"relics":["Burning Blood","Incense Burner","Prayer Wheel","MawBank","Paper Frog","Tiny House"],"acts_visited":["Exordium","TheCity"],"potions_floor_usage":[7,13,14,16],"damage_taken":[{"damage":1,"enemies":"Cultist","floor":1,"turns":3},{"damage":9,"enemies":"2 Louse","floor":2,"turns":2},{"damage":1,"enemies":"Small Slimes","floor":4,"turns":4},{"damage":35,"enemies":"3 Sentries","floor":7,"turns":9},{"damage":7,"enemies":"Looter","floor":11,"turns":3},{"damage":8,"enemies":"Gremlin Nob","floor":12,"turns":3},{"damage":4,"enemies":"Blue Slaver","floor":13,"turns":3},{"damage":11,"enemies":"Lagavulin","floor":14,"turns":6},{"damage":37,"enemies":"Hexaghost","floor":16,"turns":7},{"damage":22,"enemies":"2 Thieves","floor":18,"turns":3},{"damage":31,"enemies":"Spheric Guardian","floor":19,"turns":4}],"seed_played":"-7369878011818961267","potions_obtained":[{"floor":0,"key":"SteroidPotion"},{"floor":0,"key":"HeartOfIron"},{"floor":7,"key":"Block Potion"},{"floor":14,"key":"PowerPotion"},{"floor":17,"key":"CultistPotion"},{"floor":18,"key":"Ancient Potion"},{"floor":19,"key":"Fire Potion"}],"is_trial":false,"path_per_floor":["M","M","$","M","$","R","E","R","T","R","M","E","M","E","R","B",null,"M","M"],"character_chosen":"IRONCLAD","items_purchased":[],"campfire_rested":0,"item_purchase_floors":[],"current_hp_per_floor":[73,70,70,75,75,75,46,46,46,46,45,43,45,40,40,9,64,48,23,23],"gold":430,"neow_bonus":"THREE_SMALL_POTIONS","is_daily":false,"chose_seed":false,"campfire_upgraded":4,"win_rate":0.0,"timestamp":1610085136,"path_taken":["M","M","$","M","?","R","E","R","T","R","M","E","M","E","R","BOSS","M","M"],"items_purchased_type":[],"build_version":"2020-12-22","purchased_purges":1,"victory":false,"max_hp_per_floor":[75,75,75,75,75,75,75,75,75,75,75,75,75,75,75,75,80,80,80,80],"card_choices":[{"not_picked":["Bloodletting","Sentinel"],"picked":"Pommel Strike","floor":1},{"not_picked":["Sever Soul","Pommel Strike"],"picked":"Battle Trance","floor":2},{"not_picked":["Headbutt","Pummel"],"picked":"Rampage","floor":4},{"not_picked":["Reckless Charge","Hemokinesis"],"picked":"Immolate","floor":7},{"not_picked":["Iron Wave","Havoc"],"picked":"Evolve","floor":11},{"not_picked":["Rampage","Body Slam","Anger"],"picked":"SKIP","floor":11},{"not_picked":["Heavy Blade","Headbutt","Searing Blow"],"picked":"SKIP","floor":12},{"not_picked":["Rupture","Headbutt"],"picked":"Fire Breathing","floor":13},{"not_picked":["Inflame","Bloodletting","Clash"],"picked":"SKIP","floor":13},{"not_picked":["Havoc","Thunderclap"],"picked":"Feel No Pain","floor":14},{"not_picked":["Impervious","Feed"],"picked":"Offering","floor":16},{"not_picked":["Carnage","Wild Strike"],"picked":"True Grit","floor":17},{"not_picked":["Sentinel","Dual Wield","Hemokinesis"],"picked":"SKIP","floor":18},{"not_picked":["Perfected Strike","Ghostly Armor","Wild Strike"],"picked":"SKIP","floor":18},{"not_picked":["Sentinel","Dual Wield","Hemokinesis"],"picked":"SKIP","floor":18},{"not_picked":["Perfected Strike","Ghostly Armor","Wild Strike"],"picked":"SKIP","floor":18},{"not_picked":["Pommel Strike","Wild Strike"],"picked":"Thunderclap","floor":19}],"player_experience":1436530,"relics_obtained":[{"floor":7,"key":"Incense Burner"},{"floor":9,"key":"Prayer Wheel"},{"floor":12,"key":"MawBank"},{"floor":14,"key":"Paper Frog"}],"event_choices":[],"is_beta":false,"boss_relics":[{"not_picked":["Ectoplasm","Black Star"],"picked":"Tiny House"}],"items_purged_floors":[3],"is_endless":false,"potions_floor_spawned":[1,2,7,12,14,18,19],"killed_by":"Spheric Guardian","ascension_level":20}}