{"host":"amk01rs45492rldv","time":1610116969,"event":{"mods":["Act Like it!","Arknights The Spire","BaseMod","Gensokyo","GifTheSpireLib","KinomotoSakuraMod(ƒæ÷Æ±æ”£)","Marisa£®ÏF”Í°°ƒß¿Ì…≥£©","Minty Spire (QoL Compilation)","Quick Restart","Reimu£®≤©¿ˆ¡È√Œ£©","Remilia£®¿Ÿ√◊¿Ú—«£©","Replay The Spire","StSLib","The Administrix","The Servant 0.9.4","vexMod"],"gold_per_floor":[113,28,28,44,64,64,95,115,188,217,217,232,101,115,115,215,215,228,238,7,19,19,19],"floor_reached":22,"playtime":1050,"items_purged":[],"score":198,"play_id":"43ef9347-4ac2-4fb9-9cc3-ee903b3c8de2","local_time":"20210108224249","is_ascension_mode":false,"campfire_choices":[{"data":"ats:Emotion Absorption","floor":6,"key":"SMITH"},{"floor":11,"key":"REST"},{"data":"ats:Red Shift","floor":15,"key":"SMITH"},{"data":"ats:Nebulous Foxfire","floor":15,"key":"SMITH"}],"circlet_count":0,"master_deck":["ats:Strike C","ats:Strike G","ats:Strike S","ats:Strike V","ats:Armor Crushing Shot","ats:Defend","ats:Defend+1","ats:Defend","ats:Defend","ats:Emotion Absorption+1","ats:Calcification+1","ats:Burning Ground","ats:Hammer On","ats:Hammer On","ats:Leaping Hammer","ats:Poison Spread","ats:Powerful Strike","ats:Shell Defense","ats:Ignite","ats:Nebulous Foxfire+1","ats:Song Of Battle+1","ats:Red Shift+1","ats:Demon Strength","ats:Soul Rend","ats:Very Hot Blade","Specialist","ats:Childhood Dance+1"],"relics":["ats:Sanity","ats:Originium","Replay:Arrowhead","ats:Military Tradition","ReplayTheSpireMod:Lightbulb","vexMod:TanglingVine","PreservedInsect"],"acts_visited":["Exordium","TheCity"],"potions_floor_usage":[7,10,19,22],"damage_taken":[{"damage":1,"enemies":"Cultist","floor":1,"turns":5},{"damage":4,"enemies":"Small Slimes","floor":4,"turns":3},{"damage":0,"enemies":"Jaw Worm","floor":5,"turns":4},{"damage":31,"enemies":"3 Sentries","floor":7,"turns":8},{"damage":7,"enemies":"Gremlin Gang","floor":8,"turns":6},{"damage":10,"enemies":"Gremlin Nob","floor":10,"turns":4},{"damage":7,"enemies":"2 Fungi Beasts","floor":12,"turns":6},{"damage":13,"enemies":"Large Slime","floor":14,"turns":6},{"damage":48,"enemies":"Fading Forest","floor":16,"turns":11},{"damage":15,"enemies":"3 Byrds","floor":18,"turns":5},{"damage":15,"enemies":"Chosen","floor":19,"turns":5},{"damage":67,"enemies":"Sentry and Sphere","floor":21,"turns":7},{"damage":17,"enemies":"3 Cultists","floor":22,"turns":3}],"seed_played":"-1357234477774474693","potions_obtained":[{"floor":4,"key":"Swift Potion"},{"floor":7,"key":"ZuzhouPotion:ReiMu"},{"floor":12,"key":"FearPotion"},{"floor":21,"key":"LiquidMemories"}],"is_trial":false,"path_per_floor":["M","$","?","M","M","R","E","M","T","E","R","M","$","M","R","B",null,"M","M","$","M","M"],"character_chosen":"DOCTOR_CLASS","items_purchased":["ats:Hammer On","ats:Leaping Hammer","ats:Song Of Battle+1","ats:Red Shift","PreservedInsect","Specialist"],"campfire_rested":1,"item_purchase_floors":[2,2,13,13,20,20],"current_hp_per_floor":[71,71,57,54,55,55,25,22,22,15,36,44,44,46,46,24,72,64,59,59,2,0,0],"gold":19,"neow_bonus":"ONE_RANDOM_RARE_CARD","is_daily":false,"chose_seed":false,"campfire_upgraded":3,"win_rate":0.0,"timestamp":1610116969,"path_taken":["M","?","?","M","M","R","E","M","T","E","R","?","$","?","R","BOSS","M","M","$","M","M"],"items_purchased_type":["Card","Card","Card","Card","Relic","Card"],"build_version":"2020-12-22","purchased_purges":0,"victory":false,"max_hp_per_floor":[72,72,72,72,72,72,72,72,72,72,72,72,72,72,72,72,72,72,72,72,72,72,72],"card_choices":[{"not_picked":["ats:Apocalypse","ats:Powerful Strike"],"picked":"ats:Burning Ground","floor":1},{"not_picked":["ats:Leaping Hammer","ats:Healing Strengthening"],"picked":"ats:Poison Spread","floor":4},{"not_picked":["ats:Cat Scratch","ats:Automatic Cover"],"picked":"ats:Powerful Strike","floor":5},{"not_picked":["ats:Hammer On","ats:Directed Diagnosis"],"picked":"ats:Shell Defense","floor":7},{"not_picked":["ats:Leaping Hammer","ats:Curse Doll"],"picked":"ats:Ignite","floor":8},{"not_picked":["ats:Charging Defense","ats:Very Hot Blade"],"picked":"ats:Nebulous Foxfire","floor":10},{"not_picked":["ats:Ignite","ats:Cat Scratch","ats:Childhood Dance"],"picked":"SKIP","floor":12},{"not_picked":["ats:Ignite","ats:Cat Scratch"],"picked":"ats:Demon Strength","floor":14},{"not_picked":["ats:Wolf Pack","ats:Fractured Body"],"picked":"ats:Soul Rend","floor":16},{"not_picked":["ats:Leaping Hammer","ats:Consecutive Shot Auto","ats:Collapsing Strike"],"picked":"SKIP","floor":18},{"not_picked":["ats:Ignite+1","ats:Revitalization"],"picked":"ats:Very Hot Blade","floor":19},{"not_picked":["ats:Leaping Hammer","ats:Poison Spread"],"picked":"ats:Childhood Dance+1","floor":21}],"player_experience":933138,"relics_obtained":[{"floor":7,"key":"ats:Originium"},{"floor":7,"key":"Replay:Arrowhead"},{"floor":9,"key":"ats:Military Tradition"},{"floor":10,"key":"ats:Originium"},{"floor":10,"key":"ReplayTheSpireMod:Lightbulb"}],"event_choices":[{"damage_healed":0,"gold_gain":0,"player_choice":"Entered Light","damage_taken":14,"max_hp_gain":0,"max_hp_loss":0,"event_name":"Shining Light","floor":3,"gold_loss":0,"cards_upgraded":["ats:Defend","ats:Calcification"]}],"is_beta":false,"boss_relics":[{"not_picked":["Philosopher\u0027s Stone","RedLine:ReiMu"],"picked":"vexMod:TanglingVine"}],"items_purged_floors":[],"is_endless":false,"potions_floor_spawned":[4,7,12,21],"killed_by":"3 Cultists","ascension_level":0}}