{"host":"appz8zkad29u9482","time":1610143250,"event":{"mods":["2.2 Compatiblity","Act Like it!","Aspiration","BaseMod","Beaked The Cultist","Better Altar","Better Match","Better Note","Better Skull","Better Third Choice","BetterRewards","CapriCore","Conspire","Disable Question Mark Monsters","Energized Spire","Gensokyo","GifTheSpireLib","Gold Saver","Halation","Hermit","Hubris","Infinite Spire","Jedi Mod","Marisa????????","Minty Spire (QoL Compilation)","Permanent Neow","Reimu??????","Replay The Spire","Somnambulant","Spicy Shops","StSLib","Strawberry Spire","Stuff the Spire","The Animator","The Cursed","The Hierophant","The Immortal","Yuyuko","yUi"],"gold_per_floor":[1346,1346,1346,1369,1392,1439,1459,1459,1459,1402,1418,1150,1189,934,934,1065,1065,1080,1101,1101,1101,1074,1087,1087,1087,1087,1121,1121,1121,970,988,988,1108,1108,1127,1127,1049,1122,1154,1187,1187,1187,1187,1187,1296,1108,1129,1143,1143,1143],"floor_reached":51,"playtime":10923,"items_purged":["strawberrySpire:AscendersBanana","Injury","Looming Evil","Gensokyo:ImpossibleRequest"],"score":1327,"play_id":"59d2fbce-2cf0-4376-b7a4-dcebcbdd0221","local_time":"20210108120050","is_ascension_mode":true,"campfire_choices":[{"floor":8,"key":"REST"},{"data":"animator:KyokoSakura","floor":15,"key":"SMITH"},{"data":"animator:NagisaMomoe","floor":24,"key":"SMITH"},{"data":"animator:RoyMustang","floor":29,"key":"SMITH"},{"floor":32,"key":"REST"},{"data":"animator:SuzuneAmano","floor":41,"key":"SMITH"},{"data":"animator:GazelDwargon","floor":42,"key":"SMITH"},{"data":"animator:Shuna","floor":44,"key":"SMITH"},{"data":"animator:YachiyoNanami","floor":49,"key":"SMITH"}],"circlet_count":0,"master_deck":["animator:Strike_MadokaMagica","animator:Defend_MadokaMagica","animator:Strike","animator:Strike","animator:Defend","animator:Defend","animator:Defend","animator:YuiTsuruno+1","animator:Millim+1","animator:MamiTomoe","animator:SuzuneAmano","animator:OrikoMikuni+1","animator:KyokoSakura+1","animator:Shuna+1","animator:Ainz","animator:SayakaMiki","animator:NagisaMomoe+1","animator:Darkness","animator:KyokoSakura","animator:Greed","AbeCurse","animator:SayakaMiki+1","animator:GazelDwargon+1","StuffTheSpire:Vigor","animator:IrohaTamaki","animator:KyokoSakura","animator:RoyMustang+1","animator:SuzuneAmano+1","animator:Darkness","animator:Shuna","animator:HomuraAkemi","animator:Ainz+1","hubris:Disease","animator:Laby+1","animator:Ainz","animator:Vesta+1","animator:KyokoSakura","Parasite","animator:YachiyoNanami+1","animator:Ainz","animator:Ainz","animator:Ainz","animator:Ainz","animator:Ainz"],"relics":["animator:LivingPicture","animator:TheMissingPiece","Membership Card","halation:Jellyphish","Onion Ring","Cursed Key","Turnip","Golden Idol","infinitespire:ShieldingShard","Pantograph","Bird Faced Urn","TwistedFunnel","aspiration:Lifesprig","animator:CerealBox","infinitespire:Golems Mask","Abe\u0027s Treasure","strawberrySpire:Treaders","beaked:ShinyBauble","jedi:arcanewood","strawberrySpire:Dictionifier","DollysMirror","Nunchaku","conspire:Flyswatter","strawberrySpire:BrokenPrinter"],"acts_visited":["Exordium","TheCity","TheBeyond"],"potions_floor_usage":[6,33,33,40,45,50,50,50],"damage_taken":[{"damage":6,"enemies":"Jaw Worm","floor":1,"turns":2},{"damage":0,"enemies":"conspire:RoseBush","floor":4,"turns":1},{"damage":0,"enemies":"Small Slimes","floor":5,"turns":2},{"damage":10,"enemies":"Gremlin Nob","floor":6,"turns":3},{"damage":0,"enemies":"Blue Slaver","floor":7,"turns":2},{"damage":23,"enemies":"3 Sentries","floor":10,"turns":7},{"damage":0,"enemies":"2 Fungi Beasts","floor":11,"turns":2},{"damage":6,"enemies":"strawberrySpire:EnergyPylons","floor":13,"turns":4},{"damage":8,"enemies":"Fading Forest","floor":16,"turns":11},{"damage":0,"enemies":"conspire:FuzzyDice","floor":18,"turns":5},{"damage":0,"enemies":"2 Thieves","floor":19,"turns":3},{"damage":0,"enemies":"Centurion and Healer","floor":23,"turns":5},{"damage":20,"enemies":"Slavers","floor":27,"turns":4},{"damage":14,"enemies":"Snake Plant","floor":31,"turns":2},{"damage":15,"enemies":"Pondfish","floor":33,"turns":9},{"damage":9,"enemies":"3 Shapes","floor":35,"turns":2},{"damage":0,"enemies":"Orb Walker","floor":39,"turns":5},{"damage":0,"enemies":"Nemesis","floor":40,"turns":8},{"damage":0,"enemies":"Writhing Mass","floor":45,"turns":7},{"damage":0,"enemies":"Spire Growth","floor":47,"turns":4},{"damage":10,"enemies":"4 Shapes","floor":48,"turns":3},{"damage":76,"enemies":"Awakened One","floor":50,"turns":12}],"seed_played":"-8846339250389805273","potions_obtained":[{"floor":5,"key":"Fire Potion"},{"floor":10,"key":"DistilledChaos"},{"floor":11,"key":"AttackPotion"},{"floor":16,"key":"PowerPotion"},{"floor":27,"key":"Fire Potion"},{"floor":31,"key":"PowerPotion"},{"floor":38,"key":"jedi:mysterypotion"},{"floor":40,"key":"ColorlessPotion"},{"floor":47,"key":"ZuzhouPotion:ReiMu"}],"is_trial":false,"path_per_floor":["M","?","?","M","M","E","M","R","T","E","M","$","E","$","R","B",null,"M","M","AVR","?","$","M","R","?","T","E","?","R","$","M","R","B",null,"M","?","$","?","M","E","R","R","T","R","M","$","M","M","R","B",null],"character_chosen":"THE_ANIMATOR","items_purchased":["animator:Millim","Membership Card","halation:Jellyphish","animator:SayakaMiki","animator:NagisaMomoe","TwistedFunnel","animator:Darkness","animator:CerealBox","infinitespire:Golems Mask","animator:IrohaTamaki","animator:SuzuneAmano","animator:Darkness","DollysMirror","animator:YachiyoNanami","strawberrySpire:BrokenPrinter"],"campfire_rested":2,"item_purchase_floors":[0,0,0,12,12,12,12,14,14,22,30,30,37,46,46],"current_hp_per_floor":[46,46,46,46,47,37,37,57,57,34,34,34,30,30,30,63,67,67,68,68,51,51,57,57,57,57,45,45,45,45,33,53,64,69,64,64,64,64,69,69,69,69,69,69,75,75,75,73,73,11],"gold":1143,"neow_bonus":"","is_daily":false,"chose_seed":false,"campfire_upgraded":7,"win_rate":0.0,"timestamp":1610143250,"path_taken":["M","?","?","?","M","E","M","R","T","E","M","$","E","$","R","BOSS","M","M","AVR","?","$","M","R","?","T","E","?","R","$","M","R","BOSS","M","?","?","?","M","E","?","R","T","R","M","$","?","M","R","BOSS"],"items_purchased_type":["Card","Relic","Relic","Card","Card","Relic","Card","Relic","Relic","Card","Card","Card","Relic","Card","Relic"],"build_version":"2020-12-22","purchased_purges":4,"victory":true,"max_hp_per_floor":[66,66,66,66,67,67,67,67,67,67,67,67,67,67,67,67,67,67,68,68,68,68,68,68,68,68,68,68,68,68,68,68,69,69,69,69,69,69,69,69,69,69,69,69,75,75,75,75,75,75],"card_choices":[{"not_picked":["animator:Cocytus","animator:Elsword"],"picked":"animator:SuzuneAmano","floor":1},{"not_picked":["animator:IrohaTamaki","animator:Demiurge"],"picked":"animator:Darkness","floor":4},{"not_picked":["animator:Elsword","animator:Scar"],"picked":"animator:OrikoMikuni","floor":5},{"not_picked":["animator:YuiTsuruno","animator:IrohaTamaki"],"picked":"animator:KyokoSakura","floor":6},{"not_picked":["animator:Cocytus","animator:DolaRiku","animator:RoyMustang"],"picked":"SKIP","floor":7},{"not_picked":["animator:Sebas","animator:Chung"],"picked":"animator:Shuna","floor":10},{"not_picked":["animator:OrikoMikuni","animator:DolaRiku"],"picked":"animator:Ainz","floor":11},{"not_picked":["animator:SuzuneAmano","animator:OrikoMikuni"],"picked":"animator:KyokoSakura","floor":13},{"not_picked":["animator:Ainz","animator:Elesis"],"picked":"animator:Greed","floor":16},{"not_picked":["animator:DolaCouronne","animator:Tet"],"picked":"animator:SayakaMiki+1","floor":18},{"not_picked":["animator:YunYun","animator:ElricAlphonse+1"],"picked":"animator:GazelDwargon","floor":19},{"not_picked":["animator:ElricAlphonse","animator:IrohaTamaki"],"picked":"animator:KyokoSakura","floor":23},{"not_picked":["animator:ElricAlphonse","animator:MaesHughes"],"picked":"animator:RoyMustang","floor":27},{"not_picked":["animator:SuzuneAmano","animator:Vesta+1"],"picked":"animator:Shuna","floor":31},{"not_picked":["animator:Shizu","animator:Shiro"],"picked":"animator:HomuraAkemi","floor":33},{"not_picked":["animator:Shion+1","animator:Vanir+1"],"picked":"animator:Millim","floor":35},{"not_picked":["animator:Shuna","animator:Hakurou+1"],"picked":"animator:Laby+1","floor":38},{"not_picked":["animator:Raven+1","animator:Shuna+1"],"picked":"animator:Ainz","floor":38},{"not_picked":["animator:Benimaru","animator:Ara+1"],"picked":"animator:Vesta+1","floor":39},{"not_picked":["animator:YuiTsuruno","animator:NagisaMomoe"],"picked":"animator:KyokoSakura","floor":40},{"not_picked":["animator:NarberalGamma","animator:Megumin","animator:Lu"],"picked":"SKIP","floor":45},{"not_picked":["animator:Scar","animator:Pride+1","animator:Aisha"],"picked":"SKIP","floor":47},{"not_picked":["LessonLearned","animator:Elsword+1","animator:Chung"],"picked":"SKIP","floor":48}],"player_experience":510860,"relics_obtained":[{"floor":6,"key":"infinitespire:ShieldingShard"},{"floor":9,"key":"Pantograph"},{"floor":10,"key":"Bird Faced Urn"},{"floor":13,"key":"aspiration:Lifesprig"},{"floor":26,"key":"beaked:ShinyBauble"},{"floor":27,"key":"jedi:arcanewood"},{"floor":38,"key":"Nunchaku"},{"floor":40,"key":"conspire:Flyswatter"}],"event_choices":[{"damage_healed":0,"gold_gain":0,"player_choice":"Take Wound","damage_taken":0,"relics_obtained":["Golden Idol"],"max_hp_gain":0,"max_hp_loss":0,"event_name":"Golden Idol","floor":2,"gold_loss":0,"cards_obtained":["Injury"]},{"damage_healed":0,"gold_gain":0,"player_choice":"Ignored","damage_taken":1346,"max_hp_gain":0,"max_hp_loss":0,"event_name":"betterThird:BetterSerpent","floor":3,"gold_loss":0},{"damage_healed":0,"gold_gain":0,"player_choice":"Ignored","damage_taken":0,"max_hp_gain":0,"max_hp_loss":0,"event_name":"Vampires","floor":25,"gold_loss":0},{"cards_removed":["animator:Darkness"],"damage_healed":0,"gold_gain":0,"player_choice":"Removed Power","damage_taken":0,"max_hp_gain":0,"max_hp_loss":0,"event_name":"Falling","floor":36,"gold_loss":0}],"is_beta":false,"boss_relics":[{"not_picked":["Sozu","halation:Yufonium"],"picked":"Abe\u0027s Treasure"},{"not_picked":["Calling Bell","Pandora\u0027s Box"],"picked":"strawberrySpire:Dictionifier"}],"items_purged_floors":[12,14,30,46],"is_endless":false,"potions_floor_spawned":[5,10,11,16,27,31,40,47],"ascension_level":2}}