{"host":"b0l902yh1rk3g5bq","time":1610085865,"event":{"mods":["AchievementEnabler","Act Like it!","Aspiration","BaseMod","Better Match","Better Sensory Stone","Better Skull","Better Third Choice","BetterRewards","Challenge The Spire","Colored Map","Colored Powertips","Conspire","Downfall","Energized Spire","GifTheSpireLib","Halation","Hubris","Infinite Spire","Minty Spire (QoL Compilation)","Quick Restart","Rare Cards Sparkle","Replay The Spire","StSLib","Stuff the Spire","Trackpad","Virulent Crown","Wandering Minibosses","egg","everything is the same but u backflip on backflip","vexMod"],"gold_per_floor":[114,114,36,36,87,113,138,170,194,226,226,258,284,60,60,160,160,180,79,79,111,111,111,138,172,172,172,172,172,200,227,227,328,328,369,369,369,22,47,47,47,77,150,189,228,228,271,300,300,300],"floor_reached":51,"playtime":2098,"items_purged":["Sucker Punch","Dagger Spray"],"score":1493,"play_id":"a0e109a9-ade3-44d2-995f-d7d8723e13f3","local_time":"20210108070425","daily_mods":["Draft","Heirloom","Flight","DeadlyEvents","Elite Swarm"],"is_ascension_mode":false,"campfire_choices":[{"floor":11,"key":"REST"},{"floor":15,"key":"REST"},{"floor":23,"key":"REST"},{"floor":27,"key":"REST"},{"data":"Adrenaline","floor":28,"key":"SMITH"},{"data":"After Image","floor":32,"key":"SMITH"},{"data":"Madness","floor":40,"key":"SMITH"},{"data":"Madness","floor":41,"key":"SMITH"},{"data":"Accuracy","floor":49,"key":"SMITH"}],"circlet_count":0,"master_deck":["PiercingWail+1","Backflip","Dodge and Roll","Quick Slash+1","Infinite Blades+1","PiercingWail","Backflip+1","Dash+1","Accuracy+1","Blade Dance+1","Acrobatics","Hidden Blade","Cloak And Dagger","Fluid Movement","Adrenaline+1","Infinite Blades+1","Accuracy+1","Blade Dance","infinitespire:NeuralNetwork","infinitespire:Fortify","After Image+1","Madness+1","Madness+1","Panache","A Thousand Cuts","Noxious Fumes+1"],"relics":["Ring of the Snake","Tingsha","hubris:Towel","aspiration:TomeofQuesting","Replay:Bottled Steam","ReplayTheSpireMod:Ninjato","ReplayTheSpireMod:Shallot","trackpad:PetRock","vexMod:RetaliationKit","Blue Doll","hubris:MedicalManual","StuffTheSpire:BottledEssence","infinitespire:ShieldingShard","Thread and Needle","infinitespire:Eraser","Quantum Egg","Sling","infinitespire:Beetle Shell","Byrd Skull","vexMod:TanglingVine","infinitespire:EvilPickle","halation:PapillonHeart","trackpad:CultistFigurine","trackpad:IceCube","War Paint","conspire:Dentures","Sundial","hubris:CrystalStatue","Replay:Towering Pillar of Hats","energizedSpire:NeverEndingSparkler","Replay:Bottled Eggs"],"acts_visited":["Exordium","TheCity","TheBeyond"],"potions_floor_usage":[50,50],"damage_taken":[{"damage":2,"enemies":"Jaw Worm","floor":1,"turns":3},{"damage":5,"enemies":"Replay:BlueRogue","floor":6,"turns":7},{"damage":15,"enemies":"3 Sentries","floor":7,"turns":6},{"damage":6,"enemies":"Gremlin Nob","floor":8,"turns":4},{"damage":7,"enemies":"Lagavulin","floor":10,"turns":5},{"damage":6,"enemies":"3 Sentries","floor":12,"turns":5},{"damage":21,"enemies":"Gremlin Nob","floor":13,"turns":4},{"damage":1,"enemies":"Hexaghost","floor":16,"turns":5},{"damage":0,"enemies":"Spheric Guardian","floor":18,"turns":3},{"damage":5,"enemies":"Slavers","floor":21,"turns":4},{"damage":2,"enemies":"Replay:Snechameleon","floor":24,"turns":5},{"damage":5,"enemies":"Slavers","floor":25,"turns":4},{"damage":3,"enemies":"Gremlin Leader","floor":30,"turns":3},{"damage":0,"enemies":"Book of Stabbing","floor":31,"turns":5},{"damage":0,"enemies":"Pondfish","floor":33,"turns":4},{"damage":0,"enemies":"3 Darklings","floor":35,"turns":3},{"damage":0,"enemies":"R_Hoarder","floor":42,"turns":3},{"damage":0,"enemies":"Reptomancer","floor":44,"turns":1},{"damage":0,"enemies":"Giant Head","floor":45,"turns":4},{"damage":0,"enemies":"Reptomancer","floor":47,"turns":2},{"damage":0,"enemies":"3 Shapes","floor":48,"turns":2},{"damage":0,"enemies":"hubris:GrandSnecko","floor":50,"turns":4}],"seed_played":"4145782132665413948","potions_obtained":[{"floor":8,"key":"Guardian:BlockOnCardUsePotion"},{"floor":18,"key":"Adrenaline Potion"},{"floor":33,"key":"Explosive Potion"}],"is_trial":true,"path_per_floor":["M","?","$","?","T","E","E","E","T","E","R","E","E","$","R","B",null,"M","$","?","E","?","R","E","E","T","R","R","AVR","E","E","R","B",null,"M","?","?","$","T","R","R","E","T","E","E","AVR","E","M","R","B",null],"character_chosen":"THE_SILENT","items_purchased":["Fluid Movement","Infinite Blades","StuffTheSpire:BottledEssence","Accuracy+1","Blade Dance","trackpad:CultistFigurine","Panache"],"campfire_rested":4,"item_purchase_floors":[3,14,14,19,19,38,38],"current_hp_per_floor":[68,61,61,61,61,56,41,35,35,28,49,43,22,22,43,42,70,70,70,33,28,15,37,35,30,30,52,52,52,49,49,49,49,75,75,66,66,66,66,66,66,66,66,66,66,66,66,66,66,66],"gold":300,"neow_bonus":"","is_daily":false,"chose_seed":false,"campfire_upgraded":5,"win_rate":0.0,"timestamp":1610085865,"path_taken":["M","?","?","?","?","E","E","E","T","E","R","E","?","$","R","BOSS","M","$","?","?","?","R","E","E","T","R","R","AVR","E","?","R","BOSS","M","?","?","$","?","R","R","E","T","E","?","AVR","E","?","R","BOSS"],"items_purchased_type":["Card","Card","Relic","Card","Card","Relic","Card"],"build_version":"2020-12-22","purchased_purges":2,"victory":true,"max_hp_per_floor":[70,70,70,70,70,70,70,70,70,70,70,70,70,70,70,70,70,70,70,70,70,75,75,75,75,75,75,75,75,75,75,75,75,75,75,75,71,71,71,71,71,71,71,71,71,71,71,71,71,71],"card_choices":[{"not_picked":["Outmaneuver","StuffTheSpire:BumpUp"],"picked":"PiercingWail","floor":0},{"not_picked":["Deflect","Underhanded Strike"],"picked":"Backflip","floor":0},{"not_picked":["Catalyst","Underhanded Strike"],"picked":"Dodge and Roll","floor":0},{"not_picked":["ReplayTheSpireMod:Exploit Weakness","Crippling Poison"],"picked":"Sucker Punch","floor":0},{"not_picked":["StuffTheSpire:ClusterCrunch","Prepared"],"picked":"Quick Slash","floor":0},{"not_picked":["Slice","Dash"],"picked":"Infinite Blades","floor":0},{"not_picked":["Dodge and Roll","ReplayTheSpireMod:The Works"],"picked":"Dagger Spray","floor":0},{"not_picked":["StuffTheSpire:Injection","Calculated Gamble"],"picked":"PiercingWail","floor":0},{"not_picked":["Deadly Poison","hubris:SlightOfHand"],"picked":"Backflip","floor":0},{"not_picked":["Riddle With Holes","Dagger Throw"],"picked":"Dash","floor":0},{"not_picked":["Well Laid Plans","Blade Dance"],"picked":"Accuracy","floor":0},{"not_picked":["hubris:Counter","StuffTheSpire:Sprint"],"picked":"Blade Dance","floor":0},{"not_picked":["Poisoned Stab","Deadly Poison"],"picked":"Acrobatics","floor":0},{"not_picked":["Prepared","StuffTheSpire:Fury"],"picked":"Hidden Blade","floor":0},{"not_picked":["Sucker Punch","Deadly Poison"],"picked":"Cloak And Dagger","floor":0},{"not_picked":["StuffTheSpire:Fury","StuffTheSpire:ClusterCrunch","Poisoned Stab"],"picked":"SKIP","floor":1},{"not_picked":["Atom Bomb","Envenom","Glass Knife"],"picked":"SKIP","floor":6},{"not_picked":["Tools of the Trade","Unload","Malaise"],"picked":"SKIP","floor":7},{"not_picked":["Tools of the Trade","Unload","Malaise"],"picked":"SKIP","floor":7},{"not_picked":["Night Terror","Venomology","Bullet Time"],"picked":"SKIP","floor":8},{"not_picked":["Glass Knife","Night Terror","Replay:Bag of Tricks"],"picked":"SKIP","floor":10},{"not_picked":["Phantasmal Killer","Wraith Form v2","Replay:Bag of Tricks"],"picked":"SKIP","floor":12},{"not_picked":["Replay:Bag of Tricks","Wraith Form v2"],"picked":"Adrenaline","floor":13},{"not_picked":["PiercingWail+1","Bane","Flying Knee"],"picked":"SKIP","floor":18},{"not_picked":["ReplayTheSpireMod:From All Sides","Corpse Explosion","StuffTheSpire:FinalStruggle"],"picked":"SKIP","floor":21},{"not_picked":["StuffTheSpire:FinalStruggle","Bullet Time","ReplayTheSpireMod:Necrosis"],"picked":"SKIP","floor":24},{"not_picked":["Envenom","Malaise","infinitespire:Neurotoxin"],"picked":"SKIP","floor":25},{"not_picked":["StuffTheSpire:FinalStruggle","Doppelganger","Malaise"],"picked":"SKIP","floor":30},{"not_picked":["Replay:Bag of Tricks","StuffTheSpire:FinalStruggle"],"picked":"After Image","floor":31},{"not_picked":["StuffTheSpire:Python+1","Dagger Spray+1","Deadly Poison"],"picked":"SKIP","floor":35},{"not_picked":["Doppelganger","Wraith Form v2","infinitespire:Neurotoxin"],"picked":"SKIP","floor":42},{"not_picked":["Doppelganger","Replay:Bag of Tricks"],"picked":"A Thousand Cuts","floor":44},{"not_picked":["Phantasmal Killer","Venomology","aspiration:Lunge"],"picked":"SKIP","floor":45},{"not_picked":["A Thousand Cuts","Burst","Tools of the Trade"],"picked":"SKIP","floor":47},{"not_picked":["Dash+1","StuffTheSpire:ClusterCrunch"],"picked":"Noxious Fumes+1","floor":48}],"player_experience":630543,"relics_obtained":[{"floor":5,"key":"aspiration:TomeofQuesting"},{"floor":6,"key":"Replay:Bottled Steam"},{"floor":7,"key":"ReplayTheSpireMod:Ninjato"},{"floor":8,"key":"ReplayTheSpireMod:Shallot"},{"floor":9,"key":"trackpad:PetRock"},{"floor":10,"key":"vexMod:RetaliationKit"},{"floor":12,"key":"Blue Doll"},{"floor":13,"key":"hubris:MedicalManual"},{"floor":21,"key":"infinitespire:ShieldingShard"},{"floor":24,"key":"Thread and Needle"},{"floor":25,"key":"infinitespire:Eraser"},{"floor":26,"key":"Quantum Egg"},{"floor":30,"key":"infinitespire:Beetle Shell"},{"floor":31,"key":"Byrd Skull"},{"floor":39,"key":"trackpad:IceCube"},{"floor":42,"key":"War Paint"},{"floor":43,"key":"conspire:Dentures"},{"floor":44,"key":"Sundial"},{"floor":45,"key":"hubris:CrystalStatue"},{"floor":47,"key":"Replay:Bottled Eggs"}],"event_choices":[{"damage_healed":0,"gold_gain":0,"player_choice":"Damaged","damage_taken":7,"max_hp_gain":0,"max_hp_loss":0,"event_name":"Wheel of Change","floor":2,"gold_loss":0},{"damage_healed":0,"gold_gain":0,"player_choice":"UP UP UP ","damage_taken":43,"relics_obtained":[],"max_hp_gain":0,"max_hp_loss":0,"event_name":"betterSkull:BetterSkull","floor":20,"gold_loss":0,"cards_upgraded":["Dash","PiercingWail","Quick Slash"]},{"damage_healed":0,"gold_gain":0,"player_choice":"Shed Blood","damage_taken":18,"max_hp_gain":5,"max_hp_loss":0,"event_name":"Forgotten Altar","floor":22,"gold_loss":0},{"damage_healed":0,"gold_gain":0,"player_choice":"Embrace Madness","damage_taken":9,"max_hp_gain":0,"max_hp_loss":0,"event_name":"Winding Halls","floor":36,"gold_loss":0,"cards_obtained":["Madness","Madness"]}],"is_beta":false,"boss_relics":[{"not_picked":["Calling Bell","energizedSpire:EnergizedDie","vexMod:FluxCapacitor"]},{"not_picked":["halation:LoveArrow","halation:PinkAlligatorPlush"],"picked":"vexMod:TanglingVine"}],"items_purged_floors":[29,46],"is_endless":false,"potions_floor_spawned":[6,8,18,30,33,42,44,48],"ascension_level":0}}