{"host":"xw61u809yplklae2","time":1610130836,"event":{"mods":["BaseMod","Better Third Choice","Colored Map","Conspire","DeckTracker","Downfall","Hubris","Minty Spire (QoL Compilation)","Replay The Spire","StSLib"],"gold_per_floor":[99,110,124,55,72,72,72,107,107,138,63,96,96,96,129,304,314,410,410,410,424,424,448,448,149,201,233,158,158,158,283,283,294,308,408,408,408,425,577,877,841,841,841,875,887,915,840,875,875,527,546,496,496,527,11,11,11],"floor_reached":58,"playtime":7337,"items_purged":["hubris:Gluttony","Looming Evil","Writhe","Doubt"],"score":1590,"play_id":"98be14d5-3c53-42fb-b6d7-9d5d1fd00add","local_time":"20210108133356","is_ascension_mode":true,"campfire_choices":[{"data":"sneckomod:UnlimitedRolls","floor":1.0,"key":"SMITH"},{"data":"sneckomod:UnknownRareAttack","floor":6.0,"key":"SMITH"},{"data":"sneckomod:Unknown","floor":11.0,"key":"SMITH"},{"floor":20.0,"key":"RECALL"},{"data":"sneckomod:ImprovisedGuard","floor":28.0,"key":"SMITH"},{"data":"sneckomod:Nope","floor":32.0,"key":"SMITH"},{"data":"sneckomod:UnknownRareSkill","floor":37.0,"key":"SMITH"},{"data":"sneckomod:SnakeSap","floor":42.0,"key":"SMITH"},{"data":"sneckomod:ImprovisedGuard","floor":47,"key":"SMITH"},{"data":"sneckomod:SnekBite","floor":47,"key":"SMITH"},{"data":"sneckomod:Defend","floor":49,"key":"SMITH"},{"data":"sneckomod:Defend","floor":49,"key":"SMITH"},{"data":"sneckomod:Defend","floor":56,"key":"SMITH"},{"data":"sneckomod:Defend","floor":56,"key":"SMITH"}],"circlet_count":0,"master_deck":["sneckomod:Strike","sneckomod:Strike","sneckomod:Strike","sneckomod:Defend+1","sneckomod:Defend","sneckomod:Defend","sneckomod:TailWhip","sneckomod:SnekBite+1","sneckomod:Unknown+1","sneckomod:UnlimitedRolls+1","sneckomod:QuickBite","sneckomod:WideSting","sneckomod:Unknown2Cost+1","sneckomod:SerpentMind","sneckomod:ImprovisedGuard+1","sneckomod:IronFang","sneckomod:UnknownWeak+1","sneckomod:ImprovisedAttack","sneckomod:UnknownRarePower+1","sneckomod:SerpentIdol+1","sneckomod:UnknownUncommonPower+1","sneckomod:UnknownUncommonPower+1","sneckomod:Nope+1","sneckomod:ImprovisedGuard+1","sneckomod:UnknownRareSkill+1","sneckomod:UnknownRarePower+1","sneckomod:SnakeSap+1","hubris:DuctTapeCard"],"relics":["sneckomod:SneckoSoul","hubris:DuctTape","hubris:Towel","Frozen Egg 2","downfall:HeartBlessingGreen","Replay:Ringing Soul","Simple Rune","Black Star","hubris:Icosahedron","Blue Doll","downfall:RedIOU","hubris:CuriousFeather","Replay:Baseball","Bronze Scales","Lantern","downfall:HeartBlessingRed","Vajra","ReplayTheSpireMod:Ring of Collecting","Ring of Fangs","Pocketwatch","Eternal Feather","Busted Crown","Replay:Wax Seal","Replay:Arrowhead","War Paint","conspire:Dentures","ReplayTheSpireMod:Lightbulb","downfall:HeartBlessingBlue","ReplayFunnel","Bag of Preparation","hubris:SlimyHat","Bottled Flame","Replay:Mystery Machine","Membership Card","Bird Faced Urn","CaptainsWheel"],"acts_visited":["Exordium","TheCity","TheBeyond","TheEnding"],"potions_floor_usage":[44,44,57,57],"damage_taken":[{"damage":1.0,"enemies":"Jaw Worm","floor":2.0,"turns":3.0},{"damage":5.0,"enemies":"Small Slimes","floor":3.0,"turns":2.0},{"damage":10.0,"enemies":"downfall:FleeingMerchant","floor":4.0,"turns":4.0},{"damage":7.0,"enemies":"2 Louse","floor":5.0,"turns":2.0},{"damage":17.0,"enemies":"3 Sentries","floor":8.0,"turns":3.0},{"damage":13.0,"enemies":"Lagavulin","floor":10.0,"turns":8.0},{"damage":0.0,"enemies":"Gremlin Nob","floor":12.0,"turns":2.0},{"damage":1.0,"enemies":"Lagavulin","floor":15.0,"turns":7.0},{"damage":9.0,"enemies":"2 Fungi Beasts","floor":17.0,"turns":3.0},{"damage":26.0,"enemies":"downfall:Ironclad","floor":18.0,"turns":9.0},{"damage":20.0,"enemies":"Spheric Guardian","floor":21.0,"turns":4.0},{"damage":7.0,"enemies":"downfall:FleeingMerchant","floor":25.0,"turns":4.0},{"damage":55.0,"enemies":"Slavers","floor":27.0,"turns":5.0},{"damage":26.0,"enemies":"Book of Stabbing","floor":31.0,"turns":4.0},{"damage":16.0,"enemies":"Shell Parasite","floor":33.0,"turns":4.0},{"damage":0.0,"enemies":"conspire:HollyBat","floor":34.0,"turns":5.0},{"damage":21.0,"enemies":"downfall:Silent","floor":35.0,"turns":6.0},{"damage":8.0,"enemies":"Orb Walker","floor":38.0,"turns":3.0},{"damage":15.0,"enemies":"downfall:FleeingMerchant","floor":39.0,"turns":4.0},{"damage":8.0,"enemies":"3 Shapes","floor":41.0,"turns":5.0},{"damage":53,"enemies":"Nemesis","floor":44,"turns":11},{"damage":4,"enemies":"Writhing Mass","floor":45,"turns":6},{"damage":8,"enemies":"R_Hoarder","floor":46,"turns":6},{"damage":0,"enemies":"Reptomancer","floor":48,"turns":4},{"damage":0,"enemies":"Spire Growth","floor":51,"turns":4},{"damage":21,"enemies":"downfall:Defect","floor":52,"turns":5},{"damage":4,"enemies":"downfall:CharBossMerchant","floor":54,"turns":7},{"damage":35,"enemies":"downfall:NeowBoss","floor":57,"turns":13}],"seed_played":"-3805218394454709718","potions_obtained":[{"floor":2.0,"key":"SpeedPotion"},{"floor":5.0,"key":"AttackPotion"},{"floor":21.0,"key":"Elixir"},{"floor":27.0,"key":"sneckomod:OffclassReductionPotion"},{"floor":33.0,"key":"PowerPotion"},{"floor":34.0,"key":"PowerPotion"},{"floor":38.0,"key":"Adrenaline Potion"},{"floor":41.0,"key":"Block Potion"},{"floor":45,"key":"Dexterity Potion"}],"is_trial":false,"path_per_floor":["R","M","M","$","M","R","T","E","?","E","R","E","PTL","PTL","E","?","M","B",null,"R","M","?","T","?","$","T","E","R","?","?","E","R","M","M","B",null,"R","M","$","?","M","R","T","E","M","E","R","E","R","$","M","B",null,"E","$","R","B",null],"character_chosen":"THE_SNECKO","items_purchased":["sneckomod:Unknown2Cost+1","hubris:CuriousFeather","Replay:Wax Seal","hubris:SlimyHat","DistilledChaos","Membership Card","Bird Faced Urn","CaptainsWheel"],"campfire_rested":0,"item_purchase_floors":[4,25,39,50,50,55,55,55],"current_hp_per_floor":[90,89,84,76,69,69,69,52,52,39,39,42,42,42,45,48,42,20,109,109,96,96,96,96,93,93,65,65,68,71,48,63,50,54,41,144,144,136,136,136,136,147,147,94,90,84,112,112,130,130,130,109,157,157,157,157,157],"gold":11,"neow_bonus":"THREE_RARE_CARDS","is_daily":false,"chose_seed":false,"campfire_upgraded":13,"win_rate":0.0,"timestamp":1610130836,"path_taken":["R","M","M","$","M","R","T","E","?","E","R","E","PTL","PTL","E","?","M","BOSS","R","M","?","?","?","$","T","E","R","?","?","E","R","M","M","BOSS","R","M","$","?","M","R","T","E","M","E","R","E","R","$","M","BOSS","E","$","R","BOSS"],"items_purchased_type":["Card","Relic","Relic","Relic","Potion","Relic","Relic","Relic"],"build_version":"2020-12-22","purchased_purges":4,"victory":true,"max_hp_per_floor":[90,90,90,92,92,92,92,92,92,92,92,95,95,95,99,102,105,109,109,109,112,112,112,112,116,116,120,120,123,126,129,129,132,136,144,144,144,144,144,144,147,147,147,147,147,147,157,157,157,157,157,157,157,157,157,157,157],"card_choices":[{"not_picked":["sneckomod:SerpentMind","sneckomod:UnknownRarePower"],"picked":"sneckomod:UnlimitedRolls","floor":0.0},{"not_picked":["sneckomod:UnknownClassHEXA_GHOST_PURPLE","sneckomod:UnknownCommonSkill"],"picked":"sneckomod:QuickBite","floor":2.0},{"not_picked":["sneckomod:Unknown1Cost","sneckomod:DiceCrush"],"picked":"sneckomod:WideSting","floor":3.0},{"not_picked":["sneckomod:UnknownCommonAttack","sneckomod:SoulDraw"],"picked":"sneckomod:UnknownRareAttack","floor":4.0},{"not_picked":["sneckomod:SoulRoll","sneckomod:Nope"],"picked":"sneckomod:SerpentMind","floor":5.0},{"not_picked":["sneckomod:TrashToTreasure","sneckomod:QuickMove"],"picked":"sneckomod:ImprovisedGuard","floor":8.0},{"not_picked":["sneckomod:SoulCleanse","sneckomod:UnknownBlock","sneckomod:UnknownClassHEXA_GHOST_PURPLE"],"picked":"SKIP","floor":10.0},{"not_picked":["sneckomod:QuickBite","sneckomod:Nope"],"picked":"sneckomod:IronFang","floor":12.0},{"not_picked":["sneckomod:Unknown0Cost","sneckomod:IronFang"],"picked":"sneckomod:UnknownWeak","floor":15.0},{"not_picked":["sneckomod:UnknownClassHEXA_GHOST_PURPLE","sneckomod:Rotation"],"picked":"sneckomod:ImprovisedAttack","floor":17.0},{"not_picked":["sneckomod:Restock","sneckomod:DangerNoodle"],"picked":"sneckomod:UnknownRarePower+1","floor":18.0},{"not_picked":["sneckomod:UnknownStrike","sneckomod:ImprovisedAttack"],"picked":"sneckomod:SerpentIdol+1","floor":21.0},{"not_picked":["sneckomod:QuickMove","sneckomod:UnknownClassHEXA_GHOST_PURPLE+1"],"picked":"sneckomod:UnknownUncommonPower+1","floor":25.0},{"not_picked":["sneckomod:SoulDraw","sneckomod:DiceCrush"],"picked":"sneckomod:UnknownUncommonPower+1","floor":27.0},{"not_picked":["sneckomod:UnknownClassHEXA_GHOST_PURPLE","sneckomod:UnknownVulnerable+1"],"picked":"sneckomod:Nope","floor":31.0},{"not_picked":["sneckomod:UnknownX","sneckomod:UnknownVulnerable"],"picked":"sneckomod:ImprovisedGuard","floor":33.0},{"not_picked":["sneckomod:UnknownStrength","sneckomod:SoulRoll"],"picked":"sneckomod:UnknownRareSkill","floor":34.0},{"not_picked":["sneckomod:UnlimitedRolls+1","sneckomod:UnknownRareAttack"],"picked":"sneckomod:UnknownRarePower+1","floor":35.0},{"not_picked":["sneckomod:QuickBite"],"picked":"SKIP","floor":38.0},{"not_picked":["sneckomod:SoulDraw+1"],"picked":"SKIP","floor":39.0},{"not_picked":[],"picked":"sneckomod:SnakeSap","floor":41.0},{"not_picked":["sneckomod:DiceCrush"],"picked":"SKIP","floor":44},{"not_picked":["sneckomod:RainOfDice+1"],"picked":"SKIP","floor":45},{"not_picked":["sneckomod:DiceCrush+1"],"picked":"SKIP","floor":46},{"not_picked":["sneckomod:UnknownClassTHE_CHAMP_GRAY"],"picked":"SKIP","floor":48},{"not_picked":["sneckomod:UnknownWeak+1"],"picked":"SKIP","floor":51},{"not_picked":["sneckomod:UnknownCommonAttack+1"],"picked":"SKIP","floor":54}],"player_experience":883991,"relics_obtained":[{"floor":7.0,"key":"hubris:DuctTape"},{"floor":8.0,"key":"hubris:ToyBattleship"},{"floor":10.0,"key":"Frozen Egg 2"},{"floor":12.0,"key":"Replay:Ringing Soul"},{"floor":15.0,"key":"Simple Rune"},{"floor":23.0,"key":"Blue Doll"},{"floor":26.0,"key":"Replay:Baseball"},{"floor":27.0,"key":"Bronze Scales"},{"floor":27.0,"key":"Lantern"},{"floor":30.0,"key":"ReplayTheSpireMod:Ring of Collecting"},{"floor":30.0,"key":"Ring of Fangs"},{"floor":31.0,"key":"Pocketwatch"},{"floor":31.0,"key":"Eternal Feather"},{"floor":44,"key":"Replay:Arrowhead"},{"floor":44,"key":"War Paint"},{"floor":46,"key":"conspire:Dentures"},{"floor":46,"key":"ReplayTheSpireMod:Lightbulb"},{"floor":48,"key":"ReplayFunnel"},{"floor":48,"key":"Bag of Preparation"},{"floor":54,"key":"Bottled Flame"},{"floor":54,"key":"Replay:Mystery Machine"}],"event_choices":[{"damage_healed":0.0,"max_hp_gain":0.0,"max_hp_loss":0.0,"gold_gain":300.0,"event_name":"Wheel of Change","player_choice":"Gold","floor":40.0,"gold_loss":0.0,"damage_taken":0.0}],"is_beta":false,"boss_relics":[{"not_picked":["Cursed Key","expansioncontent:StudyCardRelic"],"picked":"Black Star"},{"not_picked":["hubris:BlackHole","hubris:HollowSoul"],"picked":"Busted Crown"}],"items_purged_floors":[25,39,50,55],"is_endless":false,"potions_floor_spawned":[2,5,21,27,33,34,38,41,45,51],"ascension_level":1}}