{"host":"svwqvw2il1zfkkg0","time":1610068956,"event":{"mods":["AchievementEnabler","BaseMod","BetterRewards","Colored Map","Colored Powertips","Custom Start","Downfall","GifTheSpireLib","Highlight Path","Hubris","Infinite Spire","Minty Spire (QoL Compilation)","Quick Restart","Replay The Spire","Shop Mod","StSLib","SuperFastMode"],"gold_per_floor":[17,192,202,219,236,264,264,274,348,348,48,48,60,24,24,119,119,136,136,136,136,152,152,152],"floor_reached":23,"playtime":542,"items_purged":["Doubt"],"score":191,"play_id":"3ec53407-176e-4d06-b7c5-ebf228c728a0","local_time":"20210107172236","is_ascension_mode":false,"campfire_choices":[{"floor":7,"key":"REST"},{"floor":12,"key":"REST"},{"floor":15,"key":"REST"}],"circlet_count":0,"master_deck":["Blade Dance+1","Strike_G","Strike_G","Strike_G","Strike_G","Strike_G","Defend_G","Defend_G","Defend_G","Defend_G","Defend_G","Survivor","Neutralize+1","Burst","Dagger Throw+1","Cloak And Dagger","Dash","Dagger Spray","Accuracy","Bullet Time","Dagger Spray+1","Looming Evil","Flying Knee"],"relics":["Ring of the Snake","hubris:SphereOfDissonance","Onion Ring","Membership Card","Juzu Bracelet","Black Star","Vajra","StoneCalendar"],"acts_visited":["Exordium","TheCity"],"potions_floor_usage":[16,16],"damage_taken":[{"damage":3,"enemies":"2 Louse","floor":1,"turns":2},{"damage":2,"enemies":"Small Slimes","floor":3,"turns":3},{"damage":2,"enemies":"Jaw Worm","floor":4,"turns":2},{"damage":0,"enemies":"Looter","floor":5,"turns":2},{"damage":47,"enemies":"Gremlin Nob","floor":6,"turns":6},{"damage":3,"enemies":"Blue Slaver","floor":8,"turns":2},{"damage":0,"enemies":"Large Slime","floor":13,"turns":1},{"damage":26,"enemies":"Hexaghost","floor":16,"turns":8},{"damage":0,"enemies":"2 Thieves","floor":18,"turns":2},{"damage":7,"enemies":"Chosen","floor":22,"turns":4},{"damage":64,"enemies":"Gremlin Leader","floor":23,"turns":6}],"seed_played":"-1044510106560750974","potions_obtained":[{"floor":8,"key":"SpeedPotion"},{"floor":22,"key":"Milkshake"}],"is_trial":false,"path_per_floor":["M","?","M","M","M","E","R","M","T","?","$","R","M","$","R","B",null,"M","AVR","?","?","M","E"],"character_chosen":"THE_SILENT","items_purchased":["Membership Card","Juzu Bracelet","LiquidBronze","Accuracy"],"campfire_rested":3,"item_purchase_floors":[11,11,11,14],"current_hp_per_floor":[67,67,65,63,63,16,37,34,34,20,20,41,41,44,65,39,70,70,70,70,70,63,0,0],"gold":152,"neow_bonus":"THREE_RARE_CARDS","is_daily":false,"chose_seed":false,"campfire_upgraded":0,"win_rate":0.0,"timestamp":1610068956,"path_taken":["M","?","M","M","M","E","R","M","T","?","?","R","M","?","R","BOSS","M","AVR","?","?","M","E"],"items_purchased_type":["Relic","Relic","Potion","Card"],"build_version":"2020-12-22","purchased_purges":1,"victory":false,"max_hp_per_floor":[70,70,70,70,70,70,70,70,70,70,70,70,70,70,70,70,70,70,70,70,70,70,70,70],"card_choices":[{"not_picked":["Wraith Form v2","Corpse Explosion"],"picked":"Burst","floor":0},{"not_picked":["Dodge and Roll","Bane"],"picked":"Dagger Throw","floor":1},{"not_picked":["Dagger Spray","Concentrate"],"picked":"Cloak And Dagger","floor":3},{"not_picked":["Dodge and Roll","Outmaneuver","ReplayTheSpireMod:Exploit Weakness"],"picked":"SKIP","floor":4},{"not_picked":["Prepared","Hidden Blade"],"picked":"Dash","floor":5},{"not_picked":["ReplayTheSpireMod:Necrosis","Hidden Blade","Fluid Movement"],"picked":"SKIP","floor":6},{"not_picked":["Draining Mist","Toxin Wave"],"picked":"Dagger Spray","floor":8},{"not_picked":["Concentrate","Underhanded Strike","Outmaneuver"],"picked":"SKIP","floor":13},{"not_picked":["Night Terror","Replay:Bag of Tricks"],"picked":"Bullet Time","floor":16},{"not_picked":["Dagger Throw","Slice+1"],"picked":"Dagger Spray+1","floor":18},{"not_picked":["Dodge and Roll+1","Bane"],"picked":"Flying Knee","floor":22}],"player_experience":464178,"relics_obtained":[{"floor":6,"key":"hubris:SphereOfDissonance"},{"floor":9,"key":"Onion Ring"}],"event_choices":[{"damage_healed":0,"gold_gain":175,"player_choice":"AGREE","damage_taken":0,"max_hp_gain":0,"max_hp_loss":0,"event_name":"Liars Game","floor":2,"gold_loss":0,"cards_obtained":["Doubt"]},{"damage_healed":0,"gold_gain":0,"player_choice":"Entered Light","damage_taken":14,"max_hp_gain":0,"max_hp_loss":0,"event_name":"Shining Light","floor":10,"gold_loss":0,"cards_upgraded":["Neutralize","Dagger Throw"]},{"damage_healed":0,"gold_gain":0,"player_choice":"Full Heal","damage_taken":0,"max_hp_gain":0,"max_hp_loss":0,"event_name":"Wheel of Change","floor":20,"gold_loss":0}],"is_beta":false,"boss_relics":[{"not_picked":["Sozu","Ring of the Serpent"],"picked":"Black Star"}],"items_purged_floors":[11],"is_endless":false,"potions_floor_spawned":[5,8,22],"killed_by":"Gremlin Leader","ascension_level":0}}