{"host":"e52c7hvho6xny3hd","time":1610101878,"event":{"mods":["AchievementEnabler","BaseMod","Colored Map","DeckTracker","Minty Spire (QoL Compilation)","Permanent Neow","StSLib"],"gold_per_floor":[212,230,243,95,95,95,109,144,144,144,177,188,188,208,208,279,279,291,308,327,339,339,339],"floor_reached":22,"playtime":1047,"items_purged":["Strike_B"],"score":330,"play_id":"b78c97f7-283f-4a87-9ed2-a1d7ff2577f5","local_time":"20210108193118","is_ascension_mode":true,"campfire_choices":[{"data":"Defragment","floor":6,"key":"SMITH"},{"data":"Chill","floor":10,"key":"SMITH"},{"data":"Rainbow","floor":13,"key":"SMITH"},{"data":"Zap","floor":15,"key":"SMITH"}],"circlet_count":0,"master_deck":["AscendersBane","Strike_B","Strike_B","Strike_B","Defend_B","Defend_B","Defend_B","Defend_B","Zap+1","Dualcast","Ball Lightning","Defragment+1","Cold Snap","Capacitor","Barrage","Chill+1","Rainbow+1","Conserve Battery","Leap","Electrodynamics","Chaos","Cold Snap+1","Ball Lightning+1"],"relics":["Cracked Core","Eternal Feather","Kunai","Molten Egg 2","Akabeko","Inserter"],"acts_visited":["Exordium","TheCity"],"potions_floor_usage":[8,16],"damage_taken":[{"damage":0,"enemies":"Cultist","floor":1,"turns":4},{"damage":0,"enemies":"Small Slimes","floor":2,"turns":2},{"damage":2,"enemies":"Jaw Worm","floor":3,"turns":4},{"damage":21,"enemies":"Exordium Wildlife","floor":7,"turns":5},{"damage":21,"enemies":"Lagavulin","floor":8,"turns":7},{"damage":4,"enemies":"3 Sentries","floor":11,"turns":7},{"damage":4,"enemies":"Blue Slaver","floor":12,"turns":3},{"damage":0,"enemies":"Exordium Thugs","floor":14,"turns":4},{"damage":21,"enemies":"Hexaghost","floor":16,"turns":8},{"damage":23,"enemies":"Shell Parasite","floor":18,"turns":7},{"damage":11,"enemies":"2 Thieves","floor":19,"turns":4},{"damage":20,"enemies":"Snecko","floor":20,"turns":5},{"damage":13,"enemies":"3 Cultists","floor":21,"turns":5},{"damage":17,"enemies":"Cultist and Chosen","floor":22,"turns":4}],"seed_played":"2910058244998097510","potions_obtained":[{"floor":3,"key":"Regen Potion"},{"floor":12,"key":"Regen Potion"},{"floor":14,"key":"LiquidMemories"},{"floor":16,"key":"Dexterity Potion"}],"is_trial":false,"path_per_floor":["M","M","M","$","?","R","M","E","T","R","E","M","R","M","R","B",null,"M","M","M","M","M"],"character_chosen":"DEFECT","items_purchased":["Capacitor"],"campfire_rested":0,"item_purchase_floors":[4],"current_hp_per_floor":[68,68,66,66,63,69,48,39,39,48,44,40,49,49,58,52,69,46,35,15,2,0,0],"gold":339,"neow_bonus":"HUNDRED_GOLD","is_daily":false,"chose_seed":false,"campfire_upgraded":4,"win_rate":0.0,"timestamp":1610101878,"path_taken":["M","M","M","$","?","R","M","E","T","R","E","M","R","M","R","BOSS","M","M","M","M","M"],"items_purchased_type":["Card"],"build_version":"2020-12-22","purchased_purges":1,"victory":false,"max_hp_per_floor":[75,75,75,75,75,75,75,75,75,75,75,75,75,75,75,75,75,75,75,75,75,75,75],"card_choices":[{"not_picked":["Compile Driver","Loop"],"picked":"Ball Lightning","floor":1},{"not_picked":["Gash","Self Repair"],"picked":"Defragment","floor":2},{"not_picked":["Gash","Undo"],"picked":"Cold Snap","floor":3},{"not_picked":["Go for the Eyes","Rebound"],"picked":"Barrage","floor":7},{"not_picked":["White Noise","Coolheaded"],"picked":"Chill","floor":8},{"not_picked":["Hologram","Consume"],"picked":"Rainbow","floor":11},{"not_picked":["Stack","Steam"],"picked":"Conserve Battery","floor":12},{"not_picked":["Scrape+1","White Noise"],"picked":"Leap","floor":14},{"not_picked":["Multi-Cast","Creative AI"],"picked":"Electrodynamics","floor":16},{"not_picked":["Stack","Sweeping Beam+1","Rebound+1"],"picked":"SKIP","floor":18},{"not_picked":["Consume","Stack+1"],"picked":"Chaos","floor":19},{"not_picked":["Stack","Sweeping Beam+1"],"picked":"Cold Snap+1","floor":20},{"not_picked":["FTL+1","Static Discharge"],"picked":"Ball Lightning+1","floor":21}],"player_experience":644226,"relics_obtained":[{"floor":8,"key":"Kunai"},{"floor":9,"key":"Molten Egg 2"},{"floor":11,"key":"Akabeko"}],"event_choices":[{"damage_healed":0,"gold_gain":0,"player_choice":"Success","damage_taken":3,"relics_obtained":["Eternal Feather"],"max_hp_gain":0,"max_hp_loss":0,"event_name":"Scrap Ooze","floor":5,"gold_loss":0}],"is_beta":false,"boss_relics":[{"not_picked":["SlaversCollar","Black Star"],"picked":"Inserter"}],"items_purged_floors":[4],"is_endless":false,"potions_floor_spawned":[3,12,14,16,18,20],"killed_by":"Cultist and Chosen","ascension_level":13}}