{"host":"gsmj583br51y3r1c","time":1610131081,"event":{"mods":["AchievementEnabler","BaseMod","Better Note","Better Third Choice","Colored Map","Dark Map","Downfall","Fiend Mod","Hermit","Highlight Path","Hubris","Infinite Spire","Marisa????????","Minty Spire (QoL Compilation)","Permanent Neow","Quick Restart","StSLib","The Bug Knight","The Cursed","The Disciple","The Marked","The Mystic","The Runesmith","The Servant 0.9.4","everything is the same but u backflip on backflip"],"gold_per_floor":[12,12,12,30,48,48,61,61,61,61,61,20,35,47,47,145,145,161,179,197,212,229,255,255,270,270,270,282,282,282,282,282,379,379,393,1392,1392,1392,1392,1392,1410,1410,1410,1527,1547,1547,1547,1547,1547,1547,1547],"floor_reached":50,"playtime":4123,"items_purged":["Normality"],"score":504,"play_id":"aa8a63ba-b562-4f07-9530-bcb74631cf57","local_time":"20210108203801","is_ascension_mode":false,"campfire_choices":[{"data":"hermit:GoldenBullet","floor":6,"key":"SMITH"},{"data":"hermit:GhostlyPresence","floor":8,"key":"SMITH"},{"data":"infinitespire:Starlight","floor":10,"key":"SMITH"},{"data":"hermit:Determination","floor":15,"key":"SMITH"},{"data":"hermit:Glare","floor":24,"key":"SMITH"},{"data":"hermit:CursedWeapon","floor":27,"key":"SMITH"},{"data":"hermit:Roughhouse","floor":32,"key":"SMITH"},{"data":"hermit:EternalForm","floor":40,"key":"SMITH"},{"data":"hermit:Brawl","floor":42,"key":"SMITH"},{"data":"hermit:GhostlyPresence","floor":46,"key":"SMITH"},{"data":"hermit:Snapshot","floor":49,"key":"SMITH"}],"circlet_count":0,"master_deck":["hermit:Strike_Hermit","hermit:Strike_Hermit","hermit:Defend_Hermit","hermit:Snapshot+1","hermit:Covet","hermit:Roughhouse+1","hermit:Headshot","hermit:Headshot","infinitespire:Starlight+1","hermit:GoldenBullet+1","hermit:GhostlyPresence+1","hermit:Headshot","hermit:Determination+1","hermit:Glare+1","hermit:RoundhouseKick","hermit:BodyArmor+1","hermit:CursedWeapon+1","hermit:EternalForm+1","hermit:Headshot+1","Normality","hermit:Brawl+1","hermit:Brawl+1","hermit:GhostlyPresence+1","hermit:GhostlyPresence+1","hermit:Enervate+1","hermit:NoHoldsBarred+1","hermit:Brawl+1"],"relics":["hermit:Momento","Bird Faced Urn","hubris:Towel","infinitespire:Cupcake","hermit:RyeStalk","hermit:Spyglass","Nilry\u0027s Codex","hubris:Icosahedron","hubris:ScarierMask","Unceasing Top","Eternal Feather","Omamori","Astrolabe"],"acts_visited":["Exordium","TheCity","TheBeyond"],"potions_floor_usage":[5,5,5,14,19,20,21,23,28,33,45,50,50,50],"damage_taken":[{"damage":2,"enemies":"Small Slimes","floor":1,"turns":2},{"damage":8,"enemies":"2 Louse","floor":4,"turns":3},{"damage":8,"enemies":"Jaw Worm","floor":5,"turns":2},{"damage":12,"enemies":"2 Fungi Beasts","floor":7,"turns":3},{"damage":0,"enemies":"Lots of Slimes","floor":13,"turns":5},{"damage":0,"enemies":"Blue Slaver","floor":14,"turns":1},{"damage":22,"enemies":"Slime Boss","floor":16,"turns":9},{"damage":10,"enemies":"2 Thieves","floor":18,"turns":3},{"damage":26,"enemies":"3 Byrds","floor":19,"turns":6},{"damage":22,"enemies":"Snecko","floor":20,"turns":4},{"damage":0,"enemies":"Chosen and Byrds","floor":21,"turns":4},{"damage":16,"enemies":"Snake Plant","floor":22,"turns":4},{"damage":14,"enemies":"Nightmare","floor":23,"turns":9},{"damage":28,"enemies":"3 Cultists","floor":25,"turns":6},{"damage":2,"enemies":"Centurion and Healer","floor":28,"turns":4},{"damage":60,"enemies":"Automaton","floor":33,"turns":8},{"damage":13,"enemies":"Orb Walker","floor":35,"turns":3},{"damage":11,"enemies":"3 Shapes","floor":41,"turns":4},{"damage":5,"enemies":"Sphere and 2 Shapes","floor":44,"turns":2},{"damage":13,"enemies":"3 Darklings","floor":45,"turns":6},{"damage":87,"enemies":"Donu and Deca","floor":50,"turns":4}],"seed_played":"6289341670156003644","potions_obtained":[{"floor":1,"key":"FearPotion"},{"floor":4,"key":"EntropicBrew"},{"floor":13,"key":"EssenceOfSteel"},{"floor":20,"key":"LiquidBronze"},{"floor":21,"key":"FearPotion"},{"floor":25,"key":"DuplicationPotion"},{"floor":28,"key":"SteroidPotion"},{"floor":41,"key":"BlessingOfTheForge"},{"floor":44,"key":"LiquidMemories"},{"floor":45,"key":"hermit:BlackBile"},{"floor":48,"key":"SkillPotion"},{"floor":48,"key":"LiquidBronze"}],"is_trial":false,"path_per_floor":["M","?","?","M","M","R","M","R","T","R","?","$","M","M","R","B",null,"M","M","M","M","M","NM","R","M","T","R","M","?","?","?","R","B",null,"M","?","?","?","T","R","M","R","T","M","M","R","AVR","?","R","B"],"character_chosen":"HERMIT","items_purchased":["hermit:Determination"],"campfire_rested":0,"item_purchase_floors":[12],"current_hp_per_floor":[73,56,56,58,60,60,58,58,58,58,58,58,73,73,73,64,75,75,64,53,70,71,74,74,62,62,62,75,75,59,59,59,16,75,62,62,62,62,62,62,70,70,70,65,73,75,75,75,75,0,0],"gold":1547,"neow_bonus":"TRANSFORM_TWO_CARDS","is_daily":false,"chose_seed":false,"campfire_upgraded":11,"win_rate":0.0,"timestamp":1610131081,"path_taken":["M","?","?","M","M","R","M","R","T","R","?","$","M","?","R","BOSS","M","M","M","M","M","NM","R","M","T","R","M","?","?","?","R","BOSS","M","?","?","?","?","R","M","R","T","?","M","R","AVR","?","R","BOSS"],"items_purchased_type":["Card"],"build_version":"2020-12-22","purchased_purges":1,"victory":false,"max_hp_per_floor":[75,75,75,75,75,75,75,75,75,75,75,75,75,75,75,75,75,75,75,75,75,75,75,75,75,75,75,75,75,75,75,75,75,75,75,75,75,75,75,75,75,75,75,75,75,75,75,75,75,75,75],"card_choices":[{"not_picked":["hermit:Vantage","hermit:Desperado"],"picked":"hermit:Headshot","floor":1},{"not_picked":["infinitespire:DeathsTouch","infinitespire:SevenWalls"],"picked":"infinitespire:Starlight","floor":2},{"not_picked":["hermit:HighCaliber","hermit:FullyLoaded"],"picked":"hermit:GoldenBullet","floor":4},{"not_picked":["hermit:EyeOfTheStorm","hermit:Manifest"],"picked":"hermit:GhostlyPresence","floor":5},{"not_picked":["hermit:Feint","hermit:Desperado"],"picked":"hermit:Headshot","floor":7},{"not_picked":["hermit:ItchyTrigger","hermit:HoleUp","hermit:DeadMansHand"],"picked":"SKIP","floor":13},{"not_picked":["hermit:Grudge","hermit:WideOpen"],"picked":"hermit:Glare","floor":14},{"not_picked":["hermit:Gambit","hermit:HighNoon"],"picked":"hermit:RoundhouseKick","floor":16},{"not_picked":["hermit:Maintenance","hermit:HoleUp","hermit:Desperado"],"picked":"SKIP","floor":18},{"not_picked":["hermit:Snipe","hermit:TrackingShot"],"picked":"hermit:BodyArmor+1","floor":19},{"not_picked":["hermit:HoleUp+1","hermit:LuckOfTheDraw+1","hermit:Desperado+1"],"picked":"SKIP","floor":20},{"not_picked":["hermit:HighNoon","hermit:Feint","hermit:Grudge"],"picked":"SKIP","floor":21},{"not_picked":["hermit:GhostlyPresence","hermit:Ricochet"],"picked":"hermit:CursedWeapon","floor":22},{"not_picked":["hermit:Grudge+1","hermit:FullyLoaded","hermit:SprayPray+1"],"picked":"SKIP","floor":23},{"not_picked":["hermit:SprayPray+1","hermit:Desperado","hermit:Showdown"],"picked":"SKIP","floor":25},{"not_picked":["hermit:HoleUp","hermit:Feint","hermit:Coalescence"],"picked":"SKIP","floor":28},{"not_picked":["hermit:RoundhouseKick","hermit:Reprieve"],"picked":"hermit:EternalForm","floor":33},{"not_picked":["hermit:Vantage","hermit:HoleUp+1"],"picked":"hermit:Headshot+1","floor":35},{"not_picked":["hermit:Virtue","hermit:WideOpen"],"picked":"hermit:Brawl+1","floor":41},{"not_picked":["hermit:HighCaliber+1","hermit:Cheat+1"],"picked":"hermit:GhostlyPresence","floor":44},{"not_picked":["hermit:Headshot","hermit:Magnum"],"picked":"hermit:GhostlyPresence+1","floor":45}],"player_experience":358587,"relics_obtained":[{"floor":9,"key":"Bird Faced Urn"},{"floor":23,"key":"hermit:RyeStalk"},{"floor":26,"key":"hermit:Spyglass"},{"floor":30,"key":"Nilry\u0027s Codex"},{"floor":39,"key":"Unceasing Top"},{"floor":43,"key":"Eternal Feather"}],"event_choices":[{"cards_removed":["hermit:Strike_Hermit"],"damage_healed":0,"gold_gain":0,"player_choice":"Give","damage_taken":0,"max_hp_gain":0,"max_hp_loss":0,"event_name":"betterNote:BetterNote","floor":29,"gold_loss":0,"cards_obtained":["Injury"]},{"damage_healed":0,"gold_gain":0,"player_choice":"Obtained Book","damage_taken":16,"max_hp_gain":0,"max_hp_loss":0,"event_name":"Cursed Tome","floor":30,"gold_loss":0},{"damage_healed":0,"gold_gain":999,"player_choice":"Gold","damage_taken":0,"max_hp_gain":0,"max_hp_loss":0,"event_name":"MindBloom","floor":36,"gold_loss":0,"cards_obtained":["Normality","Normality"]},{"damage_healed":0,"gold_gain":0,"player_choice":"Ignored","damage_taken":0,"max_hp_gain":0,"max_hp_loss":0,"event_name":"Tomb of Lord Red Mask","floor":37,"gold_loss":0},{"damage_healed":0,"gold_gain":0,"player_choice":"Got Potions","damage_taken":0,"max_hp_gain":0,"max_hp_loss":0,"event_name":"Lab","floor":48,"gold_loss":0}],"is_beta":false,"boss_relics":[{"not_picked":["Fiend:Scarf","Velvet Choker"],"picked":"infinitespire:Cupcake"},{"not_picked":["Runesmith:UraniumAnvil","SacredBark"],"picked":"hubris:ScarierMask"}],"items_purged_floors":[47],"is_endless":true,"potions_floor_spawned":[1,4,13,20,21,25,28,41,44,45],"killed_by":"Donu and Deca","ascension_level":0}}