{"host":"96dqtlax74dz00hw","time":1610072904,"event":{"mods":["Bard","BaseMod","Colored Powertips","Minty Spire (QoL Compilation)","Permanent Neow","Rare Cards Sparkle","StSLib","The Cursed","The Disciple","The IronCluck","The Problem Sleuth"],"gold_per_floor":[118,118,129,129,129,129,161,161,161,161,173,192,192,21,21,128,128,139,56,80,80,80,80,113,113,195,212,227,227,326,328,328,434,434,434],"floor_reached":34,"playtime":1659,"items_purged":["bard:Strike","bard:Strike"],"score":366,"play_id":"dc916ad4-a78b-4b99-8f3c-a98a1c86e642","local_time":"20210107182824","is_ascension_mode":false,"campfire_choices":[{"data":"bard:ThickOfTheFight","floor":6.0,"key":"SMITH"},{"data":"bard:EchoEcho","floor":10.0,"key":"SMITH"},{"data":"bard:Rhapsody","floor":13.0,"key":"SMITH"},{"data":"Swift Strike","floor":15.0,"key":"SMITH"},{"data":"bard:Focused","floor":23.0,"key":"SMITH"},{"data":"bard:FirstStrike","floor":25.0,"key":"SMITH"},{"data":"infinitespire:Collect","floor":32.0,"key":"SMITH"}],"circlet_count":1,"master_deck":["bard:Defend","bard:Defend","bard:Defend","bard:Defend","bard:Riposte+1","bard:Inspire+1","bard:ViciousMockery","bard:ThickOfTheFight+1","bard:EchoEcho+1","bard:Rhapsody+1","Swift Strike+1","bard:Focused+1","bard:FirstStrike+1","bard:Fermata","bard:Doot+1","bard:Parry","Madness+1"],"relics":["bard:PitchPipe","bard:BagPipes","Circlet","Meat on the Bone","bard:DeepVero","MutagenicStrength","Anchor","Dream Catcher"],"acts_visited":[],"potions_floor_usage":[],"damage_taken":[{"damage":0.0,"enemies":"Small Slimes","floor":1.0,"turns":3.0},{"damage":0.0,"enemies":"Cultist","floor":3.0,"turns":3.0},{"damage":7.0,"enemies":"3 Sentries","floor":7.0,"turns":5.0},{"damage":0.0,"enemies":"Jaw Worm","floor":11.0,"turns":2.0},{"damage":4.0,"enemies":"3 Louse","floor":12.0,"turns":2.0},{"damage":7.0,"enemies":"The Guardian","floor":16.0,"turns":13.0},{"damage":0.0,"enemies":"Spheric Guardian","floor":18.0,"turns":2.0},{"damage":15.0,"enemies":"Shell Parasite","floor":20.0,"turns":4.0},{"damage":16.0,"enemies":"Book of Stabbing","floor":24.0,"turns":4.0},{"damage":1.0,"enemies":"Snake Plant","floor":27.0,"turns":3.0},{"damage":3.0,"enemies":"Centurion and Healer","floor":28.0,"turns":4.0},{"damage":22.0,"enemies":"Automaton","floor":33.0,"turns":12.0}],"seed_played":"2269811244232707604","potions_obtained":[{"floor":3.0,"key":"LiquidBronze"},{"floor":7.0,"key":"Swift Potion"},{"floor":11.0,"key":"FairyPotion"},{"floor":16.0,"key":"Energy Potion"},{"floor":18.0,"key":"Ancient Potion"},{"floor":24.0,"key":"bard:InspiredBrew"},{"floor":33.0,"key":"Ancient Potion"}],"is_trial":false,"path_per_floor":["M","?","M","T","?","R","E","?","T","R","M","M","R","$","R","B",null,"M","$","M","?","?","R","E","R","T","M","M","AVR","?","?","R","B",null],"character_chosen":"BARD","items_purchased":["Swift Strike","bard:FirstStrike","bard:Fermata"],"campfire_rested":0,"item_purchase_floors":[14,19,19],"current_hp_per_floor":[70,70,70,70,70,70,63,63,63,63,63,59,59,59,59,52,70,70,70,55,55,55,55,39,39,39,38,47,47,47,34,34,24,24,24],"gold":434,"neow_bonus":"UPGRADE_CARD","is_daily":false,"chose_seed":false,"campfire_upgraded":7,"win_rate":0.0,"timestamp":1610072904,"path_taken":["M","?","?","?","?","R","E","?","T","R","M","M","R","$","R","BOSS","M","$","M","?","?","R","E","R","T","M","?","AVR","?","?","R","BOSS"],"items_purchased_type":["Card","Card","Card"],"build_version":"2020-12-22","purchased_purges":2,"victory":false,"max_hp_per_floor":[70,70,70,70,70,70,70,70,70,70,70,70,70,70,70,70,70,70,70,70,70,70,70,70,70,70,70,70,70,70,75,75,75,75,75],"card_choices":[{"not_picked":["bard:FeastOnFear","bard:Parry"],"picked":"bard:ViciousMockery","floor":1.0},{"not_picked":["bard:Gamble","bard:Fermata"],"picked":"bard:ThickOfTheFight","floor":3.0},{"not_picked":["bard:Solo","bard:PhantasmalForce"],"picked":"bard:EchoEcho","floor":7.0},{"not_picked":["bard:Thunderwave","bard:ViciousMockery"],"picked":"bard:Rhapsody","floor":11.0},{"not_picked":["bard:CuttingWords","bard:BucklerBash","bard:Sift"],"picked":"SKIP","floor":12.0},{"not_picked":["bard:MnemonicVestments","bard:PowerWordStun"],"picked":"bard:Focused","floor":16.0},{"not_picked":["bard:Gamble","bard:FeastOnFear","bard:LingeringEcho"],"picked":"SKIP","floor":18.0},{"not_picked":["bard:Focused","bard:EnGarde"],"picked":"bard:Doot+1","floor":20.0},{"not_picked":["bard:Gamble","bard:ViciousMockery","bard:ThickOfTheFight"],"picked":"SKIP","floor":24.0},{"not_picked":["bard:FalseLife+1","bard:QuickSong","bard:Blink"],"picked":"SKIP","floor":27.0},{"not_picked":["bard:Balestra","bard:Sift","bard:Shout"],"picked":"SKIP","floor":28.0}],"player_experience":851841,"relics_obtained":[{"floor":4.0,"key":"hubris:BottledRain"},{"floor":7.0,"key":"infinitespire:Midas Blood"},{"floor":9.0,"key":"Meat on the Bone"},{"floor":24.0,"key":"Anchor"},{"floor":26.0,"key":"hubris:Reverence"}],"event_choices":[{"damage_healed":0.0,"max_hp_gain":0.0,"max_hp_loss":0.0,"gold_gain":0.0,"event_name":"Upgrade Shrine","player_choice":"Upgraded","floor":2.0,"gold_loss":0.0,"damage_taken":0.0,"cards_upgraded":["bard:Riposte"]},{"damage_healed":0.0,"max_hp_gain":0.0,"max_hp_loss":0.0,"gold_gain":0.0,"event_name":"Drug Dealer","player_choice":"Inject Mutagens","floor":21.0,"gold_loss":0.0,"damage_taken":0.0,"relics_obtained":["MutagenicStrength"]},{"damage_healed":0.0,"max_hp_gain":0.0,"max_hp_loss":0.0,"gold_gain":0.0,"cards_transformed":["bard:Strike"],"event_name":"Transmorgrifier","player_choice":"Transformed","floor":22.0,"gold_loss":0.0,"damage_taken":0.0,"cards_obtained":["bard:Parry"]},{"damage_healed":0.0,"max_hp_gain":0.0,"max_hp_loss":0.0,"gold_gain":99.0,"event_name":"Nest","player_choice":"Stole From Cult","floor":30.0,"gold_loss":0.0,"damage_taken":0.0},{"damage_healed":0.0,"max_hp_gain":5.0,"max_hp_loss":0.0,"gold_gain":0.0,"event_name":"Forgotten Altar","player_choice":"Shed Blood","floor":31.0,"gold_loss":0.0,"damage_taken":18.0}],"is_beta":false,"boss_relics":[{"not_picked":["Tiny House","hubris:BlackHole"],"picked":"bard:DeepVero"}],"items_purged_floors":[14,29],"is_endless":false,"potions_floor_spawned":[3,7,11,16,18,24,27,33],"ascension_level":0}}