{"host":"w9yruvs4bqht6bhw","time":1610069798,"event":{"mods":["BaseMod","Colored Powertips","Minty Spire (QoL Compilation)"],"gold_per_floor":[117,136,211,211,223,223,223,258,258,272,283,283,138,238,238,333,333,353,373,388,261,275,275,275,275],"floor_reached":24,"playtime":757,"items_purged":["Strike_R"],"score":277,"play_id":"d1d95074-f224-45b6-adcb-00f001579828","local_time":"20210107203638","is_ascension_mode":true,"campfire_choices":[{"data":"Iron Wave","floor":6,"key":"SMITH"},{"data":"Iron Wave","floor":12,"key":"SMITH"},{"data":"Shrug It Off","floor":15,"key":"SMITH"},{"data":"Searing Blow","floor":23,"key":"SMITH"}],"circlet_count":0,"master_deck":["Strike_R","Strike_R","Strike_R","Strike_R","Defend_R","Defend_R","Defend_R","Defend_R","Bash","Infernal Blade","Iron Wave+1","Iron Wave+1","Clash","Shrug It Off+1","Spot Weakness","Thunderclap+1","Inflame+1","Searing Blow+1","Shrug It Off"],"relics":["Burning Blood","NeowsBlessing","WarpedTongs","Paper Frog","Bronze Scales","Coffee Dripper"],"acts_visited":["Exordium","TheCity"],"potions_floor_usage":[8,16,16,16,19,24],"damage_taken":[{"damage":0,"enemies":"Cultist","floor":1,"turns":1},{"damage":0,"enemies":"Jaw Worm","floor":2,"turns":1},{"damage":2,"enemies":"2 Louse","floor":5,"turns":1},{"damage":34,"enemies":"3 Sentries","floor":8,"turns":10},{"damage":12,"enemies":"Lots of Slimes","floor":10,"turns":3},{"damage":0,"enemies":"Large Slime","floor":11,"turns":4},{"damage":9,"enemies":"Hexaghost","floor":16,"turns":7},{"damage":11,"enemies":"Shell Parasite","floor":18,"turns":3},{"damage":0,"enemies":"2 Thieves","floor":19,"turns":3},{"damage":19,"enemies":"Snake Plant","floor":20,"turns":4},{"damage":33,"enemies":"Shelled Parasite and Fungi","floor":22,"turns":4},{"damage":34,"enemies":"Slavers","floor":24,"turns":2}],"seed_played":"8075168852063115756","potions_obtained":[{"floor":2,"key":"Weak Potion"},{"floor":5,"key":"AttackPotion"},{"floor":8,"key":"EssenceOfSteel"},{"floor":11,"key":"DistilledChaos"},{"floor":16,"key":"DistilledChaos"},{"floor":19,"key":"GamblersBrew"},{"floor":20,"key":"SneckoOil"}],"is_trial":false,"path_per_floor":["M","M","?","?","M","R","?","E","T","M","M","R","$","?","R","B",null,"M","M","M","$","M","R","E"],"character_chosen":"IRONCLAD","items_purchased":["Spot Weakness","Searing Blow","Shrug It Off"],"campfire_rested":0,"item_purchase_floors":[13,21,21],"current_hp_per_floor":[78,80,69,69,73,73,73,45,45,39,45,45,45,45,45,42,71,66,72,59,59,32,32,0,0],"gold":275,"neow_bonus":"THREE_ENEMY_KILL","is_daily":false,"chose_seed":false,"campfire_upgraded":4,"win_rate":0.0,"timestamp":1610069798,"path_taken":["M","?","?","?","?","R","?","E","T","M","M","R","$","?","R","BOSS","M","M","M","?","M","R","E"],"items_purchased_type":["Card","Card","Card"],"build_version":"2020-12-22","purchased_purges":1,"victory":false,"max_hp_per_floor":[80,80,80,80,80,80,80,80,80,80,80,80,80,80,80,80,80,80,80,80,80,80,80,80,80],"card_choices":[{"not_picked":["Warcry","Burning Pact"],"picked":"Infernal Blade","floor":1},{"not_picked":["Perfected Strike","Fire Breathing"],"picked":"Iron Wave","floor":2},{"not_picked":["Demon Form","Infernal Blade"],"picked":"Iron Wave","floor":5},{"not_picked":["Twin Strike","Double Tap","Armaments"],"picked":"SKIP","floor":8},{"not_picked":["Sentinel","Anger"],"picked":"Clash","floor":10},{"not_picked":["Warcry","Twin Strike"],"picked":"Shrug It Off","floor":11},{"not_picked":["Warcry","Anger"],"picked":"Thunderclap+1","floor":18},{"not_picked":["Shrug It Off","Headbutt","Flex"],"picked":"SKIP","floor":19},{"not_picked":["Perfected Strike","Intimidate"],"picked":"Inflame+1","floor":20},{"not_picked":["Wild Strike","Anger","Warcry+1"],"picked":"SKIP","floor":22}],"player_experience":349816,"relics_obtained":[{"floor":8,"key":"Paper Frog"},{"floor":9,"key":"Bronze Scales"}],"event_choices":[{"damage_healed":0,"gold_gain":75,"player_choice":"Gather Gold","damage_taken":11,"max_hp_gain":0,"max_hp_loss":0,"event_name":"World of Goop","floor":3,"gold_loss":0},{"damage_healed":0,"gold_gain":0,"player_choice":"Rummage","damage_taken":0,"relics_obtained":["WarpedTongs"],"max_hp_gain":0,"max_hp_loss":0,"event_name":"Accursed Blacksmith","floor":4,"gold_loss":0,"cards_obtained":["Pain"]},{"cards_removed":["Pain"],"damage_healed":0,"gold_gain":0,"player_choice":"Forget","damage_taken":0,"max_hp_gain":0,"max_hp_loss":0,"event_name":"Living Wall","floor":7,"gold_loss":0},{"damage_healed":0,"gold_gain":100,"player_choice":"Pray","damage_taken":0,"max_hp_gain":0,"max_hp_loss":0,"event_name":"Golden Shrine","floor":14,"gold_loss":0}],"is_beta":false,"boss_relics":[{"not_picked":["Ectoplasm","Calling Bell"],"picked":"Coffee Dripper"}],"items_purged_floors":[13],"is_endless":false,"potions_floor_spawned":[2,5,8,11,16,19,20],"killed_by":"Slavers","ascension_level":8}}