{"host":"b995t17pt6d05w8c","time":1610119099,"event":{"mods":["AchievementEnabler","BaseMod","Colored Map","Minty Spire (QoL Compilation)","SuperFastMode"],"gold_per_floor":[115,125,142,242,259,278,307,307,355,367,379,419,442,473,485,592,604,634,663,259,273,283,198,198,227,250,126,136,45,60,80,80,187,214,237,237,251,251,264,282,307,323,323,96,96,70,97,106,106,106],"floor_reached":51,"playtime":1892,"items_purged":["Strike_G","Strike_G","Defend_G","Poisoned Stab"],"score":1094,"play_id":"a7a4f86c-0b90-49b6-b8a7-860e0552de92","local_time":"20210109001819","is_ascension_mode":true,"campfire_choices":[{"data":"Deadly Poison","floor":8.0,"key":"SMITH"},{"floor":15.0,"key":"REST"},{"floor":24.0,"key":"REST"},{"data":"Concentrate","floor":32.0,"key":"SMITH"},{"data":"Defend_G","floor":45,"key":"PURGE"},{"data":"Defend_G+1","floor":49,"key":"PURGE"}],"circlet_count":0,"master_deck":["Survivor","Neutralize","Deadly Poison+1","Backflip+1","Acrobatics","Concentrate+1","Envenom+1","Blur","Grand Finale","Escape Plan+1","Malaise+1","Deadly Poison+1","Prepared","Reflex+1","Well Laid Plans+1","Tactician","Acrobatics"],"relics":["Ring of the Snake","Potion Belt","MawBank","Frozen Egg 2","War Paint","Empty Cage","Membership Card","Strawberry","Happy Flower","Snake Skull","Red Mask","CeramicFish","Art of War","Astrolabe","Peace Pipe","Bottled Lightning","Blood Vial"],"acts_visited":["TheCity","TheBeyond"],"potions_floor_usage":[50,50,50],"damage_taken":[{"damage":3.0,"enemies":"Cultist","floor":1.0,"turns":5.0},{"damage":4.0,"enemies":"Small Slimes","floor":2.0,"turns":3.0},{"damage":1.0,"enemies":"Jaw Worm","floor":3.0,"turns":5.0},{"damage":4.0,"enemies":"Blue Slaver","floor":5.0,"turns":5.0},{"damage":1.0,"enemies":"3 Louse","floor":6.0,"turns":3.0},{"damage":8.0,"enemies":"Gremlin Nob","floor":7.0,"turns":3.0},{"damage":20.0,"enemies":"3 Sentries","floor":12.0,"turns":9.0},{"damage":15.0,"enemies":"Exordium Wildlife","floor":13.0,"turns":4.0},{"damage":0.0,"enemies":"Blue Slaver","floor":14.0,"turns":4.0},{"damage":18.0,"enemies":"Hexaghost","floor":16.0,"turns":8.0},{"damage":20.0,"enemies":"2 Thieves","floor":18.0,"turns":4.0},{"damage":6.0,"enemies":"Shell Parasite","floor":19.0,"turns":7.0},{"damage":1.0,"enemies":"Centurion and Healer","floor":21.0,"turns":6.0},{"damage":23.0,"enemies":"Sentry and Sphere","floor":22.0,"turns":7.0},{"damage":6.0,"enemies":"Masked Bandits","floor":25.0,"turns":3.0},{"damage":14.0,"enemies":"Shelled Parasite and Fungi","floor":28.0,"turns":8.0},{"damage":6.0,"enemies":"Snake Plant","floor":30.0,"turns":4.0},{"damage":5.0,"enemies":"Centurion and Healer","floor":31.0,"turns":8.0},{"damage":46.0,"enemies":"Automaton","floor":33.0,"turns":9.0},{"damage":0.0,"enemies":"3 Darklings","floor":35.0,"turns":3.0},{"damage":0.0,"enemies":"3 Shapes","floor":37.0,"turns":2.0},{"damage":18,"enemies":"Spire Growth","floor":39,"turns":6},{"damage":0,"enemies":"3 Darklings","floor":40,"turns":3},{"damage":0,"enemies":"Sphere and 2 Shapes","floor":41,"turns":8},{"damage":0,"enemies":"Writhing Mass","floor":42,"turns":5},{"damage":0,"enemies":"Giant Head","floor":47,"turns":5},{"damage":0,"enemies":"Donu and Deca","floor":50,"turns":1}],"seed_played":"-2121944576054032815","potions_obtained":[{"floor":0.0,"key":"SpeedPotion"},{"floor":0.0,"key":"GamblersBrew"},{"floor":0.0,"key":"Fire Potion"},{"floor":2.0,"key":"Poison Potion"},{"floor":5.0,"key":"CultistPotion"},{"floor":13.0,"key":"Explosive Potion"},{"floor":21.0,"key":"AttackPotion"},{"floor":28.0,"key":"CultistPotion"},{"floor":33.0,"key":"SteroidPotion"},{"floor":39,"key":"Ancient Potion"},{"floor":41,"key":"BlessingOfTheForge"}],"is_trial":false,"path_per_floor":["M","M","M","?","M","M","E","R","T","?","?","E","M","M","R","B",null,"M","M","$","M","M","?","R","?","T","$","M","$","M","M","R","B",null,"M","?","M","?","M","M","M","M","T","$","R","$","E","?","R","B",null],"character_chosen":"THE_SILENT","items_purchased":["Membership Card","Strawberry","Happy Flower","FairyPotion","LiquidMemories","Art of War","Blur","Well Laid Plans+1","Bottled Lightning","Tactician"],"campfire_rested":2,"item_purchase_floors":[20,20,20,20,20,27,29,44,44,46],"current_hp_per_floor":[60,56,55,55,51,50,42,42,42,39,44,24,9,9,31,13,60,40,34,41,40,17,17,41,35,35,35,21,21,15,10,10,12,65,65,65,65,92,74,74,74,74,74,74,74,74,74,74,74,76],"gold":106,"neow_bonus":"THREE_SMALL_POTIONS","is_daily":false,"chose_seed":false,"campfire_upgraded":2,"win_rate":0.0,"timestamp":1610119099,"path_taken":["M","M","M","?","M","?","E","R","T","?","?","E","M","M","R","BOSS","M","M","$","M","M","?","R","?","T","?","M","?","M","?","R","BOSS","M","?","M","?","?","M","?","M","T","?","R","$","E","?","R","BOSS"],"items_purchased_type":["Relic","Relic","Relic","Potion","Potion","Relic","Card","Card","Relic","Card"],"build_version":"2020-12-22","purchased_purges":4,"victory":true,"max_hp_per_floor":[70,70,70,70,70,70,70,70,70,70,75,75,75,75,75,75,75,75,75,82,82,82,82,82,82,82,82,82,82,82,82,82,82,82,82,82,82,92,92,92,92,92,92,92,92,92,92,92,92,92],"card_choices":[{"not_picked":["Distraction","Flying Knee"],"picked":"Deadly Poison","floor":1.0},{"not_picked":["Dash","Prepared"],"picked":"Backflip","floor":2.0},{"not_picked":["Sucker Punch","Quick Slash"],"picked":"Acrobatics","floor":3.0},{"not_picked":["Backflip","Bane"],"picked":"Dagger Spray","floor":5.0},{"not_picked":["Outmaneuver","Flying Knee"],"picked":"Poisoned Stab","floor":6.0},{"not_picked":["Finisher","Poisoned Stab"],"picked":"Concentrate","floor":7.0},{"not_picked":["Bane","Dodge and Roll"],"picked":"Envenom+1","floor":12.0},{"not_picked":["Backflip","Acrobatics","Deflect"],"picked":"SKIP","floor":13.0},{"not_picked":["Underhanded Strike","Backstab","PiercingWail"],"picked":"SKIP","floor":14.0},{"not_picked":["Night Terror","Die Die Die"],"picked":"Malaise","floor":16.0},{"not_picked":["Deadly Poison","Dodge and Roll","Quick Slash"],"picked":"SKIP","floor":18.0},{"not_picked":["Dagger Throw","Distraction","All Out Attack"],"picked":"SKIP","floor":19.0},{"not_picked":["Underhanded Strike","Backflip","Dagger Spray+1"],"picked":"SKIP","floor":21.0},{"not_picked":["Blade Dance","Choke","Cloak And Dagger"],"picked":"SKIP","floor":22.0},{"not_picked":["Flechettes+1","Dagger Throw","Bullet Time"],"picked":"SKIP","floor":28.0},{"not_picked":["Flying Knee","Poisoned Stab","Dagger Throw"],"picked":"SKIP","floor":30.0},{"not_picked":["Leg Sweep","Expertise+1","Accuracy+1"],"picked":"SKIP","floor":31.0},{"not_picked":["Doppelganger","After Image+1"],"picked":"Grand Finale","floor":33.0},{"not_picked":["Dagger Spray+1","Deflect"],"picked":"Prepared","floor":35.0},{"not_picked":["Poisoned Stab","Bouncing Flask","Sucker Punch"],"picked":"SKIP","floor":37.0},{"not_picked":["Prepared","Cloak And Dagger","Poisoned Stab+1"],"picked":"SKIP","floor":39},{"not_picked":["Backstab+1","Endless Agony+1","Blade Dance"],"picked":"SKIP","floor":40},{"not_picked":["Backflip","Dagger Throw+1"],"picked":"Reflex+1","floor":41},{"not_picked":["Footwork+1","Poisoned Stab+1","Dodge and Roll"],"picked":"SKIP","floor":42},{"not_picked":["Sucker Punch+1","Dodge and Roll","Grand Finale"],"picked":"SKIP","floor":47}],"player_experience":52777,"relics_obtained":[{"floor":7.0,"key":"Potion Belt"},{"floor":9.0,"key":"MawBank"},{"floor":12.0,"key":"War Paint"},{"floor":25.0,"key":"Red Mask"},{"floor":26.0,"key":"CeramicFish"},{"floor":43,"key":"Peace Pipe"},{"floor":47,"key":"Blood Vial"}],"event_choices":[{"damage_healed":0.0,"max_hp_gain":0.0,"max_hp_loss":0.0,"gold_gain":100.0,"event_name":"Golden Shrine","player_choice":"Pray","floor":4.0,"gold_loss":0.0,"damage_taken":0.0},{"damage_healed":0.0,"max_hp_gain":0.0,"max_hp_loss":0.0,"gold_gain":0.0,"event_name":"Scrap Ooze","player_choice":"Success","floor":10.0,"gold_loss":0.0,"damage_taken":3.0,"relics_obtained":["Frozen Egg 2"]},{"damage_healed":0.0,"max_hp_gain":5.0,"max_hp_loss":0.0,"gold_gain":0.0,"event_name":"Big Fish","player_choice":"Donut","floor":11.0,"gold_loss":0.0,"damage_taken":0.0},{"damage_healed":0.0,"max_hp_gain":0.0,"max_hp_loss":0.0,"gold_gain":0.0,"event_name":"Addict","player_choice":"Obtained Relic","floor":23.0,"gold_loss":85.0,"damage_taken":0.0,"relics_obtained":["Snake Skull"]},{"damage_healed":0.0,"max_hp_gain":0.0,"max_hp_loss":0.0,"gold_gain":0.0,"event_name":"Masked Bandits","player_choice":"Fought Bandits","floor":25.0,"gold_loss":0.0,"damage_taken":0.0},{"cards_removed":["Dagger Spray"],"damage_healed":0.0,"max_hp_gain":0.0,"max_hp_loss":0.0,"gold_gain":0.0,"event_name":"Falling","player_choice":"Removed Attack","floor":36.0,"gold_loss":0.0,"damage_taken":0.0},{"cards_removed":["Malaise"],"damage_healed":17.0,"max_hp_gain":10.0,"max_hp_loss":0.0,"gold_gain":0.0,"event_name":"Bonfire Elementals","player_choice":"Offered Rare","floor":38.0,"gold_loss":0.0,"damage_taken":0.0},{"damage_healed":0,"gold_gain":0,"player_choice":"Copied","damage_taken":0,"max_hp_gain":0,"max_hp_loss":0,"event_name":"Duplicator","floor":48,"gold_loss":0,"cards_obtained":["Acrobatics"]}],"is_beta":false,"boss_relics":[{"not_picked":["Calling Bell","HoveringKite"],"picked":"Empty Cage"},{"not_picked":["Black Star","Ring of the Serpent"],"picked":"Astrolabe"}],"items_purged_floors":[20,27,29,44],"is_endless":false,"potions_floor_spawned":[2,3,5,13,21,28,33,39,41],"ascension_level":6}}