{"host":"taazmjmli6ma7loo","time":1610142677,"event":{"mods":["AchievementEnabler","BaseMod","DeckTracker","Marisa£¨Ùöéë¡¡Øª×âÞÞ£©","Minty Spire (QoL Compilation)","StSLib","The Cursed"],"gold_per_floor":[118,136,136,61,61,89,51,51,76,76,102,2,77,88,88,184,184,201,201,71,89,21,21,21,50,50,50,67,166,181,181,181,181,181],"floor_reached":33,"playtime":1704,"items_purged":["Regret","TheCursedMod:CleanUpWorkshop+1"],"score":294,"play_id":"9acf429a-94a3-45de-9228-507c5dc14824","local_time":"20210109065117","is_ascension_mode":false,"campfire_choices":[{"data":"TheCursedMod:CircleOfCorruption","floor":8,"key":"SMITH"},{"data":"TheCursedMod:Hemoplague","floor":10,"key":"SMITH"},{"floor":15,"key":"REST"},{"floor":23,"key":"REST"},{"floor":32,"key":"DIG"}],"circlet_count":0,"master_deck":["TheCursedMod:Strike_TheCursed","TheCursedMod:Strike_TheCursed","TheCursedMod:Strike_TheCursed","TheCursedMod:Strike_TheCursed","TheCursedMod:Defend_TheCursed+1","TheCursedMod:Defend_TheCursed","TheCursedMod:Defend_TheCursed","TheCursedMod:Defend_TheCursed","TheCursedMod:CursedWand","TheCursedMod:Dregs","TheCursedMod:CircleOfCorruption+1","TheCursedMod:Hemoplague+1","TheCursedMod:Hemoplague","TheCursedMod:TacticalStrike","TheCursedMod:VitalStrike","TheCursedMod:AshesToAshes","TheCursedMod:SaltUponWound","TheCursedMod:VitalStrike","TheCursedMod:CursedAmulet","TheCursedMod:FuryStrike","Shame","TheCursedMod:CursedAmulet","TheCursedMod:SpitefulPray","TheCursedMod:Stretching"],"relics":["TheCursedMod:BlackMagic101","NeowsBlessing","TheCursedMod:Tack","Anchor","War Paint","TheCursedMod:DemonicMark","Runic Pyramid","CaptainsWheel","Orichalcum","Art of War","Shovel","Potion Belt"],"acts_visited":["Exordium","TheCity"],"potions_floor_usage":[11,11,33,33,33],"damage_taken":[{"damage":0,"enemies":"Jaw Worm","floor":1,"turns":1},{"damage":0,"enemies":"Small Slimes","floor":2,"turns":1},{"damage":0,"enemies":"3 Sentries","floor":6,"turns":1},{"damage":34,"enemies":"Gremlin Nob","floor":11,"turns":5},{"damage":0,"enemies":"2 Louse","floor":14,"turns":2},{"damage":36,"enemies":"The Guardian","floor":16,"turns":8},{"damage":10,"enemies":"2 Thieves","floor":18,"turns":4},{"damage":18,"enemies":"Spheric Guardian","floor":21,"turns":4},{"damage":15,"enemies":"Book of Stabbing","floor":25,"turns":4},{"damage":2,"enemies":"3 Cultists","floor":28,"turns":5},{"damage":10,"enemies":"Cultist and Chosen","floor":30,"turns":5},{"damage":9,"enemies":"Champ","floor":33,"turns":7}],"seed_played":"-2572103837043263832","potions_obtained":[{"floor":1,"key":"Explosive Potion"},{"floor":2,"key":"Fire Potion"},{"floor":6,"key":"SpeedPotion"},{"floor":16,"key":"PowerPotion"},{"floor":21,"key":"Block Potion"}],"is_trial":false,"path_per_floor":["M","M","?","$","?","E","$","R","T","R","E","$","?","M","R","B",null,"M","?","$","M","$","R","?","E","T","$","M","?","M","T","R","B"],"character_chosen":"THE_CURSED","items_purchased":["TheCursedMod:Hemoplague","TheCursedMod:SaltUponWound","TheCursedMod:VitalStrike","TheCursedMod:FuryStrike"],"campfire_rested":2,"item_purchase_floors":[7,20,20,22],"current_hp_per_floor":[75,75,75,75,75,75,75,75,75,75,41,41,30,30,52,16,75,65,49,49,31,31,53,53,38,38,38,36,36,26,26,26,17,17],"gold":181,"neow_bonus":"THREE_ENEMY_KILL","is_daily":false,"chose_seed":false,"campfire_upgraded":2,"win_rate":0.0,"timestamp":1610142677,"path_taken":["M","M","?","$","?","E","$","R","T","R","E","?","?","M","R","BOSS","M","?","$","M","$","R","?","E","T","?","M","?","M","?","R","BOSS"],"items_purchased_type":["Card","Card","Card","Card"],"build_version":"2020-12-22","purchased_purges":2,"victory":false,"max_hp_per_floor":[75,75,75,75,75,75,75,75,75,75,75,75,75,75,75,75,75,75,75,75,75,75,75,75,75,75,75,75,75,75,75,75,75,75],"card_choices":[{"not_picked":["TheCursedMod:Wield","TheCursedMod:HellsGateOpen"],"picked":"TheCursedMod:CircleOfCorruption","floor":1},{"not_picked":["TheCursedMod:FleshFromBone","TheCursedMod:HellsGateOpen"],"picked":"TheCursedMod:Hemoplague","floor":2},{"not_picked":["TheCursedMod:AshesToAshes","TheCursedMod:CollectTribute","TheCursedMod:SmokeScreen"],"picked":"SKIP","floor":6},{"not_picked":["TheCursedMod:BloodBarrier","TheCursedMod:HellfireBreathing"],"picked":"TheCursedMod:TacticalStrike","floor":11},{"not_picked":["TheCursedMod:CursedBlade","TheCursedMod:LuckyCharm"],"picked":"TheCursedMod:VitalStrike","floor":14},{"not_picked":["TheCursedMod:ManaBullet","TheCursedMod:Wield"],"picked":"TheCursedMod:AshesToAshes","floor":18},{"not_picked":["TheCursedMod:RavingStaff","TheCursedMod:PrepareRite+1"],"picked":"TheCursedMod:CursedAmulet","floor":21},{"not_picked":["TheCursedMod:CursedMace","TheCursedMod:ReleasedStrength+1"],"picked":"TheCursedMod:CursedAmulet","floor":25},{"not_picked":["TheCursedMod:WearCloak+1","TheCursedMod:Stigma"],"picked":"TheCursedMod:SpitefulPray","floor":28},{"not_picked":["TheCursedMod:ShockAndAwe","TheCursedMod:CursedMace+1"],"picked":"TheCursedMod:Stretching","floor":30}],"player_experience":435595,"relics_obtained":[{"floor":6,"key":"Anchor"},{"floor":9,"key":"War Paint"},{"floor":11,"key":"TheCursedMod:DemonicMark"},{"floor":25,"key":"Orichalcum"},{"floor":26,"key":"Art of War"},{"floor":31,"key":"Shovel"},{"floor":32,"key":"Potion Belt"}],"event_choices":[{"damage_healed":0,"gold_gain":0,"player_choice":"Box","damage_taken":0,"relics_obtained":["TheCursedMod:Tack"],"max_hp_gain":0,"max_hp_loss":0,"event_name":"Big Fish","floor":3,"gold_loss":0,"cards_obtained":["Regret"]},{"damage_healed":0,"gold_gain":0,"player_choice":"Ignored","damage_taken":0,"max_hp_gain":0,"max_hp_loss":0,"event_name":"Liars Game","floor":5,"gold_loss":0},{"damage_healed":0,"gold_gain":75,"player_choice":"Gather Gold","damage_taken":11,"max_hp_gain":0,"max_hp_loss":0,"event_name":"World of Goop","floor":13,"gold_loss":0},{"damage_healed":0,"gold_gain":0,"player_choice":"Obtained Book","damage_taken":16,"max_hp_gain":0,"max_hp_loss":0,"event_name":"Cursed Tome","floor":19,"gold_loss":0},{"damage_healed":0,"gold_gain":0,"player_choice":"Stole Relic","damage_taken":0,"relics_obtained":["CaptainsWheel"],"max_hp_gain":0,"max_hp_loss":0,"event_name":"Addict","floor":24,"gold_loss":0,"cards_obtained":["Shame"]},{"damage_healed":0,"gold_gain":99,"player_choice":"Stole From Cult","damage_taken":0,"max_hp_gain":0,"max_hp_loss":0,"event_name":"Nest","floor":29,"gold_loss":0}],"is_beta":false,"boss_relics":[{"not_picked":["SacredBark","Ectoplasm"],"picked":"Runic Pyramid"}],"items_purged_floors":[4,12],"is_endless":false,"potions_floor_spawned":[1,2,6,16,21,28],"killed_by":"Champ","ascension_level":0}}