{"host":"wvaiab5ya9pyia0u","time":1610132911,"event":{"mods":["2.2 Compatiblity","Act Like it!","Aspiration","Bard","BaseMod","Bestiary","BetterRewards","Challenge The Spire","Colored Powertips","Conspire","Custom Start","DeckTracker","Hermit","Highlight Path","Hubris","Humility","Infinite Spire","Lobotomy","Mimic Mod","Minty Spire (QoL Compilation)","Pale of the Ancients","Practice Mode","Quarter Circle Forward PUNCH!","Quick Restart","Rare Cards Sparkle","Replay The Spire","Reworked Bosses","SacredBarkPlus","Shop Mod","Spicy Shops","StSLib","The Blue Laboratory","The Construct","The Cursed","The Disciple","The Factory","The Hierophant","The Jungle","The Marked","The Mystic","The Runesmith","The Servant 0.9.4","TheBandit","Thieving Mod","Wandering Minibosses","everything is the same but u backflip on backflip","slay the spire mod where everything is the same but ironclad has a cowboy hat"],"gold_per_floor":[111,126,146,146,146,146,146],"floor_reached":6,"playtime":422,"items_purged":["Strike_B"],"score":36,"play_id":"24563d98-d852-4a4a-a039-4635df5c6bd4","local_time":"20210108200831","is_ascension_mode":false,"campfire_choices":[],"circlet_count":0,"master_deck":["Strike_B","Strike_B","Strike_B","Defend_B","Defend_B","Defend_B","Defend_B","Zap","Dualcast","ReplayTheSpireMod:GoodbyeWorld","Leap","Panache","Cold Snap","Coolheaded","Redo"],"relics":["Replay:M_SmolderingBlood","aspiration:Nostalgia","TheCursedMod:BlackMagic101","conspire:DecoderRing","hubris:Teleporter","Lee\u0027s Waffle","infinitespire:Cubic Diamond","Bag of Marbles"],"acts_visited":["Exordium"],"potions_floor_usage":[2],"damage_taken":[{"damage":8,"enemies":"2 Louse","floor":1,"turns":3},{"damage":7,"enemies":"Jaw Worm","floor":2,"turns":5},{"damage":0,"enemies":"Small Slimes","floor":3,"turns":4},{"damage":56,"enemies":"3 Sentries","floor":6,"turns":8}],"seed_played":"-5074081937590320821","potions_obtained":[{"floor":1,"key":"blueLaboratory:LouseDecoction"},{"floor":2,"key":"blueLaboratory:CoolantVial"},{"floor":3,"key":"DuplicationPotion"}],"is_trial":false,"path_per_floor":["M","M","M","?","?","E"],"character_chosen":"DEFECT","items_purchased":["aspiration:Nostalgia","conspire:DecoderRing","ReplayTheSpireMod:GoodbyeWorld","Leap","Panache","Lee\u0027s Waffle"],"campfire_rested":0,"item_purchase_floors":[0,0,0,0,0,0],"current_hp_per_floor":[74,67,67,67,67,11,11],"gold":146,"neow_bonus":"","is_daily":false,"chose_seed":false,"campfire_upgraded":0,"win_rate":0.0,"timestamp":1610132911,"path_taken":["M","M","M","?","?","E"],"items_purchased_type":["Relic","Relic","Card","Card","Card","Relic"],"build_version":"2020-12-22","purchased_purges":1,"victory":false,"max_hp_per_floor":[82,82,82,82,82,82,82],"card_choices":[{"not_picked":["Compile Driver","Stack"],"picked":"Cold Snap","floor":1},{"not_picked":["Sweeping Beam","Compile Driver"],"picked":"Coolheaded","floor":2},{"not_picked":["Undo","Beam Cell"],"picked":"Redo","floor":3}],"player_experience":231368,"relics_obtained":[{"floor":5,"key":"Bag of Marbles"}],"event_choices":[],"is_beta":false,"boss_relics":[],"items_purged_floors":[0],"is_endless":false,"potions_floor_spawned":[1,2,3],"killed_by":"3 Sentries","ascension_level":0}}