{"host":"2i0myh7fqij2ti1z","time":1610082313,"event":{"mods":["Aspiration","BaseMod","Better Third Choice","Colored Powertips","FoggyMod","GifTheSpireLib","Highlight Path","Minty Spire (QoL Compilation)","Permanent Neow","Quick Restart","Random Character Button","Random Character Mod","Relic Sorter","Replay The Spire","Shop Mod","Spicy Shops","StSLib","Stuff the Spire","Transform Curses","Wandering Minibosses","vexMod"],"gold_per_floor":[132,132,9125,9176,9176,9176,9176],"floor_reached":6,"playtime":671,"items_purged":["Time Bomb"],"score":111,"play_id":"2a7fb526-4c08-43de-9a32-92d2be0d3796","local_time":"20210108130513","daily_mods":["Draft","Flight","Midas"],"is_ascension_mode":true,"campfire_choices":[],"circlet_count":0,"master_deck":["Defragment","Doom and Gloom","Self Repair","Panic Button","Time Bomb","Hologram","Turbo","Turbo","Capacitor","Conserve Battery","StuffTheSpire:LoadUp","Fusion","Ball Lightning","ReplayTheSpireMod:Uncanny Aura","Reprogram","Turbo","Machine Learning","ReplayTheSpireMod:Brewmster","vexMod:EmailVexCard"],"relics":["Cracked Core","Ring of Chaos","Ancient Tea Set","StuffTheSpire:Rhapsscallions","vexMod:MemoryStick","Orrery","ReplayTheSpireMod:ShopPack","aspiration:BabyByrd"],"acts_visited":["Exordium"],"potions_floor_usage":[],"damage_taken":[{"damage":0,"enemies":"Cultist","floor":1,"turns":2},{"damage":16,"enemies":"2 Louse","floor":4,"turns":4},{"damage":36,"enemies":"Lagavulin","floor":6,"turns":6}],"seed_played":"4373509078180251621","potions_obtained":[{"floor":1,"key":"SpeedPotion"}],"is_trial":true,"path_per_floor":["M","?","$","M","?","E"],"character_chosen":"DEFECT","items_purchased":["Ancient Tea Set","StuffTheSpire:Rhapsscallions","vexMod:MemoryStick","ReplayTheSpireMod:Uncanny Aura","Orrery","ReplayTheSpireMod:ShopPack"],"campfire_rested":0,"item_purchase_floors":[3,3,3,3,3,3],"current_hp_per_floor":[75,75,79,70,70,34,34],"gold":9176,"neow_bonus":"","is_daily":false,"chose_seed":false,"campfire_upgraded":0,"win_rate":0.0,"timestamp":1610082313,"path_taken":["M","?","$","?","?","E"],"items_purchased_type":["Relic","Relic","Relic","Card","Relic","Relic"],"build_version":"2020-12-22","purchased_purges":1,"victory":false,"max_hp_per_floor":[75,75,79,79,79,79,79],"card_choices":[{"not_picked":["Leap","Rip and Tear"],"picked":"FTL","floor":0},{"not_picked":["Lockon","ReplayGash"],"picked":"Defragment","floor":0},{"not_picked":["BasicCrystalCard","StuffTheSpire:NuclearReactor"],"picked":"Doom and Gloom","floor":0},{"not_picked":["Storm","Leap"],"picked":"Self Repair","floor":0},{"not_picked":["Stack","Reinforced Body"],"picked":"Panic Button","floor":0},{"not_picked":["Panic Button","ReplaySort"],"picked":"Time Bomb","floor":0},{"not_picked":["Static Discharge","ReplayTheSpireMod:Reroute Power"],"picked":"Hologram","floor":0},{"not_picked":["Scrape","Stack"],"picked":"Turbo","floor":0},{"not_picked":["Heatsinks","Barrage"],"picked":"Time Bomb","floor":0},{"not_picked":["Streamline","Chaos"],"picked":"Turbo","floor":0},{"not_picked":["Rebound","Gash"],"picked":"Capacitor","floor":0},{"not_picked":["Leap","Barrage"],"picked":"Conserve Battery","floor":0},{"not_picked":["ReplayTheSpireMod:GoodbyeWorld","Cold Snap"],"picked":"StuffTheSpire:LoadUp","floor":0},{"not_picked":["Hello World","Capacitor"],"picked":"Fusion","floor":0},{"not_picked":["Rebound","BasicCrystalCard"],"picked":"Leap","floor":0},{"not_picked":["StuffTheSpire:GlassShard","Go for the Eyes"],"picked":"Ball Lightning","floor":1},{"not_picked":["Conserve Battery","Tempest"],"picked":"Reprogram","floor":3},{"not_picked":["Time Bomb","Consume"],"picked":"Turbo","floor":3},{"not_picked":["StuffTheSpire:LoadUp","Panic Button"],"picked":"Machine Learning","floor":3},{"not_picked":["vexMod:StairwayStrike","Secret Weapon"],"picked":"ReplayTheSpireMod:Brewmster","floor":3},{"not_picked":["Mind Blast","Dramatic Entrance"],"picked":"vexMod:EmailVexCard","floor":3},{"not_picked":["Leap","Hologram","Recycle"],"picked":"SKIP","floor":4}],"player_experience":208904,"relics_obtained":[],"event_choices":[{"cards_removed":["FTL"],"damage_healed":0,"gold_gain":0,"player_choice":"Purged","damage_taken":0,"max_hp_gain":0,"max_hp_loss":0,"event_name":"Purifier","floor":2,"gold_loss":0}],"is_beta":false,"boss_relics":[],"items_purged_floors":[3],"is_endless":false,"potions_floor_spawned":[1],"killed_by":"Lagavulin","ascension_level":1}}