{"host":"5471ir90dlnrorkp","time":1610148410,"event":{"mods":["Aspiration","BaseMod","Beaked The Cultist","Colored Map","Colored Powertips","Displayed Cursed Tome","Hermit","Minty Spire (QoL Compilation)","Random Character Button","Replay The Spire","Shop Mod","StSLib","The Cursed","The Druid","The Marked","The Runesmith","The Witch","TheBandit","thorton"],"gold_per_floor":[111,36,36,36,52,70,80,80,80,97,107,7,40,40,40,135,135,152,167,184,184,8,8,8,8,8,25,25,36,36,50,50,149,149,161,173,173,1172,1172,1172,1185,1201,1201,1201,1213,650,650,662,662,662,662],"floor_reached":50,"playtime":3430,"items_purged":["Defend_B","Defend_B","Strike_B","Normality"],"score":473,"play_id":"16fb17de-0ddf-4ff5-98d2-ec2711e87498","local_time":"20210108182650","is_ascension_mode":false,"campfire_choices":[{"data":"Strike_B","floor":8.0,"key":"SMITH"},{"floor":15.0,"key":"REST"},{"floor":28.0,"key":"REST"},{"floor":32.0,"key":"REST"},{"data":"Loop","floor":40.0,"key":"SMITH"},{"floor":49.0,"key":"REST"}],"circlet_count":0,"master_deck":["Strike_B","Strike_B+1","Defend_B","Zap","Dualcast","Auto Shields","Double Energy","White Noise","Storm","Creative AI","Conserve Battery","White Noise","Loop+1","Leap","Leap+1","Defragment+1","Electrodynamics","Ball Lightning","Conserve Battery+1","Normality","Parasite","Loop","Ball Lightning+1","aspiration:Polymerization","ReplayTheSpireMod:Brewmster","aspiration:Polymerization"],"relics":["Snecko Eye"],"acts_visited":[],"potions_floor_usage":[50,50,50],"damage_taken":[{"damage":3.0,"enemies":"Jaw Worm","floor":1.0,"turns":3.0},{"damage":1.0,"enemies":"Cultist","floor":5.0,"turns":3.0},{"damage":0.0,"enemies":"2 Louse","floor":6.0,"turns":2.0},{"damage":6.0,"enemies":"Exordium Wildlife","floor":7.0,"turns":3.0},{"damage":2.0,"enemies":"2 Fungi Beasts","floor":10.0,"turns":4.0},{"damage":14.0,"enemies":"3 Louse","floor":11.0,"turns":4.0},{"damage":7.0,"enemies":"Lagavulin","floor":13.0,"turns":5.0},{"damage":57.0,"enemies":"Hexaghost","floor":16.0,"turns":10.0},{"damage":5.0,"enemies":"Spheric Guardian","floor":18.0,"turns":3.0},{"damage":2.0,"enemies":"2 Thieves","floor":19.0,"turns":2.0},{"damage":35.0,"enemies":"3 Cultists","floor":20.0,"turns":5.0},{"damage":16.0,"enemies":"Snake Plant","floor":27.0,"turns":4.0},{"damage":22.0,"enemies":"Shelled Parasite and Fungi","floor":29.0,"turns":6.0},{"damage":0.0,"enemies":"Centurion and Healer","floor":30.0,"turns":1.0},{"damage":4.0,"enemies":"Snecko","floor":31.0,"turns":6.0},{"damage":1.0,"enemies":"Champ","floor":33.0,"turns":7.0},{"damage":29.0,"enemies":"Orb Walker","floor":35.0,"turns":5.0},{"damage":16.0,"enemies":"3 Shapes","floor":36.0,"turns":3.0},{"damage":29.0,"enemies":"Writhing Mass","floor":41.0,"turns":8.0},{"damage":25.0,"enemies":"3 Darklings","floor":42.0,"turns":4.0},{"damage":23.0,"enemies":"Jaw Worm Horde","floor":45.0,"turns":2.0},{"damage":16.0,"enemies":"Spire Growth","floor":48.0,"turns":6.0},{"damage":75,"enemies":"Time Eater","floor":50,"turns":6}],"seed_played":"-8827261469291983098","potions_obtained":[{"floor":7.0,"key":"FocusPotion"},{"floor":11.0,"key":"LiquidBronze"},{"floor":16.0,"key":"FearPotion"},{"floor":20.0,"key":"Block Potion"},{"floor":29.0,"key":"SmokeBomb"},{"floor":31.0,"key":"BlessingOfTheForge"},{"floor":33.0,"key":"SteroidPotion"},{"floor":36.0,"key":"Fire Potion"},{"floor":41.0,"key":"Regen Potion"}],"is_trial":false,"path_per_floor":["M","$","?","$","M","M","M","R","T","M","M","$","E","?","R","B",null,"M","M","M","?","$","?","$","?","T","M","R","M","M","M","R","B",null,"M","M","?","?","?","R","M","M","T","?","M","$","?","M","R","B"],"character_chosen":"DEFECT","items_purchased":["Leap","aspiration:Polymerization","DistilledChaos","Reflective Coating","ReplayTheSpireMod:Brewmster"],"campfire_rested":4,"item_purchase_floors":[22,46,46,46,46],"current_hp_per_floor":[72,72,72,72,71,71,65,65,65,63,49,49,42,42,64,7,75,70,68,33,33,33,33,33,19,19,3,27,5,5,1,25,24,80,51,35,35,35,80,80,51,26,26,26,8,8,70,54,70,0,0],"gold":662,"neow_bonus":"BOSS_RELIC","is_daily":false,"chose_seed":false,"campfire_upgraded":2,"win_rate":0.0,"timestamp":1610148410,"path_taken":["M","$","?","$","?","M","M","R","T","M","M","$","E","?","R","BOSS","M","?","M","?","$","?","?","?","T","M","R","M","M","M","R","BOSS","M","M","?","?","?","R","M","?","T","?","M","$","?","M","R","BOSS"],"items_purchased_type":["Card","Card","Potion","Potion","Card"],"build_version":"2020-12-22","purchased_purges":4,"victory":false,"max_hp_per_floor":[75,75,75,75,75,75,75,75,75,75,75,75,75,75,75,75,75,75,75,75,75,75,75,75,80,80,80,80,80,80,80,80,80,80,80,80,80,80,80,80,80,80,80,80,80,80,70,70,70,70,70],"card_choices":[{"not_picked":["Barrage","Stack"],"picked":"Auto Shields","floor":1.0},{"not_picked":["Genetic Algorithm","Fusion"],"picked":"Double Energy","floor":5.0},{"not_picked":["Chaos","Force Field","Beam Cell"],"picked":"SKIP","floor":6.0},{"not_picked":["Stack","Ball Lightning"],"picked":"White Noise","floor":7.0},{"not_picked":["Turbo","Buffer"],"picked":"Loop","floor":10.0},{"not_picked":["Rebound","Barrage"],"picked":"Storm","floor":11.0},{"not_picked":["Consume","Compile Driver","Turbo"],"picked":"SKIP","floor":13.0},{"not_picked":["Biased Cognition","Thunder Strike"],"picked":"Creative AI","floor":16.0},{"not_picked":["Auto Shields","Capacitor"],"picked":"Conserve Battery","floor":18.0},{"not_picked":["Rebound","Coolheaded"],"picked":"White Noise","floor":19.0},{"not_picked":["Sweeping Beam","Conserve Battery"],"picked":"Loop","floor":20.0},{"not_picked":["Compile Driver+1","Coolheaded","Turbo+1"],"picked":"SKIP","floor":27.0},{"not_picked":["Conserve Battery","Consume"],"picked":"Leap+1","floor":29.0},{"not_picked":["Core Surge","Steam Power"],"picked":"Defragment+1","floor":31.0},{"not_picked":["Meteor Strike","Echo Form"],"picked":"Electrodynamics","floor":33.0},{"not_picked":["Gash+1","FTL+1"],"picked":"Ball Lightning","floor":35.0},{"not_picked":["Redo+1","Go for the Eyes"],"picked":"Conserve Battery+1","floor":36.0},{"not_picked":["Steam","Streamline+1"],"picked":"Loop","floor":41.0},{"not_picked":["Beam Cell","Gash"],"picked":"Ball Lightning+1","floor":42.0},{"not_picked":["Compile Driver+1","BasicCrystalCard","Turbo"],"picked":"SKIP","floor":45.0},{"not_picked":["Stack","Cold Snap+1"],"picked":"aspiration:Polymerization","floor":48.0}],"player_experience":1674061,"relics_obtained":[],"event_choices":[{"cards_removed":["Defend_B"],"damage_healed":0.0,"max_hp_gain":0.0,"max_hp_loss":0.0,"gold_gain":0.0,"event_name":"Purifier","player_choice":"Purged","floor":3.0,"gold_loss":0.0,"damage_taken":0.0},{"damage_healed":0.0,"max_hp_gain":0.0,"max_hp_loss":0.0,"gold_gain":0.0,"event_name":"WeMeetAgain","player_choice":"Ignored","floor":14.0,"gold_loss":0.0,"damage_taken":0.0},{"damage_healed":0.0,"max_hp_gain":0.0,"max_hp_loss":0.0,"gold_gain":0.0,"event_name":"The Mausoleum","player_choice":"Ignored","floor":21.0,"gold_loss":0.0,"damage_taken":0.0},{"damage_healed":0.0,"max_hp_gain":0.0,"max_hp_loss":0.0,"gold_gain":0.0,"event_name":"Vampires","player_choice":"Ignored","floor":23.0,"gold_loss":0.0,"damage_taken":0.0},{"damage_healed":0.0,"max_hp_gain":5.0,"max_hp_loss":0.0,"gold_gain":0.0,"event_name":"Forgotten Altar","player_choice":"Shed Blood","floor":25.0,"gold_loss":0.0,"damage_taken":19.0},{"cards_removed":["Strike_B"],"damage_healed":0.0,"max_hp_gain":0.0,"max_hp_loss":0.0,"gold_gain":0.0,"event_name":"Falling","player_choice":"Removed Attack","floor":37.0,"gold_loss":0.0,"damage_taken":0.0},{"damage_healed":0.0,"max_hp_gain":0.0,"max_hp_loss":0.0,"gold_gain":999.0,"event_name":"MindBloom","player_choice":"Gold","floor":38.0,"gold_loss":0.0,"damage_taken":0.0,"cards_obtained":["Normality","Normality"]},{"cards_removed":["Loop"],"damage_healed":45.0,"max_hp_gain":0.0,"max_hp_loss":0.0,"gold_gain":0.0,"event_name":"Bonfire Elementals","player_choice":"Offered Uncommon","floor":39.0,"gold_loss":0.0,"damage_taken":0.0},{"damage_healed":0.0,"max_hp_gain":0.0,"max_hp_loss":0.0,"gold_gain":0.0,"event_name":"Mysterious Sphere","player_choice":"Ignored","floor":44.0,"gold_loss":0.0,"damage_taken":0.0},{"damage_healed":70.0,"max_hp_gain":0.0,"max_hp_loss":10.0,"gold_gain":0.0,"event_name":"The Moai Head","player_choice":"Heal","floor":47.0,"gold_loss":0.0,"damage_taken":0.0}],"is_beta":false,"boss_relics":[{"not_picked":["Sozu","Runic Dome","Tiny House"]},{"not_picked":[]}],"items_purged_floors":[2,12,22,46],"is_endless":false,"potions_floor_spawned":[7,11,16,20,29,31,33,36,41],"killed_by":"Time Eater","ascension_level":0}}