{"host":"zdhcon9z6t4xbcdl","time":1610129519,"event":{"mods":["BaseMod","Minty Spire (QoL Compilation)"],"gold_per_floor":[116,135,181,181,60,93,105,119,194,194,194,217,217,256,256,381,381,397,420,420,390,236,236,236],"floor_reached":23,"playtime":2153,"items_purged":["Strike_B","Strike_B"],"score":199,"play_id":"580115b6-bfc4-4114-898e-2ca6e964f856","local_time":"20210108181159","is_ascension_mode":false,"campfire_choices":[{"data":"Double Energy","floor":10,"key":"SMITH"},{"floor":15,"key":"REST"}],"circlet_count":0,"master_deck":["Defend_B","Defend_B","Defend_B","Defend_B+1","Zap+1","Dualcast","Stack","Blizzard","Barrage","Ball Lightning","Cold Snap","Double Energy+1","Cold Snap","Streamline","Leap","Multi-Cast","Sweeping Beam","Go for the Eyes","FTL","Barrage"],"relics":["Cracked Core","Bag of Marbles","Mummified Hand","Bottled Lightning","Golden Idol","Orichalcum","Philosopher\u0027s Stone"],"acts_visited":["Exordium","TheCity"],"potions_floor_usage":[16,16,16],"damage_taken":[{"damage":0,"enemies":"Cultist","floor":1,"turns":3},{"damage":0,"enemies":"Small Slimes","floor":2,"turns":3},{"damage":23,"enemies":"Gremlin Nob","floor":6,"turns":4},{"damage":11,"enemies":"Jaw Worm","floor":7,"turns":2},{"damage":3,"enemies":"Red Slaver","floor":8,"turns":3},{"damage":8,"enemies":"3 Louse","floor":12,"turns":3},{"damage":7,"enemies":"3 Sentries","floor":14,"turns":6},{"damage":19,"enemies":"The Guardian","floor":16,"turns":10},{"damage":20,"enemies":"3 Byrds","floor":18,"turns":5},{"damage":7,"enemies":"Chosen","floor":19,"turns":5},{"damage":43,"enemies":"Book of Stabbing","floor":23,"turns":5}],"seed_played":"3491429770667431926","potions_obtained":[{"floor":2,"key":"EssenceOfSteel"},{"floor":8,"key":"DistilledChaos"},{"floor":14,"key":"DuplicationPotion"},{"floor":18,"key":"PotionOfCapacity"},{"floor":21,"key":"EssenceOfSteel"},{"floor":21,"key":"EssenceOfSteel"}],"is_trial":false,"path_per_floor":["M","M","T","?","$","E","M","M","T","R","?","M","?","E","R","B",null,"M","M","?","?","$","E"],"character_chosen":"DEFECT","items_purchased":["Ball Lightning","Barrage"],"campfire_rested":1,"item_purchase_floors":[5,22],"current_hp_per_floor":[75,75,75,60,60,37,26,23,23,23,23,15,15,8,28,9,69,49,42,42,42,42,0,0],"gold":236,"neow_bonus":"TRANSFORM_CARD","is_daily":false,"chose_seed":false,"campfire_upgraded":1,"win_rate":0.0,"timestamp":1610129519,"path_taken":["M","?","?","?","?","E","?","M","T","R","?","M","?","E","R","BOSS","M","M","?","?","$","E"],"items_purchased_type":["Card","Card"],"build_version":"2020-12-22","purchased_purges":2,"victory":false,"max_hp_per_floor":[75,75,75,75,75,75,75,75,75,75,69,69,69,69,69,69,69,69,69,69,69,69,69,69],"card_choices":[{"not_picked":["Conserve Battery","Sweeping Beam"],"picked":"Blizzard","floor":1},{"not_picked":["White Noise","Stack"],"picked":"Barrage","floor":2},{"not_picked":["Reinforced Body","Leap"],"picked":"Cold Snap","floor":6},{"not_picked":["Compile Driver","Hologram"],"picked":"Double Energy","floor":7},{"not_picked":["Beam Cell","Ball Lightning"],"picked":"Cold Snap","floor":8},{"not_picked":["Go for the Eyes","Chaos"],"picked":"Streamline","floor":12},{"not_picked":["Gash","Biased Cognition"],"picked":"Leap","floor":14},{"not_picked":["Creative AI","All For One"],"picked":"Multi-Cast","floor":16},{"not_picked":["Stack+1","Gash"],"picked":"Sweeping Beam","floor":18},{"not_picked":["Streamline","Loop+1"],"picked":"Go for the Eyes","floor":19}],"player_experience":25636,"relics_obtained":[{"floor":3,"key":"Bag of Marbles"},{"floor":6,"key":"Mummified Hand"},{"floor":9,"key":"Bottled Lightning"},{"floor":14,"key":"Orichalcum"}],"event_choices":[{"damage_healed":0,"gold_gain":0,"player_choice":"Entered Light","damage_taken":15,"max_hp_gain":0,"max_hp_loss":0,"event_name":"Shining Light","floor":4,"gold_loss":0,"cards_upgraded":["Zap","Defend_B"]},{"damage_healed":0,"gold_gain":0,"player_choice":"Lose Max HP","damage_taken":0,"relics_obtained":["Golden Idol"],"max_hp_gain":0,"max_hp_loss":6,"event_name":"Golden Idol","floor":11,"gold_loss":0},{"cards_removed":["Strike_B"],"damage_healed":0,"gold_gain":0,"player_choice":"Forget","damage_taken":0,"max_hp_gain":0,"max_hp_loss":0,"event_name":"Living Wall","floor":13,"gold_loss":0},{"damage_healed":0,"gold_gain":0,"player_choice":"Read","damage_taken":0,"max_hp_gain":0,"max_hp_loss":0,"event_name":"The Library","floor":20,"gold_loss":0,"cards_obtained":["FTL"]},{"damage_healed":0,"gold_gain":0,"player_choice":"Bought 2 Potions","damage_taken":0,"max_hp_gain":0,"max_hp_loss":0,"event_name":"The Woman in Blue","floor":21,"gold_loss":0}],"is_beta":false,"boss_relics":[{"not_picked":["Velvet Choker","Sozu"],"picked":"Philosopher\u0027s Stone"}],"items_purged_floors":[5,22],"is_endless":false,"potions_floor_spawned":[2,8,14,18],"killed_by":"Book of Stabbing","ascension_level":0}}