{"host":"pi8b3ffzwvxqztac","time":1610131921,"event":{"mods":["BaseMod","Colored Map","Downfall","Minty Spire (QoL Compilation)","StSLib"],"gold_per_floor":[99,118,136,236,253,273,273,198,208,221,241,267,267,299,310,388,388,388,398,193,193,213,233,260,260,260,253,253,278,310,326,344,417,417,342,357,357,249,265,265,265,265,291,216,233,250,250,275,287,287],"floor_reached":51,"playtime":3880,"items_purged":[],"score":1318,"play_id":"9a7e3b57-768c-42b4-b6ff-9dbc58f1d740","local_time":"20210109075201","is_ascension_mode":true,"campfire_choices":[{"floor":1.0,"key":"RECALL"},{"data":"hexamod:Float","floor":8.0,"key":"SMITH"},{"floor":13.0,"key":"REST"},{"data":"hexamod:GhostLash","floor":18.0,"key":"SMITH"},{"data":"hexamod:ParanormalForm","floor":35,"key":"SMITH"},{"data":"expansioncontent:CaCaw","floor":44,"key":"SMITH"},{"floor":47,"key":"REST"}],"circlet_count":0,"master_deck":["AscendersBane","hexamod:Strike+1","hexamod:Strike+1","hexamod:Strike+1","hexamod:Defend+1","hexamod:Defend+1","hexamod:Defend+1","hexamod:Defend+1","hexamod:Sear","hexamod:Float+1","hexamod:GhostLash+1","hexamod:GhostLash","hexamod:FastForward","hexamod:StepThrough","hexamod:AdvancingGuard+1","hexamod:EtherealExpedition+1","hexamod:CatchUp+1","hexamod:GhostShield+1","hexamod:SpectersWail+1","hexamod:ThermalTransfer","hexamod:StepThrough+1","hexamod:RecurringNightmare+1","hexamod:InspiringFlames+1","hexamod:SpectersWail+1","hexamod:FastForward+1","hexamod:GiftsFromTheDead","hexamod:GhostflameBarrier+1","hexamod:DynamicBlow","hexamod:GhostLash","hexamod:PowerFromBeyond+1","hexamod:ParanormalForm+1","hexamod:GhostLash","hexamod:ApocalypticArmor","hexamod:GhostShield+1","hexamod:GhostOfSpireFuture","hexamod:NightmareStrike","expansioncontent:CaCaw+1","hexamod:TimeOfNeed+1","hexamod:GhostflameBarrier+1","hexamod:HauntingEcho+1","hexamod:ThermalTransfer+1","hexamod:SoulSteal+1"],"relics":["hexamod:SpiritBrand","Toxic Egg 2","downfall:HeartBlessingRed","Mango","Juzu Bracelet","hexamod:IceCube","Strawberry","Bronze Scales","hexamod:TheBrokenSeal","hexamod:MatchstickCase","Cursed Key","downfall:HeartBlessingBlue","MealTicket","downfall:HeartBlessingGreen","Calipers"],"acts_visited":["Exordium","TheCity","TheBeyond"],"potions_floor_usage":[29,33,43,46,48],"damage_taken":[{"damage":0.0,"enemies":"Cultist","floor":2.0,"turns":3.0},{"damage":0.0,"enemies":"2 Louse","floor":3.0,"turns":3.0},{"damage":1.0,"enemies":"Jaw Worm","floor":5.0,"turns":3.0},{"damage":0.0,"enemies":"Gremlin Gang","floor":6.0,"turns":6.0},{"damage":3.0,"enemies":"Red Slaver","floor":9.0,"turns":3.0},{"damage":2.0,"enemies":"Blue Slaver","floor":10.0,"turns":3.0},{"damage":6.0,"enemies":"Large Slime","floor":11.0,"turns":4.0},{"damage":25.0,"enemies":"Lagavulin","floor":12.0,"turns":7.0},{"damage":0.0,"enemies":"3 Sentries","floor":14.0,"turns":5.0},{"damage":0.0,"enemies":"2 Fungi Beasts","floor":15.0,"turns":3.0},{"damage":57.0,"enemies":"downfall:Defect","floor":16.0,"turns":9.0},{"damage":12.0,"enemies":"Shell Parasite","floor":19.0,"turns":6.0},{"damage":0.0,"enemies":"downfall:FleeingMerchant","floor":20.0,"turns":4.0},{"damage":42.0,"enemies":"Snake Plant","floor":22.0,"turns":4.0},{"damage":26.0,"enemies":"Sentry and Sphere","floor":23.0,"turns":7.0},{"damage":2.0,"enemies":"downfall:FleeingMerchant","floor":27.0,"turns":4.0},{"damage":21,"enemies":"Centurion and Healer","floor":29,"turns":7},{"damage":14,"enemies":"Slavers","floor":30,"turns":4},{"damage":0,"enemies":"Snake Plant","floor":31,"turns":2},{"damage":11,"enemies":"Snecko","floor":32,"turns":4},{"damage":10,"enemies":"downfall:Silent","floor":33,"turns":6},{"damage":0,"enemies":"3 Shapes","floor":36,"turns":3},{"damage":3,"enemies":"downfall:FleeingMerchant","floor":38,"turns":4},{"damage":0,"enemies":"3 Darklings","floor":39,"turns":5},{"damage":41,"enemies":"Reptomancer","floor":43,"turns":6},{"damage":0,"enemies":"4 Shapes","floor":45,"turns":4},{"damage":18,"enemies":"Transient","floor":46,"turns":5},{"damage":28,"enemies":"Mind Bloom Boss Battle","floor":48,"turns":5},{"damage":0,"enemies":"Writhing Mass","floor":49,"turns":4},{"damage":0,"enemies":"downfall:Ironclad","floor":50,"turns":9}],"seed_played":"7576723701285082087","potions_obtained":[{"floor":6.0,"key":"Swift Potion"},{"floor":9.0,"key":"BlessingOfTheForge"},{"floor":23.0,"key":"SpeedPotion"},{"floor":27.0,"key":"DuplicationPotion"},{"floor":28.0,"key":"CultistPotion"},{"floor":29,"key":"FairyPotion"},{"floor":33,"key":"hexamod:InfernoChargePotion"},{"floor":43,"key":"Block Potion"},{"floor":46,"key":"SkillPotion"},{"floor":49,"key":"Block Potion"}],"is_trial":false,"path_per_floor":["R","M","M","?","M","M","T","R","M","M","M","E","R","E","M","B",null,"R","M","$","?","M","M","T","?","?","$","?","M","E","M","M","B",null,"R","M","?","$","M","?","T","?","E","R","M","M","R","?","M","B",null],"character_chosen":"THE_SPIRIT","items_purchased":["Strawberry","hexamod:ThermalTransfer","hexamod:GhostShield+1","hexamod:GhostOfSpireFuture"],"campfire_rested":2,"item_purchase_floors":[20,20,38,38],"current_hp_per_floor":[63,63,63,63,62,62,62,62,59,57,51,40,65,72,72,22,69,69,64,78,78,43,24,24,24,24,29,29,101,87,87,76,66,92,102,102,102,99,99,99,99,99,58,58,58,40,73,45,45,45],"gold":287,"neow_bonus":"THREE_CARDS","is_daily":false,"chose_seed":false,"campfire_upgraded":4,"win_rate":0.0,"timestamp":1610131921,"path_taken":["R","M","M","?","M","M","T","R","M","?","M","E","R","E","M","BOSS","R","M","$","?","M","M","T","?","?","?","?","M","E","M","M","BOSS","R","M","?","$","M","?","T","?","E","R","M","M","R","?","M","BOSS"],"items_purchased_type":["Relic","Card","Card","Card"],"build_version":"2020-12-22","purchased_purges":0,"victory":true,"max_hp_per_floor":[70,70,70,70,70,70,70,70,70,70,70,84,84,84,84,84,84,84,84,91,91,91,91,91,91,91,91,91,101,101,101,101,101,101,111,111,111,111,111,111,111,111,111,111,111,111,111,111,111,111],"card_choices":[{"not_picked":["hexamod:Incineration","hexamod:RainOfEmbers"],"picked":"hexamod:GhostLash","floor":0.0},{"not_picked":["hexamod:InspiringFlames","hexamod:NightmareGuise","hexamod:RadiantFlame"],"picked":"SKIP","floor":2.0},{"not_picked":["hexamod:GhostOfSpirePast","hexamod:EmpoweredFlame"],"picked":"hexamod:GhostLash","floor":3.0},{"not_picked":["hexamod:SwordOfDarkness","hexamod:BurningTouch"],"picked":"hexamod:FastForward","floor":5.0},{"not_picked":["hexamod:SwordOfDarkness","hexamod:HeatShield","hexamod:SearingWound"],"picked":"SKIP","floor":6.0},{"not_picked":["hexamod:BurningTouch+1","hexamod:ThermalTransfer"],"picked":"hexamod:StepThrough","floor":9.0},{"not_picked":["hexamod:ShieldOfDarkness+1","hexamod:RainOfEmbers"],"picked":"hexamod:AdvancingGuard+1","floor":10.0},{"not_picked":["hexamod:HauntingEcho","hexamod:DynamicBlow"],"picked":"hexamod:EtherealExpedition+1","floor":11.0},{"not_picked":["hexamod:NightmareStrike","hexamod:NightmareGuise+1"],"picked":"hexamod:FirstSeal","floor":12.0},{"not_picked":["hexamod:Hexaguard+1","hexamod:SpectersWail"],"picked":"hexamod:CatchUp+1","floor":14.0},{"not_picked":["hexamod:WildfireWeapon","hexamod:ThermalTransfer"],"picked":"hexamod:GhostShield+1","floor":15.0},{"not_picked":["hexamod:CrushingStance","hexamod:EmpoweringStance"],"picked":"hexamod:FifthSeal","floor":16.0},{"not_picked":["hexamod:SecondSeal","hexamod:FourthSeal"],"picked":"hexamod:SixthSeal","floor":19.0},{"not_picked":["hexamod:AdvancingGuard+1","hexamod:BacktrackSmack","hexamod:GhostLash"],"picked":"SKIP","floor":19.0},{"not_picked":["hexamod:SecondSeal","hexamod:FirstSeal"],"picked":"hexamod:ThirdSeal","floor":20.0},{"not_picked":["hexamod:BacktrackSmack","hexamod:Again+1"],"picked":"hexamod:SpectersWail","floor":20.0},{"not_picked":["hexamod:BacktrackSmack","hexamod:HeatMetal"],"picked":"hexamod:StepThrough+1","floor":22.0},{"not_picked":["hexamod:NecessarySacrifice+1","hexamod:GhostOfSpirePresent"],"picked":"hexamod:RecurringNightmare+1","floor":22.0},{"not_picked":["hexamod:ThirdSeal","hexamod:SixthSeal"],"picked":"hexamod:SecondSeal","floor":22.0},{"not_picked":["hexamod:ThirdSeal","hexamod:SecondSeal"],"picked":"hexamod:FourthSeal","floor":23.0},{"not_picked":["hexamod:PhantomFireball","hexamod:ThermalTransfer"],"picked":"hexamod:InspiringFlames+1","floor":23.0},{"not_picked":["hexamod:RecurringNightmare+1","hexamod:HauntingEcho"],"picked":"hexamod:SpectersWail+1","floor":23.0},{"not_picked":["hexamod:AdvancingGuard+1","hexamod:HeatCrush"],"picked":"hexamod:FastForward+1","floor":27.0},{"not_picked":["hexamod:SecondSeal","hexamod:Firestarter","hexamod:RainOfEmbers"],"picked":"SKIP","floor":27.0},{"not_picked":["hexamod:GhostLash","hexamod:SwordOfDarkness"],"picked":"hexamod:GiftsFromTheDead","floor":29},{"not_picked":["hexamod:SecondSeal","hexamod:InspiringFlames+1"],"picked":"hexamod:GhostflameBarrier+1","floor":29},{"not_picked":["hexamod:ThermalTransfer","hexamod:SpectersWail"],"picked":"hexamod:DynamicBlow","floor":30},{"not_picked":["hexamod:HeatMetal","hexamod:ShieldOfDarkness+1"],"picked":"hexamod:GhostLash","floor":31},{"not_picked":["hexamod:RainOfEmbers","hexamod:NightmareStrike"],"picked":"hexamod:PowerFromBeyond+1","floor":32},{"not_picked":["hexamod:EmpoweringStance","hexamod:FifthSeal"],"picked":"hexamod:ParanormalForm","floor":33},{"not_picked":["hexamod:RainOfEmbers","hexamod:SwordOfDarkness"],"picked":"hexamod:GhostLash","floor":36},{"not_picked":["hexamod:SoulSteal+1","hexamod:AdvancingGuard+1"],"picked":"hexamod:ApocalypticArmor","floor":38},{"not_picked":["hexamod:SpectralSpark+1","hexamod:ShieldOfDarkness+1"],"picked":"hexamod:NightmareStrike","floor":39},{"not_picked":["expansioncontent:GuardianWhirl","expansioncontent:Flail"],"picked":"expansioncontent:CaCaw","floor":40},{"not_picked":["hexamod:RainOfEmbers","hexamod:HeatShield+1"],"picked":"hexamod:TimeOfNeed+1","floor":43},{"not_picked":["hexamod:GhostOfSpireFuture","hexamod:InspiringFlames+1"],"picked":"hexamod:GhostflameBarrier+1","floor":45},{"not_picked":["hexamod:AdvancingGuard+1","hexamod:ThermalTransfer"],"picked":"hexamod:HauntingEcho+1","floor":46},{"not_picked":["hexamod:NightmareGuise+1","hexamod:Firestarter"],"picked":"hexamod:ThermalTransfer+1","floor":48},{"not_picked":["hexamod:InspiringFlames+1","hexamod:SwordOfDarkness+1"],"picked":"hexamod:SoulSteal+1","floor":49}],"player_experience":478897,"relics_obtained":[{"floor":7.0,"key":"Toxic Egg 2"},{"floor":12.0,"key":"Mango"},{"floor":14.0,"key":"Juzu Bracelet"},{"floor":25.0,"key":"Bronze Scales"},{"floor":30,"key":"hexamod:MatchstickCase"},{"floor":43,"key":"MealTicket"},{"floor":48,"key":"Calipers"}],"event_choices":[{"damage_healed":0.0,"max_hp_gain":0.0,"max_hp_loss":0.0,"gold_gain":0.0,"event_name":"Back to Basics","player_choice":"Simplicity","floor":21.0,"gold_loss":0.0,"damage_taken":0.0,"cards_upgraded":["hexamod:Strike","hexamod:Strike","hexamod:Strike","hexamod:Defend","hexamod:Defend","hexamod:Defend","hexamod:Defend"]},{"damage_healed":0.0,"max_hp_gain":0.0,"max_hp_loss":0.0,"gold_gain":0.0,"event_name":"Wheel of Change","player_choice":"Relic","floor":25.0,"gold_loss":0.0,"damage_taken":0.0},{"cards_removed":["hexamod:Strike"],"damage_healed":0.0,"max_hp_gain":0.0,"max_hp_loss":0.0,"gold_gain":0.0,"event_name":"Purifier","player_choice":"Purged","floor":26.0,"gold_loss":0.0,"damage_taken":0.0},{"damage_healed":0,"gold_gain":0,"player_choice":"Ignored","damage_taken":0,"max_hp_gain":0,"max_hp_loss":0,"event_name":"Mysterious Sphere","floor":42,"gold_loss":0}],"is_beta":false,"boss_relics":[{"not_picked":["Calling Bell","Astrolabe"],"picked":"hexamod:IceCube"},{"not_picked":["Sozu","Snecko Eye"],"picked":"Cursed Key"}],"items_purged_floors":[],"is_endless":false,"potions_floor_spawned":[6,9,10,11,23,29,30,33,39,43,46,49],"ascension_level":13}}