{"host":"vjza61176pkzgzt7","time":1610071425,"event":{"mods":["BaseMod","Better Third Choice","Minty Spire (QoL Compilation)","StSLib","The Forsaken","The Senshi"],"gold_per_floor":[366,2,15,15,32,32,63,76,101,121,131,131,141,158,158,158,158],"floor_reached":16,"playtime":1762,"items_purged":[],"score":106,"play_id":"885a3994-819d-49d0-8f35-bfb1494e72d3","local_time":"20210107200345","is_ascension_mode":false,"campfire_choices":[{"data":"theSenshi:MoonPrismPowerMakeUp","floor":6,"key":"SMITH"},{"floor":15,"key":"REST"}],"circlet_count":0,"master_deck":["theSenshi:SailorKick","theSenshi:SailorKick","theSenshi:SailorKick","theSenshi:SailorKick","theSenshi:SailorBlock","theSenshi:SailorBlock","theSenshi:SailorBlock","theSenshi:SailorBlock","theSenshi:RoseThrow","theSenshi:MoonPrismPowerMakeUp+1","theSenshi:SailorMarsAssists","theSenshi:TallSilhouette","theSenshi:MoonHealingEscalation","theSenshi:MoonKick","theSenshi:SteeledNerves","theSenshi:MoonPrincessHalation","theSenshi:OdangoHead","theSenshi:LateForSchool","theSenshi:VenusGlamour","theSenshi:MoonPower"],"relics":["theSenshi:TransformationBroochRelic","theSenshi:ChokerRelic","theSenshi:CosmicHeartCompactRelic","Tiny Chest","Smiling Mask","Ancient Tea Set"],"acts_visited":["Exordium"],"potions_floor_usage":[7,14,16],"damage_taken":[{"damage":0,"enemies":"Cultist","floor":1,"turns":4},{"damage":0,"enemies":"Small Slimes","floor":3,"turns":4},{"damage":0,"enemies":"2 Louse","floor":5,"turns":4},{"damage":25,"enemies":"Lagavulin","floor":7,"turns":7},{"damage":0,"enemies":"Large Slime","floor":8,"turns":6},{"damage":16,"enemies":"Gremlin Gang","floor":10,"turns":5},{"damage":7,"enemies":"3 Louse","floor":11,"turns":4},{"damage":6,"enemies":"Blue Slaver","floor":13,"turns":4},{"damage":23,"enemies":"Exordium Thugs","floor":14,"turns":8},{"damage":48,"enemies":"Hexaghost","floor":16,"turns":14}],"seed_played":"2158033877701359723","potions_obtained":[{"floor":1,"key":"Strength Potion"},{"floor":3,"key":"SpeedPotion"},{"floor":11,"key":"Ancient Potion"},{"floor":13,"key":"SkillPotion"}],"is_trial":false,"path_per_floor":["M","$","M","?","M","R","E","M","T","M","M","?","M","M","R","B"],"character_chosen":"THE_SENSHI","items_purchased":["theSenshi:ChokerRelic","theSenshi:CosmicHeartCompactRelic","theSenshi:TallSilhouette"],"campfire_rested":1,"item_purchase_floors":[2,2,2],"current_hp_per_floor":[54,54,54,54,59,59,44,49,49,33,26,26,25,12,34,0,0],"gold":158,"neow_bonus":"TWO_FIFTY_GOLD","is_daily":false,"chose_seed":false,"campfire_upgraded":1,"win_rate":0.0,"timestamp":1610071425,"path_taken":["M","$","M","?","M","R","E","?","T","M","M","?","M","M","R","BOSS"],"items_purchased_type":["Relic","Relic","Card"],"build_version":"2020-12-22","purchased_purges":0,"victory":false,"max_hp_per_floor":[75,75,75,75,75,75,75,75,75,75,75,75,75,75,75,75,75],"card_choices":[{"not_picked":["theSenshi:MercurysCunning","theSenshi:SailorPlanetPower"],"picked":"theSenshi:SailorMarsAssists","floor":1},{"not_picked":["theSenshi:MoonlightKnight","theSenshi:SailorPlanetAttack"],"picked":"theSenshi:MoonHealingEscalation","floor":3},{"not_picked":["theSenshi:LateForSchool","theSenshi:LunasBite"],"picked":"theSenshi:MoonKick","floor":5},{"not_picked":["theSenshi:InTheNickOfTime","theSenshi:SailorMarsAssists"],"picked":"theSenshi:SteeledNerves","floor":7},{"not_picked":["theSenshi:SaturnsMystery","theSenshi:Sidestep"],"picked":"theSenshi:MoonPrincessHalation","floor":8},{"not_picked":["theSenshi:CrisisMakeUp","theSenshi:EncouragingSpeech"],"picked":"theSenshi:OdangoHead","floor":10},{"not_picked":["theSenshi:MoonKick","theSenshi:SailorPlanetPower"],"picked":"theSenshi:LateForSchool","floor":11},{"not_picked":["theSenshi:MoonCrystalPowerMakeUp","theSenshi:MoonlightKnight"],"picked":"theSenshi:VenusGlamour","floor":13},{"not_picked":["theSenshi:SailorMercuryAssists","theSenshi:MoonTiaraMagic"],"picked":"theSenshi:MoonPower","floor":14}],"player_experience":179373,"relics_obtained":[{"floor":7,"key":"Smiling Mask"},{"floor":9,"key":"Ancient Tea Set"}],"event_choices":[{"damage_healed":0,"gold_gain":0,"player_choice":"Gave Potion","damage_taken":0,"relics_obtained":["Tiny Chest"],"max_hp_gain":0,"max_hp_loss":0,"event_name":"WeMeetAgain","floor":4,"gold_loss":0},{"damage_healed":0,"gold_gain":0,"player_choice":"Searched \u00270\u0027 times","damage_taken":0,"max_hp_gain":0,"max_hp_loss":0,"event_name":"Dead Adventurer","floor":12,"gold_loss":0}],"is_beta":false,"boss_relics":[],"items_purged_floors":[],"is_endless":false,"potions_floor_spawned":[1,3,11,13],"killed_by":"Hexaghost","ascension_level":0}}