{"host":"dth8fvkfiulu86fi","time":1610106375,"event":{"mods":["2.2 Compatiblity","AchievementEnabler","BaseMod","Better Third Choice","Colored Map","Colored Powertips","Minty Spire (QoL Compilation)","Rare Cards Sparkle","StSLib","SuperFastMode","Synergy Search"],"gold_per_floor":[144,189,234,88,263,263,308,353,378,537,582,582,672,717,717,1017,1017,1062,1116,1170,1120,1174,1264,1264,1318,1343,1343,1397,1451,339,648,648,957,1116,1170,1224,937,937,991,991,1081,1081,1081,1153,1216,1216,1270,1270,1270],"floor_reached":48,"playtime":1595,"items_purged":[],"score":665,"play_id":"e3e9201c-da83-4777-877d-d5afabd56ebb","local_time":"20210108124615","daily_mods":["Draft","Uncertain Future","Midas"],"is_ascension_mode":false,"campfire_choices":[{"floor":12.0,"key":"REST"},{"floor":15.0,"key":"REST"},{"floor":24.0,"key":"REST"},{"floor":27.0,"key":"REST"},{"floor":32.0,"key":"REST"},{"floor":40,"key":"REST"},{"floor":46,"key":"REST"}],"circlet_count":0,"master_deck":["Intimidate+1","Anger+1","Wild Strike+1","Anger+1","Flame Barrier+1","Flex+1","Cleave+1","Battle Trance+1","Sword Boomerang+1","Wild Strike+1","Flex+1","Shrug It Off+1","Seeing Red+1","Cleave+1","Flex+1","Perfected Strike+1","Flex+1","Flame Barrier+1","Flex+1","Dramatic Entrance+1","Pommel Strike+1","Battle Trance+1","Power Through+1","Perfected Strike+1","Immolate+1","CurseOfTheBell","Twin Strike+1","Shrug It Off+1","Twin Strike+1","Flex+1","Pommel Strike+1","Perfected Strike+1","Flex+1","Panache+1","Heavy Blade+1","Immolate+1","Flex+1","Immolate+1","Perfected Strike+1","Heavy Blade+1","Demon Form+1","Panacea+1","Ghostly Armor+1","Flame Barrier","Parasite","Heavy Blade+1","Power Through","Perfected Strike+1","Shrug It Off","Anger+1"],"relics":["Burning Blood","Boot","Meat on the Bone","Gremlin Horn","Calling Bell","CeramicFish","Molten Egg 2","Torii","White Beast Statue","Bag of Preparation","Vajra","DollysMirror","Prayer Wheel","StoneCalendar","Self Forming Clay","Tiny House","Regal Pillow","Mark of the Bloom","Turnip","Blue Candle"],"acts_visited":["Exordium","TheCity","TheBeyond"],"potions_floor_usage":[41,42,44,48,48],"damage_taken":[{"damage":0.0,"enemies":"2 Louse","floor":1.0,"turns":1.0},{"damage":5.0,"enemies":"Small Slimes","floor":2.0,"turns":2.0},{"damage":7.0,"enemies":"Jaw Worm","floor":3.0,"turns":3.0},{"damage":0.0,"enemies":"Gremlin Gang","floor":7.0,"turns":2.0},{"damage":0.0,"enemies":"2 Fungi Beasts","floor":8.0,"turns":2.0},{"damage":31.0,"enemies":"Lagavulin Event","floor":10.0,"turns":4.0},{"damage":0.0,"enemies":"3 Louse","floor":11.0,"turns":2.0},{"damage":8.0,"enemies":"Gremlin Nob","floor":13.0,"turns":3.0},{"damage":12.0,"enemies":"Blue Slaver","floor":14.0,"turns":2.0},{"damage":31.0,"enemies":"Hexaghost","floor":16.0,"turns":7.0},{"damage":1.0,"enemies":"Chosen","floor":18.0,"turns":4.0},{"damage":13.0,"enemies":"Shell Parasite","floor":19.0,"turns":4.0},{"damage":1.0,"enemies":"Sentry and Sphere","floor":20.0,"turns":3.0},{"damage":45.0,"enemies":"Shelled Parasite and Fungi","floor":22.0,"turns":5.0},{"damage":31.0,"enemies":"Book of Stabbing","floor":23.0,"turns":5.0},{"damage":0.0,"enemies":"Centurion and Healer","floor":25.0,"turns":3.0},{"damage":12.0,"enemies":"Snecko","floor":28.0,"turns":4.0},{"damage":21.0,"enemies":"Snake Plant","floor":29.0,"turns":3.0},{"damage":0.0,"enemies":"Colosseum Slavers","floor":31.0,"turns":1.0},{"damage":16.0,"enemies":"Colosseum Nobs","floor":31.0,"turns":3.0},{"damage":78.0,"enemies":"Collector","floor":33.0,"turns":7.0},{"damage":0.0,"enemies":"3 Darklings","floor":35.0,"turns":1.0},{"damage":9.0,"enemies":"3 Shapes","floor":36.0,"turns":1.0},{"damage":1,"enemies":"Transient","floor":39,"turns":5},{"damage":55,"enemies":"Giant Head","floor":41,"turns":7},{"damage":13,"enemies":"Writhing Mass","floor":44,"turns":3},{"damage":8,"enemies":"4 Shapes","floor":45,"turns":1},{"damage":0,"enemies":"Jaw Worm Horde","floor":47,"turns":1},{"damage":10,"enemies":"Maw","floor":48,"turns":5}],"seed_played":"-6062085814737979882","potions_obtained":[{"floor":1.0,"key":"Weak Potion"},{"floor":8.0,"key":"GamblersBrew"},{"floor":10.0,"key":"SteroidPotion"},{"floor":13.0,"key":"ColorlessPotion"},{"floor":16.0,"key":"AttackPotion"},{"floor":18.0,"key":"SneckoOil"},{"floor":22.0,"key":"SmokeBomb"},{"floor":25.0,"key":"DistilledChaos"},{"floor":28.0,"key":"DuplicationPotion"},{"floor":29.0,"key":"DuplicationPotion"},{"floor":33.0,"key":"DistilledChaos"},{"floor":34.0,"key":"EssenceOfSteel"},{"floor":36.0,"key":"EssenceOfSteel"},{"floor":41,"key":"Block Potion"},{"floor":42,"key":"Fruit Juice"},{"floor":42,"key":"PowerPotion"},{"floor":44,"key":"BlessingOfTheForge"}],"is_trial":false,"path_per_floor":["M","M","M","$","?","?","M","M","T","?","M","R","E","M","R","B",null,"M","M","M","?","M","E","R","M","T","R","M","M","$","?","R","B",null,"M","M","$","?","M","R","E","?","T","M","M","R","M","M"],"character_chosen":"IRONCLAD","items_purchased":["Flex","Dramatic Entrance","Vajra","DollysMirror","Panache","Fruit Juice","Heavy Blade+1","Immolate+1","Regen Potion","Prayer Wheel","Panacea","Regal Pillow","Ghostly Armor"],"campfire_rested":7,"item_purchase_floors":[4,4,30,30,30,30,30,30,30,30,37,37,37],"current_hp_per_floor":[80,80,79,79,79,79,80,80,80,55,61,80,78,72,80,55,80,80,73,78,78,51,38,62,68,68,80,74,59,64,60,85,39,90,90,87,87,87,86,86,31,31,31,18,10,10,10,0,0],"gold":1270,"neow_bonus":"","is_daily":true,"chose_seed":false,"campfire_upgraded":0,"win_rate":0.0,"timestamp":1610106375,"path_taken":["M","M","M","$","?","?","M","M","T","?","M","R","E","M","R","BOSS","M","M","M","?","M","E","R","M","T","R","?","M","$","?","R","BOSS","M","M","$","?","M","R","E","?","T","M","M","R","?","M"],"items_purchased_type":["Card","Card","Relic","Relic","Card","Potion","Card","Card","Potion","Relic","Card","Relic","Card"],"build_version":"2020-12-22","purchased_purges":0,"victory":false,"max_hp_per_floor":[80,80,80,80,80,80,80,80,80,80,80,80,80,80,80,80,80,80,80,80,80,80,80,80,80,80,80,80,80,85,85,85,85,90,90,90,90,90,90,90,90,95,95,95,95,95,95,95,95],"card_choices":[{"not_picked":["Iron Wave","Metallicize"],"picked":"Intimidate","floor":0.0},{"not_picked":["Rampage","Sword Boomerang"],"picked":"Anger","floor":0.0},{"not_picked":["Havoc","Clothesline"],"picked":"Wild Strike","floor":0.0},{"not_picked":["Twin Strike","Clash"],"picked":"Anger","floor":0.0},{"not_picked":["Pommel Strike","Warcry"],"picked":"Flame Barrier","floor":0.0},{"not_picked":["Warcry","Disarm"],"picked":"Flex","floor":0.0},{"not_picked":["Fire Breathing","Armaments"],"picked":"Cleave","floor":0.0},{"not_picked":["Cleave","Rupture"],"picked":"Battle Trance","floor":0.0},{"not_picked":["Sever Soul","Dual Wield"],"picked":"Sword Boomerang","floor":0.0},{"not_picked":["Whirlwind","Combust"],"picked":"Wild Strike","floor":0.0},{"not_picked":["Metallicize","Reckless Charge"],"picked":"Flex","floor":0.0},{"not_picked":["Entrench","Battle Trance"],"picked":"Shrug It Off","floor":0.0},{"not_picked":["True Grit","Reckless Charge"],"picked":"Seeing Red","floor":0.0},{"not_picked":["Clash","Warcry"],"picked":"Cleave","floor":0.0},{"not_picked":["Thunderclap","Disarm"],"picked":"Flex","floor":0.0},{"not_picked":["Armaments","True Grit"],"picked":"Perfected Strike","floor":1.0},{"not_picked":["Hemokinesis","Ghostly Armor"],"picked":"Flex","floor":2.0},{"not_picked":["Clothesline","Rupture"],"picked":"Flame Barrier","floor":3.0},{"not_picked":["Wild Strike","Burning Pact"],"picked":"Pommel Strike","floor":7.0},{"not_picked":["Cleave","Bloodletting"],"picked":"Battle Trance","floor":8.0},{"not_picked":["Corruption","Pommel Strike"],"picked":"Power Through","floor":10.0},{"not_picked":["Fire Breathing","Intimidate"],"picked":"Perfected Strike","floor":11.0},{"not_picked":["Infernal Blade","Metallicize","Rage"],"picked":"SKIP","floor":13.0},{"not_picked":["Clothesline","Metallicize","Combust"],"picked":"SKIP","floor":14.0},{"not_picked":["Fiend Fire","Corruption"],"picked":"Immolate","floor":16.0},{"not_picked":["Inflame+1","Thunderclap+1","Warcry"],"picked":"SKIP","floor":18.0},{"not_picked":["Armaments","Clothesline+1"],"picked":"Twin Strike+1","floor":19.0},{"not_picked":["Ghostly Armor","Rampage+1"],"picked":"Shrug It Off","floor":20.0},{"not_picked":["Dual Wield","Body Slam+1"],"picked":"Twin Strike+1","floor":22.0},{"not_picked":["Evolve","Entrench+1","Brutality"],"picked":"SKIP","floor":23.0},{"not_picked":["Carnage+1","Twin Strike+1"],"picked":"Flex","floor":25.0},{"not_picked":["Iron Wave+1","Warcry+1"],"picked":"Pommel Strike+1","floor":28.0},{"not_picked":["Iron Wave+1","Warcry"],"picked":"Perfected Strike+1","floor":29.0},{"not_picked":["Iron Wave+1","Wild Strike+1"],"picked":"Flex","floor":31.0},{"not_picked":["Reaper+1","Impervious"],"picked":"Immolate+1","floor":33.0},{"not_picked":["Fire Breathing","Feel No Pain+1"],"picked":"Perfected Strike+1","floor":34.0},{"not_picked":["Sword Boomerang+1","Intimidate"],"picked":"Heavy Blade+1","floor":35.0},{"not_picked":["Sword Boomerang+1","Armaments","Body Slam+1"],"picked":"SKIP","floor":35.0},{"not_picked":["Entrench+1","Shockwave+1"],"picked":"Demon Form","floor":36.0},{"not_picked":["Rupture","Carnage+1","Iron Wave+1"],"picked":"SKIP","floor":36.0},{"not_picked":["Sword Boomerang+1","Uppercut+1"],"picked":"Flame Barrier","floor":39},{"not_picked":["Sword Boomerang+1","Dual Wield+1","Cleave+1"],"picked":"SKIP","floor":39},{"not_picked":["True Grit","Blood for Blood+1","Headbutt+1"],"picked":"SKIP","floor":41},{"not_picked":["Pummel+1","Iron Wave+1"],"picked":"Heavy Blade+1","floor":44},{"not_picked":["Sentinel+1","Bludgeon+1"],"picked":"Power Through","floor":44},{"not_picked":["Wild Strike+1","Headbutt+1"],"picked":"Perfected Strike+1","floor":45},{"not_picked":["Armaments","Battle Trance"],"picked":"Shrug It Off","floor":45},{"not_picked":["Rupture","Sword Boomerang+1"],"picked":"Anger+1","floor":47},{"not_picked":["Hemokinesis+1","Headbutt+1","Thunderclap+1"],"picked":"SKIP","floor":47}],"player_experience":1132842,"relics_obtained":[{"floor":9.0,"key":"Boot"},{"floor":13.0,"key":"Gremlin Horn"},{"floor":17.0,"key":"CeramicFish"},{"floor":17.0,"key":"Molten Egg 2"},{"floor":17.0,"key":"Torii"},{"floor":23.0,"key":"White Beast Statue"},{"floor":26.0,"key":"Bag of Preparation"},{"floor":31.0,"key":"StoneCalendar"},{"floor":31.0,"key":"Self Forming Clay"},{"floor":41,"key":"Turnip"},{"floor":43,"key":"Blue Candle"}],"event_choices":[{"damage_healed":0.0,"max_hp_gain":0.0,"max_hp_loss":0.0,"gold_gain":175.0,"event_name":"betterThird:BetterSerpent","player_choice":"AGREE","floor":5.0,"gold_loss":0.0,"damage_taken":88.0},{"cards_removed":["Doubt"],"damage_healed":0.0,"max_hp_gain":0.0,"max_hp_loss":0.0,"gold_gain":0.0,"event_name":"Living Wall","player_choice":"Forget","floor":6.0,"gold_loss":0.0,"damage_taken":0.0},{"damage_healed":0.0,"max_hp_gain":0.0,"max_hp_loss":0.0,"gold_gain":0.0,"event_name":"Dead Adventurer","player_choice":"Searched \u00272\u0027 times","floor":10.0,"gold_loss":0.0,"damage_taken":0.0,"relics_obtained":["Meat on the Bone"]},{"damage_healed":0.0,"max_hp_gain":0.0,"max_hp_loss":0.0,"gold_gain":0.0,"event_name":"The Joust","player_choice":"Bet on Murderer","floor":21.0,"gold_loss":50.0,"damage_taken":0.0},{"damage_healed":0.0,"max_hp_gain":0.0,"max_hp_loss":0.0,"gold_gain":0.0,"event_name":"Colosseum","player_choice":"Fight","floor":31.0,"gold_loss":0.0,"damage_taken":0.0},{"damage_healed":0.0,"max_hp_gain":0.0,"max_hp_loss":0.0,"gold_gain":0.0,"event_name":"Colosseum","player_choice":"Fought Nobs","floor":31.0,"gold_loss":0.0,"damage_taken":0.0},{"damage_healed":0.0,"max_hp_gain":0.0,"max_hp_loss":0.0,"gold_gain":0.0,"event_name":"MindBloom","player_choice":"Upgrade","floor":38.0,"gold_loss":0.0,"damage_taken":0.0,"cards_upgraded":["Intimidate","Anger","Wild Strike","Anger","Flame Barrier","Flex","Cleave","Battle Trance","Sword Boomerang","Wild Strike","Flex","Shrug It Off","Seeing Red","Flex","Perfected Strike","Flex","Flame Barrier","Flex","Dramatic Entrance","Pommel Strike","Battle Trance","Power Through","Perfected Strike","Immolate","Shrug It Off","Flex","Flex","Panache","Flex","Demon Form","Panacea","Ghostly Armor"],"relics_obtained":["Mark of the Bloom"]},{"damage_healed":0,"gold_gain":0,"player_choice":"Got Potions","damage_taken":0,"max_hp_gain":0,"max_hp_loss":0,"event_name":"Lab","floor":42,"gold_loss":0}],"is_beta":false,"boss_relics":[{"not_picked":["Runic Cube","Runic Pyramid"],"picked":"Calling Bell"},{"not_picked":["Sozu","Philosopher\u0027s Stone"],"picked":"Tiny House"}],"items_purged_floors":[],"is_endless":false,"potions_floor_spawned":[1,8,10,13,16,18,22,25,28,29,31,31,33,35,36,39,41,44,45,47],"killed_by":"Maw","ascension_level":0}}