{"host":"j3h0p3l2xgzxhnx7","time":1610090028,"event":{"mods":["BaseMod","Luminous","Marisa????????","Minty Spire (QoL Compilation)","Remilia??????","StSLib","The Bug Knight","The Cursed","The Servant 0.9.4"],"gold_per_floor":[13,13,31,55,79,79,112,137,190,190,190,218,261,277,277,408,408,433,453,453,76,92,92,132,132,132,132,175,189,189,207,207,333,333,354,354,354],"floor_reached":36,"playtime":2113,"items_purged":["Envy_TH"],"score":677,"play_id":"0943944f-e55c-47a5-add4-40a3aad19198","local_time":"20210108151348","is_ascension_mode":true,"campfire_choices":[{"data":"Moondial","floor":6,"key":"SMITH"},{"data":"InstantArmor","floor":10,"key":"SMITH"},{"data":"DoubleEdge","floor":15,"key":"SMITH"},{"data":"FloweringNight","floor":23,"key":"SMITH"},{"data":"SilverBlades","floor":25,"key":"SMITH"},{"data":"ForgedInTime","floor":30,"key":"SMITH"},{"data":"Starlight","floor":32,"key":"SMITH"}],"circlet_count":0,"master_deck":["Strike_S","Strike_S","Defend_S+1","Defend_S","Defend_S","Defend_S","KidneyShot","Exchange","Moondial+1","Injury","Luminosity","Misdirection","BottledTime+1","InstantArmor+1","Starlight+1","Defy","DoubleEdge+1","Rewind","FloweringNight+1","FastForward","RealityMarble","SurpressingFire+1","SilverBlades+1","Parasite","ForgedInTime+1","Spin","Luminosity","Sunlight","CurseOfTheBell","DancingSilver+1"],"relics":["Uniform","Golden Idol","Lantern","Bag of Preparation","Odd Mushroom","HollowMod:StagPassRelic","Cursed Key","Pen Nib","Orichalcum","MealTicket","Vajra","PureWater","PreservedInsect","Calling Bell","Anchor","KneeBrace","StoneCalendar"],"acts_visited":["Exordium","TheCity","TheBeyond"],"potions_floor_usage":[16,35,36,36,36,36,36,36],"damage_taken":[{"damage":4,"enemies":"Jaw Worm","floor":1,"turns":6},{"damage":0,"enemies":"Small Slimes","floor":3,"turns":3},{"damage":0,"enemies":"2 Louse","floor":4,"turns":2},{"damage":0,"enemies":"Blue Slaver","floor":5,"turns":5},{"damage":5,"enemies":"3 Sentries","floor":7,"turns":9},{"damage":0,"enemies":"2 Fungi Beasts","floor":8,"turns":3},{"damage":0,"enemies":"The Mushroom Lair","floor":12,"turns":2},{"damage":1,"enemies":"Lagavulin","floor":13,"turns":5},{"damage":0,"enemies":"3 Louse","floor":14,"turns":3},{"damage":0,"enemies":"The Guardian","floor":16,"turns":9},{"damage":0,"enemies":"Shell Parasite","floor":18,"turns":3},{"damage":4,"enemies":"2 Thieves","floor":19,"turns":4},{"damage":0,"enemies":"Cultist and Chosen","floor":22,"turns":5},{"damage":0,"enemies":"Book of Stabbing","floor":24,"turns":4},{"damage":0,"enemies":"HollowMod:Nosk","floor":28,"turns":5},{"damage":1,"enemies":"Chosen and Byrds","floor":29,"turns":6},{"damage":0,"enemies":"3 Cultists","floor":31,"turns":3},{"damage":0,"enemies":"Champ","floor":33,"turns":7},{"damage":19,"enemies":"3 Shapes","floor":35,"turns":5},{"damage":64,"enemies":"Orin","floor":36,"turns":7}],"seed_played":"284041483107723598","potions_obtained":[{"floor":1,"key":"GamblersBrew"},{"floor":5,"key":"Weak Potion"},{"floor":12,"key":"Fire Potion"},{"floor":13,"key":"PowerPotion"},{"floor":14,"key":"EntropicBrew"},{"floor":16,"key":"Regen Potion"},{"floor":22,"key":"AttackPotion"},{"floor":35,"key":"Swift Potion"}],"is_trial":false,"path_per_floor":["M","?","M","M","M","R","E","M","T","R","?","?","E","M","R","B",null,"M","M","?","$","M","R","E","R","T","?","E","M","R","M","R","B",null,"M","?"],"character_chosen":"THE_SERVANT","items_purchased":["Pen Nib","Orichalcum"],"campfire_rested":0,"item_purchase_floors":[21,21],"current_hp_per_floor":[73,73,73,73,73,73,68,68,68,68,53,53,52,52,52,52,77,77,73,73,73,73,73,73,73,73,73,73,72,72,72,72,72,77,58,0,0],"gold":354,"neow_bonus":"TWENTY_PERCENT_HP_BONUS","is_daily":false,"chose_seed":false,"campfire_upgraded":7,"win_rate":0.0,"timestamp":1610090028,"path_taken":["M","?","M","M","M","R","E","M","T","R","?","?","E","M","R","BOSS","M","M","?","$","M","R","E","R","T","?","E","M","R","M","R","BOSS","M","?"],"items_purchased_type":["Relic","Relic"],"build_version":"2020-12-22","purchased_purges":1,"victory":false,"max_hp_per_floor":[77,77,77,77,77,77,77,77,77,77,77,77,77,77,77,77,77,77,77,77,77,77,77,77,77,77,77,77,77,77,77,77,77,77,77,77,77],"card_choices":[{"not_picked":["Unruled","Advance"],"picked":"Moondial","floor":1},{"not_picked":["Rearm","Alleviate"],"picked":"Luminosity","floor":3},{"not_picked":["TimeWarp","Replace"],"picked":"Misdirection","floor":4},{"not_picked":["Moondial","Alleviate"],"picked":"BottledTime","floor":5},{"not_picked":["MurderousAura","Revamp"],"picked":"InstantArmor","floor":7},{"not_picked":["DoubleEdge","Orbit"],"picked":"Starlight","floor":8},{"not_picked":["Potential","Orbit"],"picked":"Defy","floor":12},{"not_picked":["Moonlight","Hightail"],"picked":"DoubleEdge","floor":13},{"not_picked":["BottledTime","TimeWarp"],"picked":"Rewind","floor":14},{"not_picked":["LightFlow","SoulSculpture"],"picked":"FloweringNight","floor":16},{"not_picked":["Starlight","ShatteredReality"],"picked":"FastForward","floor":18},{"not_picked":["MurderousAura","Alleviate"],"picked":"RealityMarble","floor":19},{"not_picked":["ShatteredReality","Read"],"picked":"SurpressingFire+1","floor":22},{"not_picked":["FastForward","Replace+1"],"picked":"SilverBlades","floor":24},{"not_picked":["Alleviate","Manipulate"],"picked":"ForgedInTime","floor":28},{"not_picked":["Shuttle","Alleviate"],"picked":"Spin","floor":29},{"not_picked":["ShatteredReality","Foresight"],"picked":"Luminosity","floor":31},{"not_picked":["FloweringNight","Solidify"],"picked":"Sunlight","floor":33},{"not_picked":["DoubleEdge+1","Advance+1"],"picked":"DancingSilver+1","floor":35}],"player_experience":100559,"relics_obtained":[{"floor":7,"key":"Lantern"},{"floor":9,"key":"Bag of Preparation"},{"floor":12,"key":"Odd Mushroom"},{"floor":13,"key":"HollowMod:StagPassRelic"},{"floor":24,"key":"MealTicket"},{"floor":26,"key":"Vajra"},{"floor":28,"key":"PreservedInsect"},{"floor":34,"key":"Anchor"},{"floor":34,"key":"KneeBrace"},{"floor":34,"key":"StoneCalendar"}],"event_choices":[{"damage_healed":0,"gold_gain":0,"player_choice":"Take Wound","damage_taken":0,"relics_obtained":["Golden Idol"],"max_hp_gain":0,"max_hp_loss":0,"event_name":"Golden Idol","floor":2,"gold_loss":0,"cards_obtained":["Injury"]},{"damage_healed":0,"gold_gain":0,"player_choice":"Entered Light","damage_taken":15,"max_hp_gain":0,"max_hp_loss":0,"event_name":"Shining Light","floor":11,"gold_loss":0,"cards_upgraded":["BottledTime","Defend_S"]},{"damage_healed":0,"gold_gain":0,"player_choice":"Fought Mushrooms","damage_taken":0,"max_hp_gain":0,"max_hp_loss":0,"event_name":"Mushrooms","floor":12,"gold_loss":0},{"damage_healed":0,"gold_gain":0,"player_choice":"Fight","damage_taken":0,"max_hp_gain":0,"max_hp_loss":0,"event_name":"OrinTheCat","floor":36,"gold_loss":0}],"is_beta":false,"boss_relics":[{"not_picked":["StoneMask","Snecko Eye"],"picked":"Cursed Key"},{"not_picked":["Sozu","Velvet Choker"],"picked":"Calling Bell"}],"items_purged_floors":[21],"is_endless":false,"potions_floor_spawned":[1,5,12,13,14,16,18,22,24,35],"killed_by":"Orin","ascension_level":4}}