{"host":"7sni158j623xchr2","time":1610083045,"event":{"mods":["BaseMod","Colored Map","Highlight Path","Minty Spire (QoL Compilation)","Permanent Neow","Potion Indicator Mod","Rare Cards Sparkle","Relic Sorter","Relic Stats","StSLib","everything is the same but u backflip on backflip"],"gold_per_floor":[119,119,130,150,150,150,150],"floor_reached":6,"playtime":177,"items_purged":[],"score":72,"play_id":"e9085e42-3515-4235-8635-0c7946f63754","local_time":"20210107231725","is_ascension_mode":true,"campfire_choices":[],"circlet_count":0,"master_deck":["AscendersBane","Strike_G","Strike_G","Strike_G","Strike_G","Strike_G","Defend_G","Defend_G","Defend_G","Defend_G","Survivor","Neutralize","Flying Knee","Terror","Riddle With Holes"],"relics":["Ring of the Snake","Tough Bandages"],"acts_visited":["Exordium"],"potions_floor_usage":[],"damage_taken":[{"damage":0,"enemies":"2 Louse","floor":1,"turns":3},{"damage":3,"enemies":"Cultist","floor":3,"turns":4},{"damage":5,"enemies":"Small Slimes","floor":4,"turns":4},{"damage":45,"enemies":"3 Sentries","floor":6,"turns":7}],"seed_played":"-5253368264299249862","potions_obtained":[{"floor":1,"key":"Weak Potion"}],"is_trial":false,"path_per_floor":["M","?","M","M","T","E"],"character_chosen":"THE_SILENT","items_purchased":[],"campfire_rested":0,"item_purchase_floors":[],"current_hp_per_floor":[44,44,41,36,36,0,0],"gold":150,"neow_bonus":"ONE_RARE_RELIC","is_daily":false,"chose_seed":false,"campfire_upgraded":0,"win_rate":0.0,"timestamp":1610083045,"path_taken":["M","?","M","?","?","E"],"items_purchased_type":[],"build_version":"2020-12-22","purchased_purges":0,"victory":false,"max_hp_per_floor":[66,66,66,66,66,66,66],"relic_stats":{"Tough Bandages":[12],"counters":[4,18],"obtain_stats":[{"Tough Bandages":0,"Ring of the Snake":0},{"Tough Bandages":0,"Ring of the Snake":0},{"Tough Bandages":0,"Ring of the Snake":0}],"Ring of the Snake":[8]},"card_choices":[{"not_picked":["Calculated Gamble","Deflect"],"picked":"Flying Knee","floor":1},{"not_picked":["Choke","Dodge and Roll"],"picked":"Terror","floor":3},{"not_picked":["Cloak And Dagger","Leg Sweep"],"picked":"Riddle With Holes","floor":4}],"player_experience":1606650,"relics_obtained":[],"event_choices":[{"cards_removed":["Defend_G"],"damage_healed":0,"gold_gain":0,"player_choice":"Offered Basic","damage_taken":0,"max_hp_gain":0,"max_hp_loss":0,"event_name":"Bonfire Elementals","floor":2,"gold_loss":0}],"is_beta":false,"boss_relics":[],"items_purged_floors":[],"is_endless":false,"potions_floor_spawned":[1],"killed_by":"3 Sentries","ascension_level":20}}