{"host":"e4jlzdgap3yn3qj8","time":1610136285,"event":{"mods":["AchievementEnabler","BaseMod","Bestiary","Block Reminder","Colored Powertips","Curses Come First","Downfall","Highlight Path","Minty Spire (QoL Compilation)","Quick Restart","Random Character Button","Rare Cards Sparkle","StSLib"],"gold_per_floor":[99,113,124,141,141,154,154,49,49,66,86,100,50,35,48,152,152,27,37,49,69,69,19,69,269,269,296,311,330,205,222,240,341,341,291,305,139,154,171,187,187,187,187,187],"floor_reached":42,"playtime":3321,"items_purged":[],"score":443,"play_id":"0f53d07f-ef43-412d-b5a1-3af0a161bc29","local_time":"20210108150445","is_ascension_mode":false,"campfire_choices":[{"floor":1,"key":"RECALL"},{"floor":13,"key":"REST"},{"data":"Dramatic Entrance","floor":18,"key":"SMITH"},{"floor":23,"key":"REST"},{"floor":30,"key":"REST"},{"data":"Slimebound:AcidTongue","floor":35,"key":"SMITH"}],"circlet_count":0,"master_deck":["Slimebound:Strike_Slimebound","Slimebound:Strike_Slimebound","Slimebound:Strike_Slimebound","Slimebound:Tackle","Slimebound:Defend_Slimebound","Slimebound:Defend_Slimebound","Slimebound:Defend_Slimebound","Slimebound:Defend_Slimebound","Slimebound:Split+1","Slimebound:CorrosiveSpit","Slimebound:SamplingLick","Slimebound:LeechingTouch","Slimebound:LivingWall","Slimebound:GrowthPunch","Slimebound:CheckThePlaybook","Dramatic Entrance+1","Slimebound:FirmFortitude","Slimebound:GoopSpray","Slimebound:FinishingTackle","Slimebound:FormOfPuddle","Slimebound:Schlurp","Slimebound:LeechLife","Slimebound:SplitBruiser","Slimebound:RollThrough","Slimebound:Chomp","hexamod:Haunted","Slimebound:ViciousTackle+1","Slimebound:SlimeSpikes","Slimebound:SplitMire","Slimebound:AcidTongue+1","Slimebound:SpikyOuterGoop","Slimebound:OozeBath","Slimebound:DivideAndConquer+1","expansioncontent:SuperHexaguard","Slimebound:Nibble","Slimebound:LeadByExample+1"],"relics":["Slimebound:AbsorbEndCombat","HornCleat","Slimebound:GreedOozeRelic","Slimebound:TarBlob","downfall:HeartBlessingBlue","PreservedInsect","Bag of Preparation","downfall:HeartBlessingRed","Busted Crown","Letter Opener"],"acts_visited":["Exordium","TheCity","TheBeyond"],"potions_floor_usage":[20,27,29,33,42],"damage_taken":[{"damage":10,"enemies":"Cultist","floor":2,"turns":4},{"damage":11,"enemies":"2 Louse","floor":3,"turns":2},{"damage":12,"enemies":"Jaw Worm","floor":4,"turns":4},{"damage":10,"enemies":"Blue Slaver","floor":6,"turns":4},{"damage":11,"enemies":"downfall:FleeingMerchant","floor":8,"turns":4},{"damage":1,"enemies":"Lots of Slimes","floor":10,"turns":3},{"damage":17,"enemies":"Blue Slaver","floor":11,"turns":1},{"damage":15,"enemies":"2 Fungi Beasts","floor":12,"turns":2},{"damage":4,"enemies":"downfall:FleeingMerchant","floor":14,"turns":4},{"damage":8,"enemies":"Red Slaver","floor":15,"turns":3},{"damage":41,"enemies":"downfall:Watcher","floor":16,"turns":12},{"damage":44,"enemies":"Chosen","floor":19,"turns":5},{"damage":44,"enemies":"Centurion and Healer","floor":20,"turns":6},{"damage":30,"enemies":"Snake Plant","floor":21,"turns":4},{"damage":32,"enemies":"Book of Stabbing","floor":27,"turns":5},{"damage":27,"enemies":"Chosen and Byrds","floor":28,"turns":4},{"damage":12,"enemies":"Centurion and Healer","floor":29,"turns":5},{"damage":29,"enemies":"Sentry and Sphere","floor":31,"turns":4},{"damage":19,"enemies":"Snake Plant","floor":32,"turns":3},{"damage":49,"enemies":"downfall:Defect","floor":33,"turns":7},{"damage":57,"enemies":"3 Darklings","floor":36,"turns":5},{"damage":21,"enemies":"downfall:FleeingMerchant","floor":37,"turns":4},{"damage":6,"enemies":"Orb Walker","floor":38,"turns":3},{"damage":17,"enemies":"4 Shapes","floor":39,"turns":3},{"damage":11,"enemies":"Spire Growth","floor":40,"turns":3},{"damage":27,"enemies":"Jaw Worm Horde","floor":42,"turns":3}],"seed_played":"-6673724746788111128","potions_obtained":[{"floor":2,"key":"ColorlessPotion"},{"floor":3,"key":"GamblersBrew"},{"floor":10,"key":"Ancient Potion"},{"floor":12,"key":"Slimebound:SpawnSlimePotion"},{"floor":16,"key":"DistilledChaos"},{"floor":21,"key":"Swift Potion"},{"floor":27,"key":"SmokeBomb"},{"floor":33,"key":"Regen Potion"},{"floor":38,"key":"SneckoOil"},{"floor":40,"key":"BlessingOfTheForge"}],"is_trial":false,"path_per_floor":["R","M","M","M","T","M","T","$","?","M","M","M","R","$","M","B",null,"R","M","M","M","?","R","T","?","?","E","M","M","R","M","M","B",null,"R","M","$","M","M","M","T","M"],"character_chosen":"SLIMEBOUND","items_purchased":["Dramatic Entrance","expansioncontent:SuperHexaguard","Slimebound:Nibble"],"campfire_rested":3,"item_purchase_floors":[8,37,37],"current_hp_per_floor":[60,58,59,59,59,60,60,57,57,58,49,46,60,60,60,35,60,70,38,32,18,18,39,39,39,39,23,16,26,47,38,41,18,70,70,33,34,34,23,20,20,0,0,0],"gold":187,"neow_bonus":"UPGRADE_CARD","is_daily":false,"chose_seed":false,"campfire_upgraded":2,"win_rate":0.0,"timestamp":1610136285,"path_taken":["R","M","?","M","?","M","T","$","?","M","M","M","R","?","M","BOSS","R","M","M","M","?","R","T","?","?","E","M","M","R","M","M","BOSS","R","M","$","M","?","M","T","M"],"items_purchased_type":["Card","Card","Card"],"build_version":"2020-12-22","purchased_purges":0,"victory":false,"max_hp_per_floor":[60,60,60,60,60,60,60,60,60,60,60,60,60,60,60,60,60,70,70,70,70,70,70,70,70,70,70,70,70,70,70,70,70,70,70,70,70,70,70,70,70,70,70,70],"card_choices":[{"not_picked":["Slimebound:MegaLick","Slimebound:SplitAcid"],"picked":"Slimebound:SamplingLick","floor":2},{"not_picked":["Slimebound:Schlurp","Slimebound:SplitAcid"],"picked":"Slimebound:LeechingTouch","floor":3},{"not_picked":["Slimebound:SlimeBarrage","Slimebound:ServeAndProtect"],"picked":"Slimebound:LivingWall","floor":4},{"not_picked":["Slimebound:Schlurp","Slimebound:LevelUp"],"picked":"Slimebound:GrowthPunch","floor":6},{"not_picked":["Slimebound:SplitAcid","Slimebound:LeechingTouch"],"picked":"Slimebound:CheckThePlaybook","floor":8},{"not_picked":["Slimebound:LeechingTouch","Slimebound:ComboTackle"],"picked":"Slimebound:FirmFortitude","floor":10},{"not_picked":["Slimebound:RollThrough","Slimebound:LevelUp"],"picked":"Slimebound:GoopSpray","floor":11},{"not_picked":["Slimebound:GoopSpray","Slimebound:PressTheAttack"],"picked":"Slimebound:FinishingTackle","floor":12},{"not_picked":["Slimebound:MegaLick","Slimebound:SplitAcid"],"picked":"Slimebound:FormOfPuddle","floor":14},{"not_picked":["Slimebound:FinishingTackle","Slimebound:SplitAcid"],"picked":"Slimebound:Schlurp","floor":15},{"not_picked":["Slimebound:MassRepurpose","Slimebound:OneTwoCombo"],"picked":"Slimebound:LeechLife","floor":16},{"not_picked":["Slimebound:SplitMire","Slimebound:SamplingLick"],"picked":"Slimebound:SplitBruiser","floor":19},{"not_picked":["Slimebound:FinishingTackle+1","Slimebound:ForwardTackle+1"],"picked":"Slimebound:RollThrough","floor":20},{"not_picked":["Slimebound:LevelUp","Slimebound:SplitAcid"],"picked":"Slimebound:Chomp","floor":21},{"not_picked":["Slimebound:ComboTackle+1","Slimebound:GoopTackle"],"picked":"Slimebound:ViciousTackle+1","floor":27},{"not_picked":["Slimebound:SplitLeeching","Slimebound:FormOfPuddle"],"picked":"Slimebound:SlimeSpikes","floor":28},{"not_picked":["Slimebound:SplitBruiser","Slimebound:GoopTackle+1"],"picked":"Slimebound:SplitMire","floor":29},{"not_picked":["Slimebound:ViciousTackle","Slimebound:ComboTackle"],"picked":"Slimebound:AcidTongue","floor":31},{"not_picked":["Slimebound:RainOfGoop","Slimebound:FinishingTackle"],"picked":"Slimebound:SpikyOuterGoop","floor":32},{"not_picked":["Slimebound:SlimeSlap","Slimebound:WasteNot"],"picked":"Slimebound:OozeBath","floor":33},{"not_picked":[],"picked":"Slimebound:DivideAndConquer+1","floor":36},{"not_picked":["Slimebound:TongueLash"],"picked":"SKIP","floor":37},{"not_picked":[],"picked":"Slimebound:LeadByExample+1","floor":38},{"not_picked":["Slimebound:ComboTackle+1"],"picked":"SKIP","floor":39},{"not_picked":["Slimebound:SplitMire"],"picked":"SKIP","floor":40}],"player_experience":54526,"relics_obtained":[{"floor":7,"key":"HornCleat"},{"floor":24,"key":"PreservedInsect"},{"floor":27,"key":"Bag of Preparation"},{"floor":41,"key":"Letter Opener"}],"event_choices":[],"is_beta":false,"boss_relics":[{"not_picked":["Tiny House","Sozu"],"picked":"Slimebound:TarBlob"},{"not_picked":["Coffee Dripper","Runic Dome"],"picked":"Busted Crown"}],"items_purged_floors":[],"is_endless":false,"potions_floor_spawned":[2,3,10,12,16,21,27,33,38,40],"killed_by":"Jaw Worm Horde","ascension_level":0}}