{"host":"7gewg82ormp6yt4e","time":1610106922,"event":{"mods":["BaseMod","Block Reminder","Colored Map","Colored Powertips","DeckTracker","Highlight Path","Minty Spire (QoL Compilation)","Relic Stats","StSLib","ojb\u0027s Info Mod"],"gold_per_floor":[211,126,126,126,126,157,157,173,243,2,22,22,57,89,101,188,200,225,237,262,28,41,41,41,41],"floor_reached":24,"playtime":882,"items_purged":[],"score":408,"play_id":"f85a10e0-292d-4faf-b19c-c5697fe76973","local_time":"20210108205522","is_ascension_mode":true,"campfire_choices":[{"floor":7,"key":"REST"},{"data":"Barrage","floor":12,"key":"SMITH"},{"data":"Coolheaded","floor":15,"key":"SMITH"},{"floor":23,"key":"REST"}],"circlet_count":0,"master_deck":["AscendersBane","Strike_B","Strike_B","Strike_B","Strike_B","Defend_B","Defend_B","Defend_B","Defend_B","Zap+1","Dualcast","Streamline+1","Conserve Battery","Barrage+1","Core Surge","Self Repair","Coolheaded+1","Rebound","Doom and Gloom","Seek","Tempest","Defragment","Ball Lightning+1"],"relics":["Cracked Core","DataDisk","Pear","Cables","PreservedInsect","MawBank","Snecko Eye","Strange Spoon"],"acts_visited":["Exordium","TheCity"],"potions_floor_usage":[6,13,16,24],"damage_taken":[{"damage":0,"enemies":"Jaw Worm","floor":1,"turns":3},{"damage":8,"enemies":"Gremlin Nob","floor":6,"turns":3},{"damage":0,"enemies":"Small Slimes","floor":8,"turns":3},{"damage":0,"enemies":"2 Louse","floor":11,"turns":2},{"damage":2,"enemies":"3 Sentries","floor":13,"turns":4},{"damage":4,"enemies":"Blue Slaver","floor":14,"turns":3},{"damage":26,"enemies":"Hexaghost","floor":16,"turns":7},{"damage":19,"enemies":"2 Thieves","floor":18,"turns":4},{"damage":12,"enemies":"3 Byrds","floor":20,"turns":4},{"damage":31,"enemies":"Snake Plant","floor":22,"turns":4},{"damage":48,"enemies":"Shelled Parasite and Fungi","floor":24,"turns":3}],"seed_played":"7399588357669846632","potions_obtained":[{"floor":11,"key":"Energy Potion"},{"floor":14,"key":"SteroidPotion"},{"floor":22,"key":"BlessingOfTheForge"}],"is_trial":false,"path_per_floor":["M","$","?","?","?","E","R","M","T","$","M","R","E","M","R","B",null,"M","?","M","$","M","R","M"],"character_chosen":"DEFECT","items_purchased":["Conserve Battery","Explosive Potion","PreservedInsect","Self Repair","Strange Spoon","Defragment"],"campfire_rested":2,"item_purchase_floors":[2,2,10,10,21,21],"current_hp_per_floor":[64,64,69,46,20,22,47,47,47,47,47,47,52,55,55,36,74,55,55,50,50,19,44,0,0],"gold":41,"neow_bonus":"HUNDRED_GOLD","is_daily":false,"chose_seed":false,"campfire_upgraded":2,"win_rate":0.0,"timestamp":1610106922,"path_taken":["M","$","?","?","?","E","R","?","T","$","M","R","E","M","R","BOSS","M","?","M","$","M","R","M"],"items_purchased_type":["Card","Potion","Relic","Card","Relic","Card"],"build_version":"2020-12-22","purchased_purges":0,"victory":false,"max_hp_per_floor":[71,71,76,76,76,86,86,86,86,86,86,86,86,86,86,86,86,86,86,86,86,86,86,86,86],"relic_stats":{"Strange Spoon":[2],"counters":[11,40],"Snecko Eye":[26,24,30,23],"PreservedInsect":32,"MawBank":96,"obtain_stats":[{"Strange Spoon":21,"DataDisk":5,"Pear":6,"Snecko Eye":17,"PreservedInsect":10,"Cracked Core":0,"MawBank":13,"Cables":9},{"Strange Spoon":9,"DataDisk":1,"Pear":2,"Snecko Eye":7,"PreservedInsect":3,"Cracked Core":0,"MawBank":5,"Cables":3},{"Strange Spoon":33,"DataDisk":3,"Pear":6,"Snecko Eye":25,"PreservedInsect":9,"Cracked Core":0,"MawBank":15,"Cables":9}],"Cables":[25,23,0,2,0]},"card_choices":[{"not_picked":["Redo","Conserve Battery"],"picked":"Streamline","floor":1},{"not_picked":["Go for the Eyes","Turbo"],"picked":"Barrage","floor":6},{"not_picked":["Aggregate","Redo"],"picked":"Core Surge","floor":8},{"not_picked":["Steam Power","FTL"],"picked":"Coolheaded","floor":11},{"not_picked":["Auto Shields","Gash"],"picked":"Rebound","floor":13},{"not_picked":["Tempest","Undo"],"picked":"Doom and Gloom","floor":14},{"not_picked":["Rainbow","Creative AI"],"picked":"Seek","floor":16},{"not_picked":["Compile Driver","Sweeping Beam","Conserve Battery"],"picked":"SKIP","floor":18},{"not_picked":["Stack","Barrage+1"],"picked":"Tempest","floor":20},{"not_picked":["Cold Snap","Stack"],"picked":"Ball Lightning+1","floor":22}],"player_experience":2502622,"relics_obtained":[{"floor":6,"key":"Pear"},{"floor":9,"key":"Cables"},{"floor":13,"key":"MawBank"}],"event_choices":[{"damage_healed":0,"gold_gain":0,"player_choice":"Donut","damage_taken":0,"max_hp_gain":5,"max_hp_loss":0,"event_name":"Big Fish","floor":3,"gold_loss":0},{"damage_healed":0,"gold_gain":0,"player_choice":"Entered Light","damage_taken":23,"max_hp_gain":0,"max_hp_loss":0,"event_name":"Shining Light","floor":4,"gold_loss":0,"cards_upgraded":["Zap","Streamline"]},{"damage_healed":0,"gold_gain":0,"player_choice":"Success","damage_taken":26,"relics_obtained":["DataDisk"],"max_hp_gain":0,"max_hp_loss":0,"event_name":"Scrap Ooze","floor":5,"gold_loss":0},{"damage_healed":0,"gold_gain":0,"player_choice":"Ignored","damage_taken":0,"max_hp_gain":0,"max_hp_loss":0,"event_name":"WeMeetAgain","floor":19,"gold_loss":0}],"is_beta":false,"boss_relics":[{"not_picked":["Philosopher\u0027s Stone","SlaversCollar"],"picked":"Snecko Eye"}],"items_purged_floors":[],"is_endless":false,"potions_floor_spawned":[11,14,22],"killed_by":"Shelled Parasite and Fungi","ascension_level":20}}