{"host":"5ft7yn6ogyq2ib7i","time":1610111461,"event":{"mods":["Act Like it!","Arknights The Spire","BaseMod","Conspire","Defuse TimeMaze Blight","Gensokyo","Hubris","Minty Spire (QoL Compilation)","Replay The Spire","StSLib","The Jungle"],"gold_per_floor":[115,115,135,135,147,175,175,193,220,239,258,268,39,52,52,153,153,166,184,84,95,297,297,297,297],"floor_reached":24,"playtime":2079,"items_purged":["ats:Composite Medical Shells","ats:Strike C"],"score":202,"play_id":"68cc7c2f-3873-4323-a438-7b5760ba9c4f","local_time":"20210108141101","is_ascension_mode":false,"campfire_choices":[{"data":"ats:Automatic Cover","floor":7,"key":"SMITH"},{"data":"ats:Mental Burst","floor":15,"key":"SMITH"},{"data":"ats:Hook Shot","floor":23,"key":"SMITH"}],"circlet_count":0,"master_deck":["ats:Strike G","ats:Strike S","ats:Strike V","ats:Armor Crushing Shot","ats:Defend","ats:Defend","ats:Defend","ats:Defend","ats:Emotion Absorption","ats:Mental Burst+1","ats:Automatic Cover+1","ats:Explosion Area Strengthen","ats:Healing Strengthening","ats:Sunburst","ats:Poison Spread","ats:Apocalypse","ats:Hammer On","ats:True Silver Slash","ats:Hook Shot+1"],"relics":["ats:Sanity","ats:Originium","Oddly Smooth Stone","Replay:Rubber Ducky","Anchor"],"acts_visited":["Exordium","Exordium"],"potions_floor_usage":[3,6,6,10,14,21,24,24],"damage_taken":[{"damage":1,"enemies":"conspire:RoseBush","floor":1,"turns":3},{"damage":10,"enemies":"Small Slimes","floor":3,"turns":3},{"damage":1,"enemies":"Cultist","floor":5,"turns":3},{"damage":7,"enemies":"3 Sentries","floor":6,"turns":5},{"damage":0,"enemies":"Large Slime","floor":8,"turns":5},{"damage":6,"enemies":"conspire:2 RoseBushes","floor":10,"turns":6},{"damage":3,"enemies":"3 Louse","floor":11,"turns":2},{"damage":0,"enemies":"Large Slime","floor":12,"turns":5},{"damage":1,"enemies":"conspire:2 RoseBushes","floor":14,"turns":5},{"damage":56,"enemies":"Hexaghost","floor":16,"turns":9},{"damage":43,"enemies":"Shell Parasite","floor":18,"turns":7},{"damage":17,"enemies":"theJungle:Flameango_and_Byrd","floor":19,"turns":8},{"damage":9,"enemies":"theJungle:Snecko_Cultist_And_Trap","floor":21,"turns":5},{"damage":22,"enemies":"theJungle:Cassacara","floor":24,"turns":5}],"seed_played":"-1426795888591793879","potions_obtained":[{"floor":1,"key":"conspire:TimeTravelPotion"},{"floor":4,"key":"CultistPotion"},{"floor":4,"key":"Toxic Potion"},{"floor":4,"key":"Adrenaline Potion"},{"floor":10,"key":"SteroidPotion"},{"floor":12,"key":"SkillPotion"},{"floor":14,"key":"FearPotion"},{"floor":19,"key":"Toxic Potion"},{"floor":21,"key":"Adrenaline Potion"}],"is_trial":false,"path_per_floor":["M","?","M","?","M","E","R","M","T","M","M","M","$","M","R","B",null,"M","M","$","M","?","R","E"],"character_chosen":"DOCTOR_CLASS","items_purchased":["Anchor"],"campfire_rested":0,"item_purchase_floors":[13],"current_hp_per_floor":[78,78,78,78,77,70,70,70,70,64,61,61,61,65,65,17,79,41,34,34,30,11,11,0,0],"gold":297,"neow_bonus":"TEN_PERCENT_HP_BONUS","is_daily":false,"chose_seed":false,"campfire_upgraded":3,"win_rate":0.0,"timestamp":1610111461,"path_taken":["M","?","M","?","M","E","R","M","T","M","M","?","$","M","R","BOSS","M","M","$","M","?","R","E"],"items_purchased_type":["Relic"],"build_version":"2020-12-22","purchased_purges":2,"victory":false,"max_hp_per_floor":[79,79,79,79,79,79,79,79,79,79,79,79,79,79,79,79,79,79,79,79,79,79,79,79,79],"card_choices":[{"not_picked":["ats:Steam Pump","ats:Ignite"],"picked":"ats:Mental Burst","floor":1},{"not_picked":["ats:Cat Scratch","ats:Consecutive Shot Auto"],"picked":"ats:Automatic Cover","floor":3},{"not_picked":["ats:Childhood Dance","ats:Flexible Camouflage"],"picked":"ats:Explosion Area Strengthen","floor":5},{"not_picked":["ats:Leaping Hammer","ats:Flexible Camouflage"],"picked":"ats:Healing Strengthening","floor":6},{"not_picked":["ats:Ambush","ats:Ignite"],"picked":"ats:Composite Medical Shells","floor":8},{"not_picked":["ats:Curse Doll","ats:Childhood Dance"],"picked":"ats:Sunburst","floor":10},{"not_picked":["ats:Ignite","ats:Powerful Strike"],"picked":"ats:Poison Spread","floor":11},{"not_picked":["ats:Consecutive Shot Auto","ats:Beaten Up"],"picked":"ats:Apocalypse","floor":12},{"not_picked":["ats:Childhood Dance","ats:Spore Proliferation"],"picked":"ats:Hammer On","floor":14},{"not_picked":["ats:Nebulous Foxfire","ats:Soul Rend"],"picked":"ats:True Silver Slash","floor":16},{"not_picked":["ats:Ignite","ats:Childhood Dance"],"picked":"ats:Hook Shot","floor":18},{"not_picked":["ats:Revitalization+1","ats:Spore Proliferation","ats:Cat Scratch"],"picked":"SKIP","floor":19},{"not_picked":["ats:Flame Of Heaven","ats:Hammer On","ats:Spore Proliferation"],"picked":"SKIP","floor":21}],"player_experience":238510,"relics_obtained":[{"floor":6,"key":"ats:Originium"},{"floor":6,"key":"Oddly Smooth Stone"},{"floor":9,"key":"Replay:Rubber Ducky"}],"event_choices":[{"damage_healed":0,"gold_gain":0,"player_choice":"Ignored","damage_taken":0,"max_hp_gain":0,"max_hp_loss":0,"event_name":"Liars Game","floor":2,"gold_loss":0},{"damage_healed":0,"gold_gain":0,"player_choice":"Got Potions","damage_taken":0,"max_hp_gain":0,"max_hp_loss":0,"event_name":"Lab","floor":4,"gold_loss":0}],"is_beta":false,"boss_relics":[{"not_picked":["Replay:Drink Me","ChewingGum","ReplayTheSpireMod:DimensionalGlitch"]}],"items_purged_floors":[13,20],"is_endless":false,"potions_floor_spawned":[1,5,10,12,14,19,21],"killed_by":"theJungle:Cassacara","ascension_level":0}}