{"host":"e4hse1vg61zltgzv","time":1610071105,"event":{"mods":["AchievementEnabler","BaseMod","Block Reminder","Colored Map","DeckTracker","GifTheSpireLib","Minty Spire (QoL Compilation)","Rare Cards Sparkle","StSLib","SuperFastMode","everything is the same but u backflip on backflip"],"gold_per_floor":[218,218,143,143,143,177,177,208,208,208,226,126,126,155,155,230,230,249,249,264,139,157,186,236,269,269,303,314,204,229,79,79,153,153,170,170,195,207,225,225,225],"floor_reached":40,"playtime":879,"items_purged":["ClearTheMind","Vigilance","EmptyFist","Halt"],"score":1481,"play_id":"93f5b04e-0112-43ba-a471-6c5a369e5fe0","local_time":"20210108105825","is_ascension_mode":true,"campfire_choices":[{"data":"Adaptation","floor":10,"key":"SMITH"},{"data":"Ragnarok","floor":13,"key":"SMITH"},{"data":"InnerPeace","floor":15,"key":"SMITH"},{"data":"MentalFortress","floor":32,"key":"SMITH"}],"circlet_count":0,"master_deck":["AscendersBane","Eruption+1","InnerPeace+1","Adaptation+1","TalkToTheHand+1","MentalFortress+1","Vault"],"relics":["PureWater","Pandora\u0027s Box","Eternal Feather","Vajra","InkBottle","Strawberry","Runic Pyramid","Bird Faced Urn","Gambling Chip","Unceasing Top","MealTicket","PreservedInsect","Coffee Dripper","Peace Pipe"],"acts_visited":["Exordium","TheCity","TheBeyond"],"potions_floor_usage":[],"damage_taken":[{"damage":0,"enemies":"Small Slimes","floor":1,"turns":2},{"damage":0,"enemies":"Gremlin Nob","floor":6,"turns":2},{"damage":18,"enemies":"3 Sentries","floor":8,"turns":5},{"damage":0,"enemies":"Jaw Worm","floor":11,"turns":1},{"damage":0,"enemies":"Gremlin Nob","floor":14,"turns":1},{"damage":0,"enemies":"Slime Boss","floor":16,"turns":4},{"damage":0,"enemies":"Spheric Guardian","floor":18,"turns":2},{"damage":6,"enemies":"3 Byrds","floor":20,"turns":4},{"damage":17,"enemies":"Snake Plant","floor":22,"turns":2},{"damage":22,"enemies":"Book of Stabbing","floor":23,"turns":3},{"damage":16,"enemies":"Gremlin Leader","floor":25,"turns":4},{"damage":0,"enemies":"Book of Stabbing","floor":27,"turns":3},{"damage":0,"enemies":"Cultist and Chosen","floor":28,"turns":3},{"damage":0,"enemies":"Slavers","floor":30,"turns":2},{"damage":0,"enemies":"Champ","floor":33,"turns":2},{"damage":0,"enemies":"3 Shapes","floor":35,"turns":2},{"damage":0,"enemies":"Mind Bloom Boss Battle","floor":37,"turns":2},{"damage":0,"enemies":"3 Darklings","floor":38,"turns":2},{"damage":0,"enemies":"Transient","floor":39,"turns":1},{"damage":0,"enemies":"Giant Head","floor":40,"turns":1}],"seed_played":"3222550478555309592","potions_obtained":[{"floor":6,"key":"Regen Potion"},{"floor":8,"key":"CultistPotion"},{"floor":16,"key":"Strength Potion"},{"floor":35,"key":"Swift Potion"}],"is_trial":false,"path_per_floor":["M","?","$","?","T","E","?","E","T","R","M","$","R","E","R","B",null,"M","?","M","$","M","E","?","E","T","E","M","?","E","$","R","B",null,"M","?","?","M","M","E"],"character_chosen":"WATCHER","items_purchased":[],"campfire_rested":0,"item_purchase_floors":[],"current_hp_per_floor":[61,78,78,78,78,78,78,60,60,63,63,63,66,73,76,76,83,83,83,77,77,60,38,38,26,26,30,34,95,95,95,95,95,95,95,95,95,95,95,95,95],"gold":225,"neow_bonus":"HUNDRED_GOLD","is_daily":false,"chose_seed":false,"campfire_upgraded":4,"win_rate":0.0,"timestamp":1610071105,"path_taken":["M","?","$","?","?","E","?","E","T","R","M","$","R","E","R","BOSS","M","?","M","$","M","E","?","E","T","E","?","?","E","$","R","BOSS","M","?","?","M","M","E"],"items_purchased_type":[],"build_version":"2020-12-22","purchased_purges":4,"victory":false,"max_hp_per_floor":[68,78,78,78,78,78,78,78,78,78,78,78,78,85,85,85,85,85,85,85,85,85,85,85,85,85,85,85,95,95,95,95,95,95,95,95,95,95,95,95,95],"card_choices":[{"not_picked":["BowlingBash","ThirdEye","ClearTheMind"],"picked":"SKIP","floor":1},{"not_picked":["EmptyBody","Establishment"],"picked":"WheelKick","floor":6},{"not_picked":["Alpha","Study","CrushJoints"],"picked":"SKIP","floor":8},{"not_picked":["Crescendo","EmptyBody","CutThroughFate"],"picked":"SKIP","floor":11},{"not_picked":["SandsOfTime","SignatureMove","LikeWater"],"picked":"SKIP","floor":14},{"not_picked":["ReachHeaven","Consecrate","Crescendo"],"picked":"SKIP","floor":18},{"not_picked":["Perseverance","EmptyBody"],"picked":"MentalFortress","floor":20},{"not_picked":["Pray","Nirvana+1","EmptyFist"],"picked":"SKIP","floor":22},{"not_picked":["TalkToTheHand","BowlingBash","Consecrate"],"picked":"SKIP","floor":23},{"not_picked":["CutThroughFate+1","Fasting2","SandsOfTime"],"picked":"SKIP","floor":25},{"not_picked":["Sanctity+1","EmptyFist","EmptyBody"],"picked":"SKIP","floor":27},{"not_picked":["BowlingBash","Protect"],"picked":"Vault","floor":28},{"not_picked":["ForeignInfluence","ThirdEye","Prostrate"],"picked":"SKIP","floor":30},{"not_picked":["BowlingBash","SashWhip","Perseverance"],"picked":"SKIP","floor":35},{"not_picked":["EmptyBody","ClearTheMind+1","Prostrate"],"picked":"SKIP","floor":38},{"not_picked":["Study","Vengeance+1","Consecrate"],"picked":"SKIP","floor":39}],"player_experience":778616,"relics_obtained":[{"floor":5,"key":"Eternal Feather"},{"floor":6,"key":"Vajra"},{"floor":8,"key":"InkBottle"},{"floor":14,"key":"Strawberry"},{"floor":23,"key":"Bird Faced Urn"},{"floor":25,"key":"Gambling Chip"},{"floor":26,"key":"Unceasing Top"},{"floor":27,"key":"MealTicket"},{"floor":30,"key":"PreservedInsect"},{"floor":37,"key":"Peace Pipe"}],"event_choices":[{"cards_removed":["JustLucky"],"damage_healed":0,"gold_gain":0,"player_choice":"Card Removal","damage_taken":7,"max_hp_gain":0,"max_hp_loss":0,"event_name":"Golden Wing","floor":2,"gold_loss":0},{"cards_removed":["Brilliance"],"damage_healed":14,"gold_gain":0,"player_choice":"Offered Rare","damage_taken":0,"max_hp_gain":10,"max_hp_loss":0,"event_name":"Bonfire Elementals","floor":2,"gold_loss":0},{"damage_healed":0,"gold_gain":0,"player_choice":"Grow","damage_taken":0,"max_hp_gain":0,"max_hp_loss":0,"event_name":"Living Wall","floor":4,"gold_loss":0,"cards_upgraded":["Eruption"]},{"damage_healed":0,"gold_gain":0,"player_choice":"Ignored","damage_taken":0,"max_hp_gain":0,"max_hp_loss":0,"event_name":"Liars Game","floor":7,"gold_loss":0},{"damage_healed":0,"gold_gain":0,"player_choice":"Read","damage_taken":0,"max_hp_gain":0,"max_hp_loss":0,"event_name":"The Library","floor":19,"gold_loss":0,"cards_obtained":["TalkToTheHand"]},{"damage_healed":0,"gold_gain":50,"player_choice":"Pray","damage_taken":0,"max_hp_gain":0,"max_hp_loss":0,"event_name":"Golden Shrine","floor":24,"gold_loss":0},{"cards_removed":["WheelKick"],"damage_healed":0,"gold_gain":0,"player_choice":"Upgrade and Remove","damage_taken":0,"max_hp_gain":0,"max_hp_loss":0,"event_name":"Designer","floor":29,"gold_loss":110,"cards_upgraded":["TalkToTheHand"]},{"cards_removed":["Ragnarok"],"damage_healed":51,"gold_gain":0,"player_choice":"Offered Rare","damage_taken":0,"max_hp_gain":10,"max_hp_loss":0,"event_name":"Bonfire Elementals","floor":29,"gold_loss":0},{"damage_healed":0,"gold_gain":0,"player_choice":"Ignored","damage_taken":0,"max_hp_gain":0,"max_hp_loss":0,"event_name":"Tomb of Lord Red Mask","floor":36,"gold_loss":0},{"damage_healed":0,"gold_gain":0,"player_choice":"Fight","damage_taken":0,"max_hp_gain":0,"max_hp_loss":0,"event_name":"MindBloom","floor":37,"gold_loss":0}],"is_beta":false,"boss_relics":[{"not_picked":["Tiny House","Fusion Hammer"],"picked":"Runic Pyramid"},{"not_picked":["Snecko Eye","HolyWater"],"picked":"Coffee Dripper"}],"items_purged_floors":[3,12,21,31],"is_endless":false,"potions_floor_spawned":[6,8,14,16,18,23,25,30,35,37,39],"killed_by":"Giant Head","ascension_level":20}}