{"host":"28p8ce41sjwa6lzf","time":1610143821,"event":{"mods":["BaseMod","Bestiary","Colored Map","Colored Powertips","Dark Map","Highlight Path","Minty Spire (QoL Compilation)","Permanent Neow","Quick Restart","Random Character Button","Rare Cards Sparkle","Relic Stats","StSLib","Unceasing Turn Reminder"],"gold_per_floor":[111,70,70,88,88,113,113,142,142,142,142,155,155,169,169,243,243,243,243,243,5,5,5,5,5,5,5,5,5,5,5,5,5,5,5,5,5,5,5,5,5,5,5,5,5,5,5,5,5,5,5,5,5,5,5,5,5],"floor_reached":56,"playtime":3514,"items_purged":[],"score":2327,"play_id":"0ecded67-228d-4fec-8a84-8fdb152c4df6","local_time":"20210108161021","is_ascension_mode":true,"campfire_choices":[{"data":"Protect","floor":7.0,"key":"SMITH"},{"data":"Tantrum","floor":11.0,"key":"SMITH"},{"data":"Fasting2","floor":13.0,"key":"SMITH"},{"data":"Wallop","floor":15.0,"key":"SMITH"},{"data":"JustLucky","floor":27.0,"key":"SMITH"},{"data":"1","floor":30.0,"key":"LIFT"},{"floor":32.0,"key":"REST"},{"data":"2","floor":40.0,"key":"LIFT"},{"data":"3","floor":45.0,"key":"LIFT"},{"floor":49.0,"key":"RECALL"},{"data":"Strike_P+1","floor":53,"key":"PURGE"}],"circlet_count":0,"master_deck":["AscendersBane","Strike_P+1","Strike_P+1","Strike_P+1","Defend_P+1","Defend_P+1","Defend_P+1","Eruption+1","Vigilance+1","FlurryOfBlows+1","Tantrum+1","Protect+1","WheelKick","LessonLearned+1","JustLucky+1","Fasting2+1","FollowUp","Wallop+1","DeusExMachina+1","Weave+1","Protect+1","Tantrum","FlurryOfBlows+1","ThirdEye+1","JustLucky+1","DevaForm","CurseOfTheBell","WaveOfTheHand+1","CutThroughFate+1","Vault+1","JustLucky","JustLucky+1","Wireheading+1","CutThroughFate+1"],"relics":["PureWater","Bag of Preparation","Prayer Wheel","Oddly Smooth Stone","Sundial","Ectoplasm","Sling","StrikeDummy","Akabeko","Girya","Calling Bell","Centennial Puzzle","Eternal Feather","Peace Pipe","CaptainsWheel","Smiling Mask","Boot","Singing Bowl","PreservedInsect","Pantograph","Damaru"],"acts_visited":["Exordium","TheCity","TheBeyond","TheEnding"],"potions_floor_usage":[56,56],"damage_taken":[{"damage":0.0,"enemies":"Cultist","floor":1.0,"turns":2.0},{"damage":2.0,"enemies":"Jaw Worm","floor":4.0,"turns":3.0},{"damage":0.0,"enemies":"Gremlin Nob","floor":6.0,"turns":2.0},{"damage":0.0,"enemies":"Lagavulin","floor":8.0,"turns":3.0},{"damage":0.0,"enemies":"Small Slimes","floor":12.0,"turns":2.0},{"damage":11.0,"enemies":"Gremlin Gang","floor":14.0,"turns":4.0},{"damage":17.0,"enemies":"The Guardian","floor":16.0,"turns":8.0},{"damage":0.0,"enemies":"Shell Parasite","floor":18.0,"turns":1.0},{"damage":32.0,"enemies":"Slavers","floor":23.0,"turns":3.0},{"damage":0.0,"enemies":"Chosen","floor":24.0,"turns":2.0},{"damage":0.0,"enemies":"Book of Stabbing","floor":25.0,"turns":3.0},{"damage":0.0,"enemies":"Shelled Parasite and Fungi","floor":28.0,"turns":2.0},{"damage":0.0,"enemies":"Gremlin Leader","floor":29.0,"turns":2.0},{"damage":0.0,"enemies":"Chosen and Byrds","floor":31.0,"turns":7.0},{"damage":0.0,"enemies":"Automaton","floor":33.0,"turns":4.0},{"damage":0.0,"enemies":"3 Darklings","floor":35.0,"turns":2.0},{"damage":0.0,"enemies":"Mind Bloom Boss Battle","floor":36.0,"turns":2.0},{"damage":3.0,"enemies":"Orb Walker","floor":37.0,"turns":2.0},{"damage":0.0,"enemies":"Sphere and 2 Shapes","floor":38.0,"turns":2.0},{"damage":0.0,"enemies":"Transient","floor":41.0,"turns":7.0},{"damage":17.0,"enemies":"Nemesis","floor":42.0,"turns":7.0},{"damage":10.0,"enemies":"Giant Head","floor":46.0,"turns":4.0},{"damage":9.0,"enemies":"Writhing Mass","floor":47.0,"turns":7.0},{"damage":0.0,"enemies":"Reptomancer","floor":48.0,"turns":1.0},{"damage":20.0,"enemies":"Awakened One","floor":50.0,"turns":9.0},{"damage":24,"enemies":"Donu and Deca","floor":51,"turns":5},{"damage":8,"enemies":"Shield and Spear","floor":55,"turns":2},{"damage":76,"enemies":"The Heart","floor":56,"turns":6}],"seed_played":"7968337159699045298","potions_obtained":[{"floor":4.0,"key":"SkillPotion"},{"floor":6.0,"key":"AttackPotion"},{"floor":16.0,"key":"PowerPotion"},{"floor":23.0,"key":"CultistPotion"},{"floor":24.0,"key":"SkillPotion"},{"floor":28.0,"key":"Ancient Potion"},{"floor":29.0,"key":"LiquidMemories"},{"floor":36.0,"key":"EntropicBrew"},{"floor":37.0,"key":"Ancient Potion"}],"is_trial":false,"path_per_floor":["M","$","?","M","?","E","R","E","T","?","R","M","R","M","R","B",null,"M","?","?","$","?","E","M","E","T","R","M","E","R","M","R","B",null,"M","?","M","M","T","R","M","E","T","$","R","E","M","E","R","B","B",null,"R","$","E","B"],"character_chosen":"WATCHER","items_purchased":["Tantrum","Sling","Tantrum"],"campfire_rested":1,"item_purchase_floors":[2,21,21],"current_hp_per_floor":[61,61,61,59,59,59,59,59,59,59,59,59,59,48,48,31,59,59,59,59,59,59,27,27,27,27,27,27,27,27,27,47,47,63,63,63,60,60,60,68,68,51,51,51,68,58,51,53,72,52,48,66,72,72,66,0,0],"gold":5,"neow_bonus":"RANDOM_COMMON_RELIC","is_daily":false,"chose_seed":false,"campfire_upgraded":5,"win_rate":0.0,"timestamp":1610143821,"path_taken":["M","?","?","?","?","E","R","E","T","?","R","?","R","M","R","BOSS","M","?","?","$","?","E","M","E","T","R","?","E","R","M","R","BOSS","M","?","M","M","?","R","M","E","T","?","R","E","?","E","R","BOSS","BOSS","R","$","E","BOSS"],"items_purchased_type":["Card","Relic","Card"],"build_version":"2020-12-22","purchased_purges":0,"victory":false,"max_hp_per_floor":[68,68,68,68,68,68,68,68,68,68,68,68,68,68,68,68,68,68,68,68,68,68,68,68,68,68,68,68,68,68,68,68,68,68,68,68,68,68,68,68,68,68,68,68,68,68,70,72,72,72,72,72,72,72,74,74,74],"relic_stats":{"Singing Bowl":6,"counters":[28,104],"Eternal Feather":50,"PreservedInsect":138,"Bag of Preparation":[56],"Smiling Mask":0,"Boot":[8],"Peace Pipe":2,"Centennial Puzzle":[26],"Sundial":[6],"Pantograph":28,"Prayer Wheel":11,"Ectoplasm":483,"obtain_stats":[{"Girya":29,"Singing Bowl":43,"Oddly Smooth Stone":8,"Damaru":55,"Eternal Feather":34,"PreservedInsect":46,"Bag of Preparation":0,"Sling":21,"Smiling Mask":39,"Boot":42,"Akabeko":25,"Calling Bell":34,"Peace Pipe":34,"Centennial Puzzle":34,"CaptainsWheel":36,"Sundial":9,"Pantograph":48,"Prayer Wheel":6,"Ectoplasm":17,"PureWater":0,"StrikeDummy":23},{"Girya":13,"Singing Bowl":21,"Oddly Smooth Stone":4,"Damaru":27,"Eternal Feather":15,"PreservedInsect":22,"Bag of Preparation":0,"Sling":8,"Smiling Mask":19,"Boot":21,"Akabeko":11,"Calling Bell":15,"Peace Pipe":15,"Centennial Puzzle":15,"CaptainsWheel":17,"Sundial":4,"Pantograph":24,"Prayer Wheel":3,"Ectoplasm":7,"PureWater":0,"StrikeDummy":9},{"Girya":37,"Singing Bowl":70,"Oddly Smooth Stone":10,"Damaru":98,"Eternal Feather":48,"PreservedInsect":74,"Bag of Preparation":0,"Sling":25,"Smiling Mask":56,"Boot":70,"Akabeko":33,"Calling Bell":48,"Peace Pipe":48,"Centennial Puzzle":48,"CaptainsWheel":52,"Sundial":10,"Pantograph":82,"Prayer Wheel":7,"Ectoplasm":24,"PureWater":0,"StrikeDummy":28}]},"card_choices":[{"not_picked":["Weave","InnerPeace"],"picked":"FlurryOfBlows","floor":1.0},{"not_picked":["Crescendo","SashWhip"],"picked":"Protect","floor":4.0},{"not_picked":["PathToVictory","Crescendo"],"picked":"WheelKick","floor":6.0},{"not_picked":["TalkToTheHand","FearNoEvil"],"picked":"LessonLearned","floor":8.0},{"not_picked":["SignatureMove","BowlingBash"],"picked":"JustLucky","floor":12.0},{"not_picked":["Swivel","EmptyMind"],"picked":"Fasting2","floor":12.0},{"not_picked":["ClearTheMind","CutThroughFate"],"picked":"FollowUp","floor":14.0},{"not_picked":["ClearTheMind","Sanctity"],"picked":"Wallop","floor":14.0},{"not_picked":["SpiritShield","ConjureBlade"],"picked":"DeusExMachina","floor":16.0},{"not_picked":["Consecrate","ThirdEye"],"picked":"Weave+1","floor":18.0},{"not_picked":["DeceiveReality","Evaluate"],"picked":"Protect+1","floor":18.0},{"not_picked":["BowlingBash","FlyingSleeves+1","Alpha"],"picked":"SKIP","floor":23.0},{"not_picked":["EmptyFist","Consecrate"],"picked":"FlurryOfBlows","floor":24.0},{"not_picked":["Worship","ClearTheMind","Crescendo"],"picked":"SKIP","floor":24.0},{"not_picked":["DeceiveReality","Wireheading"],"picked":"ThirdEye+1","floor":25.0},{"not_picked":["Ragnarok","InnerPeace","EmptyMind"],"picked":"SKIP","floor":28.0},{"not_picked":["ClearTheMind","FollowUp","Crescendo"],"picked":"SKIP","floor":28.0},{"not_picked":["Halt","Brilliance"],"picked":"JustLucky","floor":29.0},{"not_picked":["SashWhip","ClearTheMind","FlurryOfBlows"],"picked":"SKIP","floor":31.0},{"not_picked":["Protect","LessonLearned","BowlingBash"],"picked":"SKIP","floor":31.0},{"not_picked":["Scrawl","Brilliance"],"picked":"DevaForm","floor":33.0},{"not_picked":["CrushJoints","FlurryOfBlows"],"picked":"WaveOfTheHand+1","floor":35.0},{"not_picked":["Crescendo","WindmillStrike","FollowUp+1"],"picked":"SKIP","floor":35.0},{"not_picked":["Collect","Evaluate"],"picked":"CutThroughFate+1","floor":36.0},{"not_picked":["Meditate","BowlingBash","CrushJoints"],"picked":"SKIP","floor":37.0},{"not_picked":["BowlingBash","EmptyBody","ThirdEye"],"picked":"SKIP","floor":37.0},{"not_picked":["WaveOfTheHand","Pray+1"],"picked":"Vault","floor":38.0},{"not_picked":["FlyingSleeves","ThirdEye","Meditate"],"picked":"SKIP","floor":38.0},{"not_picked":["PathToVictory","Nirvana"],"picked":"JustLucky","floor":41.0},{"not_picked":["Consecrate","EmptyBody+1","FlurryOfBlows"],"picked":"SKIP","floor":41.0},{"not_picked":["MentalFortress","CarveReality"],"picked":"JustLucky+1","floor":42.0},{"not_picked":["DeceiveReality","BattleHymn"],"picked":"Wireheading+1","floor":46.0},{"not_picked":["DeceiveReality","BowlingBash+1"],"picked":"CutThroughFate+1","floor":47.0},{"not_picked":["BowlingBash","EmptyFist+1","Conclude+1"],"picked":"Singing Bowl","floor":47.0},{"not_picked":["JustLucky","Alpha","FlurryOfBlows"],"picked":"Singing Bowl","floor":48.0},{"not_picked":["PathToVictory","Consecrate","FollowUp"],"picked":"Singing Bowl","floor":55}],"player_experience":1122079,"relics_obtained":[{"floor":6.0,"key":"Prayer Wheel"},{"floor":8.0,"key":"Oddly Smooth Stone"},{"floor":9.0,"key":"Sundial"},{"floor":23.0,"key":"StrikeDummy"},{"floor":25.0,"key":"Akabeko"},{"floor":29.0,"key":"Girya"},{"floor":34.0,"key":"Centennial Puzzle"},{"floor":34.0,"key":"Eternal Feather"},{"floor":34.0,"key":"Peace Pipe"},{"floor":36.0,"key":"CaptainsWheel"},{"floor":39.0,"key":"Smiling Mask"},{"floor":42.0,"key":"Boot"},{"floor":43.0,"key":"Singing Bowl"},{"floor":46.0,"key":"PreservedInsect"},{"floor":48.0,"key":"Pantograph"},{"floor":55,"key":"Damaru"}],"event_choices":[{"cards_removed":["Defend_P"],"damage_healed":0.0,"max_hp_gain":0.0,"max_hp_loss":0.0,"gold_gain":0.0,"event_name":"Purifier","player_choice":"Purged","floor":3.0,"gold_loss":0.0,"damage_taken":0.0},{"damage_healed":0.0,"max_hp_gain":0.0,"max_hp_loss":0.0,"gold_gain":0.0,"event_name":"Liars Game","player_choice":"Ignored","floor":5.0,"gold_loss":0.0,"damage_taken":0.0},{"damage_healed":0.0,"max_hp_gain":0.0,"max_hp_loss":0.0,"gold_gain":0.0,"event_name":"Upgrade Shrine","player_choice":"Upgraded","floor":10.0,"gold_loss":0.0,"damage_taken":0.0,"cards_upgraded":["LessonLearned"]},{"damage_healed":0.0,"max_hp_gain":0.0,"max_hp_loss":0.0,"gold_gain":0.0,"event_name":"Back to Basics","player_choice":"Simplicity","floor":20.0,"gold_loss":0.0,"damage_taken":0.0,"cards_upgraded":["Strike_P","Strike_P","Strike_P","Strike_P","Defend_P","Defend_P"]},{"damage_healed":0.0,"max_hp_gain":0.0,"max_hp_loss":0.0,"gold_gain":0.0,"event_name":"Upgrade Shrine","player_choice":"Upgraded","floor":22.0,"gold_loss":0.0,"damage_taken":0.0,"cards_upgraded":["DeusExMachina"]},{"damage_healed":0.0,"max_hp_gain":0.0,"max_hp_loss":0.0,"gold_gain":0.0,"event_name":"MindBloom","player_choice":"Fight","floor":36.0,"gold_loss":0.0,"damage_taken":0.0}],"is_beta":false,"boss_relics":[{"not_picked":["Philosopher\u0027s Stone","Cursed Key"],"picked":"Ectoplasm"},{"not_picked":["Tiny House","Empty Cage"],"picked":"Calling Bell"}],"items_purged_floors":[],"is_endless":false,"potions_floor_spawned":[4,6,16,23,24,28,29,36,37,41,55],"killed_by":"The Heart","ascension_level":20}}