{"host":"xz7n3qy1zq36rzpg","time":1610123280,"event":{"mods":["BaseMod","Colored Map","Colored Powertips","Highlight Path","Minty Spire (QoL Compilation)","Quick Restart","Shop Mod"],"gold_per_floor":[144,189,234,83,83,83,128,173,198,357,402,402,492,537,537,837,837,882,927,972,922,967,1057,1057,1102,1127,1127,1181,1226,709,1009,1009,1318,1318,1372,1417,652,802,847,847,847,847],"floor_reached":41,"playtime":3248,"items_purged":["Thunderclap","Body Slam"],"score":469,"play_id":"04923083-c73a-49f9-8c18-a1093187da6b","local_time":"20210108172800","daily_mods":["Draft","Uncertain Future","Midas"],"is_ascension_mode":false,"campfire_choices":[{"floor":12,"key":"REST"},{"floor":15,"key":"REST"},{"floor":24,"key":"REST"},{"floor":27,"key":"REST"},{"floor":32,"key":"REST"},{"floor":40,"key":"REST"}],"circlet_count":0,"master_deck":["Iron Wave","Rampage","Wild Strike","Anger","Flame Barrier","Disarm","Armaments+1","Cleave","Dual Wield","Combust","Flex","Shrug It Off","True Grit","Warcry","Armaments","Ghostly Armor","Blood for Blood","Pommel Strike","Bloodletting","Intimidate","Rage","Immolate","Thunderclap","Clothesline","Rampage","Twin Strike+1","Iron Wave+1","Heavy Blade+1","Reaper+1","Body Slam+1","Feed+1"],"relics":["Burning Blood","Boot","Meat on the Bone","Gremlin Horn","Runic Pyramid","Molten Egg 2","CeramicFish","Vajra","Torii","Sozu","Oddly Smooth Stone","MerchantsRug","Regal Pillow","Frozen Eye","StoneCalendar"],"acts_visited":["Exordium","TheCity","TheBeyond"],"potions_floor_usage":[10,13,16,18,23,23,23,28,29,30,31,31,35],"damage_taken":[{"damage":0,"enemies":"2 Louse","floor":1,"turns":2},{"damage":0,"enemies":"Small Slimes","floor":2,"turns":3},{"damage":0,"enemies":"Jaw Worm","floor":3,"turns":4},{"damage":9,"enemies":"Gremlin Gang","floor":7,"turns":3},{"damage":9,"enemies":"2 Fungi Beasts","floor":8,"turns":3},{"damage":17,"enemies":"Lagavulin Event","floor":10,"turns":8},{"damage":0,"enemies":"3 Louse","floor":11,"turns":2},{"damage":26,"enemies":"Gremlin Nob","floor":13,"turns":5},{"damage":17,"enemies":"Blue Slaver","floor":14,"turns":5},{"damage":34,"enemies":"Hexaghost","floor":16,"turns":9},{"damage":1,"enemies":"Chosen","floor":18,"turns":4},{"damage":11,"enemies":"Shell Parasite","floor":19,"turns":5},{"damage":25,"enemies":"Sentry and Sphere","floor":20,"turns":4},{"damage":17,"enemies":"Shelled Parasite and Fungi","floor":22,"turns":6},{"damage":52,"enemies":"Book of Stabbing","floor":23,"turns":7},{"damage":13,"enemies":"Centurion and Healer","floor":25,"turns":6},{"damage":10,"enemies":"Snecko","floor":28,"turns":4},{"damage":9,"enemies":"Snake Plant","floor":29,"turns":4},{"damage":23,"enemies":"Colosseum Slavers","floor":31,"turns":3},{"damage":29,"enemies":"Colosseum Nobs","floor":31,"turns":5},{"damage":69,"enemies":"Collector","floor":33,"turns":12},{"damage":3,"enemies":"3 Darklings","floor":35,"turns":4},{"damage":11,"enemies":"3 Shapes","floor":36,"turns":5},{"damage":11,"enemies":"Mind Bloom Boss Battle","floor":38,"turns":7},{"damage":38,"enemies":"Transient","floor":39,"turns":5},{"damage":97,"enemies":"Giant Head","floor":41,"turns":8}],"seed_played":"-6062085814737979882","potions_obtained":[{"floor":1,"key":"Weak Potion"},{"floor":8,"key":"GamblersBrew"},{"floor":10,"key":"SteroidPotion"},{"floor":13,"key":"ColorlessPotion"},{"floor":16,"key":"AttackPotion"},{"floor":18,"key":"SneckoOil"},{"floor":25,"key":"DistilledChaos"},{"floor":28,"key":"DuplicationPotion"},{"floor":31,"key":"Ancient Potion"},{"floor":33,"key":"DistilledChaos"}],"is_trial":false,"path_per_floor":["M","M","M","$","?","?","M","M","T","?","M","R","E","M","R","B",null,"M","M","M","?","M","E","R","M","T","R","M","M","$","?","R","B",null,"M","M","$","?","M","R","E"],"character_chosen":"IRONCLAD","items_purchased":["Blood for Blood","EssenceOfSteel","Vajra","Fruit Juice","Regen Potion","DuplicationPotion","Heavy Blade+1","Oddly Smooth Stone","MerchantsRug","Regal Pillow","Frozen Eye","Feed+1"],"campfire_rested":6,"item_purchase_floors":[4,4,30,30,30,30,30,37,37,37,37,37],"current_hp_per_floor":[80,80,80,80,80,80,77,74,74,63,69,80,60,49,73,57,80,80,75,56,56,57,23,47,52,52,76,72,69,74,60,85,34,85,85,80,80,75,49,85,0,0],"gold":847,"neow_bonus":"","is_daily":true,"chose_seed":false,"campfire_upgraded":0,"win_rate":0.0,"timestamp":1610123280,"path_taken":["M","M","M","$","?","?","M","M","T","?","M","R","E","M","R","BOSS","M","M","M","?","M","E","R","M","T","R","?","M","$","?","R","BOSS","M","M","$","?","M","R","E"],"items_purchased_type":["Card","Potion","Relic","Potion","Potion","Potion","Card","Relic","Relic","Relic","Relic","Card"],"build_version":"2020-12-22","purchased_purges":2,"victory":false,"max_hp_per_floor":[80,80,80,80,80,80,80,80,80,80,80,80,80,80,80,80,80,80,80,80,80,80,80,80,80,80,80,80,80,85,85,85,85,85,85,85,85,85,85,85,85,85],"card_choices":[{"not_picked":["Intimidate","Metallicize"],"picked":"Iron Wave","floor":0},{"not_picked":["Sword Boomerang","Anger"],"picked":"Rampage","floor":0},{"not_picked":["Havoc","Clothesline"],"picked":"Wild Strike","floor":0},{"not_picked":["Twin Strike","Clash"],"picked":"Anger","floor":0},{"not_picked":["Pommel Strike","Warcry"],"picked":"Flame Barrier","floor":0},{"not_picked":["Warcry","Flex"],"picked":"Disarm","floor":0},{"not_picked":["Fire Breathing","Cleave"],"picked":"Armaments","floor":0},{"not_picked":["Battle Trance","Rupture"],"picked":"Cleave","floor":0},{"not_picked":["Sword Boomerang","Sever Soul"],"picked":"Dual Wield","floor":0},{"not_picked":["Whirlwind","Wild Strike"],"picked":"Combust","floor":0},{"not_picked":["Metallicize","Reckless Charge"],"picked":"Flex","floor":0},{"not_picked":["Entrench","Battle Trance"],"picked":"Shrug It Off","floor":0},{"not_picked":["Reckless Charge","Seeing Red"],"picked":"True Grit","floor":0},{"not_picked":["Clash","Cleave"],"picked":"Warcry","floor":0},{"not_picked":["Disarm","Flex"],"picked":"Thunderclap","floor":0},{"not_picked":["Perfected Strike","True Grit"],"picked":"Armaments","floor":1},{"not_picked":["Hemokinesis","Flex"],"picked":"Ghostly Armor","floor":2},{"not_picked":["Flame Barrier","Clothesline","Rupture"],"picked":"SKIP","floor":3},{"not_picked":["Wild Strike","Burning Pact"],"picked":"Pommel Strike","floor":7},{"not_picked":["Cleave","Battle Trance"],"picked":"Bloodletting","floor":8},{"not_picked":["Perfected Strike","Fire Breathing"],"picked":"Intimidate","floor":11},{"not_picked":["Infernal Blade","Metallicize"],"picked":"Rage","floor":13},{"not_picked":["Clothesline","Metallicize","Combust"],"picked":"SKIP","floor":14},{"not_picked":["Fiend Fire","Corruption"],"picked":"Immolate","floor":16},{"not_picked":["Inflame+1","Warcry"],"picked":"Thunderclap","floor":18},{"not_picked":["Armaments","Twin Strike"],"picked":"Clothesline","floor":19},{"not_picked":["Ghostly Armor","Shrug It Off"],"picked":"Rampage","floor":20},{"not_picked":["Dual Wield","Twin Strike+1"],"picked":"Body Slam","floor":22},{"not_picked":["Shrug It Off","Entrench+1","Brutality"],"picked":"SKIP","floor":23},{"not_picked":["Flex","Carnage+1"],"picked":"Twin Strike+1","floor":25},{"not_picked":["Warcry+1","Pommel Strike+1"],"picked":"Iron Wave+1","floor":28},{"not_picked":["Iron Wave+1","Perfected Strike+1","Warcry"],"picked":"SKIP","floor":29},{"not_picked":["Impervious","Immolate+1"],"picked":"Reaper+1","floor":33},{"not_picked":["Sword Boomerang+1","Armaments"],"picked":"Body Slam+1","floor":35},{"not_picked":["Sword Boomerang+1","Intimidate","Heavy Blade+1"],"picked":"SKIP","floor":36},{"not_picked":["Flame Barrier","Dual Wield+1","Thunderclap+1"],"picked":"SKIP","floor":39}],"player_experience":305106,"relics_obtained":[{"floor":9,"key":"Boot"},{"floor":13,"key":"Gremlin Horn"},{"floor":23,"key":"Molten Egg 2"},{"floor":26,"key":"CeramicFish"},{"floor":31,"key":"Torii"},{"floor":31,"key":"White Beast Statue"},{"floor":38,"key":"StoneCalendar"}],"event_choices":[{"damage_healed":0,"gold_gain":0,"player_choice":"Ignored","damage_taken":0,"max_hp_gain":0,"max_hp_loss":0,"event_name":"Liars Game","floor":5,"gold_loss":0},{"damage_healed":0,"gold_gain":0,"player_choice":"Grow","damage_taken":0,"max_hp_gain":0,"max_hp_loss":0,"event_name":"Living Wall","floor":6,"gold_loss":0,"cards_upgraded":["Armaments"]},{"damage_healed":0,"gold_gain":0,"player_choice":"Searched \u00272\u0027 times","damage_taken":0,"relics_obtained":["Meat on the Bone"],"max_hp_gain":0,"max_hp_loss":0,"event_name":"Dead Adventurer","floor":10,"gold_loss":0},{"damage_healed":0,"gold_gain":0,"player_choice":"Bet on Murderer","damage_taken":0,"max_hp_gain":0,"max_hp_loss":0,"event_name":"The Joust","floor":21,"gold_loss":50},{"damage_healed":0,"gold_gain":0,"player_choice":"Fight","damage_taken":0,"max_hp_gain":0,"max_hp_loss":0,"event_name":"Colosseum","floor":31,"gold_loss":0},{"damage_healed":0,"gold_gain":0,"player_choice":"Fought Nobs","damage_taken":0,"max_hp_gain":0,"max_hp_loss":0,"event_name":"Colosseum","floor":31,"gold_loss":0},{"damage_healed":0,"gold_gain":0,"player_choice":"Fight","damage_taken":0,"max_hp_gain":0,"max_hp_loss":0,"event_name":"MindBloom","floor":38,"gold_loss":0}],"is_beta":false,"boss_relics":[{"not_picked":["Runic Cube","Calling Bell"],"picked":"Runic Pyramid"},{"not_picked":["Tiny House","Philosopher\u0027s Stone"],"picked":"Sozu"}],"items_purged_floors":[30,37],"is_endless":false,"potions_floor_spawned":[1,8,10,13,16,18,22,25,28,31,33,35,36],"killed_by":"Giant Head","ascension_level":0}}