{"host":"7gewg82ormp6yt4e","time":1610105846,"event":{"mods":["BaseMod","Block Reminder","Colored Map","Colored Powertips","DeckTracker","Highlight Path","Minty Spire (QoL Compilation)","Relic Stats","StSLib","ojb\u0027s Info Mod"],"gold_per_floor":[214,234,234,63,63,63,95,95,122,154,154,172,43,55,55,129,129,144,144,158,128,148,148,178,197,197,211,211,6,56,56,56,133,133,144,158,108,118,118,118,131,131,131,131,131,8,36,51,51,51,51,51,51,1,1,1],"floor_reached":55,"playtime":3597,"items_purged":["Strike_B","Strike_B","Defend_B"],"score":1771,"play_id":"1db18960-2401-41e8-bacb-741810623680","local_time":"20210108203726","is_ascension_mode":true,"campfire_choices":[{"data":"Sunder","floor":6.0,"key":"SMITH"},{"floor":8.0,"key":"REST"},{"floor":11.0,"key":"REST"},{"data":"Hyperbeam","floor":15.0,"key":"SMITH"},{"data":"Electrodynamics","floor":23.0,"key":"SMITH"},{"floor":28.0,"key":"REST"},{"data":"Apotheosis","floor":32.0,"key":"SMITH"},{"data":"Biased Cognition","floor":40.0,"key":"SMITH"},{"floor":42.0,"key":"RECALL"},{"data":"Echo Form","floor":45.0,"key":"SMITH"},{"data":"Panacea","floor":49.0,"key":"SMITH"},{"data":"Coolheaded","floor":53.0,"key":"SMITH"}],"circlet_count":0,"master_deck":["AscendersBane","Strike_B","Defend_B+1","Defend_B","Defend_B+1","Zap","Dualcast","Ball Lightning","Leap","Sweeping Beam","Ball Lightning","Sunder+1","Glacier","Cold Snap","Ball Lightning","Hyperbeam+1","Electrodynamics+1","Core Surge","Chill+1","Capacitor","Turbo+1","Aggregate","Echo Form+1","Self Repair","BootSequence","Apotheosis+1","Biased Cognition+1","Coolheaded+1","Recycle","Defragment+1","Dark Shackles","Dark Shackles","Parasite","Panacea+1","Go for the Eyes","Compile Driver","Coolheaded+1"],"relics":["Cracked Core","Smiling Mask","Oddly Smooth Stone","Bottled Flame","Runic Pyramid","Vajra","Bronze Scales","Regal Pillow","Sozu","Kunai"],"acts_visited":["Exordium","TheCity","TheBeyond","TheEnding"],"potions_floor_usage":[],"damage_taken":[{"damage":8.0,"enemies":"Small Slimes","floor":1.0,"turns":3.0},{"damage":4.0,"enemies":"Jaw Worm","floor":2.0,"turns":4.0},{"damage":11.0,"enemies":"Lagavulin","floor":7.0,"turns":5.0},{"damage":28.0,"enemies":"Gremlin Nob","floor":10.0,"turns":4.0},{"damage":0.0,"enemies":"Cultist","floor":12.0,"turns":3.0},{"damage":0.0,"enemies":"2 Fungi Beasts","floor":14.0,"turns":2.0},{"damage":27.0,"enemies":"Slime Boss","floor":16.0,"turns":8.0},{"damage":16.0,"enemies":"2 Thieves","floor":18.0,"turns":3.0},{"damage":1.0,"enemies":"Shell Parasite","floor":20.0,"turns":8.0},{"damage":1.0,"enemies":"Chosen and Byrds","floor":22.0,"turns":4.0},{"damage":13.0,"enemies":"Slavers","floor":24.0,"turns":5.0},{"damage":1.0,"enemies":"Cultist and Chosen","floor":25.0,"turns":4.0},{"damage":22.0,"enemies":"Snake Plant","floor":27.0,"turns":4.0},{"damage":1.0,"enemies":"Automaton","floor":33.0,"turns":9.0},{"damage":0.0,"enemies":"Orb Walker","floor":35.0,"turns":2.0},{"damage":0.0,"enemies":"3 Darklings","floor":36.0,"turns":3.0},{"damage":34.0,"enemies":"Spire Growth","floor":38.0,"turns":6.0},{"damage":9.0,"enemies":"Writhing Mass","floor":41.0,"turns":7.0},{"damage":5.0,"enemies":"Reptomancer","floor":47.0,"turns":8.0},{"damage":0.0,"enemies":"4 Shapes","floor":48.0,"turns":4.0},{"damage":34.0,"enemies":"Donu and Deca","floor":50.0,"turns":8.0},{"damage":21.0,"enemies":"Awakened One","floor":51.0,"turns":14.0},{"damage":72,"enemies":"Shield and Spear","floor":55,"turns":3}],"seed_played":"-5421178738268679274","potions_obtained":[{"floor":1.0,"key":"BlessingOfTheForge"},{"floor":14.0,"key":"Energy Potion"},{"floor":18.0,"key":"Fruit Juice"},{"floor":21.0,"key":"BlessingOfTheForge"},{"floor":21.0,"key":"SneckoOil"},{"floor":25.0,"key":"EssenceOfDarkness"},{"floor":27.0,"key":"Dexterity Potion"},{"floor":33.0,"key":"Fire Potion"}],"is_trial":false,"path_per_floor":["M","M","?","$","?","R","E","R","T","E","R","M","$","M","R","B",null,"M","?","M","?","M","R","E","M","T","M","R","$","?","?","R","B",null,"M","M","$","M","?","R","M","R","T","?","R","$","E","M","R","B","B",null,"R","$","E"],"character_chosen":"DEFECT","items_purchased":["Ball Lightning","Sunder","Block Potion","Hyperbeam","Apotheosis","Panacea","Go for the Eyes"],"campfire_rested":3,"item_purchase_floors":[4,4,4,13,29,46,46],"current_hp_per_floor":[56,52,52,52,31,31,20,41,41,13,34,34,34,34,34,7,55,39,39,38,43,42,42,29,28,28,20,42,42,42,42,42,51,70,76,76,76,62,52,52,63,63,63,63,63,63,76,76,76,62,61,72,72,72,0,0],"gold":1,"neow_bonus":"HUNDRED_GOLD","is_daily":false,"chose_seed":false,"campfire_upgraded":8,"win_rate":0.0,"timestamp":1610105846,"path_taken":["M","M","?","$","?","R","E","R","T","E","R","M","$","M","R","BOSS","M","?","M","?","M","R","E","M","T","?","R","$","?","?","R","BOSS","M","M","?","M","?","R","M","R","T","?","R","$","E","M","R","BOSS","BOSS","R","$","E"],"items_purchased_type":["Card","Card","Potion","Card","Card","Card","Card"],"build_version":"2020-12-22","purchased_purges":3,"victory":false,"max_hp_per_floor":[71,71,71,71,71,71,71,71,71,71,71,71,71,71,71,71,71,71,71,71,76,76,76,76,76,76,76,76,76,76,76,76,76,76,76,76,76,76,76,76,76,76,76,76,76,76,76,76,76,76,76,76,76,76,76,76],"relic_stats":{"Sozu":2,"Regal Pillow":0,"counters":[23,121],"Bronze Scales":[222],"Kunai":[6],"Smiling Mask":150,"obtain_stats":[{"Sozu":34,"Bottled Flame":10,"Regal Pillow":31,"Bronze Scales":26,"Oddly Smooth Stone":9,"Vajra":24,"Kunai":47,"Cracked Core":0,"Smiling Mask":7,"Runic Pyramid":17},{"Sozu":14,"Bottled Flame":4,"Regal Pillow":13,"Bronze Scales":12,"Oddly Smooth Stone":3,"Vajra":11,"Kunai":19,"Cracked Core":0,"Smiling Mask":3,"Runic Pyramid":7},{"Sozu":66,"Bottled Flame":16,"Regal Pillow":57,"Bronze Scales":53,"Oddly Smooth Stone":12,"Vajra":49,"Kunai":92,"Cracked Core":0,"Smiling Mask":12,"Runic Pyramid":29}]},"card_choices":[{"not_picked":["Leap","Conserve Battery"],"picked":"Ball Lightning","floor":1.0},{"not_picked":["Undo","Skim"],"picked":"Leap","floor":2.0},{"not_picked":["Meteor Strike","Sweeping Beam"],"picked":"Glacier","floor":7.0},{"not_picked":["Double Energy","Stack"],"picked":"Cold Snap","floor":10.0},{"not_picked":["Conserve Battery","Coolheaded"],"picked":"Ball Lightning","floor":12.0},{"not_picked":["FTL","Aggregate"],"picked":"Electrodynamics","floor":14.0},{"not_picked":["Fission","Multi-Cast"],"picked":"Core Surge","floor":16.0},{"not_picked":["Hologram","Steam Power"],"picked":"Chill+1","floor":18.0},{"not_picked":["Skim","Force Field"],"picked":"Turbo+1","floor":20.0},{"not_picked":["Redo","Cold Snap"],"picked":"Aggregate","floor":22.0},{"not_picked":["Barrage","Heatsinks"],"picked":"Echo Form","floor":24.0},{"not_picked":["Cold Snap","Leap"],"picked":"Self Repair","floor":25.0},{"not_picked":["Chill","Go for the Eyes"],"picked":"BootSequence","floor":27.0},{"not_picked":["All For One","Meteor Strike"],"picked":"Biased Cognition","floor":33.0},{"not_picked":["Steam","Sweeping Beam"],"picked":"Coolheaded+1","floor":35.0},{"not_picked":["White Noise","Cold Snap"],"picked":"Recycle","floor":36.0},{"not_picked":["Hologram","Steam Power+1"],"picked":"Defragment+1","floor":38.0},{"not_picked":["Discovery","Flash of Steel"],"picked":"Dark Shackles","floor":39.0},{"not_picked":["Madness","Swift Strike"],"picked":"Dark Shackles","floor":39.0},{"not_picked":["Cold Snap","Gash+1","Sweeping Beam"],"picked":"SKIP","floor":41.0},{"not_picked":["Auto Shields","Redo+1"],"picked":"Compile Driver","floor":47.0},{"not_picked":["Leap","Sweeping Beam"],"picked":"Coolheaded","floor":48.0}],"player_experience":2499026,"relics_obtained":[{"floor":7.0,"key":"Smiling Mask"},{"floor":9.0,"key":"Oddly Smooth Stone"},{"floor":10.0,"key":"Bottled Flame"},{"floor":24.0,"key":"Vajra"},{"floor":26.0,"key":"Bronze Scales"},{"floor":47.0,"key":"Kunai"}],"event_choices":[{"damage_healed":0.0,"max_hp_gain":0.0,"max_hp_loss":0.0,"gold_gain":0.0,"cards_transformed":["Strike_B"],"event_name":"Living Wall","player_choice":"Change","floor":3.0,"gold_loss":0.0,"damage_taken":0.0,"cards_obtained":["Sweeping Beam"]},{"damage_healed":0.0,"max_hp_gain":0.0,"max_hp_loss":0.0,"gold_gain":0.0,"event_name":"Shining Light","player_choice":"Entered Light","floor":5.0,"gold_loss":0.0,"damage_taken":21.0,"cards_upgraded":["Defend_B","Defend_B"]},{"damage_healed":0.0,"max_hp_gain":0.0,"max_hp_loss":0.0,"gold_gain":0.0,"event_name":"The Library","player_choice":"Read","floor":19.0,"gold_loss":0.0,"damage_taken":0.0,"cards_obtained":["Capacitor"]},{"damage_healed":0.0,"max_hp_gain":0.0,"max_hp_loss":0.0,"gold_gain":0.0,"event_name":"The Woman in Blue","player_choice":"Bought 2 Potions","floor":21.0,"gold_loss":0.0,"damage_taken":0.0},{"damage_healed":0.0,"max_hp_gain":0.0,"max_hp_loss":0.0,"gold_gain":50.0,"event_name":"Nest","player_choice":"Stole From Cult","floor":30.0,"gold_loss":0.0,"damage_taken":0.0},{"damage_healed":0.0,"max_hp_gain":0.0,"max_hp_loss":0.0,"gold_gain":0.0,"event_name":"WeMeetAgain","player_choice":"Gave Potion","floor":31.0,"gold_loss":0.0,"damage_taken":0.0,"relics_obtained":["Regal Pillow"]},{"damage_healed":0.0,"max_hp_gain":0.0,"max_hp_loss":0.0,"gold_gain":0.0,"event_name":"SensoryStone","player_choice":"Memory 3","floor":39.0,"gold_loss":0.0,"damage_taken":10.0},{"damage_healed":0.0,"max_hp_gain":0.0,"max_hp_loss":0.0,"gold_gain":0.0,"event_name":"Tomb of Lord Red Mask","player_choice":"Ignored","floor":44.0,"gold_loss":0.0,"damage_taken":0.0}],"is_beta":false,"boss_relics":[{"not_picked":["Nuclear Battery","Cursed Key"],"picked":"Runic Pyramid"},{"not_picked":["Tiny House","Busted Crown"],"picked":"Sozu"}],"items_purged_floors":[13,37,54],"is_endless":false,"potions_floor_spawned":[1,14,18,25,27,33,35,47],"killed_by":"Shield and Spear","ascension_level":20}}