{"host":"tnhjz9cb8p0320p2","time":1610149188,"event":{"mods":["BaseMod","Better Third Choice","Downfall","Hermit","Marisa????????","Minty Spire (QoL Compilation)","Relic Stats","Replay The Spire","Shade Mod","StSLib","The Construct","The Cursed","The Jungle","The Runesmith"],"gold_per_floor":[112,125,125,142,3,335,335,335,335,348,348,373,373,416,416,510,610,625,625,646,646,646,646],"floor_reached":22,"playtime":1419,"items_purged":[],"score":559,"play_id":"5cbe770e-6715-4008-ab9b-b03cf5a00f6f","local_time":"20210108173948","is_ascension_mode":true,"campfire_choices":[{"data":"Apotheosis","floor":7,"key":"SMITH"},{"floor":11,"key":"REST"},{"floor":15,"key":"REST"}],"circlet_count":0,"master_deck":["AscendersBane","Strike_B","Strike_B","Defend_B","Defend_B","Defend_B","Defend_B","Zap","Dualcast","Heatsinks","Steam","Apotheosis+1","Go for the Eyes","expansioncontent:TimeRipple","Coolheaded","Capacitor","Steam","Buffer","ReplaySolidLightProjector","ReplaySolidLightProjector","Glacier","Seek","Stack","Machine Learning","Doom and Gloom"],"relics":["Cracked Core","Old Coin","Replay:Bottled Flurry","Replay:Accelerometer","Golden Idol","Runesmith:Nanobots","Replay:Wanted Poster"],"acts_visited":["Exordium","Exordium"],"potions_floor_usage":[14,16,18,18,22],"damage_taken":[{"damage":7,"enemies":"2 Louse","floor":1,"turns":2},{"damage":9,"enemies":"Small Slimes","floor":2,"turns":4},{"damage":0,"enemies":"Cultist","floor":4,"turns":4},{"damage":16,"enemies":"3 Sentries","floor":6,"turns":6},{"damage":11,"enemies":"Large Slime","floor":10,"turns":6},{"damage":0,"enemies":"Replay:BlueRogue","floor":12,"turns":9},{"damage":0,"enemies":"Lagavulin","floor":14,"turns":7},{"damage":0,"enemies":"Fading Forest","floor":16,"turns":12},{"damage":17,"enemies":"Shell Parasite","floor":18,"turns":9},{"damage":14,"enemies":"theJungle:MUSHROOMGANG","floor":20,"turns":6},{"damage":35,"enemies":"theJungle:JungleHuntersEncounter","floor":22,"turns":3}],"seed_played":"4975203298197481039","potions_obtained":[{"floor":2,"key":"SpeedPotion"},{"floor":12,"key":"Adrenaline Potion"},{"floor":14,"key":"FocusPotion"},{"floor":16,"key":"champ:CounterPotion"},{"floor":20,"key":"Toxic Potion"}],"is_trial":false,"path_per_floor":["M","M","?","M","$","E","R","?","T","M","R","E","?","E","R","B",null,"M","?","M","?","M"],"character_chosen":"DEFECT","items_purchased":["expansioncontent:TimeRipple","Coolheaded"],"campfire_rested":2,"item_purchase_floors":[5,5],"current_hp_per_floor":[57,48,48,48,48,32,32,32,32,21,42,42,42,42,61,61,63,46,46,32,32,0,0],"gold":646,"neow_bonus":"RANDOM_EVENT","is_daily":false,"chose_seed":false,"campfire_upgraded":1,"win_rate":0.0,"timestamp":1610149188,"path_taken":["M","M","?","M","$","E","R","?","T","?","R","E","?","E","R","BOSS","M","?","?","?","M"],"items_purchased_type":["Card","Card"],"build_version":"2020-12-22","purchased_purges":0,"victory":false,"max_hp_per_floor":[71,71,71,71,71,71,71,71,71,71,71,71,64,64,64,64,64,64,64,64,64,64,64],"relic_stats":{"counters":[11,68],"Golden Idol":35,"obtain_stats":[{"Replay:Wanted Poster":17,"Replay:Accelerometer":12,"Runesmith:Nanobots":14,"Golden Idol":13,"Replay:Bottled Flurry":9,"Cracked Core":0,"Old Coin":6},{"Replay:Wanted Poster":8,"Replay:Accelerometer":6,"Runesmith:Nanobots":7,"Golden Idol":6,"Replay:Bottled Flurry":4,"Cracked Core":0,"Old Coin":4},{"Replay:Wanted Poster":50,"Replay:Accelerometer":31,"Runesmith:Nanobots":38,"Golden Idol":31,"Replay:Bottled Flurry":16,"Cracked Core":0,"Old Coin":16}]},"card_choices":[{"not_picked":["Sweeping Beam","Beam Cell"],"picked":"Heatsinks","floor":1},{"not_picked":["Go for the Eyes","Stack"],"picked":"Steam","floor":2},{"not_picked":["Turbo","Gash"],"picked":"Go for the Eyes","floor":4},{"not_picked":["ReplaySolidLightProjector","ReplayTheSpireMod:Calculation Training"],"picked":"Capacitor","floor":6},{"not_picked":["Beam Cell","Coolheaded"],"picked":"ReplaySolidLightProjector","floor":10},{"not_picked":["Compile Driver","Conserve Battery"],"picked":"ReplaySolidLightProjector","floor":12},{"not_picked":["Ball Lightning","Conserve Battery"],"picked":"Glacier","floor":14},{"not_picked":["Rainbow","Reboot"],"picked":"Seek","floor":16},{"not_picked":["Beam Cell","Leap"],"picked":"Stack","floor":18},{"not_picked":["Beam Cell","Redo"],"picked":"Doom and Gloom","floor":20}],"player_experience":2089122,"relics_obtained":[{"floor":6,"key":"Old Coin"},{"floor":9,"key":"Replay:Bottled Flurry"},{"floor":12,"key":"Replay:Accelerometer"},{"floor":14,"key":"Runesmith:Nanobots"}],"event_choices":[{"damage_healed":48,"gold_gain":0,"player_choice":"Embrace","damage_taken":0,"max_hp_gain":0,"max_hp_loss":71,"event_name":"betterThird:BetterShining","floor":3,"gold_loss":0},{"damage_healed":0,"gold_gain":0,"player_choice":"2 cards matched","damage_taken":0,"max_hp_gain":0,"max_hp_loss":0,"event_name":"Match and Keep!","floor":8,"gold_loss":0,"cards_obtained":["Steam","Buffer"]},{"damage_healed":0,"gold_gain":0,"player_choice":"Lose Max HP","damage_taken":0,"relics_obtained":["Golden Idol"],"max_hp_gain":0,"max_hp_loss":7,"event_name":"Golden Idol","floor":13,"gold_loss":0},{"damage_healed":0,"gold_gain":0,"cards_transformed":["Strike_B"],"player_choice":"Transformed","damage_taken":0,"max_hp_gain":0,"max_hp_loss":0,"event_name":"Transmorgrifier","floor":19,"gold_loss":0,"cards_obtained":["Machine Learning"]}],"is_beta":false,"boss_relics":[{"not_picked":["Nuclear Battery","Black Star"],"picked":"Replay:Wanted Poster"}],"items_purged_floors":[],"is_endless":false,"potions_floor_spawned":[2,12,14,16,20],"killed_by":"theJungle:JungleHuntersEncounter","ascension_level":17}}