{"host":"Rich","time":1610145002,"event":{"mods":["AchievementEnabler","BaseMod","Highlight Path","Minty Spire (QoL Compilation)","Relic Stats"],"gold_per_floor":[119,119,68,86,98,98,115,142,166,190,190,224,224,242,242,242,242],"floor_reached":16,"playtime":516,"items_purged":[],"score":220,"play_id":"01ea4cfc-2cd5-4f92-8713-62af3f0a6f3b","local_time":"20210108173002","is_ascension_mode":true,"campfire_choices":[{"data":"Infinite Blades","floor":6,"key":"SMITH"},{"floor":11,"key":"REST"},{"data":"Blade Dance","floor":13,"key":"SMITH"},{"data":"Blade Dance","floor":15,"key":"SMITH"}],"circlet_count":0,"master_deck":["AscendersBane","Strike_G","Strike_G","Strike_G","Strike_G","Defend_G","Defend_G","Defend_G","Defend_G","Defend_G","Survivor","Neutralize","Blade Dance+1","Cloak And Dagger","Backflip","Infinite Blades+1","Prepared","Caltrops","Dagger Spray","Blade Dance+1"],"relics":["Ring of the Snake","NeowsBlessing","Bronze Scales","Odd Mushroom","Art of War"],"acts_visited":["Exordium"],"potions_floor_usage":[8,10,12,16],"damage_taken":[{"damage":0,"enemies":"Jaw Worm","floor":1,"turns":1},{"damage":0,"enemies":"Cultist","floor":4,"turns":1},{"damage":0,"enemies":"Small Slimes","floor":5,"turns":1},{"damage":0,"enemies":"2 Fungi Beasts","floor":7,"turns":4},{"damage":11,"enemies":"Lagavulin","floor":8,"turns":7},{"damage":2,"enemies":"The Mushroom Lair","floor":10,"turns":4},{"damage":37,"enemies":"3 Sentries","floor":12,"turns":6},{"damage":18,"enemies":"Exordium Thugs","floor":14,"turns":3},{"damage":12,"enemies":"Hexaghost","floor":16,"turns":9}],"seed_played":"7576832407699321877","potions_obtained":[{"floor":7,"key":"SteroidPotion"},{"floor":8,"key":"Energy Potion"},{"floor":10,"key":"Regen Potion"},{"floor":14,"key":"LiquidMemories"}],"is_trial":false,"path_per_floor":["M","?","$","M","M","R","M","E","T","?","R","E","R","M","R","B"],"character_chosen":"THE_SILENT","items_purchased":["Cloak And Dagger"],"campfire_rested":1,"item_purchase_floors":[3],"current_hp_per_floor":[59,52,52,52,52,52,52,41,41,39,58,30,30,12,12,0,0],"gold":242,"neow_bonus":"THREE_ENEMY_KILL","is_daily":false,"chose_seed":false,"campfire_upgraded":3,"win_rate":0.0,"timestamp":1610145002,"path_taken":["M","?","?","?","M","R","?","E","T","?","R","E","R","M","R","BOSS"],"items_purchased_type":["Card"],"build_version":"2020-12-18","purchased_purges":0,"victory":false,"max_hp_per_floor":[66,66,66,66,66,66,66,66,66,66,66,66,66,66,66,66,66],"relic_stats":{"counters":[9,36],"Bronze Scales":[87],"Art of War":[0],"obtain_stats":[{"NeowsBlessing":0,"Bronze Scales":8,"Art of War":12,"Odd Mushroom":10,"Ring of the Snake":0},{"NeowsBlessing":0,"Bronze Scales":5,"Art of War":7,"Odd Mushroom":6,"Ring of the Snake":0},{"NeowsBlessing":0,"Bronze Scales":14,"Art of War":24,"Odd Mushroom":18,"Ring of the Snake":0}],"Ring of the Snake":[18]},"card_choices":[{"not_picked":["Underhanded Strike","Calculated Gamble"],"picked":"Blade Dance","floor":1},{"not_picked":["Bane","Reflex"],"picked":"Backflip","floor":4},{"not_picked":["Choke","Grand Finale"],"picked":"Infinite Blades","floor":5},{"not_picked":["All Out Attack","Setup"],"picked":"Prepared","floor":7},{"not_picked":["Crippling Poison","Endless Agony"],"picked":"Caltrops","floor":8},{"not_picked":["Outmaneuver","Prepared"],"picked":"Dagger Spray","floor":12},{"not_picked":["Underhanded Strike","Heel Hook"],"picked":"Blade Dance","floor":14}],"player_experience":1976994,"relics_obtained":[{"floor":8,"key":"Bronze Scales"},{"floor":10,"key":"Odd Mushroom"},{"floor":12,"key":"Art of War"}],"event_choices":[{"cards_removed":["Strike_G"],"damage_healed":0,"gold_gain":0,"player_choice":"Card Removal","damage_taken":7,"max_hp_gain":0,"max_hp_loss":0,"event_name":"Golden Wing","floor":2,"gold_loss":0},{"damage_healed":0,"gold_gain":0,"player_choice":"Fought Mushrooms","damage_taken":0,"max_hp_gain":0,"max_hp_loss":0,"event_name":"Mushrooms","floor":10,"gold_loss":0}],"is_beta":true,"boss_relics":[],"items_purged_floors":[],"is_endless":false,"potions_floor_spawned":[7,8,10,14],"killed_by":"Hexaghost","ascension_level":20}}