{"host":"6pgtslebjnyv5xmi","time":1610097942,"event":{"mods":["AchievementEnabler","BaseMod","Colored Map","Minty Spire (QoL Compilation)","Rare Cards Sparkle","StSLib","SuperFastMode","The Hierophant","everything is the same but u backflip on backflip"],"gold_per_floor":[116,116,116,109,109,109,152,152,200,200,143,143,136,142,142,183,183,238,238,233,257,5,5,5,5],"floor_reached":24,"playtime":2025,"items_purged":[],"score":215,"play_id":"a5046e21-912d-4f55-aea7-288866c4c9d1","local_time":"20210108182542","is_ascension_mode":false,"campfire_choices":[{"data":"hierophant:SolarFlare","floor":6,"key":"SMITH"},{"data":"hierophant:Upheaval","floor":8,"key":"SMITH"},{"data":"hierophant:RepressedViolence","floor":12,"key":"SMITH"},{"floor":15,"key":"REST"},{"data":"hierophant:Glossolalia","floor":23,"key":"SMITH"}],"circlet_count":0,"master_deck":["hierophant:Strike_Hierophant","hierophant:Punish","hierophant:Defend_Hierophant+1","hierophant:Defend_Hierophant","hierophant:Defend_Hierophant+1","hierophant:Defend_Hierophant","hierophant:ChurchCoffers","hierophant:Prophecy","hierophant:SolarFlare+1","hierophant:Upheaval+1","hierophant:RepressedViolence+1","hierophant:MirrorShield","hierophant:Glossolalia+1","hierophant:LocustPlague","hierophant:Cornucopia+1","hierophant:SecretStash+1","hierophant:Martyrdom+1","hierophant:AuricShield","hierophant:HammerAndAnvil+1"],"relics":["hierophant:PropheticMaskRelic","NeowsBlessing","Golden Idol","Regal Pillow","HornCleat","Orichalcum","Odd Mushroom","Boot","Astrolabe","Juzu Bracelet","Bottled Lightning"],"acts_visited":["Exordium","TheCity"],"potions_floor_usage":[16,16,16],"damage_taken":[{"damage":0,"enemies":"Jaw Worm","floor":1,"turns":1},{"damage":0,"enemies":"Small Slimes","floor":4,"turns":1},{"damage":0,"enemies":"3 Sentries","floor":7,"turns":2},{"damage":10,"enemies":"The Mushroom Lair","floor":11,"turns":5},{"damage":0,"enemies":"2 Louse","floor":13,"turns":3},{"damage":0,"enemies":"3 Sentries","floor":14,"turns":5},{"damage":19,"enemies":"The Guardian","floor":16,"turns":9},{"damage":0,"enemies":"Spheric Guardian","floor":18,"turns":2},{"damage":2,"enemies":"Shell Parasite","floor":20,"turns":2},{"damage":76,"enemies":"Cultist and Chosen","floor":24,"turns":10}],"seed_played":"6180769763345838651","potions_obtained":[{"floor":11,"key":"ColorlessPotion"},{"floor":13,"key":"GamblersBrew"},{"floor":14,"key":"ColorlessPotion"},{"floor":18,"key":"FearPotion"}],"is_trial":false,"path_per_floor":["M","$","?","M","?","R","E","R","T","?","?","R","M","?","R","B",null,"M","?","M","T","$","R","M"],"character_chosen":"HIEROPHANT","items_purchased":["Bottled Lightning"],"campfire_rested":1,"item_purchase_floors":[22],"current_hp_per_floor":[75,75,57,57,50,50,50,50,50,35,25,25,25,25,62,43,75,75,75,73,73,73,73,0,0],"gold":5,"neow_bonus":"THREE_ENEMY_KILL","is_daily":false,"chose_seed":false,"campfire_upgraded":4,"win_rate":0.0,"timestamp":1610097942,"path_taken":["M","$","?","M","?","R","E","R","T","?","?","R","M","?","R","BOSS","M","?","?","?","$","R","M"],"items_purchased_type":["Relic"],"build_version":"2020-12-22","purchased_purges":0,"victory":false,"max_hp_per_floor":[75,75,75,75,75,75,75,75,75,75,75,75,75,75,75,75,75,75,75,75,75,75,75,75,75],"card_choices":[{"not_picked":["hierophant:Purify","hierophant:Charity"],"picked":"hierophant:Prophecy","floor":1},{"not_picked":["hierophant:Mercenaries","hierophant:HolyVerse"],"picked":"hierophant:SolarFlare","floor":4},{"not_picked":["hierophant:OrnateBuckler","hierophant:PassingBell"],"picked":"hierophant:Upheaval","floor":7},{"not_picked":["hierophant:Zeal","hierophant:Remorse"],"picked":"hierophant:RepressedViolence","floor":11},{"not_picked":["hierophant:DisplayOfPower","hierophant:RecallFunds"],"picked":"hierophant:MirrorShield","floor":13},{"not_picked":["hierophant:Charity","hierophant:SealAway"],"picked":"hierophant:Glossolalia","floor":14},{"not_picked":["hierophant:AuricForm","hierophant:Levitation"],"picked":"hierophant:LocustPlague","floor":16},{"not_picked":["hierophant:Racketeering","hierophant:Upheaval+1"],"picked":"hierophant:AuricShield","floor":18},{"not_picked":["hierophant:Alms+1","hierophant:Charity"],"picked":"hierophant:HammerAndAnvil+1","floor":20}],"player_experience":900676,"relics_obtained":[{"floor":7,"key":"HornCleat"},{"floor":9,"key":"Orichalcum"},{"floor":11,"key":"Odd Mushroom"},{"floor":14,"key":"Boot"},{"floor":21,"key":"Juzu Bracelet"}],"event_choices":[{"damage_healed":0,"gold_gain":0,"player_choice":"Take Damage","damage_taken":18,"relics_obtained":["Golden Idol"],"max_hp_gain":0,"max_hp_loss":0,"event_name":"Golden Idol","floor":3,"gold_loss":0},{"damage_healed":0,"gold_gain":0,"player_choice":"Success","damage_taken":7,"relics_obtained":["Regal Pillow"],"max_hp_gain":0,"max_hp_loss":0,"event_name":"Scrap Ooze","floor":5,"gold_loss":0},{"damage_healed":0,"gold_gain":0,"player_choice":"Entered Light","damage_taken":15,"max_hp_gain":0,"max_hp_loss":0,"event_name":"Shining Light","floor":10,"gold_loss":0,"cards_upgraded":["hierophant:Defend_Hierophant","hierophant:Defend_Hierophant"]},{"damage_healed":0,"gold_gain":0,"player_choice":"Fought Mushrooms","damage_taken":0,"max_hp_gain":0,"max_hp_loss":0,"event_name":"Mushrooms","floor":11,"gold_loss":0},{"damage_healed":0,"gold_gain":0,"player_choice":"Searched \u00271\u0027 times","damage_taken":0,"max_hp_gain":0,"max_hp_loss":0,"event_name":"Dead Adventurer","floor":14,"gold_loss":0},{"damage_healed":0,"gold_gain":0,"player_choice":"Ignored","damage_taken":0,"max_hp_gain":0,"max_hp_loss":0,"event_name":"NoteForYourself","floor":19,"gold_loss":0}],"is_beta":false,"boss_relics":[{"not_picked":["Ectoplasm","Coffee Dripper"],"picked":"Astrolabe"}],"items_purged_floors":[],"is_endless":false,"potions_floor_spawned":[11,13,14,18],"killed_by":"Cultist and Chosen","ascension_level":0}}