{"host":"873t0y8ybyo38pfq","time":1610106263,"event":{"mods":["BaseMod","Bestiary","Colored Map","Colored Powertips","Highlight Path","Minty Spire (QoL Compilation)","Quick Restart","RNG Fix","Rare Cards Sparkle","Relic Stats","StSLib"],"gold_per_floor":[114,114,132,151,163,163,196,196,196,227,227,21,53,53,53,132,132,143,143,162,62,62,62,62,62],"floor_reached":24,"playtime":514,"items_purged":["Strike_B","Strike_B"],"score":424,"play_id":"e7709317-93a0-432d-acde-b098efc00d79","local_time":"20210108064423","is_ascension_mode":true,"campfire_choices":[{"data":"Fission","floor":6,"key":"SMITH"},{"data":"Tempest","floor":8,"key":"SMITH"},{"data":"Multi-Cast","floor":11,"key":"SMITH"},{"data":"Steam","floor":15,"key":"SMITH"},{"data":"Rainbow","floor":23,"key":"SMITH"}],"circlet_count":0,"master_deck":["AscendersBane","Strike_B","Defend_B","Defend_B","Defend_B","Defend_B","Zap","Dualcast","Ball Lightning","Steam+1","Sweeping Beam","Fission+1","Tempest+1","Coolheaded","Multi-Cast+1","Loop+1","Conserve Battery","Redo","Rainbow+1","Conserve Battery+1","Darkness","Hologram"],"relics":["Cracked Core","NeowsBlessing","Nunchaku","Frozen Egg 2","Art of War","Torii","Sozu"],"acts_visited":["Exordium","TheCity"],"potions_floor_usage":[7,10,16,16],"damage_taken":[{"damage":0,"enemies":"Cultist","floor":1,"turns":1},{"damage":0,"enemies":"Jaw Worm","floor":3,"turns":1},{"damage":0,"enemies":"2 Louse","floor":4,"turns":1},{"damage":2,"enemies":"Looter","floor":5,"turns":3},{"damage":10,"enemies":"3 Sentries","floor":7,"turns":7},{"damage":11,"enemies":"Gremlin Nob","floor":10,"turns":3},{"damage":4,"enemies":"Lagavulin","floor":13,"turns":6},{"damage":24,"enemies":"Slime Boss","floor":16,"turns":6},{"damage":10,"enemies":"Shell Parasite","floor":18,"turns":5},{"damage":0,"enemies":"Spheric Guardian","floor":20,"turns":3},{"damage":30,"enemies":"Cultist and Chosen","floor":24,"turns":4}],"seed_played":"7790511579706394619","potions_obtained":[{"floor":4,"key":"SpeedPotion"},{"floor":7,"key":"GamblersBrew"},{"floor":10,"key":"PotionOfCapacity"},{"floor":13,"key":"Weak Potion"}],"is_trial":false,"path_per_floor":["M","?","M","M","M","R","E","R","T","E","R","$","E","?","R","B",null,"M","?","M","$","?","R","M"],"character_chosen":"DEFECT","items_purchased":["Loop+1","Conserve Battery"],"campfire_rested":0,"item_purchase_floors":[12,12],"current_hp_per_floor":[64,64,64,64,62,62,52,52,52,41,41,41,37,37,37,13,57,47,47,47,47,47,47,17,17],"gold":62,"neow_bonus":"THREE_ENEMY_KILL","is_daily":false,"chose_seed":false,"campfire_upgraded":5,"win_rate":0.0,"timestamp":1610106263,"path_taken":["M","?","M","M","M","R","E","R","T","E","R","$","E","?","R","BOSS","M","?","?","$","?","R","M"],"items_purchased_type":["Card","Card"],"build_version":"2020-12-22","purchased_purges":2,"victory":false,"max_hp_per_floor":[71,71,71,71,71,71,71,71,71,71,71,71,71,71,71,71,71,71,71,71,71,71,71,71,71],"relic_stats":{"Sozu":2,"Nunchaku":[2],"Torii":4,"counters":[11,40],"Art of War":[11],"obtain_stats":[{"Sozu":17,"Nunchaku":7,"NeowsBlessing":0,"Torii":13,"Art of War":10,"Frozen Egg 2":9,"Cracked Core":0},{"Sozu":8,"Nunchaku":5,"NeowsBlessing":0,"Torii":7,"Art of War":6,"Frozen Egg 2":5,"Cracked Core":0},{"Sozu":28,"Nunchaku":13,"NeowsBlessing":0,"Torii":22,"Art of War":16,"Frozen Egg 2":13,"Cracked Core":0}]},"card_choices":[{"not_picked":["Coolheaded","Redo"],"picked":"Ball Lightning","floor":1},{"not_picked":["Cold Snap","Scrape"],"picked":"Sweeping Beam","floor":3},{"not_picked":["Redo","Beam Cell"],"picked":"Fission","floor":4},{"not_picked":["Double Energy","Reprogram"],"picked":"Tempest","floor":5},{"not_picked":["Ball Lightning","Storm"],"picked":"Coolheaded","floor":7},{"not_picked":["Beam Cell","Go for the Eyes"],"picked":"Multi-Cast","floor":10},{"not_picked":["Coolheaded","All For One"],"picked":"Redo","floor":13},{"not_picked":["Seek","All For One"],"picked":"Rainbow","floor":16},{"not_picked":["Steam","Hello World+1"],"picked":"Conserve Battery+1","floor":18},{"not_picked":["Aggregate","Loop+1"],"picked":"Hologram","floor":20}],"player_experience":1544881,"relics_obtained":[{"floor":7,"key":"Nunchaku"},{"floor":9,"key":"Frozen Egg 2"},{"floor":10,"key":"Art of War"},{"floor":13,"key":"Torii"}],"event_choices":[{"damage_healed":0,"gold_gain":0,"cards_transformed":["Strike_B"],"player_choice":"Change","damage_taken":0,"max_hp_gain":0,"max_hp_loss":0,"event_name":"Living Wall","floor":2,"gold_loss":0,"cards_obtained":["Steam"]},{"damage_healed":0,"gold_gain":0,"player_choice":"Ignored","damage_taken":0,"max_hp_gain":0,"max_hp_loss":0,"event_name":"Liars Game","floor":14,"gold_loss":0},{"damage_healed":0,"gold_gain":0,"player_choice":"1 cards matched","damage_taken":0,"max_hp_gain":0,"max_hp_loss":0,"event_name":"Match and Keep!","floor":19,"gold_loss":0,"cards_obtained":["Darkness"]},{"damage_healed":0,"gold_gain":0,"player_choice":"Got Potions","damage_taken":0,"max_hp_gain":0,"max_hp_loss":0,"event_name":"Lab","floor":22,"gold_loss":0}],"is_beta":false,"boss_relics":[{"not_picked":["Velvet Choker","Inserter"],"picked":"Sozu"}],"items_purged_floors":[12,21],"is_endless":false,"potions_floor_spawned":[4,7,10,13],"killed_by":"Cultist and Chosen","ascension_level":20}}