{"host":"J","time":1610138826,"event":{"mods":["BaseMod","Better Third Choice","Minty Spire (QoL Compilation)","StSLib"],"gold_per_floor":[116,266,266,1,1,1,14,44,44,58,84,101,101,101,101,101,101],"floor_reached":16,"playtime":470,"items_purged":[],"score":216,"play_id":"a9be212a-c426-4491-ac91-4387010ec6ae","local_time":"20210108214706","is_ascension_mode":true,"campfire_choices":[{"floor":13.0,"key":"REST"},{"data":"Footwork","floor":15.0,"key":"SMITH"}],"circlet_count":0,"master_deck":["AscendersBane","Strike_G","Strike_G","Strike_G","Strike_G","Strike_G","Defend_G","Defend_G","Defend_G","Defend_G","Defend_G","Survivor","Neutralize","Dagger Spray","Quick Slash","Footwork+1","WheelKick+1","After Image","Dodge and Roll","Wraith Form v2","Tactician"],"relics":["Ring of the Snake","Happy Flower","Kunai","MealTicket","Bottled Lightning"],"acts_visited":["Exordium"],"potions_floor_usage":[16],"damage_taken":[{"damage":8.0,"enemies":"Jaw Worm","floor":1.0,"turns":8.0},{"damage":12.0,"enemies":"2 Louse","floor":7.0,"turns":5.0},{"damage":7.0,"enemies":"3 Sentries","floor":8.0,"turns":4.0},{"damage":2.0,"enemies":"Small Slimes","floor":10.0,"turns":4.0},{"damage":19.0,"enemies":"Lagavulin","floor":11.0,"turns":10.0},{"damage":4.0,"enemies":"Exordium Wildlife","floor":12.0,"turns":6.0},{"damage":27,"enemies":"Hexaghost","floor":16,"turns":9}],"seed_played":"-89830681844302833","potions_obtained":[{"floor":7.0,"key":"Fire Potion"},{"floor":11.0,"key":"SkillPotion"},{"floor":12.0,"key":"SmokeBomb"}],"is_trial":false,"path_per_floor":["M","?","?","$","?","?","M","E","T","M","E","M","R","?","R","B"],"character_chosen":"THE_SILENT","items_purchased":["Happy Flower","Footwork","AttackPotion"],"campfire_rested":1,"item_purchase_floors":[4,4,4],"current_hp_per_floor":[51,51,51,51,56,49,37,30,30,28,9,5,26,26,26,0,0],"gold":101,"neow_bonus":"THREE_CARDS","is_daily":false,"chose_seed":false,"campfire_upgraded":1,"win_rate":0.0,"timestamp":1610138826,"path_taken":["M","?","?","$","?","?","M","E","T","?","E","M","R","?","R","BOSS"],"items_purchased_type":["Relic","Card","Potion"],"build_version":"2020-12-18","purchased_purges":0,"victory":false,"max_hp_per_floor":[66,66,66,66,71,71,71,71,71,71,71,71,71,71,71,71,71],"card_choices":[{"not_picked":["Flying Knee","Prepared"],"picked":"Dagger Spray","floor":0.0},{"not_picked":["PiercingWail","Backflip"],"picked":"Quick Slash","floor":1.0},{"not_picked":["Backflip","Slice"],"picked":"After Image","floor":7.0},{"not_picked":["Flying Knee","Distraction"],"picked":"Dodge and Roll","floor":8.0},{"not_picked":["Quick Slash","Bane","Predator"],"picked":"SKIP","floor":10.0},{"not_picked":["Calculated Gamble","Poisoned Stab"],"picked":"Wraith Form v2","floor":11.0},{"not_picked":["Caltrops","Crippling Poison"],"picked":"Tactician","floor":12.0}],"player_experience":1079389,"relics_obtained":[{"floor":8.0,"key":"Kunai"},{"floor":9.0,"key":"MealTicket"},{"floor":11.0,"key":"Bottled Lightning"}],"event_choices":[{"damage_healed":0.0,"max_hp_gain":0.0,"max_hp_loss":0.0,"gold_gain":150.0,"event_name":"betterThird:BetterSerpent","player_choice":"AGREE","floor":2.0,"gold_loss":0.0,"damage_taken":116.0},{"cards_removed":["Doubt"],"damage_healed":0.0,"max_hp_gain":0.0,"max_hp_loss":0.0,"gold_gain":0.0,"event_name":"Living Wall","player_choice":"Forget","floor":3.0,"gold_loss":0.0,"damage_taken":0.0},{"damage_healed":0.0,"max_hp_gain":5.0,"max_hp_loss":0.0,"gold_gain":0.0,"event_name":"Big Fish","player_choice":"Donut","floor":5.0,"gold_loss":0.0,"damage_taken":0.0},{"damage_healed":0.0,"max_hp_gain":0.0,"max_hp_loss":0.0,"gold_gain":0.0,"event_name":"betterThird:BetterScrap","player_choice":"Card ","floor":6.0,"gold_loss":0.0,"damage_taken":7.0,"cards_obtained":["WheelKick"]},{"damage_healed":26.0,"max_hp_gain":0.0,"max_hp_loss":71.0,"gold_gain":0.0,"event_name":"betterThird:BetterShining","player_choice":"Leave","floor":14.0,"gold_loss":0.0,"damage_taken":0.0}],"is_beta":true,"boss_relics":[],"items_purged_floors":[],"is_endless":false,"potions_floor_spawned":[7,11,12],"killed_by":"Hexaghost","ascension_level":20}}