{"host":"8i4doyxqctgl5qb0","time":1610070397,"event":{"mods":["AchievementEnabler","BaseMod","Block Reminder","Colored Powertips","Downfall","Minty Spire (QoL Compilation)","Permanent Neow","Potion Indicator Mod","Rare Cards Sparkle","StSLib","SuperFastMode"],"gold_per_floor":[99,99,11,30,30,30,30,30,42,54,86,95,20,56,92,92,92,92],"floor_reached":16,"playtime":825,"items_purged":[],"score":98,"play_id":"94f129e3-e7fc-41d6-8cd4-12381b7c3b2b","local_time":"20210108094637","is_ascension_mode":false,"campfire_choices":[{"data":"Guardian:TwinSlam","floor":1,"key":"SMITH"},{"floor":13,"key":"REST"}],"circlet_count":0,"master_deck":["Guardian:Strike_Guardian","Guardian:Strike_Guardian+1","Guardian:Strike_Guardian+1","Guardian:Strike_Guardian","Guardian:Defend_Guardian","Guardian:Defend_Guardian","Guardian:Defend_Guardian","Guardian:Defend_Guardian","Guardian:CurlUp","Guardian:TwinSlam+1","Guardian:Gem_Orange","Guardian:Gem_Fragmented","Guardian:Gem_Red","Guardian:Harden","Guardian:EvasiveProtocol+1","Guardian:Gem_Green","Guardian:Suspension","Guardian:ShieldSpikes","Guardian:GemFinder","Regret","Guardian:Gem_Orange","Guardian:Gem_Crimson","Guardian:Gem_Lightblue","Guardian:Gem_Orange","Guardian:Gem_Cyan","Guardian:Gem_Green"],"relics":["Guardian:ModeShifter","Potion Belt","CeramicFish","downfall:HeartBlessingBlue","Guardian:PickAxe"],"acts_visited":["Exordium"],"potions_floor_usage":[],"damage_taken":[{"damage":0,"enemies":"downfall:FleeingMerchant","floor":3,"turns":4},{"damage":5,"enemies":"2 Louse","floor":4,"turns":3},{"damage":0,"enemies":"Cultist","floor":9,"turns":4},{"damage":9,"enemies":"Jaw Worm","floor":10,"turns":5},{"damage":34,"enemies":"3 Sentries","floor":11,"turns":13},{"damage":4,"enemies":"3 Sentries","floor":14,"turns":8},{"damage":10,"enemies":"Large Slime","floor":15,"turns":8},{"damage":53,"enemies":"downfall:Silent","floor":16,"turns":12}],"seed_played":"2513584844983827630","potions_obtained":[{"floor":4,"key":"EssenceOfSteel"},{"floor":9,"key":"Strength Potion"},{"floor":15,"key":"Fire Potion"}],"is_trial":false,"path_per_floor":["R","?","$","M","?","?","T","?","M","M","E","?","R","?","M","B"],"character_chosen":"GUARDIAN","items_purchased":["Guardian:EvasiveProtocol"],"campfire_rested":1,"item_purchase_floors":[3],"current_hp_per_floor":[80,80,80,75,75,75,75,75,75,66,32,32,68,58,48,0,0,0],"gold":92,"neow_bonus":"THREE_RARE_CARDS","is_daily":false,"chose_seed":false,"campfire_upgraded":1,"win_rate":0.0,"timestamp":1610070397,"path_taken":["R","?","?","?","?","?","T","?","M","?","E","?","R","?","M","BOSS"],"items_purchased_type":["Card"],"build_version":"2020-12-22","purchased_purges":0,"victory":false,"max_hp_per_floor":[80,80,80,80,77,77,77,77,77,77,77,77,87,87,87,87,87,87],"card_choices":[{"not_picked":["Guardian:FierceBash","Guardian:ConstructionForm"],"picked":"Guardian:Gem_Orange","floor":0},{"not_picked":["Guardian:Gem_Green","Guardian:Gem_Red"],"picked":"Guardian:Harden","floor":3},{"not_picked":["Guardian:ShieldCharger","Guardian:Gem_Red"],"picked":"Guardian:Gem_Green","floor":4},{"not_picked":["Guardian:Incinerate","Guardian:TemporalStrike"],"picked":"Guardian:Suspension","floor":9},{"not_picked":["Guardian:WalkerClaw","Guardian:ShieldCharger"],"picked":"Guardian:ShieldSpikes","floor":10},{"not_picked":["Guardian:PolyBeam","Guardian:DonusPower"],"picked":"Guardian:GemFinder","floor":11},{"not_picked":["Guardian:Gem_Red","Guardian:Gem_Green"],"picked":"Guardian:Gem_Cyan","floor":15},{"not_picked":["Guardian:ShieldCharger","Guardian:Suspension"],"picked":"Guardian:Gem_Green","floor":15}],"player_experience":122488,"relics_obtained":[{"floor":11,"key":"Potion Belt"}],"event_choices":[{"cards_removed":["Parasite"],"damage_healed":0,"gold_gain":0,"player_choice":"Card Removal","damage_taken":0,"max_hp_gain":0,"max_hp_loss":0,"event_name":"The Cleric","floor":5,"gold_loss":0},{"cards_removed":["Regret"],"damage_healed":0,"gold_gain":0,"player_choice":"Purged","damage_taken":0,"max_hp_gain":0,"max_hp_loss":0,"event_name":"Purifier","floor":8,"gold_loss":0},{"damage_healed":0,"gold_gain":0,"player_choice":"Box","damage_taken":0,"relics_obtained":["CeramicFish"],"max_hp_gain":0,"max_hp_loss":0,"event_name":"Big Fish","floor":12,"gold_loss":0,"cards_obtained":["Regret"]}],"is_beta":false,"boss_relics":[],"items_purged_floors":[],"is_endless":false,"potions_floor_spawned":[4,9,14,15],"killed_by":"downfall:Silent","ascension_level":0}}