{"host":"ty2cix8xj6r3ad26","time":1610111761,"event":{"mods":["AchievementEnabler","BaseMod","BetterRewards","Minty Spire (QoL Compilation)","Replay The Spire","StSLib","SuperFastMode","The Bug Knight","The Cursed"],"gold_per_floor":[118,130,231,245,0,0,0],"floor_reached":6,"playtime":660,"items_purged":["HollowMod:NailStrikeStart","HollowMod:NailStrikeStart"],"score":36,"play_id":"d44ef5f8-ca33-4f93-b174-e556eebbcdc9","local_time":"20210108151601","is_ascension_mode":false,"campfire_choices":[],"circlet_count":0,"master_deck":["HollowMod:NailStrikeStart","HollowMod:NailStrikeStart","HollowMod:QuickDashStart","HollowMod:QuickDashStart","HollowMod:QuickDashStart","HollowMod:QuickDashStart","HollowMod:FocusHealStart","HollowMod:PogoStrike","HollowMod:GreatSlash","HollowMod:NewGlowingWomb","HollowMod:HuntersJournal","HollowMod:InfectedAttack","HollowMod:NewJinnsSoul","HollowMod:GoodIntentions","HollowMod:NewLastStag"],"relics":["HollowMod:VesselMask","Vajra","TungstenRod","Akabeko"],"acts_visited":["Exordium"],"potions_floor_usage":[6,6,6],"damage_taken":[{"damage":5,"enemies":"2 Louse","floor":1,"turns":2},{"damage":3,"enemies":"Jaw Worm","floor":2,"turns":3},{"damage":0,"enemies":"Small Slimes","floor":4,"turns":1},{"damage":4,"enemies":"Lagavulin","floor":6,"turns":5}],"seed_played":"6245914819444450883","potions_obtained":[{"floor":1,"key":"Reflective Coating"},{"floor":2,"key":"Venom Potion"}],"is_trial":false,"path_per_floor":["M","M","?","M","?","E"],"character_chosen":"THE_BUGKNIGHT","items_purchased":["Vajra","HollowMod:GreatSlash","HollowMod:NewGlowingWomb","HollowMod:HuntersJournal","Adrenaline Potion"],"campfire_rested":0,"item_purchase_floors":[0,0,0,0,0],"current_hp_per_floor":[35,38,21,21,21,23,23],"gold":0,"neow_bonus":"","is_daily":false,"chose_seed":false,"campfire_upgraded":0,"win_rate":0.0,"timestamp":1610111761,"path_taken":["M","M","?","M","?","E"],"items_purchased_type":["Relic","Card","Card","Card","Potion"],"build_version":"2020-12-22","purchased_purges":2,"victory":false,"max_hp_per_floor":[75,75,75,75,75,75,75],"card_choices":[{"not_picked":["HollowMod:LifebloodCocoon","HollowMod:NewJinnsSoul"],"picked":"HollowMod:InfectedAttack","floor":1},{"not_picked":["HollowMod:NewLittleFool","HollowMod:DescendingDark","HollowMod:ShapeofUnn"],"picked":"SKIP","floor":2},{"not_picked":["HollowMod:DescendingDark","HollowMod:SiblingsSouls"],"picked":"HollowMod:NewJinnsSoul","floor":3},{"not_picked":["HollowMod:FallenFury","HollowMod:SiblingsSouls"],"picked":"HollowMod:GoodIntentions","floor":3},{"not_picked":["HollowMod:NewLittleFool","HollowMod:GoodIntentions","HollowMod:CrystalDash"],"picked":"SKIP","floor":4}],"player_experience":459724,"relics_obtained":[{"floor":3,"key":"Akabeko"}],"event_choices":[],"is_beta":false,"boss_relics":[],"items_purged_floors":[0,0],"is_endless":false,"potions_floor_spawned":[1,2],"killed_by":"Lagavulin","ascension_level":0}}