{"host":"qgpuimdto8vl2dfg","time":1610085688,"event":{"mods":["Act Like it!","BaseMod","Colored Powertips","Gensokyo","KinomotoSakuraMod(Ä¾Ö®±¾Ó£)","Koishi","Minty Spire (QoL Compilation)","Quick Restart","Relic Stats","Replay The Spire","Shop Mod","StSLib"],"gold_per_floor":[110,57,70,20,20,353,353,371,371,371,371,384,400,500,500,597,597,609,609,176,187,203,237,237,266,266,299,315,340,340,175,175,274,274,284,284,284,284,301,311,336,336,336,366,366,443,475,336,336,336],"floor_reached":51,"playtime":2363,"items_purged":["Strike_B","Strike_B","Defend_B"],"score":1021,"play_id":"e48dc974-16db-4d4f-9df5-7ad40cb72a4e","local_time":"20210108140128","is_ascension_mode":true,"campfire_choices":[{"data":"Heatsinks","floor":7.0,"key":"SMITH"},{"data":"Glacier","floor":10.0,"key":"SMITH"},{"data":"Static Discharge","floor":15.0,"key":"SMITH"},{"data":"Static Discharge","floor":24.0,"key":"SMITH"},{"data":"Capacitor","floor":32.0,"key":"SMITH"},{"floor":42.0,"key":"RECALL"},{"data":"Echo Form","floor":49,"key":"SMITH"}],"circlet_count":0,"master_deck":["Defend_B","Defend_B+1","Defend_B","Zap","Dualcast+1","Heatsinks+1","Glacier+1","Static Discharge+1","Machine Learning","Coolheaded+1","Thunder Strike+1","Static Discharge+1","BasicCrystalCard+1","Creative AI+1","Capacitor+1","Echo Form+1","Turbo+1","White Noise+1"],"relics":["Cracked Core","NeowsBlessing","Solar Panel","ReplayTheSpireMod:Lightbulb","Old Coin","Meat on the Bone","Sozu","Membership Card","Replay:Antivirus Software","ReplayTheSpireMod:TigerMarble","Regal Pillow","Bag of Marbles","Replay:Bottled Snecko","Bronze Scales","PreservedInsect","Juzu Bracelet","Guide Book","Black Star","Ring of Hypnosis","Quantum Egg","Cables","Iron Hammer","Gremlin Horn","MealTicket","War Paint","Emotion Chip","ReplayTheSpireMod:Ninjato","OrangePellets"],"acts_visited":["Exordium","TheCity","TheCity"],"potions_floor_usage":[],"damage_taken":[{"damage":0.0,"enemies":"Small Slimes","floor":1.0,"turns":1.0},{"damage":0.0,"enemies":"Cultist","floor":3.0,"turns":1.0},{"damage":0.0,"enemies":"Gremlin Nob","floor":6.0,"turns":1.0},{"damage":1.0,"enemies":"Jaw Worm","floor":8.0,"turns":3.0},{"damage":11.0,"enemies":"3 Louse","floor":12.0,"turns":3.0},{"damage":1.0,"enemies":"Exordium Wildlife","floor":13.0,"turns":5.0},{"damage":58.0,"enemies":"Fading Forest","floor":16.0,"turns":11.0},{"damage":13.0,"enemies":"2 Thieves","floor":18.0,"turns":5.0},{"damage":0.0,"enemies":"Chosen","floor":21.0,"turns":6.0},{"damage":10.0,"enemies":"Centurion and Healer","floor":22.0,"turns":6.0},{"damage":22.0,"enemies":"Gremlin Leader","floor":23.0,"turns":8.0},{"damage":31.0,"enemies":"Book of Stabbing","floor":25.0,"turns":4.0},{"damage":33.0,"enemies":"Gremlin Leader","floor":27.0,"turns":6.0},{"damage":2.0,"enemies":"Shelled Parasite and Fungi","floor":28.0,"turns":3.0},{"damage":14.0,"enemies":"Replay:Snechameleon","floor":29.0,"turns":5.0},{"damage":28.0,"enemies":"Collector","floor":33.0,"turns":7.0},{"damage":18.0,"enemies":"Gensokyo:AncientGuardian","floor":35.0,"turns":4.0},{"damage":11.0,"enemies":"Gensokyo:3_Boulders","floor":39.0,"turns":4.0},{"damage":41.0,"enemies":"Gensokyo:4_Bats","floor":40.0,"turns":3.0},{"damage":7.0,"enemies":"Gensokyo:Doremy","floor":41.0,"turns":4.0},{"damage":10.0,"enemies":"Gensokyo:Kasen","floor":44.0,"turns":3.0},{"damage":3,"enemies":"Gensokyo:Marisa","floor":47,"turns":4},{"damage":0,"enemies":"Gensokyo:Scarlet_Devils","floor":50,"turns":5}],"seed_played":"-6692253388927410175","potions_obtained":[{"floor":3.0,"key":"SpeedPotion"},{"floor":12.0,"key":"Milkshake"},{"floor":13.0,"key":"SkillPotion"},{"floor":16.0,"key":"FocusPotion"}],"is_trial":false,"path_per_floor":["M","?","M","?","?","E","R","M","T","R","?","M","M","?","R","B",null,"M","?","$","M","M","E","R","E","T","E","M","E","?","$","R","B",null,"M","?","?","?","M","M","E","R","T","E","?","?","E","$","R","B",null],"character_chosen":"DEFECT","items_purchased":["Membership Card","Replay:Antivirus Software","ReplayTheSpireMod:TigerMarble","Coolheaded+1","Thunder Strike","Capacitor","Guide Book","OrangePellets"],"campfire_rested":0,"item_purchase_floors":[20,20,20,20,20,31,31,48],"current_hp_per_floor":[75,75,75,75,57,57,57,58,58,58,63,52,53,53,53,21,80,73,73,73,77,69,53,53,34,34,19,33,37,37,37,37,29,80,74,74,74,74,79,60,59,59,59,51,51,31,40,55,55,71],"gold":336,"neow_bonus":"THREE_ENEMY_KILL","is_daily":false,"chose_seed":false,"campfire_upgraded":6,"win_rate":0.0,"timestamp":1610085688,"path_taken":["M","?","?","?","?","E","R","M","T","R","?","M","?","?","R","BOSS","M","?","$","?","M","E","R","E","T","E","M","E","?","$","R","BOSS","M","?","?","?","M","M","E","R","T","E","?","?","E","$","R","BOSS"],"items_purchased_type":["Relic","Relic","Relic","Card","Card","Card","Relic","Relic"],"build_version":"2020-12-22","purchased_purges":3,"victory":true,"max_hp_per_floor":[75,75,75,75,75,75,75,75,75,75,80,80,80,80,80,80,80,80,80,80,80,80,80,80,80,80,80,80,80,80,80,80,80,80,80,80,80,80,80,80,80,80,80,80,80,80,80,80,80,80],"relic_stats":{"Regal Pillow":0,"Gremlin Horn":[0,0],"counters":[23,102],"PreservedInsect":232,"Juzu Bracelet":1,"War Paint":["Defend_B","Dualcast"],"Cables":[7,4,1,2,0],"Sozu":8,"OrangePellets":[0],"Emotion Chip":[0,0,0,0,0],"Bronze Scales":[126],"MealTicket":15,"Black Star":3,"obtain_stats":[{"Solar Panel":2,"Regal Pillow":23,"Gremlin Horn":44,"Juzu Bracelet":30,"Old Coin":6,"Sozu":17,"Emotion Chip":47,"MealTicket":44,"Iron Hammer":43,"Replay:Bottled Snecko":26,"Replay:Antivirus Software":20,"Cracked Core":0,"ReplayTheSpireMod:Ninjato":47,"NeowsBlessing":0,"Ring of Hypnosis":37,"Guide Book":31,"Quantum Egg":41,"PreservedInsect":29,"War Paint":46,"Cables":41,"OrangePellets":48,"Bronze Scales":27,"ReplayTheSpireMod:TigerMarble":20,"Bag of Marbles":25,"Black Star":34,"Membership Card":20,"ReplayTheSpireMod:Lightbulb":5,"Meat on the Bone":9},{"Solar Panel":1,"Regal Pillow":11,"Gremlin Horn":21,"Juzu Bracelet":15,"Old Coin":3,"Sozu":7,"Emotion Chip":22,"MealTicket":21,"Iron Hammer":20,"Replay:Bottled Snecko":12,"Replay:Antivirus Software":8,"Cracked Core":0,"ReplayTheSpireMod:Ninjato":22,"NeowsBlessing":0,"Ring of Hypnosis":17,"Guide Book":15,"Quantum Egg":20,"PreservedInsect":15,"War Paint":21,"Cables":20,"OrangePellets":22,"Bronze Scales":13,"ReplayTheSpireMod:TigerMarble":8,"Bag of Marbles":12,"Black Star":16,"Membership Card":8,"ReplayTheSpireMod:Lightbulb":2,"Meat on the Bone":4},{"Solar Panel":1,"Regal Pillow":50,"Gremlin Horn":93,"Juzu Bracelet":68,"Old Coin":3,"Sozu":25,"Emotion Chip":97,"MealTicket":93,"Iron Hammer":90,"Replay:Bottled Snecko":54,"Replay:Antivirus Software":30,"Cracked Core":0,"ReplayTheSpireMod:Ninjato":97,"NeowsBlessing":0,"Ring of Hypnosis":79,"Guide Book":68,"Quantum Egg":90,"PreservedInsect":68,"War Paint":93,"Cables":90,"OrangePellets":97,"Bronze Scales":60,"ReplayTheSpireMod:TigerMarble":30,"Bag of Marbles":54,"Black Star":75,"Membership Card":30,"ReplayTheSpireMod:Lightbulb":2,"Meat on the Bone":6}],"Meat on the Bone":96},"card_choices":[{"not_picked":["Panic Button","Redo","Turbo"],"picked":"SKIP","floor":1.0},{"not_picked":["Reprogram","Barrage","BasicCrystalCard"],"picked":"SKIP","floor":3.0},{"not_picked":["Cold Snap","BasicCrystalCard"],"picked":"Heatsinks","floor":6.0},{"not_picked":["Leap","Turbo"],"picked":"Glacier","floor":8.0},{"not_picked":["Conserve Battery","Stack","Fusion"],"picked":"SKIP","floor":12.0},{"not_picked":["Conserve Battery","Stack","Fusion"],"picked":"SKIP","floor":12.0},{"not_picked":["Lockon","Gash"],"picked":"Static Discharge","floor":13.0},{"not_picked":["Mirror Shield","Meteor Strike"],"picked":"Machine Learning","floor":16.0},{"not_picked":["BasicCrystalCard","BootSequence","Reinforced Body"],"picked":"SKIP","floor":18.0},{"not_picked":["Double Energy","Barrage+1"],"picked":"Static Discharge","floor":21.0},{"not_picked":["Sweeping Beam","Barrage","Stack"],"picked":"SKIP","floor":22.0},{"not_picked":["Compile Driver","Steam","Skim+1"],"picked":"SKIP","floor":23.0},{"not_picked":["Ball Lightning","ReplaySolidLightProjector"],"picked":"BasicCrystalCard+1","floor":25.0},{"not_picked":["Go for the Eyes","ReplayTheSpireMod:Repulse"],"picked":"Creative AI","floor":27.0},{"not_picked":["Tempest","Blizzard","Recycle"],"picked":"SKIP","floor":28.0},{"not_picked":["Gash","Heatsinks","Multi-Cast"],"picked":"SKIP","floor":29.0},{"not_picked":["Hyperbeam","Electrodynamics"],"picked":"Echo Form","floor":33.0},{"not_picked":["Compile Driver","Conserve Battery"],"picked":"Turbo+1","floor":35.0},{"not_picked":["Gash+1","Hologram","Leap+1"],"picked":"SKIP","floor":39.0},{"not_picked":["Stack+1","Coolheaded","Hologram"],"picked":"SKIP","floor":40.0},{"not_picked":["Panic Button+1","Ball Lightning"],"picked":"White Noise+1","floor":41.0},{"not_picked":["FIFO Queue+1","Sunder","Streamline"],"picked":"SKIP","floor":44.0},{"not_picked":["Gash","Streamline+1","Sunder"],"picked":"SKIP","floor":47}],"player_experience":439031,"relics_obtained":[{"floor":6.0,"key":"Old Coin"},{"floor":9.0,"key":"Meat on the Bone"},{"floor":23.0,"key":"Regal Pillow"},{"floor":25.0,"key":"Bag of Marbles"},{"floor":26.0,"key":"Replay:Bottled Snecko"},{"floor":27.0,"key":"Bronze Scales"},{"floor":29.0,"key":"PreservedInsect"},{"floor":37.0,"key":"Ring of Hypnosis"},{"floor":41.0,"key":"Quantum Egg"},{"floor":41.0,"key":"Cables"},{"floor":43.0,"key":"Iron Hammer"},{"floor":44.0,"key":"Gremlin Horn"},{"floor":44.0,"key":"MealTicket"},{"floor":46.0,"key":"War Paint"},{"floor":47,"key":"Emotion Chip"},{"floor":47,"key":"ReplayTheSpireMod:Ninjato"}],"event_choices":[{"damage_healed":0.0,"max_hp_gain":0.0,"max_hp_loss":0.0,"gold_gain":0.0,"event_name":"WeMeetAgain","player_choice":"Paid Gold","floor":2.0,"gold_loss":53.0,"damage_taken":0.0,"relics_obtained":["Solar Panel"]},{"cards_removed":["Strike_B"],"damage_healed":0.0,"max_hp_gain":0.0,"max_hp_loss":0.0,"gold_gain":0.0,"event_name":"The Cleric","player_choice":"Card Removal","floor":4.0,"gold_loss":50.0,"damage_taken":0.0},{"damage_healed":0.0,"max_hp_gain":0.0,"max_hp_loss":0.0,"gold_gain":0.0,"event_name":"Scrap Ooze","player_choice":"Success","floor":5.0,"gold_loss":0.0,"damage_taken":18.0,"relics_obtained":["ReplayTheSpireMod:Lightbulb"]},{"damage_healed":0.0,"max_hp_gain":5.0,"max_hp_loss":0.0,"gold_gain":0.0,"event_name":"Big Fish","player_choice":"Donut","floor":11.0,"gold_loss":0.0,"damage_taken":0.0},{"damage_healed":0.0,"max_hp_gain":0.0,"max_hp_loss":0.0,"gold_gain":100.0,"event_name":"Golden Shrine","player_choice":"Pray","floor":14.0,"gold_loss":0.0,"damage_taken":0.0},{"damage_healed":0.0,"max_hp_gain":0.0,"max_hp_loss":0.0,"gold_gain":0.0,"event_name":"Lab","player_choice":"Got Potions","floor":19.0,"gold_loss":0.0,"damage_taken":0.0}],"is_beta":false,"boss_relics":[{"not_picked":["Tiny House","FrozenCore"],"picked":"Sozu"},{"not_picked":["ReplayTheSpireMod:DimensionalGlitch","Replay:Wanted Poster"],"picked":"Black Star"}],"items_purged_floors":[20,31,48],"is_endless":false,"potions_floor_spawned":[3,12,13,16,21,28,29,33,41],"ascension_level":1}}