{"host":"Sean","time":1610117276,"event":{"mods":["BaseMod","Block Reminder","Colored Map","Colored Powertips","Highlight Path","Minty Spire (QoL Compilation)","Relic Stats"],"gold_per_floor":[116,128,147,163,177,177,208,208,232,232,12,12,66,241,241,345,345,355,394,394,13,13,66,66,168,222,222,292,176,301,301,301,400,400,442,442,494,128,128,160,160,173,246,246,278,293,293,68,68,68,68],"floor_reached":50,"playtime":4790,"items_purged":["Doubt","Strike_R","Strike_R","Strike_R"],"score":780,"play_id":"e1ede60f-d3a2-479a-8a4c-cf4ef6767bf6","local_time":"20210108144756","is_ascension_mode":true,"campfire_choices":[{"data":"Bash","floor":6.0,"key":"SMITH"},{"data":"True Grit","floor":10.0,"key":"SMITH"},{"data":"HandOfGreed","floor":12.0,"key":"SMITH"},{"data":"Power Through","floor":15.0,"key":"SMITH"},{"floor":24.0,"key":"REST"},{"data":"True Grit","floor":27.0,"key":"SMITH"},{"data":"Ghostly","floor":32,"key":"SMITH"},{"data":"Ghostly","floor":41,"key":"SMITH"},{"data":"Ghostly","floor":44,"key":"SMITH"},{"floor":49,"key":"RECALL"}],"circlet_count":0,"master_deck":["Strike_R","Strike_R","Defend_R+1","Defend_R","Defend_R","Defend_R","Bash+1","Reckless Charge+1","Shrug It Off","True Grit+1","Reckless Charge+1","Spot Weakness+1","Dropkick","HandOfGreed+1","Power Through+1","Headbutt","Demon Form","Rampage+1","True Grit+1","Evolve","Flex+1","Sentinel","Twin Strike+1","Metallicize","Shrug It Off","Ghostly+1","Ghostly+1","Ghostly+1","Ghostly","Ghostly","Corruption","Disarm+1","Ghostly+1","Feel No Pain","Regret","Armaments+1","Armaments+1","Writhe"],"relics":["Burning Blood","Toy Ornithopter","Blood Vial","Art of War","War Paint","Runic Pyramid","Nilry\u0027s Codex","Membership Card","Lantern","Juzu Bracelet","Gremlin Horn","Letter Opener","Vajra","WingedGreaves","Question Card","Cursed Key","Du-Vu Doll","Torii","Pantograph","MealTicket","Girya","OrangePellets","Whetstone"],"acts_visited":["Exordium","TheCity","TheBeyond"],"potions_floor_usage":[30,30,33,33,46,50,50],"damage_taken":[{"damage":5.0,"enemies":"Cultist","floor":1.0,"turns":4.0},{"damage":10.0,"enemies":"Small Slimes","floor":2.0,"turns":3.0},{"damage":7.0,"enemies":"Jaw Worm","floor":3.0,"turns":2.0},{"damage":4.0,"enemies":"Exordium Wildlife","floor":4.0,"turns":7.0},{"damage":18.0,"enemies":"Exordium Thugs","floor":5.0,"turns":5.0},{"damage":18.0,"enemies":"Gremlin Nob","floor":7.0,"turns":3.0},{"damage":20.0,"enemies":"Lagavulin","floor":13.0,"turns":4.0},{"damage":14.0,"enemies":"Hexaghost","floor":16.0,"turns":9.0},{"damage":23.0,"enemies":"Shell Parasite","floor":18.0,"turns":7.0},{"damage":7.0,"enemies":"Chosen","floor":19.0,"turns":4.0},{"damage":51.0,"enemies":"Gremlin Leader","floor":23.0,"turns":11.0},{"damage":33.0,"enemies":"Slavers","floor":25.0,"turns":6.0},{"damage":14,"enemies":"Centurion and Healer","floor":28,"turns":3},{"damage":10,"enemies":"Colosseum Slavers","floor":30,"turns":4},{"damage":20,"enemies":"Colosseum Nobs","floor":30,"turns":4},{"damage":14,"enemies":"Collector","floor":33,"turns":9},{"damage":2,"enemies":"3 Shapes","floor":35,"turns":5},{"damage":0,"enemies":"2 Orb Walkers","floor":37,"turns":7},{"damage":1,"enemies":"Nemesis","floor":40,"turns":13},{"damage":6,"enemies":"3 Darklings","floor":42,"turns":6},{"damage":1,"enemies":"Reptomancer","floor":45,"turns":6},{"damage":15,"enemies":"Transient","floor":46,"turns":5},{"damage":43,"enemies":"Time Eater","floor":50,"turns":4}],"seed_played":"-6844427449834450719","potions_obtained":[{"floor":4.0,"key":"Swift Potion"},{"floor":5.0,"key":"LiquidMemories"},{"floor":16.0,"key":"EntropicBrew"},{"floor":18.0,"key":"FairyPotion"},{"floor":25.0,"key":"Dexterity Potion"},{"floor":30,"key":"AttackPotion"},{"floor":33,"key":"Block Potion"},{"floor":35,"key":"EssenceOfSteel"},{"floor":46,"key":"Dexterity Potion"}],"is_trial":false,"path_per_floor":["M","M","M","M","M","R","E","?","T","R","$","R","E","?","R","B",null,"M","M","?","$","?","E","R","E","T","R","M","$","?","?","R","B",null,"M","?","?","$","?","E","R","M","T","R","E","M","?","$","R","B"],"character_chosen":"IRONCLAD","items_purchased":["HandOfGreed","Power Through","Membership Card","Lantern","Juzu Bracelet","Evolve","Metallicize","BloodPotion","Torii","PowerPotion","Pantograph","OrangePellets","Whetstone"],"campfire_rested":1,"item_purchase_floors":[11,11,21,21,21,21,29,29,38,38,38,48,48],"current_hp_per_floor":[73,69,68,70,58,58,46,39,39,39,39,39,27,27,27,21,65,50,51,35,35,29,13,37,42,42,42,36,36,48,40,40,35,39,40,40,40,40,40,40,40,40,40,40,40,33,40,40,40,0,0],"gold":68,"neow_bonus":"THREE_CARDS","is_daily":false,"chose_seed":false,"campfire_upgraded":8,"win_rate":0.0,"timestamp":1610117276,"path_taken":["M","M","M","M","M","R","E","?","T","R","$","R","E","?","R","BOSS","M","M","?","$","?","E","R","E","T","R","M","$","?","?","R","BOSS","M","?","?","?","?","E","R","M","T","R","E","M","?","$","R","BOSS"],"items_purchased_type":["Card","Card","Relic","Relic","Relic","Card","Card","Potion","Relic","Potion","Relic","Relic","Relic"],"build_version":"2020-12-18","purchased_purges":4,"victory":false,"max_hp_per_floor":[80,80,80,80,80,80,80,80,80,80,80,80,80,80,80,80,80,80,80,80,80,80,80,80,80,80,80,80,80,80,40,40,40,40,40,40,40,40,40,40,40,40,40,40,40,40,40,40,40,40,40],"relic_stats":{"Gremlin Horn":[20,20],"Torii":2,"counters":[23,131],"Juzu Bracelet":3,"Letter Opener":[153],"Whetstone":["Reckless Charge","Reckless Charge"],"War Paint":["Spot Weakness","Defend_R"],"Question Card":7,"Cursed Key":1,"Burning Blood":112,"Blood Vial":19,"OrangePellets":[0],"Pantograph":0,"MealTicket":0,"Art of War":[12],"obtain_stats":[{"Girya":45,"Lantern":21,"Gremlin Horn":23,"Torii":38,"Nilry\u0027s Codex":20,"Vajra":26,"Juzu Bracelet":21,"Letter Opener":25,"Whetstone":48,"War Paint":13,"Question Card":30,"Cursed Key":34,"Burning Blood":0,"Blood Vial":8,"Du-Vu Doll":37,"OrangePellets":48,"Pantograph":38,"MealTicket":40,"WingedGreaves":30,"Art of War":9,"Membership Card":21,"Toy Ornithopter":7,"Runic Pyramid":17},{"Girya":21,"Lantern":10,"Gremlin Horn":11,"Torii":18,"Nilry\u0027s Codex":10,"Vajra":12,"Juzu Bracelet":10,"Letter Opener":12,"Whetstone":22,"War Paint":7,"Question Card":15,"Cursed Key":16,"Burning Blood":0,"Blood Vial":6,"Du-Vu Doll":18,"OrangePellets":22,"Pantograph":18,"MealTicket":19,"WingedGreaves":15,"Art of War":6,"Membership Card":10,"Toy Ornithopter":6,"Runic Pyramid":8},{"Girya":122,"Lantern":48,"Gremlin Horn":59,"Torii":97,"Nilry\u0027s Codex":48,"Vajra":65,"Juzu Bracelet":48,"Letter Opener":65,"Whetstone":127,"War Paint":28,"Question Card":76,"Cursed Key":85,"Burning Blood":0,"Blood Vial":24,"Du-Vu Doll":97,"OrangePellets":127,"Pantograph":97,"MealTicket":110,"WingedGreaves":76,"Art of War":24,"Membership Card":48,"Toy Ornithopter":24,"Runic Pyramid":37}],"Toy Ornithopter":45},"card_choices":[{"not_picked":["Flex","Warcry"],"picked":"Reckless Charge","floor":0.0},{"not_picked":["Wild Strike","Perfected Strike"],"picked":"Headbutt","floor":1.0},{"not_picked":["Body Slam","Combust"],"picked":"Shrug It Off","floor":2.0},{"not_picked":["Blood for Blood","Inflame"],"picked":"True Grit","floor":3.0},{"not_picked":["Rupture","Entrench"],"picked":"Reckless Charge","floor":4.0},{"not_picked":["Rage","Perfected Strike"],"picked":"Spot Weakness","floor":5.0},{"not_picked":["Carnage","Power Through"],"picked":"Dropkick","floor":7.0},{"not_picked":["Thunderclap","Warcry"],"picked":"Headbutt","floor":13.0},{"not_picked":["Offering","Fiend Fire"],"picked":"Demon Form","floor":16.0},{"not_picked":["Clash","Wild Strike"],"picked":"Rampage+1","floor":18.0},{"not_picked":["Infernal Blade","Body Slam+1"],"picked":"True Grit","floor":19.0},{"not_picked":["Bludgeon","Headbutt"],"picked":"Flex+1","floor":23.0},{"not_picked":["Thunderclap+1","Perfected Strike"],"picked":"Sentinel","floor":25.0},{"not_picked":["Shrug It Off","Headbutt"],"picked":"Twin Strike+1","floor":28},{"not_picked":["Headbutt","Cleave"],"picked":"Shrug It Off","floor":30},{"not_picked":["Double Tap","Brutality","Demon Form"],"picked":"Corruption","floor":33},{"not_picked":["Anger","Carnage+1","Thunderclap+1","Reckless Charge+1"],"picked":"SKIP","floor":35},{"not_picked":["Perfected Strike+1","Thunderclap","Feel No Pain"],"picked":"Disarm+1","floor":37},{"not_picked":["Bloodletting+1","Fire Breathing+1","Double Tap","Searing Blow+1"],"picked":"SKIP","floor":40},{"not_picked":["Pommel Strike","Intimidate","Fire Breathing+1"],"picked":"Feel No Pain","floor":42},{"not_picked":["Clash","Blood for Blood+1","Thunderclap+1"],"picked":"Armaments+1","floor":45},{"not_picked":["Dropkick+1","Headbutt+1","Anger"],"picked":"Armaments+1","floor":46}],"player_experience":399622,"relics_obtained":[{"floor":7.0,"key":"Toy Ornithopter"},{"floor":9.0,"key":"Art of War"},{"floor":13.0,"key":"War Paint"},{"floor":20.0,"key":"Nilry\u0027s Codex"},{"floor":23.0,"key":"Gremlin Horn"},{"floor":25.0,"key":"Letter Opener"},{"floor":26.0,"key":"Vajra"},{"floor":30,"key":"WingedGreaves"},{"floor":30,"key":"Question Card"},{"floor":37,"key":"Du-Vu Doll"},{"floor":40,"key":"MealTicket"},{"floor":45,"key":"Girya"}],"event_choices":[{"damage_healed":0.0,"max_hp_gain":0.0,"max_hp_loss":0.0,"gold_gain":0.0,"event_name":"Scrap Ooze","player_choice":"Success","floor":8.0,"gold_loss":0.0,"damage_taken":7.0,"relics_obtained":["Blood Vial"]},{"damage_healed":0.0,"max_hp_gain":0.0,"max_hp_loss":0.0,"gold_gain":175.0,"event_name":"Liars Game","player_choice":"AGREE","floor":14.0,"gold_loss":0.0,"damage_taken":0.0,"cards_obtained":["Doubt"]},{"damage_healed":0.0,"max_hp_gain":0.0,"max_hp_loss":0.0,"gold_gain":0.0,"event_name":"Cursed Tome","player_choice":"Obtained Book","floor":20.0,"gold_loss":0.0,"damage_taken":16.0},{"damage_healed":0.0,"max_hp_gain":0.0,"max_hp_loss":0.0,"gold_gain":0.0,"event_name":"Knowing Skull","player_choice":"","floor":22.0,"potions_obtained":[],"gold_loss":0.0,"damage_taken":6.0,"cards_obtained":[]},{"damage_healed":0,"gold_gain":0,"player_choice":"Fight","damage_taken":0,"max_hp_gain":0,"max_hp_loss":0,"event_name":"Colosseum","floor":30,"gold_loss":0},{"damage_healed":0,"gold_gain":0,"player_choice":"Fought Nobs","damage_taken":0,"max_hp_gain":0,"max_hp_loss":0,"event_name":"Colosseum","floor":30,"gold_loss":0},{"damage_healed":0,"gold_gain":0,"player_choice":"Became a Ghost","damage_taken":0,"max_hp_gain":0,"max_hp_loss":40,"event_name":"Ghosts","floor":31,"gold_loss":0,"cards_obtained":["Ghostly","Ghostly","Ghostly","Ghostly","Ghostly"]},{"cards_removed":["Headbutt"],"damage_healed":0,"gold_gain":0,"player_choice":"Removed Attack","damage_taken":0,"max_hp_gain":0,"max_hp_loss":0,"event_name":"Falling","floor":36,"gold_loss":0},{"damage_healed":0,"gold_gain":0,"player_choice":"Fight","damage_taken":0,"max_hp_gain":0,"max_hp_loss":0,"event_name":"Mysterious Sphere","floor":37,"gold_loss":0},{"damage_healed":0,"gold_gain":0,"player_choice":"Copied","damage_taken":0,"max_hp_gain":0,"max_hp_loss":0,"event_name":"Duplicator","floor":39,"gold_loss":0,"cards_obtained":["Ghostly"]},{"damage_healed":10,"gold_gain":0,"player_choice":"Writhe","damage_taken":0,"max_hp_gain":0,"max_hp_loss":0,"event_name":"Winding Halls","floor":47,"gold_loss":0,"cards_obtained":["Writhe"]}],"is_beta":true,"boss_relics":[{"not_picked":["Sozu","Runic Dome"],"picked":"Runic Pyramid"},{"not_picked":["Runic Cube","SlaversCollar"],"picked":"Cursed Key"}],"items_purged_floors":[21,29,38,48],"is_endless":false,"potions_floor_spawned":[4,5,16,18,19,25,30,30,33,35,40,46],"killed_by":"Time Eater","ascension_level":6}}