{"host":"tnsigirk6wurdark","time":1610073509,"event":{"mods":["BaseMod","Colored Map","Colored Powertips","DeckTracker","Highlight Path","Minty Spire (QoL Compilation)","Quick Restart","Relic Sorter","StSLib","SuperFastMode","Synergy Search"],"gold_per_floor":[19,19,37,48,68,68,95,95,95,129,147,173,192,222,222,222,222],"floor_reached":16,"playtime":818,"items_purged":[],"score":153,"play_id":"45e0f0af-e7dd-4a10-a6f3-0b0e7a5ad27d","local_time":"20210108023829","is_ascension_mode":true,"campfire_choices":[{"data":"Venomology","floor":6,"key":"SMITH"},{"data":"Deflect","floor":8,"key":"SMITH"},{"floor":15,"key":"REST"}],"circlet_count":0,"master_deck":["Strike_G","Strike_G","Strike_G","Strike_G","Strike_G","Defend_G","Defend_G","Defend_G","Defend_G","Defend_G","Survivor","Neutralize","Venomology+1","Backstab","Deflect+1","Blade Dance","Outmaneuver+1","Dodge and Roll+1","PiercingWail+1","Backflip+1"],"relics":["Ring of the Snake","Mango","Toxic Egg 2","Calipers","Paper Crane","Boot"],"acts_visited":["Exordium"],"potions_floor_usage":[1,3,3,5,5,7,7,7,7,7,7,7,7,10,10,12,12,12,13,16],"damage_taken":[{"damage":1,"enemies":"Small Slimes","floor":1,"turns":4},{"damage":0,"enemies":"Cultist","floor":3,"turns":2},{"damage":0,"enemies":"2 Louse","floor":4,"turns":3},{"damage":0,"enemies":"Blue Slaver","floor":5,"turns":2},{"damage":5,"enemies":"Lagavulin","floor":7,"turns":3},{"damage":20,"enemies":"Gremlin Nob","floor":10,"turns":4},{"damage":6,"enemies":"3 Louse","floor":11,"turns":3},{"damage":23,"enemies":"Lagavulin","floor":12,"turns":7},{"damage":5,"enemies":"Large Slime","floor":13,"turns":8},{"damage":55,"enemies":"The Guardian","floor":16,"turns":16}],"seed_played":"8695033665830314259","potions_obtained":[{"floor":2,"key":"AttackPotion"},{"floor":7,"key":"SmokeBomb"},{"floor":10,"key":"Poison Potion"}],"is_trial":false,"path_per_floor":["M","?","M","M","M","R","E","R","T","E","M","E","M","?","R","B"],"character_chosen":"THE_SILENT","items_purchased":[],"campfire_rested":1,"item_purchase_floors":[],"current_hp_per_floor":[69,69,69,69,69,69,64,64,78,58,52,29,24,24,49,0,0],"gold":222,"neow_bonus":"THREE_RARE_CARDS","is_daily":false,"chose_seed":false,"campfire_upgraded":2,"win_rate":0.0,"timestamp":1610073509,"path_taken":["M","?","?","M","M","R","E","R","T","E","M","E","M","?","R","BOSS"],"items_purchased_type":[],"build_version":"2020-12-22","purchased_purges":0,"victory":false,"max_hp_per_floor":[70,70,70,70,70,70,70,70,84,84,84,84,84,84,84,84,84],"card_choices":[{"not_picked":["Doppelganger","Malaise"],"picked":"Venomology","floor":0},{"not_picked":["Backflip","Prepared"],"picked":"Backstab","floor":1},{"not_picked":["Flying Knee","Sucker Punch"],"picked":"Deflect","floor":3},{"not_picked":["Tactician","Flying Knee","Dagger Spray"],"picked":"SKIP","floor":4},{"not_picked":["Poisoned Stab","Predator"],"picked":"Blade Dance","floor":5},{"not_picked":["Expertise+1","Masterful Stab","Poisoned Stab"],"picked":"SKIP","floor":7},{"not_picked":["Underhanded Strike","Storm of Steel+1"],"picked":"Outmaneuver+1","floor":10},{"not_picked":["PiercingWail+1","Poisoned Stab"],"picked":"Dodge and Roll+1","floor":11},{"not_picked":["Skewer","Outmaneuver+1"],"picked":"PiercingWail+1","floor":12},{"not_picked":["Sucker Punch","Dagger Spray"],"picked":"Backflip+1","floor":13}],"player_experience":648805,"relics_obtained":[{"floor":7,"key":"Toxic Egg 2"},{"floor":9,"key":"Mango"},{"floor":10,"key":"Calipers"},{"floor":12,"key":"Paper Crane"}],"event_choices":[{"damage_healed":0,"gold_gain":0,"player_choice":"Got Potions","damage_taken":0,"max_hp_gain":0,"max_hp_loss":0,"event_name":"Lab","floor":2,"gold_loss":0},{"damage_healed":0,"gold_gain":30,"player_choice":"Searched \u00273\u0027 times","damage_taken":0,"relics_obtained":["Boot"],"max_hp_gain":0,"max_hp_loss":0,"event_name":"Dead Adventurer","floor":14,"gold_loss":0}],"is_beta":false,"boss_relics":[],"items_purged_floors":[],"is_endless":false,"potions_floor_spawned":[4,7,10],"killed_by":"The Guardian","ascension_level":5}}