{"host":"j1eo1fqrqta44853","time":1610142069,"event":{"mods":["Act Like it!","Bartender","BaseMod","CatGirl Mod","Custom Start","Downfall","Elementarium","Gensokyo","GungeonMod","HololiveMod","Hubris","Infinite Spire","KinomotoSakuraMod(????)","Koishi","Lobotomy","LobotomyExtend","Marisa????????","Minty Spire (QoL Compilation)","Pale of the Ancients","Rare Cards Sparkle","Reimu??????","Replay The Spire","SIMod","Shedinja","StSLib","The Alterego","The Jungle","The Marked","The Mystic","The Runesmith","The Senshi","The Vixen","TheBandit","Waifu the Spire","WarShipGirlsR/????R mod","Yakumo Yukari mod"],"gold_per_floor":[111,32,32,44,144,144,177,177,229,312,312,332,343,394,394,499,499,519,535,535,535,495,524,524,557,557,557,36,49,62,74,74,178,178,197,107,107,123,141,167,167,196,196,59,59,74,74,74,74,74,92,105,105,156,156,156,156,204,204,204,204],"floor_reached":60,"playtime":8062,"items_purged":["hubris:Gluttony"],"score":987,"play_id":"3219845b-b418-462a-8d60-d2595b804e09","local_time":"20210108154109","is_ascension_mode":false,"campfire_choices":[{"floor":6,"key":"RECALL"},{"floor":11,"key":"REST"},{"floor":15,"key":"REST"},{"data":"Spirits_Within","floor":24,"key":"SMITH"},{"data":"Bicycle_Kick","floor":27,"key":"SMITH"},{"data":"Breathe_Deep","floor":32,"key":"SMITH"},{"data":"Free_Pour","floor":41,"key":"SMITH"},{"data":"Cold_Blooded","floor":45,"key":"SMITH"},{"data":"Blizzard_Spikes","floor":47,"key":"SMITH"},{"data":"With_A_Twist","floor":49,"key":"SMITH"},{"data":"Coeurl_Form","floor":55,"key":"SMITH"},{"data":"With_A_Twist","floor":57,"key":"SMITH"}],"circlet_count":0,"master_deck":["Strike_Bartender","Strike_Bartender","Strike_Bartender","Defend_Bartender","Defend_Bartender","Defend_Bartender","Defend_Bartender","Somersault","Breathe_Deep+1","Dragonkick","With_A_Twist+1","Coeurl_Form+1","Dragonkick","Center_Self","Cold_Blooded","Spirits_Within+1","Press_Forward","Step_Of_The_Wind+1","Gensokyo:HAARP+1","Bicycle_Kick+1","With_A_Twist+1","Meteodrive+1","Blizzard_Spikes+1","Center_Self","Combo_Master+1","Snap_Punch+1","Gensokyo:CustomPotion","Snap_Punch+1","Free_Pour+1","Step_Of_The_Wind+1","Cold_Blooded+1","Elbow_Slash"],"relics":["Sneakers","ReplayTheSpireMod:CursedCoin","DemoMod:WhiteGuonStone","hubris:Towel","DemoMod:OrangeGuonStone","infinitespire:ShieldingShard","MealTicket","Nunchaku","hubris:CuriousFeather","infinitespire:BottledMercury","Water_Ring","TheAbacus","DemoMod:MeatBun","Sling","Juzu Bracelet","hubris:Backtick","Protect_Vest","hubris:MysteriousPyramids","Power_Wrist","Gremlin Horn","paleoftheancients:Timepiece","paleoftheancients:KeyRelic","Ice Cream","Bronze Scales","paleoftheancients:SoulOfTheShapes","Orichalcum","DemoMod:MonsterBlood"],"acts_visited":["Gensokyo:Gensokyo","Gensokyo:Gensokyoer","Gensokyo:Gensokyoest","paleoftheancients:PaleOfTheAncients"],"potions_floor_usage":[5,7,16,19,23,23,33,35,35,39,42,46,52,56],"damage_taken":[{"damage":0,"enemies":"Gensokyo:2_Kodama","floor":1,"turns":6},{"damage":0,"enemies":"Gensokyo:3_Fairies","floor":4,"turns":3},{"damage":16,"enemies":"Gensokyo:Cirno","floor":7,"turns":7},{"damage":0,"enemies":"Gensokyo:Gryphon","floor":12,"turns":3},{"damage":0,"enemies":"Gensokyo:Kitsune","floor":13,"turns":2},{"damage":11,"enemies":"Gensokyo:Yukari","floor":16,"turns":6},{"damage":3,"enemies":"Gensokyo:AngelMirror","floor":18,"turns":6},{"damage":0,"enemies":"Gensokyo:Chomper","floor":19,"turns":4},{"damage":1,"enemies":"Gensokyo:Reisen","floor":23,"turns":8},{"damage":20,"enemies":"Gensokyo:Tenshi","floor":25,"turns":5},{"damage":2,"enemies":"Gensokyo:Mirror_and_Dog","floor":29,"turns":4},{"damage":0,"enemies":"Gensokyo:Chomper_and_Gloop","floor":30,"turns":5},{"damage":0,"enemies":"Gensokyo:Wraith","floor":31,"turns":5},{"damage":29,"enemies":"Gensokyo:Kaguya","floor":33,"turns":7},{"damage":0,"enemies":"Gensokyo:3_Boulders","floor":35,"turns":4},{"damage":0,"enemies":"Gensokyo:AncientGuardian","floor":38,"turns":4},{"damage":0,"enemies":"Gensokyo:4_Bats","floor":39,"turns":5},{"damage":0,"enemies":"Gensokyo:Marisa","floor":40,"turns":6},{"damage":0,"enemies":"Gensokyo:Doremy","floor":42,"turns":6},{"damage":5,"enemies":"Gensokyo:Rafflesia","floor":46,"turns":7},{"damage":22,"enemies":"Gensokyo:Scarlet_Devils","floor":50,"turns":9},{"damage":10,"enemies":"Gensokyo:Scarlet_Devils","floor":51,"turns":6},{"damage":30,"enemies":"Gensokyo:Scarlet_Devils","floor":52,"turns":11},{"damage":57,"enemies":"Gensokyo:Scarlet_Devils","floor":56,"turns":9},{"damage":90,"enemies":"paleoftheancients:N","floor":60,"turns":11}],"seed_played":"5001419343349472697","potions_obtained":[{"floor":4,"key":"Fruit Juice"},{"floor":7,"key":"Fire Potion"},{"floor":13,"key":"FearPotion"},{"floor":16,"key":"Elixir"},{"floor":18,"key":"DemoMod:LeadSkinPotion"},{"floor":23,"key":"Explosive Potion"},{"floor":29,"key":"Swift Potion"},{"floor":30,"key":"Dexterity Potion"},{"floor":40,"key":"CultistPotion"},{"floor":42,"key":"SkillPotion"},{"floor":51,"key":"Block Potion"}],"is_trial":false,"path_per_floor":["M","$","?","M","?","R","E","?","T","?","R","M","M","T","R","B",null,"M","M","AVR","?","?","E","R","E","T","R","COS","M","M","M","R","B",null,"M","?","?","M","M","E","R","E","T","$","R","M","R","?","R","B","M","M","?","T","R","M","R","T","?","B"],"character_chosen":"BARTENDER","items_purchased":["ReplayTheSpireMod:CursedCoin","DemoMod:WhiteGuonStone","Cold_Blooded"],"campfire_rested":2,"item_purchase_floors":[2,2,44],"current_hp_per_floor":[70,70,70,70,75,75,59,44,44,14,36,36,36,36,58,47,75,72,72,72,68,68,67,67,47,47,47,61,59,59,59,59,30,68,68,68,68,68,68,68,68,68,68,68,68,63,63,63,63,68,63,52,52,52,52,68,68,75,75,0,0],"gold":204,"neow_bonus":"ONE_RANDOM_RARE_CARD","is_daily":false,"chose_seed":false,"campfire_upgraded":9,"win_rate":0.0,"timestamp":1610142069,"path_taken":["M","?","?","?","?","R","E","?","T","?","R","M","M","?","R","BOSS","M","M","AVR","?","?","E","R","E","T","R","COS","M","M","M","R","BOSS","M","?","?","M","M","E","R","E","T","?","R","M","R","?","R","BOSS","M","M","?","T","R","M","R","T","?","BOSS"],"items_purchased_type":["Relic","Relic","Card"],"build_version":"2020-12-22","purchased_purges":1,"victory":false,"max_hp_per_floor":[70,70,70,70,75,75,75,75,75,75,75,75,75,75,75,75,75,75,75,75,68,68,68,68,68,68,68,68,68,68,68,68,68,68,68,68,68,68,68,68,68,68,68,68,68,68,68,68,68,68,68,68,68,68,68,68,68,75,75,75,75],"card_choices":[{"not_picked":["Hook","Vortex"],"picked":"Dragonkick","floor":1},{"not_picked":["Step_Of_The_Wind","Well_Drinks"],"picked":"With_A_Twist","floor":4},{"not_picked":["Breathe_Deep","Insight_B"],"picked":"Coeurl_Form","floor":7},{"not_picked":["Snap_Punch","Sucker_Punch"],"picked":"Dragonkick","floor":10},{"not_picked":["Power_Up_Punch","Raptor_Form"],"picked":"Center_Self","floor":10},{"not_picked":["Perfect_Balance","Foot_Thrust"],"picked":"Sucker_Punch","floor":12},{"not_picked":["Stick_and_Move","Ripple"],"picked":"Cold_Blooded","floor":13},{"not_picked":["High_Tide","Dolphin_Blow"],"picked":"Spirits_Within","floor":16},{"not_picked":["Stick_and_Move","Dragonkick+1"],"picked":"Press_Forward","floor":18},{"not_picked":["Free_Pour","Bitters"],"picked":"Step_Of_The_Wind+1","floor":19},{"not_picked":["Gensokyo:Kunekune","Gensokyo:LochNessMonster"],"picked":"Gensokyo:HAARP","floor":21},{"not_picked":["Hook","Axe_Heel_Kick"],"picked":"Bicycle_Kick","floor":23},{"not_picked":["Mirage","Dancing_Jab"],"picked":"With_A_Twist","floor":25},{"not_picked":["Well_Drinks","Step_Of_The_Wind"],"picked":"Meteodrive+1","floor":29},{"not_picked":["Ripple","With_A_Twist"],"picked":"Blizzard_Spikes","floor":30},{"not_picked":["Dancing_Jab+1","Press_Forward"],"picked":"Center_Self","floor":31},{"not_picked":["Spirits_Within","Breathe_Deep"],"picked":"Combo_Master","floor":33},{"not_picked":["Stick_and_Move","Feint"],"picked":"Snap_Punch+1","floor":35},{"not_picked":["Fading_Blow","Raptor_Form"],"picked":"Snap_Punch+1","floor":38},{"not_picked":["Sucker_Punch+1","Power_Up_Punch"],"picked":"Free_Pour","floor":39},{"not_picked":["Snap_Punch","Ball_Of_Ice","Alacrity"],"picked":"SKIP","floor":40},{"not_picked":["Bitters","Greased_Lightning+1"],"picked":"Step_Of_The_Wind+1","floor":42},{"not_picked":["Feint+1","Step_Of_The_Wind+1","Beat_Rush"],"picked":"SKIP","floor":46},{"not_picked":["Mirage+1","Free_Pour","Feint+1"],"picked":"SKIP","floor":51},{"not_picked":["Press_Forward+1","Step_Of_The_Wind+1"],"picked":"Elbow_Slash","floor":52}],"player_experience":1083989,"relics_obtained":[{"floor":7,"key":"DemoMod:OrangeGuonStone"},{"floor":10,"key":"MealTicket"},{"floor":14,"key":"Nunchaku"},{"floor":23,"key":"hubris:CuriousFeather"},{"floor":25,"key":"infinitespire:BottledMercury"},{"floor":26,"key":"Water_Ring"},{"floor":40,"key":"hubris:MysteriousPyramids"},{"floor":42,"key":"Power_Wrist"},{"floor":43,"key":"Gremlin Horn"},{"floor":51,"key":"paleoftheancients:SoulOfTheShapes"},{"floor":54,"key":"Orichalcum"},{"floor":58,"key":"DemoMod:MonsterBlood"}],"event_choices":[{"cards_removed":["Strike_Bartender"],"damage_healed":0,"gold_gain":0,"player_choice":"Purged","damage_taken":0,"max_hp_gain":0,"max_hp_loss":0,"event_name":"Purifier","floor":53,"gold_loss":0}],"is_beta":false,"boss_relics":[{"not_picked":["Fusion Hammer","Honey Jar","hubris:Stopwatch"]},{"not_picked":["Snecko Eye","Hololive_Finger"],"picked":"hubris:Backtick"}],"items_purged_floors":[2],"is_endless":false,"potions_floor_spawned":[4,7,13,16,18,23,29,30,40,42,51],"killed_by":"paleoftheancients:N","ascension_level":0}}