{"host":"uiaocagxbjlinul0","time":1610067635,"event":{"mods":["100% Spire Juice","Act Like it!","BaseMod","Better Match","Block Reminder","CapriCore","ChefMod","Downfall","GifTheSpireLib","Hallownest","Hermit","Minty Spire (QoL Compilation)","Quick Restart","Shade Mod","StSLib","Stuff the Spire","The Animator","The Bug Knight","The Caster","The Immortal","The Marked","The Runesmith","The Spell Scribe","TheSwordswoman","TheVacant","TheWitcher","Wandering Minibosses"],"gold_per_floor":[99,114,114,114,125,145,171,187,216,216,230,47,63,63,54,49,49,49],"floor_reached":16,"playtime":755,"items_purged":[],"score":104,"play_id":"7142e085-0515-491c-af54-7a6b5f6b47bb","local_time":"20210107170035","is_ascension_mode":false,"campfire_choices":[{"data":"Guardian:TwinSlam","floor":1,"key":"SMITH"}],"circlet_count":0,"master_deck":["Guardian:Strike_Guardian","Guardian:Strike_Guardian","Guardian:Strike_Guardian","Guardian:Defend_Guardian","Guardian:Defend_Guardian","Guardian:Defend_Guardian","Guardian:Defend_Guardian","Guardian:CurlUp","Guardian:TwinSlam+1","Guardian:PrismaticBeam","Guardian:SpikerProtocol+1","Guardian:RollAttack+1","Guardian:PiercingHide","Guardian:DecasProtection","Guardian:SpikerProtocol","Guardian:Clone","Guardian:Gem_Red","Guardian:Gem_Crimson","Guardian:Repulse","Guardian:Gem_Lightblue","StuffTheSpire:CuriosityCurse","Guardian:Reroute"],"relics":["Guardian:ModeShifter","NeowsBlessing","Hallownest:DreamNailRelic","Bag of Preparation","PreservedInsect","HollowMod:PaleOreRelic"],"acts_visited":["Hallownest:Greenpath"],"potions_floor_usage":[9,12,16],"damage_taken":[{"damage":0,"enemies":"Hallownest:2_Tiktiks_and_1_Crawlid","floor":2,"turns":2},{"damage":0,"enemies":"2_ Uuma","floor":5,"turns":1},{"damage":0,"enemies":"Hallownest:monsterHuskWarrior","floor":6,"turns":1},{"damage":0,"enemies":"Hallownest:monsterMossCharger","floor":8,"turns":4},{"damage":11,"enemies":"Hallownest:eliteMossKnight","floor":9,"turns":19},{"damage":15,"enemies":"Hallownest:1_Ooma_and_2_Uuma","floor":11,"turns":3},{"damage":6,"enemies":"downfall:FleeingMerchant","floor":12,"turns":4},{"damage":16,"enemies":"Hallownest:monsterFoolEater","floor":13,"turns":5},{"damage":10,"enemies":"Hallownest:Wandering_and_Horned","floor":15,"turns":6},{"damage":26,"enemies":"downfall:Ironclad","floor":16,"turns":5}],"seed_played":"459038178723457417","potions_obtained":[{"floor":8,"key":"Fire Potion"},{"floor":9,"key":"EssenceOfSteel"},{"floor":11,"key":"hexamod:EctoCoolerPotion"},{"floor":13,"key":"DistilledChaos"}],"is_trial":false,"path_per_floor":["R","M","?","?","M","M","T","M","E","?","M","$","M","?","M","B"],"character_chosen":"GUARDIAN","items_purchased":["Guardian:Gem_Red","Guardian:Gem_Crimson","Guardian:Repulse"],"campfire_rested":0,"item_purchase_floors":[12,12,12],"current_hp_per_floor":[80,80,80,80,80,80,80,80,69,69,54,48,32,32,22,0,0,0],"gold":49,"neow_bonus":"THREE_ENEMY_KILL","is_daily":false,"chose_seed":false,"campfire_upgraded":1,"win_rate":0.0,"timestamp":1610067635,"path_taken":["R","M","?","?","?","M","T","?","E","?","M","$","M","?","M","BOSS"],"items_purchased_type":["Card","Card","Card"],"build_version":"2020-12-22","purchased_purges":0,"victory":false,"max_hp_per_floor":[80,80,80,80,80,80,80,80,80,80,80,80,80,80,80,80,80,80],"card_choices":[{"not_picked":["Guardian:Suspension","Guardian:Gem_Green"],"picked":"Guardian:PrismaticBeam","floor":2},{"not_picked":["Guardian:FloatingOrbs+1","Guardian:ArmoredProtocol+1"],"picked":"Guardian:SpikerProtocol+1","floor":3},{"not_picked":["Guardian:Gem_Red","Guardian:TemporalShield+1"],"picked":"Guardian:RollAttack+1","floor":3},{"not_picked":["Guardian:TemporalStrike","Guardian:TemporalShield"],"picked":"Guardian:PiercingHide","floor":5},{"not_picked":["Guardian:RefractedBeam","Guardian:Gem_Fragmented"],"picked":"Guardian:Gem_Red","floor":6},{"not_picked":["Guardian:RefractedBeam","Guardian:Reroute"],"picked":"Guardian:Gem_Orange","floor":8},{"not_picked":["Guardian:Gem_Cyan","Guardian:CrystalBeam"],"picked":"Guardian:DecasProtection","floor":9},{"not_picked":["Guardian:ChargeUp","Guardian:RollAttack"],"picked":"Guardian:SpikerProtocol","floor":11},{"not_picked":["Guardian:CrystalBeam","Guardian:VentSteam"],"picked":"Guardian:Clone","floor":12},{"not_picked":["Guardian:GuardianWhirl","Guardian:ChargeUp"],"picked":"Guardian:Gem_Lightblue","floor":13},{"not_picked":["Guardian:VentSteam","Guardian:PrismaticBeam"],"picked":"Guardian:Reroute","floor":15}],"player_experience":163225,"relics_obtained":[{"floor":7,"key":"Bag of Preparation"},{"floor":9,"key":"PreservedInsect"}],"event_choices":[{"damage_healed":0,"gold_gain":0,"player_choice":"2","damage_taken":0,"max_hp_gain":0,"max_hp_loss":0,"event_name":"betterMatch:BetterMatch","floor":3,"gold_loss":0,"cards_obtained":["betterMatch:UncommonCard","betterMatch:CommonCard"]}],"is_beta":false,"boss_relics":[],"items_purged_floors":[],"is_endless":false,"potions_floor_spawned":[8,9,11,13],"killed_by":"downfall:Ironclad","ascension_level":0}}