{"host":"eemx8njkng76fu5x","time":1610137353,"event":{"mods":["2.2 Compatiblity","BaseMod","Downfall","Minty Spire (QoL Compilation)","Permanent Neow","StSLib","Unceasing Turn Reminder","Unknown Chances"],"gold_per_floor":[0,14,30,30,30,40,66,92,17,31,31,46,31,58,66,177,177,27,55,73,273,332,332,332,356,420,420,532,424,424,458,724,840,840,840,860,1125,1513,1613,3322,3322,3623,4291,4291,4863,6043,79,148,195,219,219,302,16,16,20],"floor_reached":56,"playtime":4336,"items_purged":["hexamod:Haunted"],"score":2026,"play_id":"7d4918f6-b45a-4948-9652-77c6501cfb62","local_time":"20210109042233","is_ascension_mode":true,"campfire_choices":[{"data":"sneckomod:MorePower","floor":1,"key":"SMITH"},{"floor":9,"key":"RECALL"},{"data":"sneckomod:Rotation","floor":11,"key":"SMITH"},{"data":"sneckomod:GlitteringGambit","floor":18,"key":"SMITH"},{"data":"Malaise","floor":23,"key":"SMITH"},{"data":"sneckomod:SoulCleanse","floor":27,"key":"SMITH"},{"data":"sneckomod:Restock","floor":30,"key":"SMITH"},{"data":"sneckomod:Rotation","floor":35,"key":"SMITH"},{"data":"sneckomod:DangerNoodle","floor":44,"key":"SMITH"},{"data":"1","floor":54,"key":"LIFT"}],"circlet_count":0,"master_deck":["sneckomod:Strike","sneckomod:Strike","sneckomod:Strike","sneckomod:Defend","sneckomod:Defend","sneckomod:Defend","sneckomod:TailWhip","sneckomod:SnekBite","sneckomod:Unknown+1","sneckomod:Unknown","sneckomod:MorePower+1","sneckomod:UnknownWeak+1","sneckomod:UnknownVulnerable+1","sneckomod:UnknownStrength+1","sneckomod:UnlimitedRolls","Malaise+1","sneckomod:UnknownRarePower+1","sneckomod:SlitherStrike","sneckomod:UnknownClassPURPLE+1","sneckomod:Rotation+1","sneckomod:UnknownClassRED+1","sneckomod:UnknownRareSkill+1","sneckomod:UnknownBlock+1","sneckomod:SoulCleanse+1","sneckomod:UnknownClassSLIMEBOUND+1","sneckomod:GlitteringGambit+1","sneckomod:UnknownColorless+1","sneckomod:QuickMove","sneckomod:Unknown3Cost+1","sneckomod:SerpentMind","sneckomod:UnknownClassRED+1","sneckomod:UnknownDexterity+1","sneckomod:Rotation+1","sneckomod:UnknownColorless+1","sneckomod:Unknown2Cost+1","sneckomod:DiceBlock+1","sneckomod:Unknown3Cost+1","sneckomod:Restock+1","expansioncontent:Collect","sneckomod:SlitherStrike+1","sneckomod:UnknownVulnerable+1","sneckomod:WideSting","sneckomod:UnknownColorless+1","sneckomod:UnknownRareAttack+1","sneckomod:DiceBlock+1","sneckomod:UnknownClassPURPLE+1","sneckomod:DiceBlock+1","sneckomod:UnknownClassPURPLE+1","sneckomod:DefensiveFlair+1","sneckomod:UnknownDexterity+1","Shame","sneckomod:UnknownClassPURPLE+1","sneckomod:Unknown3Cost+1","sneckomod:UnknownRareAttack+1","sneckomod:DangerNoodle+1","sneckomod:UnknownColorless+1","sneckomod:SnekBeam+1","sneckomod:Rotation+1","sneckomod:UnknownRareSkill+1","sneckomod:UnknownDexterity+1","sneckomod:Rotation+1","sneckomod:DiceBlock+1","sneckomod:SoulRoll+1"],"relics":["sneckomod:SneckoSoul","Blood Vial","downfall:HeartBlessingGreen","Question Card","Snecko Eye","downfall:HeartBlessingRed","downfall:HeartBlessingBlue","The Courier","Oddly Smooth Stone","Lee\u0027s Waffle","Centennial Puzzle","Cursed Key","sneckomod:UnknownEgg","FossilizedHelix","downfall:GremlinWheel","Bottled Lightning","Juzu Bracelet","Bottled Tornado","Lantern","Ornamental Fan","sneckomod:ConfusingCodex","TheAbacus","Meat on the Bone","Bag of Marbles","Torii","Turnip","StoneCalendar","Sundial","sneckomod:BlankCard","Shuriken","Darkstone Periapt","InkBottle","Boot","PreservedInsect","War Paint","Vajra","Strawberry","Art of War","Kunai","Gambling Chip","Girya","Thread and Needle","hexamod:BolsterEngine","Molten Egg 2","Incense Burner","Pantograph","Mercury Hourglass","Gremlin Horn","Nunchaku","Frozen Egg 2","Bag of Preparation","Toxic Egg 2","Potion Belt","Letter Opener","Ancient Tea Set","Shovel","Ice Cream","CaptainsWheel","Pen Nib","Mango","Du-Vu Doll","Ginger","TungstenRod","Guardian:GemstoneGun"],"acts_visited":["Exordium","TheCity","TheBeyond","TheEnding"],"potions_floor_usage":[14,16,16,29,45,46,55],"damage_taken":[{"damage":0,"enemies":"Cultist","floor":2,"turns":3},{"damage":5,"enemies":"2 Louse","floor":3,"turns":3},{"damage":12,"enemies":"Jaw Worm","floor":6,"turns":4},{"damage":24,"enemies":"Gremlin Nob","floor":8,"turns":5},{"damage":17,"enemies":"Lots of Slimes","floor":10,"turns":5},{"damage":6,"enemies":"Red Slaver","floor":12,"turns":3},{"damage":2,"enemies":"downfall:FleeingMerchant","floor":13,"turns":4},{"damage":16,"enemies":"3 Sentries","floor":14,"turns":4},{"damage":10,"enemies":"3 Louse","floor":15,"turns":5},{"damage":9,"enemies":"downfall:Defect","floor":16,"turns":7},{"damage":0,"enemies":"Spheric Guardian","floor":19,"turns":5},{"damage":0,"enemies":"3 Byrds","floor":20,"turns":2},{"damage":2,"enemies":"Sentry and Sphere","floor":22,"turns":5},{"damage":17,"enemies":"Chosen and Byrds","floor":25,"turns":8},{"damage":15,"enemies":"Slavers","floor":26,"turns":4},{"damage":0,"enemies":"Snake Plant","floor":28,"turns":4},{"damage":0,"enemies":"downfall:FleeingMerchant","floor":29,"turns":4},{"damage":5,"enemies":"Gremlin Leader","floor":31,"turns":2},{"damage":0,"enemies":"Centurion and Healer","floor":32,"turns":4},{"damage":9,"enemies":"downfall:Silent","floor":33,"turns":6},{"damage":20,"enemies":"3 Shapes","floor":36,"turns":4},{"damage":15,"enemies":"Mind Bloom Boss Battle","floor":37,"turns":5},{"damage":16,"enemies":"2 Orb Walkers","floor":38,"turns":4},{"damage":0,"enemies":"2 Orb Walkers","floor":39,"turns":3},{"damage":6,"enemies":"3 Darklings","floor":40,"turns":8},{"damage":0,"enemies":"Nemesis","floor":42,"turns":6},{"damage":0,"enemies":"Maw","floor":43,"turns":8},{"damage":9,"enemies":"Writhing Mass","floor":45,"turns":6},{"damage":13,"enemies":"3 Darklings","floor":46,"turns":4},{"damage":8,"enemies":"downfall:FleeingMerchant","floor":47,"turns":3},{"damage":0,"enemies":"Giant Head","floor":48,"turns":3},{"damage":0,"enemies":"Maw","floor":49,"turns":1},{"damage":0,"enemies":"downfall:Ironclad","floor":50,"turns":4},{"damage":0,"enemies":"downfall:CharBossMerchant","floor":52,"turns":3},{"damage":0,"enemies":"downfall:NeowBoss","floor":55,"turns":9}],"seed_played":"6978720063644802869","potions_obtained":[{"floor":6,"key":"SpeedPotion"},{"floor":8,"key":"Ancient Potion"},{"floor":10,"key":"Ancient Potion"},{"floor":12,"key":"Block Potion"},{"floor":16,"key":"Weak Potion"},{"floor":20,"key":"GamblersBrew"},{"floor":26,"key":"Energy Potion"},{"floor":31,"key":"sneckomod:DiceRollPotion"},{"floor":43,"key":"LiquidMemories"},{"floor":46,"key":"sneckomod:DiceRollPotion"},{"floor":48,"key":"PowerPotion"}],"is_trial":false,"path_per_floor":["R","M","M","?","?","M","T","E","R","M","R","M","$","E","M","B",null,"R","M","M","?","M","R","T","M","E","R","M","$","R","E","M","B",null,"R","M","?","?","?","M","T","E","M","R","M","M","$","E","M","B",null,"E","$","R","B",null],"character_chosen":"THE_SNECKO","items_purchased":["expansioncontent:Collect","Lee\u0027s Waffle","Bottled Tornado","Lantern","Ornamental Fan","sneckomod:ConfusingCodex","TheAbacus","Meat on the Bone","Bag of Marbles","Torii","Turnip","StoneCalendar","Sundial","sneckomod:BlankCard","Shuriken","Darkstone Periapt","InkBottle","Boot","PreservedInsect","War Paint","Vajra","Strawberry","Art of War","Kunai","Gambling Chip","Girya","Thread and Needle","hexamod:BolsterEngine","Molten Egg 2","Incense Burner","Pantograph","Mercury Hourglass","Gremlin Horn","Nunchaku","Frozen Egg 2","Bag of Preparation","Toxic Egg 2","Potion Belt","Letter Opener","Ancient Tea Set","Shovel","Ice Cream","CaptainsWheel","Pen Nib","Mango","sneckomod:Rotation+1","TungstenRod","sneckomod:SoulRoll+1"],"campfire_rested":0,"item_purchase_floors":[29,29,47,47,47,47,47,47,47,47,47,47,47,47,47,47,47,47,47,47,47,47,47,47,47,47,47,47,47,47,47,47,47,47,47,47,47,47,47,47,47,47,47,47,47,47,53,53],"current_hp_per_floor":[90,92,88,93,93,82,82,59,59,45,45,42,45,32,25,19,84,94,98,100,100,101,101,101,86,74,74,77,128,128,123,126,120,128,128,111,114,105,107,104,104,108,132,132,126,115,130,134,149,161,161,161,161,161,161],"gold":20,"neow_bonus":"THREE_RARE_CARDS","is_daily":false,"chose_seed":false,"campfire_upgraded":8,"win_rate":0.0,"timestamp":1610137353,"path_taken":["R","?","M","?","?","?","T","E","R","M","R","M","?","E","M","BOSS","R","M","M","?","M","R","T","M","E","R","M","$","R","E","M","BOSS","R","M","?","?","?","?","T","E","M","R","M","M","$","E","M","BOSS","E","$","R","BOSS"],"items_purchased_type":["Card","Relic","Relic","Relic","Relic","Relic","Relic","Relic","Relic","Relic","Relic","Relic","Relic","Relic","Relic","Relic","Relic","Relic","Relic","Relic","Relic","Relic","Relic","Relic","Relic","Relic","Relic","Relic","Relic","Relic","Relic","Relic","Relic","Relic","Relic","Relic","Relic","Relic","Relic","Relic","Relic","Relic","Relic","Relic","Relic","Card","Relic","Card"],"build_version":"2020-12-22","purchased_purges":1,"victory":true,"max_hp_per_floor":[90,92,93,98,98,99,99,100,100,101,101,102,103,104,105,106,106,116,118,118,118,119,119,119,119,120,120,121,128,128,128,129,130,130,130,131,132,133,133,134,134,136,137,137,138,138,159,161,161,161,161,161,161,161,161],"card_choices":[{"not_picked":["sneckomod:UnknownRareSkill","sneckomod:Mudshield"],"picked":"sneckomod:MorePower","floor":0},{"not_picked":["sneckomod:Unknown3Cost+1","sneckomod:UnknownBlock+1"],"picked":"sneckomod:UnknownWeak+1","floor":2},{"not_picked":["sneckomod:UnknownUncommonAttack","sneckomod:IronFang"],"picked":"sneckomod:UnknownVulnerable","floor":2},{"not_picked":["sneckomod:UnknownUncommonSkill+1","sneckomod:UnknownX+1"],"picked":"sneckomod:UnknownStrength+1","floor":3},{"not_picked":["sneckomod:UnknownClassTHE_CHAMP_GRAY","sneckomod:DiceBoulder","sneckomod:DiceCrush"],"picked":"SKIP","floor":3},{"not_picked":["sneckomod:UnknownClassSLIMEBOUND+1","sneckomod:UnknownClassGUARDIAN+1"],"picked":"sneckomod:UnknownRarePower+1","floor":6},{"not_picked":["sneckomod:UnknownVulnerable","sneckomod:UnknownUncommonSkill"],"picked":"sneckomod:SlitherStrike","floor":6},{"not_picked":["sneckomod:UnknownBlock+1","sneckomod:UnknownStrength+1"],"picked":"sneckomod:UnknownClassPURPLE+1","floor":8},{"not_picked":["sneckomod:UnknownVulnerable","sneckomod:IronFang"],"picked":"sneckomod:Rotation","floor":8},{"not_picked":["sneckomod:UnknownDexterity+1","sneckomod:Unknown0Cost+1"],"picked":"sneckomod:UnknownClassRED+1","floor":10},{"not_picked":["sneckomod:QuickMove","sneckomod:UnknownCommonSkill","sneckomod:UnknownStrike"],"picked":"SKIP","floor":10},{"not_picked":["sneckomod:UnknownClassPURPLE+1","sneckomod:UnknownCommonAttack+1"],"picked":"sneckomod:UnknownRareSkill+1","floor":12},{"not_picked":["sneckomod:QuickMove","sneckomod:SoulRoll","sneckomod:Unknown1Cost"],"picked":"SKIP","floor":12},{"not_picked":["sneckomod:UnknownExhaust+1","sneckomod:Unknown3Cost+1"],"picked":"sneckomod:UnknownBlock+1","floor":13},{"not_picked":["sneckomod:DiceCrush","sneckomod:UnknownCommonAttack"],"picked":"sneckomod:SoulCleanse","floor":13},{"not_picked":["sneckomod:UnknownClassTHE_CHAMP_GRAY+1","sneckomod:UnknownWeak+1"],"picked":"sneckomod:UnknownClassSLIMEBOUND+1","floor":14},{"not_picked":["sneckomod:DiceCrush","sneckomod:UnknownClassBLUE"],"picked":"sneckomod:GlitteringGambit","floor":14},{"not_picked":["sneckomod:UnknownStrike+1","sneckomod:UnknownStrength+1","sneckomod:UnknownUncommonAttack+1"],"picked":"sneckomod:UnknownColorless+1","floor":15},{"not_picked":["sneckomod:UnknownVulnerable","sneckomod:SnakeSap","sneckomod:MasterEye"],"picked":"sneckomod:QuickMove","floor":15},{"not_picked":["sneckomod:UnknownX+1","sneckomod:UnknownStrike+1","sneckomod:UnknownClassGUARDIAN+1"],"picked":"sneckomod:Unknown3Cost+1","floor":16},{"not_picked":["sneckomod:UnlimitedRolls","sneckomod:Unknown3Cost","sneckomod:Cheat"],"picked":"sneckomod:SerpentMind","floor":16},{"not_picked":["sneckomod:UnknownWeak+1","sneckomod:UnknownClassHEXA_GHOST_PURPLE+1","sneckomod:UnknownDexterity+1"],"picked":"sneckomod:UnknownClassRED+1","floor":19},{"not_picked":["sneckomod:UnknownWeak","sneckomod:UnknownCommonSkill","sneckomod:ImprovisedGuard"],"picked":"sneckomod:UnknownDexterity+1","floor":19},{"not_picked":["sneckomod:SerpentIdol","sneckomod:RainOfDice","sneckomod:Unknown1Cost"],"picked":"sneckomod:Rotation","floor":20},{"not_picked":["sneckomod:UnknownUncommonSkill+1","sneckomod:UnknownStrike+1","sneckomod:UnknownClassTHE_CHAMP_GRAY+1"],"picked":"sneckomod:UnknownColorless+1","floor":22},{"not_picked":["sneckomod:UnknownWeak","sneckomod:UnknownBlock","sneckomod:SnakeSap","sneckomod:UnknownCommonSkill"],"picked":"SKIP","floor":22},{"not_picked":["sneckomod:UnknownStrike","sneckomod:Unknown1Cost","sneckomod:IronFang+1","sneckomod:UnknownCommonAttack"],"picked":"SKIP","floor":25},{"not_picked":["sneckomod:UnknownClassHEXA_GHOST_PURPLE+1","sneckomod:UnknownCommonAttack+1","sneckomod:Unknown+1"],"picked":"sneckomod:Unknown2Cost+1","floor":26},{"not_picked":["sneckomod:CheapStock","sneckomod:UnknownEthereal+1","sneckomod:Unknown2Cost"],"picked":"sneckomod:DiceBlock+1","floor":26},{"not_picked":["sneckomod:UnknownClassPURPLE+1","sneckomod:UnknownColorless+1","sneckomod:UnknownClassRED+1"],"picked":"sneckomod:Unknown3Cost+1","floor":28},{"not_picked":["sneckomod:Nope","sneckomod:QuickMove","sneckomod:SoulDraw+1","sneckomod:UnknownCommonAttack"],"picked":"SKIP","floor":28},{"not_picked":["sneckomod:UnknownCommonSkill","sneckomod:UnknownUncommonSkill","sneckomod:SoulRoll"],"picked":"sneckomod:Restock","floor":29},{"not_picked":["sneckomod:QuickMove","sneckomod:UnknownUncommonAttack","sneckomod:DiceBlock"],"picked":"sneckomod:SlitherStrike+1","floor":31},{"not_picked":["sneckomod:UnknownBlock+1","sneckomod:UnknownCommonAttack+1","sneckomod:UnknownClassBLUE+1"],"picked":"sneckomod:UnknownVulnerable+1","floor":32},{"not_picked":["sneckomod:IronFang","sneckomod:CheapStock","sneckomod:QuickMove"],"picked":"sneckomod:WideSting","floor":32},{"not_picked":["sneckomod:UnknownStrike+1","sneckomod:UnknownEthereal+1","sneckomod:UnknownStrength+1"],"picked":"sneckomod:UnknownColorless+1","floor":33},{"not_picked":["sneckomod:UnknownClassPURPLE+1","sneckomod:UnknownBlock+1","sneckomod:UnknownStrike+1"],"picked":"sneckomod:UnknownRareAttack+1","floor":36},{"not_picked":["sneckomod:SlitherStrike","sneckomod:IronFang","sneckomod:UnknownVulnerable+1"],"picked":"sneckomod:DiceBlock+1","floor":36},{"not_picked":["sneckomod:Unknown2Cost+1","sneckomod:UnknownVulnerable+1","sneckomod:UnknownExhaust+1"],"picked":"sneckomod:UnknownClassPURPLE+1","floor":37},{"not_picked":["sneckomod:ImprovisedAttack+1","sneckomod:UnlimitedRolls","sneckomod:QuickMove+1"],"picked":"sneckomod:DiceBlock+1","floor":37},{"not_picked":["sneckomod:UnknownCommonSkill+1","sneckomod:Unknown+1","sneckomod:Unknown2Cost+1"],"picked":"sneckomod:UnknownClassPURPLE+1","floor":38},{"not_picked":["sneckomod:CheapStock","sneckomod:UnknownVulnerable+1","sneckomod:UnknownWeak+1"],"picked":"sneckomod:DefensiveFlair+1","floor":38},{"not_picked":["sneckomod:UnknownUncommonSkill+1","sneckomod:UnknownEthereal+1","sneckomod:UnknownStrike+1"],"picked":"sneckomod:UnknownDexterity+1","floor":40},{"not_picked":["sneckomod:UnknownStrike+1","sneckomod:Unknown0Cost+1","sneckomod:QuickMove+1","sneckomod:Unknown1Cost+1"],"picked":"SKIP","floor":40},{"not_picked":["sneckomod:UnknownCommonSkill+1","sneckomod:UnknownClassBLUE+1","sneckomod:UnknownDexterity+1"],"picked":"sneckomod:UnknownClassPURPLE+1","floor":42},{"not_picked":["sneckomod:UnknownClassBLUE+1","sneckomod:UnknownClassGREEN+1","sneckomod:UnknownColorless+1"],"picked":"sneckomod:Unknown3Cost+1","floor":42},{"not_picked":["sneckomod:RainOfDice","sneckomod:UnknownExhaust+1","sneckomod:UnknownClassPURPLE+1","sneckomod:Unknown1Cost+1"],"picked":"SKIP","floor":42},{"not_picked":["sneckomod:UnknownClassRED+1","sneckomod:Unknown0Cost+1","sneckomod:UnknownDexterity+1"],"picked":"sneckomod:UnknownRareAttack+1","floor":43},{"not_picked":["sneckomod:DiceBlock","sneckomod:QuickBite+1","sneckomod:WideSting+1"],"picked":"sneckomod:DangerNoodle","floor":43},{"not_picked":["sneckomod:UnknownClassTHE_CHAMP_GRAY+1","sneckomod:UnknownClassBLUE+1","sneckomod:UnknownX+1"],"picked":"sneckomod:UnknownColorless+1","floor":45},{"not_picked":["sneckomod:SoulDraw+1","sneckomod:Nope+1","sneckomod:UnknownRarePower+1"],"picked":"sneckomod:SnekBeam+1","floor":45},{"not_picked":["sneckomod:SoulDraw","sneckomod:WideSting+1","sneckomod:UnknownClassSLIMEBOUND+1","sneckomod:Unknown1Cost+1"],"picked":"SKIP","floor":46},{"not_picked":["sneckomod:UnknownClassPURPLE+1","sneckomod:DiceCrush+1","sneckomod:PureSnecko+1","sneckomod:UnknownVulnerable+1"],"picked":"SKIP","floor":47},{"not_picked":["sneckomod:UnknownClassTHE_CHAMP_GRAY+1","sneckomod:UnknownClassRED+1","sneckomod:UnknownClassGREEN+1"],"picked":"sneckomod:UnknownRareSkill+1","floor":48},{"not_picked":["sneckomod:SerpentIdol+1","sneckomod:UnknownCommonAttack+1","sneckomod:Nope+1"],"picked":"sneckomod:UnknownDexterity+1","floor":48},{"not_picked":["sneckomod:Unknown1Cost+1","sneckomod:UnknownUncommonAttack+1","sneckomod:UnknownWeak+1"],"picked":"sneckomod:Rotation+1","floor":49},{"not_picked":["sneckomod:UnknownCommonSkill+1","sneckomod:UnknownDexterity+1","sneckomod:DefensiveFlair+1"],"picked":"sneckomod:DiceBlock+1","floor":52}],"player_experience":469029,"relics_obtained":[{"floor":8,"key":"Blood Vial"},{"floor":14,"key":"Question Card"},{"floor":24,"key":"The Courier"},{"floor":26,"key":"Oddly Smooth Stone"},{"floor":31,"key":"Centennial Puzzle"},{"floor":37,"key":"sneckomod:UnknownEgg"},{"floor":38,"key":"FossilizedHelix"},{"floor":39,"key":"downfall:GremlinWheel"},{"floor":41,"key":"Bottled Lightning"},{"floor":42,"key":"Juzu Bracelet"},{"floor":48,"key":"Du-Vu Doll"},{"floor":52,"key":"Ginger"},{"floor":54,"key":"Guardian:GemstoneGun"}],"event_choices":[{"damage_healed":0,"gold_gain":0,"player_choice":"Donut","damage_taken":0,"max_hp_gain":5,"max_hp_loss":0,"event_name":"Big Fish","floor":4,"gold_loss":0},{"damage_healed":0,"gold_gain":0,"player_choice":"Fight","damage_taken":0,"max_hp_gain":0,"max_hp_loss":0,"event_name":"Mysterious Sphere","floor":38,"gold_loss":0},{"damage_healed":0,"gold_gain":0,"player_choice":"Relic","damage_taken":0,"max_hp_gain":0,"max_hp_loss":0,"event_name":"Wheel of Change","floor":54,"gold_loss":0}],"is_beta":false,"boss_relics":[{"not_picked":["downfall:Hecktoplasm","Runic Pyramid"],"picked":"Snecko Eye"},{"not_picked":["SlaversCollar","Pandora\u0027s Box"],"picked":"Cursed Key"}],"items_purged_floors":[29],"is_endless":false,"potions_floor_spawned":[6,8,10,12,16,20,26,31,33,37,38,42,43,46,48],"ascension_level":5}}