{"host":"aj7el8l5kufbk20z","time":1610076359,"event":{"mods":["AchievementEnabler","BaseMod","Colored Map","Colored Powertips","Curses Come First","Highlight Path","Minty Spire (QoL Compilation)","Quick Restart","Rare Cards Sparkle","Relic Stats","StSLib","SuperFastMode"],"gold_per_floor":[115,63,63,63,80,80,108,108,185,196,123,123,42,42,42,137,137,125,125,224,224,239,239,139,139,139,139,139,139],"floor_reached":28,"playtime":1077,"items_purged":["Barricade"],"score":353,"play_id":"6fee0db7-b572-463a-9a4f-bcd450f3944f","local_time":"20210108112559","is_ascension_mode":true,"campfire_choices":[{"data":"Metallicize","floor":6.0,"key":"SMITH"},{"data":"Inflame","floor":8.0,"key":"SMITH"},{"data":"Flame Barrier","floor":12.0,"key":"SMITH"},{"data":"Metallicize","floor":15.0,"key":"SMITH"},{"data":"Barricade","floor":23,"key":"SMITH"},{"data":"Armaments","floor":25,"key":"SMITH"},{"data":"Metallicize","floor":27,"key":"SMITH"}],"circlet_count":0,"master_deck":["AscendersBane","Bash","Metallicize+1","Body Slam","Inflame+1","Cleave","Battle Trance","Flame Barrier+1","Metallicize+1","Barricade+1","Sentinel","Exhume","Pommel Strike","Metallicize+1","Feed","Clothesline","Disarm","Flame Barrier","Armaments+1"],"relics":["Burning Blood","NeowsBlessing","Regal Pillow","Letter Opener","Pandora\u0027s Box","Singing Bowl","Meat on the Bone"],"acts_visited":["Exordium","TheCity"],"potions_floor_usage":[22],"damage_taken":[{"damage":0.0,"enemies":"Cultist","floor":1.0,"turns":1.0},{"damage":0.0,"enemies":"2 Louse","floor":5.0,"turns":1.0},{"damage":0.0,"enemies":"Gremlin Nob","floor":7.0,"turns":1.0},{"damage":14.0,"enemies":"Jaw Worm","floor":10.0,"turns":4.0},{"damage":25.0,"enemies":"The Guardian","floor":16.0,"turns":14.0},{"damage":21,"enemies":"2 Thieves","floor":18,"turns":5},{"damage":17,"enemies":"Shell Parasite","floor":22,"turns":6},{"damage":48,"enemies":"Gremlin Leader","floor":28,"turns":3}],"seed_played":"-4988171195323291085","potions_obtained":[{"floor":5.0,"key":"Dexterity Potion"},{"floor":16.0,"key":"ColorlessPotion"},{"floor":22,"key":"SpeedPotion"}],"is_trial":false,"path_per_floor":["M","$","?","$","M","R","E","R","T","M","$","R","$","T","R","B",null,"M","?","?","T","M","R","$","R","T","R","E"],"character_chosen":"IRONCLAD","items_purchased":["Body Slam","Flame Barrier","Metallicize","Armaments"],"campfire_rested":0,"item_purchase_floors":[2,11,13,24],"current_hp_per_floor":[78,78,71,71,77,77,80,80,80,72,72,72,72,72,72,53,73,58,58,58,58,47,47,47,47,47,47,0,0],"gold":139,"neow_bonus":"THREE_ENEMY_KILL","is_daily":false,"chose_seed":false,"campfire_upgraded":7,"win_rate":0.0,"timestamp":1610076359,"path_taken":["M","?","?","$","M","R","E","R","T","M","?","R","$","?","R","BOSS","M","?","?","?","?","R","?","R","T","R","E"],"items_purchased_type":["Card","Card","Card","Card"],"build_version":"2020-12-22","purchased_purges":1,"victory":false,"max_hp_per_floor":[80,80,80,80,80,80,80,80,80,80,80,80,80,80,80,80,80,80,80,80,80,80,80,80,80,80,80,80,80],"relic_stats":{"Regal Pillow":0,"Singing Bowl":0,"counters":[8,35],"Pandora\u0027s Box":["Sentinel","Barricade","Exhume","Pommel Strike","Metallicize","Feed","Clothesline","Disarm"],"Letter Opener":[10],"obtain_stats":[{"Regal Pillow":7,"NeowsBlessing":0,"Singing Bowl":21,"Pandora\u0027s Box":17,"Letter Opener":14,"Burning Blood":0,"Meat on the Bone":26},{"Regal Pillow":3,"NeowsBlessing":0,"Singing Bowl":6,"Pandora\u0027s Box":5,"Letter Opener":4,"Burning Blood":0,"Meat on the Bone":7},{"Regal Pillow":3,"NeowsBlessing":0,"Singing Bowl":26,"Pandora\u0027s Box":21,"Letter Opener":7,"Burning Blood":0,"Meat on the Bone":32}],"Burning Blood":39,"Meat on the Bone":0},"card_choices":[{"not_picked":["Flex","Pummel"],"picked":"Metallicize","floor":1.0},{"not_picked":["Clash","Clothesline"],"picked":"Inflame","floor":5.0},{"not_picked":["Feel No Pain","Feed"],"picked":"Cleave","floor":7.0},{"not_picked":["Disarm","Wild Strike"],"picked":"Battle Trance","floor":10.0},{"not_picked":["Exhume","Fiend Fire"],"picked":"Barricade","floor":16.0},{"not_picked":["Twin Strike","Perfected Strike","Combust+1"],"picked":"SKIP","floor":18},{"not_picked":["Dark Embrace","Sentinel"],"picked":"Flame Barrier","floor":22}],"player_experience":323608,"relics_obtained":[{"floor":7.0,"key":"Regal Pillow"},{"floor":14.0,"key":"Letter Opener"},{"floor":21,"key":"Singing Bowl"},{"floor":26,"key":"Meat on the Bone"}],"event_choices":[{"cards_removed":["Strike_R"],"damage_healed":0.0,"max_hp_gain":0.0,"max_hp_loss":0.0,"gold_gain":0.0,"event_name":"Golden Wing","player_choice":"Card Removal","floor":3.0,"gold_loss":0.0,"damage_taken":7.0},{"damage_healed":0,"gold_gain":0,"player_choice":"Ignored","damage_taken":0,"max_hp_gain":0,"max_hp_loss":0,"event_name":"Ghosts","floor":19,"gold_loss":0},{"damage_healed":0,"gold_gain":99,"player_choice":"Stole From Cult","damage_taken":0,"max_hp_gain":0,"max_hp_loss":0,"event_name":"Nest","floor":20,"gold_loss":0}],"is_beta":false,"boss_relics":[{"not_picked":["Runic Pyramid","Fusion Hammer"],"picked":"Pandora\u0027s Box"}],"items_purged_floors":[24],"is_endless":false,"potions_floor_spawned":[5,16,22],"killed_by":"Gremlin Leader","ascension_level":10}}