{"host":"8rqsnaeml9gxb0kp","time":1610149449,"event":{"mods":["AchievementEnabler","BaseMod","Dark Map","Minty Spire (QoL Compilation)","StSLib"],"gold_per_floor":[117,132,132,152,152,186,204,204,228,247,272,316,329,342,342,466,466,486,127,127,147,47,47,87,87,87,87,128,152,152,171,171,301,301,316,340,58,76,96,96,96],"floor_reached":40,"playtime":3724,"items_purged":["Strike_R","Strike_R","Anger"],"score":486,"play_id":"e787ad63-5a4a-4c1a-801f-bc8d97a58bb0","local_time":"20210108154409","is_ascension_mode":true,"campfire_choices":[{"floor":8,"key":"REST"},{"floor":15,"key":"REST"},{"floor":23,"key":"REST"},{"data":"Dramatic Entrance","floor":25,"key":"SMITH"},{"data":"Bloodletting","floor":27,"key":"SMITH"},{"floor":30,"key":"REST"},{"data":"Armaments","floor":32,"key":"SMITH"}],"circlet_count":0,"master_deck":["Defend_R","Defend_R","Defend_R","Defend_R","Bash","Bloodletting+1","Cleave","Thunderclap","Offering","Shrug It Off","Hemokinesis","Brutality","Flame Barrier","Immolate","Pommel Strike","Headbutt","Dramatic Entrance+1","Master of Strategy","Flex+1","Shrug It Off+1","Rampage","Wild Strike","Armaments+1","Double Tap","Wild Strike+1","Bloodletting+1","Infernal Blade+1","Cleave+1","Searing Blow+1","Iron Wave+1"],"relics":["Burning Blood","Golden Idol","WarpedTongs","Anchor","Ancient Tea Set","Blood Vial","Empty Cage","Enchiridion","Eternal Feather","Pocketwatch","Bottled Flame","Astrolabe","Centennial Puzzle"],"acts_visited":["Exordium","TheCity","TheBeyond"],"potions_floor_usage":[6,16,16,28,33,33,40],"damage_taken":[{"damage":10,"enemies":"Jaw Worm","floor":1,"turns":3},{"damage":7,"enemies":"Small Slimes","floor":2,"turns":3},{"damage":13,"enemies":"Cultist","floor":4,"turns":4},{"damage":38,"enemies":"Lagavulin","floor":6,"turns":6},{"damage":30,"enemies":"Gremlin Gang","floor":7,"turns":5},{"damage":10,"enemies":"Exordium Thugs","floor":10,"turns":3},{"damage":7,"enemies":"Exordium Wildlife","floor":11,"turns":2},{"damage":25,"enemies":"3 Sentries","floor":12,"turns":5},{"damage":1,"enemies":"3 Louse","floor":13,"turns":2},{"damage":4,"enemies":"Red Slaver","floor":14,"turns":4},{"damage":29,"enemies":"The Guardian","floor":16,"turns":9},{"damage":19,"enemies":"Shell Parasite","floor":18,"turns":7},{"damage":14,"enemies":"3 Byrds","floor":21,"turns":5},{"damage":30,"enemies":"Gremlin Leader","floor":24,"turns":4},{"damage":25,"enemies":"Book of Stabbing","floor":28,"turns":4},{"damage":11,"enemies":"3 Cultists","floor":29,"turns":3},{"damage":8,"enemies":"Snake Plant","floor":31,"turns":2},{"damage":59,"enemies":"Collector","floor":33,"turns":12},{"damage":15,"enemies":"3 Shapes","floor":35,"turns":2},{"damage":20,"enemies":"Orb Walker","floor":36,"turns":3},{"damage":37,"enemies":"Writhing Mass","floor":38,"turns":3},{"damage":22,"enemies":"Maw","floor":39,"turns":6},{"damage":54,"enemies":"Nemesis","floor":40,"turns":6}],"seed_played":"-3267440324448509231","potions_obtained":[{"floor":1,"key":"SpeedPotion"},{"floor":4,"key":"Energy Potion"},{"floor":6,"key":"Ancient Potion"},{"floor":13,"key":"EssenceOfSteel"},{"floor":14,"key":"CultistPotion"},{"floor":18,"key":"FearPotion"},{"floor":28,"key":"SpeedPotion"},{"floor":31,"key":"Explosive Potion"},{"floor":36,"key":"SpeedPotion"},{"floor":39,"key":"Fire Potion"}],"is_trial":false,"path_per_floor":["M","M","?","M","?","E","M","R","T","M","M","E","M","M","R","B",null,"M","$","?","M","$","R","E","R","T","R","E","M","R","M","R","B",null,"M","M","$","M","M","E"],"character_chosen":"IRONCLAD","items_purchased":["Headbutt","Dramatic Entrance","Master of Strategy","Centennial Puzzle"],"campfire_rested":4,"item_purchase_floors":[19,19,19,37],"current_hp_per_floor":[76,75,74,67,67,35,11,33,33,29,28,9,16,20,42,21,74,61,61,45,39,39,61,39,51,51,63,46,43,74,72,74,21,74,65,53,53,24,10,0,0],"gold":96,"neow_bonus":"TRANSFORM_CARD","is_daily":false,"chose_seed":false,"campfire_upgraded":3,"win_rate":0.0,"timestamp":1610149449,"path_taken":["M","M","?","M","?","E","?","R","T","?","M","E","M","M","R","BOSS","M","$","?","M","?","R","E","R","T","R","E","M","R","M","R","BOSS","M","M","$","M","M","E"],"items_purchased_type":["Card","Card","Card","Relic"],"build_version":"2020-12-22","purchased_purges":3,"victory":false,"max_hp_per_floor":[80,80,74,74,74,74,74,74,74,74,74,74,74,74,74,74,74,74,74,74,74,74,74,74,74,74,74,74,74,74,74,74,74,74,74,74,74,74,74,74,74],"card_choices":[{"not_picked":["Armaments","Dual Wield"],"picked":"Anger","floor":1},{"not_picked":["Power Through","Sword Boomerang"],"picked":"Cleave","floor":2},{"not_picked":["Perfected Strike","Body Slam"],"picked":"Thunderclap","floor":4},{"not_picked":["Second Wind","Dropkick"],"picked":"Sword Boomerang","floor":6},{"not_picked":["Infernal Blade","Sword Boomerang"],"picked":"Offering","floor":7},{"not_picked":["Pommel Strike","Twin Strike"],"picked":"Shrug It Off","floor":10},{"not_picked":["Thunderclap","Iron Wave"],"picked":"Hemokinesis","floor":11},{"not_picked":["Thunderclap","Clash"],"picked":"Brutality","floor":12},{"not_picked":["Body Slam","Entrench"],"picked":"Warcry","floor":13},{"not_picked":["Wild Strike","Feed"],"picked":"Flame Barrier","floor":14},{"not_picked":["Impervious","Berserk"],"picked":"Immolate","floor":16},{"not_picked":["Second Wind","Entrench"],"picked":"Pommel Strike","floor":18},{"not_picked":["Metallicize","Pummel"],"picked":"Flex+1","floor":21},{"not_picked":["Clothesline","Fire Breathing"],"picked":"Shrug It Off+1","floor":24},{"not_picked":["Immolate","Entrench"],"picked":"Rampage","floor":28},{"not_picked":["Bloodletting","Pummel"],"picked":"Wild Strike","floor":29},{"not_picked":["Clothesline","Combust"],"picked":"Armaments","floor":31},{"not_picked":["Brutality","Impervious"],"picked":"Double Tap","floor":33},{"not_picked":["Clash","Twin Strike+1","Wild Strike"],"picked":"SKIP","floor":35},{"not_picked":["True Grit","Thunderclap"],"picked":"Cleave+1","floor":36},{"not_picked":["Feel No Pain","Cleave"],"picked":"Searing Blow+1","floor":38},{"not_picked":["Corruption","Wild Strike+1"],"picked":"Iron Wave+1","floor":39}],"player_experience":16518,"relics_obtained":[{"floor":6,"key":"Anchor"},{"floor":9,"key":"Ancient Tea Set"},{"floor":12,"key":"Blood Vial"},{"floor":20,"key":"Enchiridion"},{"floor":24,"key":"Eternal Feather"},{"floor":26,"key":"Pocketwatch"},{"floor":28,"key":"Bottled Flame"}],"event_choices":[{"damage_healed":0,"gold_gain":0,"player_choice":"Lose Max HP","damage_taken":0,"relics_obtained":["Golden Idol"],"max_hp_gain":0,"max_hp_loss":6,"event_name":"Golden Idol","floor":3,"gold_loss":0},{"damage_healed":0,"gold_gain":0,"player_choice":"Rummage","damage_taken":0,"relics_obtained":["WarpedTongs"],"max_hp_gain":0,"max_hp_loss":0,"event_name":"Accursed Blacksmith","floor":5,"gold_loss":0,"cards_obtained":["Pain"]},{"damage_healed":0,"gold_gain":0,"player_choice":"Obtained Book","damage_taken":16,"max_hp_gain":0,"max_hp_loss":0,"event_name":"Cursed Tome","floor":20,"gold_loss":0}],"is_beta":false,"boss_relics":[{"not_picked":["Cursed Key","Busted Crown"],"picked":"Empty Cage"},{"not_picked":["Calling Bell","Velvet Choker"],"picked":"Astrolabe"}],"items_purged_floors":[19,22,37],"is_endless":false,"potions_floor_spawned":[1,4,6,13,14,18,28,31,36,39],"killed_by":"Nemesis","ascension_level":2}}