{"host":"l84l8xigz5v5foa2","time":1610086705,"event":{"mods":["2.2 Compatiblity","AchievementEnabler","BaseMod","Better Note","Better Vampires","Card Filter","Colored Map","DeckTracker","Downfall","Gremlin Skip","Highlight Path","Keyboard Shortcuts","Minty Spire (QoL Compilation)","Permanent Neow","Quick Restart","Relic Filter","Relic Stats","StSLib","SuperFastMode","Transform Curses","Unknown Chances"],"gold_per_floor":[99,110,110,127,191,191,243,243,65,80,99,111,111,111,125,125,125,125],"floor_reached":16,"playtime":725,"items_purged":["Pain"],"score":184,"play_id":"52bf6712-cefc-46ad-9dad-e7e51ec74219","local_time":"20210108151825","is_ascension_mode":true,"campfire_choices":[{"data":"Guardian:TwinSlam","floor":1.0,"key":"SMITH"},{"data":"Guardian:Suspension","floor":6.0,"key":"SMITH"}],"circlet_count":0,"master_deck":["AscendersBane","Guardian:Strike_Guardian","Guardian:Strike_Guardian","Guardian:Strike_Guardian","Guardian:Strike_Guardian","Guardian:Defend_Guardian","Guardian:Defend_Guardian","Guardian:Defend_Guardian","Guardian:Defend_Guardian","Guardian:CurlUp","Guardian:TwinSlam+1","Guardian:PrimingBeam","Guardian:DecasProtection","Guardian:Suspension+1","Guardian:Orbwalk","Guardian:PrismaticBeam","Guardian:TemporalShield","Guardian:StasisField","Guardian:SentryBeam","Madness","Guardian:Gem_White","Guardian:Gem_Yellow"],"relics":["Coffee Dripper","Toy Ornithopter","Art of War","WarpedTongs"],"acts_visited":[],"potions_floor_usage":[15],"damage_taken":[{"damage":7.0,"enemies":"Jaw Worm","floor":2.0,"turns":3.0},{"damage":1.0,"enemies":"2 Louse","floor":4.0,"turns":4.0},{"damage":31.0,"enemies":"3 Sentries","floor":5.0,"turns":11.0},{"damage":1.0,"enemies":"downfall:FleeingMerchant","floor":9.0,"turns":4.0},{"damage":0.0,"enemies":"Cultist","floor":10.0,"turns":4.0},{"damage":4.0,"enemies":"Large Slime","floor":11.0,"turns":7.0},{"damage":8.0,"enemies":"2 Fungi Beasts","floor":12.0,"turns":4.0},{"damage":16,"enemies":"Gremlin Gang","floor":15,"turns":5},{"damage":12,"enemies":"downfall:Watcher","floor":16,"turns":8}],"seed_played":"3568044246131264223","potions_obtained":[{"floor":5.0,"key":"Swift Potion"},{"floor":10.0,"key":"BlessingOfTheForge"},{"floor":12.0,"key":"EssenceOfSteel"}],"is_trial":false,"path_per_floor":["R","M","?","M","?","R","T","?","$","M","M","M","?","?","M","B"],"character_chosen":"GUARDIAN","items_purchased":["Guardian:PrismaticBeam"],"campfire_rested":0,"item_purchase_floors":[9],"current_hp_per_floor":[65,58,58,57,26,26,26,26,25,25,31,23,23,23,12,0,0,0],"gold":125,"neow_bonus":"BOSS_RELIC","is_daily":false,"chose_seed":false,"campfire_upgraded":2,"win_rate":0.0,"timestamp":1610086705,"path_taken":["R","M","?","M","?","R","T","?","$","M","M","?","?","?","M","BOSS"],"items_purchased_type":["Card"],"build_version":"2020-12-22","purchased_purges":1,"victory":false,"max_hp_per_floor":[72,72,72,72,72,72,72,72,72,72,72,72,72,72,72,72,72,72],"relic_stats":{"counters":[9,50],"Art of War":[3],"obtain_stats":[{"Guardian:ModeShifter":0,"Coffee Dripper":0,"Art of War":7,"Toy Ornithopter":5,"WarpedTongs":8},{"Guardian:ModeShifter":0,"Coffee Dripper":0,"Art of War":3,"Toy Ornithopter":3,"WarpedTongs":3},{"Guardian:ModeShifter":0,"Coffee Dripper":0,"Art of War":18,"Toy Ornithopter":18,"WarpedTongs":18}],"Toy Ornithopter":15,"WarpedTongs":[31]},"card_choices":[{"not_picked":["Guardian:Suspension","Guardian:GuardianWhirl"],"picked":"Guardian:PrimingBeam","floor":2.0},{"not_picked":["Guardian:RefractedBeam","Guardian:ShieldCharger"],"picked":"Guardian:DecasProtection","floor":4.0},{"not_picked":["Guardian:FloatingOrbs","Guardian:TimeBomb"],"picked":"Guardian:Suspension","floor":5.0},{"not_picked":["Guardian:TemporalShield","Guardian:Planning"],"picked":"Guardian:Orbwalk","floor":9.0},{"not_picked":["Guardian:Gem_Red","Guardian:CrystalBeam"],"picked":"Guardian:TemporalShield","floor":10.0},{"not_picked":["Guardian:RefractedBeam","Guardian:TemporalShield"],"picked":"Guardian:StasisField","floor":11.0},{"not_picked":["Guardian:Repulse","Guardian:ShieldCharger"],"picked":"Guardian:SentryBeam","floor":12.0},{"not_picked":["Guardian:FloatingOrbs","Guardian:WalkerClaw"],"picked":"Guardian:Gem_Yellow","floor":15}],"player_experience":2975776,"relics_obtained":[{"floor":5.0,"key":"Toy Ornithopter"},{"floor":7.0,"key":"Art of War"}],"event_choices":[],"is_beta":false,"boss_relics":[],"items_purged_floors":[9],"is_endless":false,"potions_floor_spawned":[5,10,12],"killed_by":"downfall:Watcher","ascension_level":20}}