{"host":"April","time":1610082496,"event":{"mods":["BaseMod","Minty Spire (QoL Compilation)"],"gold_per_floor":[111,126,126,140,215,243,254,267,317,328,348,360,386,403,403,403,403],"floor_reached":16,"playtime":1604,"items_purged":[],"score":124,"play_id":"ee66066d-edc5-45d0-a3f7-5d6a8af4dc02","local_time":"20210107210816","is_ascension_mode":true,"campfire_choices":[{"data":"Intimidate","floor":15,"key":"SMITH"}],"circlet_count":0,"master_deck":["Strike_R","Strike_R","Strike_R","Strike_R","Strike_R","Defend_R","Defend_R","Defend_R","Defend_R","Bash","Blood for Blood","Reckless Charge","Wild Strike","Reaper","Infernal Blade","Inflame","Fire Breathing","Havoc","Barricade","Intimidate+1","Seeing Red"],"relics":["Burning Blood","MealTicket","Matryoshka","Pen Nib","Smiling Mask","Vajra"],"acts_visited":["Exordium"],"potions_floor_usage":[16],"damage_taken":[{"damage":2.0,"enemies":"2 Louse","floor":1.0,"turns":4.0},{"damage":1.0,"enemies":"Jaw Worm","floor":2.0,"turns":3.0},{"damage":6.0,"enemies":"Cultist","floor":4.0,"turns":3.0},{"damage":20.0,"enemies":"Gremlin Nob","floor":6.0,"turns":4.0},{"damage":1.0,"enemies":"2 Fungi Beasts","floor":7.0,"turns":3.0},{"damage":20.0,"enemies":"Lots of Slimes","floor":8.0,"turns":4.0},{"damage":14.0,"enemies":"Exordium Thugs","floor":10.0,"turns":3.0},{"damage":6.0,"enemies":"2 Fungi Beasts","floor":11.0,"turns":3.0},{"damage":0.0,"enemies":"Looter","floor":12.0,"turns":3.0},{"damage":26.0,"enemies":"Lagavulin","floor":13.0,"turns":5.0},{"damage":0.0,"enemies":"3 Louse","floor":14.0,"turns":2.0},{"damage":66,"enemies":"Hexaghost","floor":16,"turns":9}],"seed_played":"344280572847933411","potions_obtained":[{"floor":1.0,"key":"ColorlessPotion"},{"floor":4.0,"key":"LiquidBronze"},{"floor":6.0,"key":"EntropicBrew"},{"floor":8.0,"key":"LiquidMemories"},{"floor":13.0,"key":"Explosive Potion"}],"is_trial":false,"path_per_floor":["M","M","?","M","?","E","M","M","T","M","M","M","E","M","R","B"],"character_chosen":"IRONCLAD","items_purchased":[],"campfire_rested":0,"item_purchase_floors":[],"current_hp_per_floor":[80,80,85,85,77,63,68,66,66,58,64,79,59,65,65,0,0],"gold":403,"neow_bonus":"RANDOM_COMMON_RELIC","is_daily":false,"chose_seed":false,"campfire_upgraded":1,"win_rate":0.0,"timestamp":1610082496,"path_taken":["M","M","?","M","?","E","M","M","T","M","M","M","E","?","R","BOSS"],"items_purchased_type":[],"build_version":"2020-12-18","purchased_purges":0,"victory":false,"max_hp_per_floor":[80,80,85,85,85,85,85,85,85,85,85,85,85,85,85,85,85],"card_choices":[{"not_picked":["Wild Strike","Sword Boomerang"],"picked":"Blood for Blood","floor":1.0},{"not_picked":["Carnage","Armaments"],"picked":"Reckless Charge","floor":2.0},{"not_picked":["Thunderclap","Hemokinesis"],"picked":"Wild Strike","floor":4.0},{"not_picked":["Ghostly Armor","Pommel Strike"],"picked":"Reaper","floor":6.0},{"not_picked":["Shrug It Off","Heavy Blade"],"picked":"Infernal Blade","floor":7.0},{"not_picked":["Reckless Charge","Iron Wave"],"picked":"Inflame","floor":8.0},{"not_picked":["Clothesline","True Grit"],"picked":"Fire Breathing","floor":10.0},{"not_picked":["Anger","Flex"],"picked":"Havoc","floor":11.0},{"not_picked":["Intimidate","Flex"],"picked":"Barricade","floor":12.0},{"not_picked":["Rampage","Body Slam"],"picked":"Intimidate","floor":13.0},{"not_picked":["Clash","Havoc"],"picked":"Seeing Red","floor":14.0}],"player_experience":2562102,"relics_obtained":[{"floor":6.0,"key":"Matryoshka"},{"floor":9.0,"key":"Pen Nib"},{"floor":9.0,"key":"Smiling Mask"},{"floor":13.0,"key":"Vajra"}],"event_choices":[{"damage_healed":0.0,"max_hp_gain":5.0,"max_hp_loss":0.0,"gold_gain":0.0,"event_name":"Big Fish","player_choice":"Donut","floor":3.0,"gold_loss":0.0,"damage_taken":0.0},{"damage_healed":0.0,"max_hp_gain":0.0,"max_hp_loss":0.0,"gold_gain":75.0,"event_name":"FaceTrader","player_choice":"Touch","floor":5.0,"gold_loss":0.0,"damage_taken":8.0}],"is_beta":true,"boss_relics":[],"items_purged_floors":[],"is_endless":false,"potions_floor_spawned":[1,4,6,8,13],"killed_by":"Hexaghost","ascension_level":1}}