{"host":"tw7a6rmo9h75ssrt","time":1610113471,"event":{"mods":["AchievementEnabler","Act Like it!","BaseMod","Colored Map","Highlight Path","Minty Spire (QoL Compilation)","Permanent Neow","Quick Restart","Relic Stats","SuperFastMode"],"gold_per_floor":[116,116,42,61,79,79,79,99,153,153,153,178,178,253,253,349,349,369,390,315,335,349,448,488,519,519,519,519,535,535,41,41,134,134,159,217,217,10,30,30,30],"floor_reached":40,"playtime":1715,"items_purged":["Strike_R","Bash+1"],"score":712,"play_id":"bba7b2de-3d94-4468-b388-93dfac1741bb","local_time":"20210108214431","is_ascension_mode":true,"campfire_choices":[{"data":"Whirlwind","floor":6.0,"key":"SMITH"},{"data":"Bash","floor":13.0,"key":"SMITH"},{"floor":15.0,"key":"REST"},{"floor":28.0,"key":"REST"},{"floor":30.0,"key":"REST"},{"data":"Strike_R","floor":32.0,"key":"PURGE"}],"circlet_count":0,"master_deck":["AscendersBane","Defend_R","Defend_R","Defend_R","Defend_R","CurseOfTheBell","Spot Weakness+1","Whirlwind+1","Sentinel+1","Warcry+1","Fiend Fire","Warcry+1","Violence+1"],"relics":["Calling Bell","Happy Flower","Toxic Egg 2","Bird Faced Urn","Lantern","Golden Idol","Bag of Preparation","Cursed Key","Oddly Smooth Stone","Red Mask","Membership Card","Peace Pipe","Orichalcum","Philosopher\u0027s Stone","Ginger","Mango"],"acts_visited":["Exordium","TheCity","TheBeyond"],"potions_floor_usage":[],"damage_taken":[{"damage":15.0,"enemies":"Jaw Worm","floor":1.0,"turns":5.0},{"damage":4.0,"enemies":"2 Louse","floor":4.0,"turns":2.0},{"damage":3.0,"enemies":"Cultist","floor":5.0,"turns":4.0},{"damage":2.0,"enemies":"Large Slime","floor":8.0,"turns":2.0},{"damage":0.0,"enemies":"2 Fungi Beasts","floor":12.0,"turns":1.0},{"damage":55.0,"enemies":"Hexaghost","floor":16.0,"turns":9.0},{"damage":0.0,"enemies":"Spheric Guardian","floor":18.0,"turns":3.0},{"damage":11.0,"enemies":"2 Thieves","floor":19.0,"turns":2.0},{"damage":18.0,"enemies":"Snake Plant","floor":21.0,"turns":3.0},{"damage":10.0,"enemies":"Cultist and Chosen","floor":22.0,"turns":4.0},{"damage":0.0,"enemies":"Gremlin Leader","floor":24.0,"turns":4.0},{"damage":0.0,"enemies":"Masked Bandits","floor":25.0,"turns":2.0},{"damage":12.0,"enemies":"Chosen and Byrds","floor":29.0,"turns":4.0},{"damage":45.0,"enemies":"Champ","floor":33.0,"turns":10.0},{"damage":0.0,"enemies":"3 Darklings","floor":35.0,"turns":2.0},{"damage":30.0,"enemies":"2 Orb Walkers","floor":36.0,"turns":4.0},{"damage":40.0,"enemies":"3 Shapes","floor":39.0,"turns":1.0},{"damage":8,"enemies":"Giant Head","floor":40,"turns":2}],"seed_played":"5016000724859516973","potions_obtained":[{"floor":1.0,"key":"PowerPotion"},{"floor":4.0,"key":"Weak Potion"},{"floor":5.0,"key":"ElixirPotion"},{"floor":18.0,"key":"SpeedPotion"},{"floor":21.0,"key":"Dexterity Potion"},{"floor":22.0,"key":"SkillPotion"},{"floor":35.0,"key":"AttackPotion"},{"floor":36.0,"key":"Strength Potion"}],"is_trial":false,"path_per_floor":["M","?","$","M","M","R","?","M","T","?","?","M","R","?","R","B",null,"M","M","?","M","M","?","E","?","T","?","R","M","R","$","R","B",null,"M","?","?","$","M","E"],"character_chosen":"IRONCLAD","items_purchased":["Whirlwind","Membership Card","Peace Pipe","Violence+1","Orichalcum","Mango"],"campfire_rested":3,"item_purchase_floors":[3,31,31,31,31,38],"current_hp_per_floor":[53,75,75,71,68,68,61,59,59,59,59,59,59,48,68,13,55,55,44,44,26,16,16,16,16,16,39,59,47,67,67,67,22,57,57,27,27,41,1,0,0],"gold":30,"neow_bonus":"BOSS_RELIC","is_daily":false,"chose_seed":false,"campfire_upgraded":2,"win_rate":0.0,"timestamp":1610113471,"path_taken":["M","?","$","M","M","R","?","M","T","?","?","?","R","?","R","BOSS","M","M","?","M","M","?","E","?","T","?","R","M","R","$","R","BOSS","M","?","?","$","?","E"],"items_purchased_type":["Card","Relic","Relic","Card","Relic","Relic"],"build_version":"2020-12-22","purchased_purges":2,"victory":false,"max_hp_per_floor":[75,75,75,75,75,75,75,75,75,69,69,69,69,69,69,69,69,69,69,69,69,69,69,69,69,69,69,69,69,69,69,69,69,69,69,69,69,83,83,83,83],"relic_stats":{"Peace Pipe":2,"Happy Flower":[21],"counters":[18,64],"Golden Idol":96,"Bird Faced Urn":[0],"Bag of Preparation":[28],"Ginger":[0],"Orichalcum":[54],"Cursed Key":0,"obtain_stats":[{"Lantern":9,"Happy Flower":0,"Golden Idol":10,"Oddly Smooth Stone":24,"Mango":38,"Bag of Preparation":11,"Ginger":36,"Orichalcum":31,"Cursed Key":17,"Burning Blood":0,"Calling Bell":0,"Peace Pipe":31,"Bird Faced Urn":0,"Philosopher\u0027s Stone":34,"Red Mask":25,"Membership Card":31,"Toxic Egg 2":0},{"Lantern":4,"Happy Flower":0,"Golden Idol":4,"Oddly Smooth Stone":11,"Mango":16,"Bag of Preparation":4,"Ginger":16,"Orichalcum":13,"Cursed Key":6,"Burning Blood":0,"Calling Bell":0,"Peace Pipe":13,"Bird Faced Urn":0,"Philosopher\u0027s Stone":14,"Red Mask":12,"Membership Card":13,"Toxic Egg 2":0},{"Lantern":13,"Happy Flower":0,"Golden Idol":13,"Oddly Smooth Stone":39,"Mango":61,"Bag of Preparation":13,"Ginger":61,"Orichalcum":45,"Cursed Key":23,"Burning Blood":0,"Calling Bell":0,"Peace Pipe":45,"Bird Faced Urn":0,"Philosopher\u0027s Stone":55,"Red Mask":41,"Membership Card":45,"Toxic Egg 2":0}]},"card_choices":[{"not_picked":["Sentinel+1","Thunderclap"],"picked":"Spot Weakness+1","floor":1.0},{"not_picked":["Metallicize","Pummel"],"picked":"Sentinel+1","floor":4.0},{"not_picked":["Thunderclap","True Grit+1","Shrug It Off+1"],"picked":"SKIP","floor":5.0},{"not_picked":["Hemokinesis","Pommel Strike"],"picked":"Warcry+1","floor":8.0},{"not_picked":["Double Tap+1","Fire Breathing","Heavy Blade"],"picked":"SKIP","floor":12.0},{"not_picked":["Double Tap+1","Feed"],"picked":"Fiend Fire","floor":16.0},{"not_picked":["Flex+1","Rupture","Sever Soul"],"picked":"SKIP","floor":18.0},{"not_picked":["Hemokinesis+1","Carnage","Headbutt"],"picked":"SKIP","floor":19.0},{"not_picked":["Clash","Thunderclap","Shrug It Off+1"],"picked":"SKIP","floor":21.0},{"not_picked":["Iron Wave","Armaments+1","Thunderclap"],"picked":"SKIP","floor":22.0},{"not_picked":["Havoc+1","True Grit+1"],"picked":"Warcry+1","floor":24.0},{"not_picked":["Clothesline","Wild Strike","Rupture"],"picked":"SKIP","floor":29.0},{"not_picked":["Sword Boomerang","Sever Soul+1","Infernal Blade+1"],"picked":"SKIP","floor":35.0},{"not_picked":["Intimidate+1","Sword Boomerang","Evolve"],"picked":"SKIP","floor":39.0}],"player_experience":120664,"relics_obtained":[{"floor":0.0,"key":"Happy Flower"},{"floor":0.0,"key":"Toxic Egg 2"},{"floor":0.0,"key":"Bird Faced Urn"},{"floor":9.0,"key":"Lantern"},{"floor":24.0,"key":"Oddly Smooth Stone"},{"floor":25.0,"key":"Red Mask"},{"floor":36.0,"key":"Ginger"}],"event_choices":[{"damage_healed":25.0,"max_hp_gain":0.0,"max_hp_loss":0.0,"gold_gain":0.0,"event_name":"Big Fish","player_choice":"Banana","floor":2.0,"gold_loss":0.0,"damage_taken":0.0},{"cards_removed":["Strike_R"],"damage_healed":0.0,"max_hp_gain":0.0,"max_hp_loss":0.0,"gold_gain":0.0,"event_name":"Golden Wing","player_choice":"Card Removal","floor":7.0,"gold_loss":0.0,"damage_taken":7.0},{"damage_healed":0.0,"max_hp_gain":0.0,"max_hp_loss":6.0,"gold_gain":0.0,"event_name":"Golden Idol","player_choice":"Lose Max HP","floor":10.0,"gold_loss":0.0,"damage_taken":0.0,"relics_obtained":["Golden Idol"]},{"damage_healed":0.0,"max_hp_gain":0.0,"max_hp_loss":0.0,"gold_gain":0.0,"event_name":"WeMeetAgain","player_choice":"Gave Potion","floor":11.0,"gold_loss":0.0,"damage_taken":0.0,"relics_obtained":["Bag of Preparation"]},{"damage_healed":0.0,"max_hp_gain":0.0,"max_hp_loss":0.0,"gold_gain":75.0,"event_name":"World of Goop","player_choice":"Gather Gold","floor":14.0,"gold_loss":0.0,"damage_taken":11.0},{"cards_removed":["Strike_R"],"damage_healed":0.0,"max_hp_gain":0.0,"max_hp_loss":0.0,"gold_gain":0.0,"event_name":"Beggar","player_choice":"Gave Gold","floor":20.0,"gold_loss":75.0,"damage_taken":0.0},{"damage_healed":0.0,"max_hp_gain":0.0,"max_hp_loss":0.0,"gold_gain":99.0,"event_name":"Nest","player_choice":"Stole From Cult","floor":23.0,"gold_loss":0.0,"damage_taken":0.0},{"damage_healed":0.0,"max_hp_gain":0.0,"max_hp_loss":0.0,"gold_gain":0.0,"event_name":"Masked Bandits","player_choice":"Fought Bandits","floor":25.0,"gold_loss":0.0,"damage_taken":0.0},{"damage_healed":23.0,"max_hp_gain":0.0,"max_hp_loss":0.0,"gold_gain":0.0,"event_name":"The Library","player_choice":"Heal","floor":27.0,"gold_loss":0.0,"damage_taken":0.0},{"damage_healed":0.0,"max_hp_gain":0.0,"max_hp_loss":0.0,"gold_gain":0.0,"event_name":"Mysterious Sphere","player_choice":"Fight","floor":36.0,"gold_loss":0.0,"damage_taken":0.0},{"cards_removed":["Strike_R"],"damage_healed":0.0,"max_hp_gain":0.0,"max_hp_loss":0.0,"gold_gain":0.0,"event_name":"Purifier","player_choice":"Purged","floor":37.0,"gold_loss":0.0,"damage_taken":0.0}],"is_beta":false,"boss_relics":[{"not_picked":["Runic Dome","Mark of Pain"],"picked":"Cursed Key"},{"not_picked":["Busted Crown","Tiny House"],"picked":"Philosopher\u0027s Stone"}],"items_purged_floors":[31,38],"is_endless":false,"potions_floor_spawned":[1,4,5,18,21,22,35,36],"killed_by":"Giant Head","ascension_level":14}}