{"host":"nc9kxycvldgbp2kx","time":1610142385,"event":{"mods":["2.2 Compatiblity","AchievementEnabler","AlwaysNeverKeys","BaseMod","Better Altar","Better Match","Better Note","Better Sensory Stone","Better Skull","Better Third Choice","Better Vampires","Block Reminder","Colored Powertips","Curses Come First","GifTheSpireLib","Highlight Path","Minty Spire (QoL Compilation)","Permanent Neow","Quick Restart","Random Character Button","Rare Cards Sparkle","Relic Sorter","Relic Stats","Spicy Shops","StSLib","Transform Curses"],"gold_per_floor":[109,124,299,315,315,341,355,355,435,435,435,170,182,195,195,300,300,311,311,331,350,350,350,350],"floor_reached":23,"playtime":4971,"items_purged":["Defend_B"],"score":193,"play_id":"e9b9ec45-a20f-4195-9ad9-5565ec5d6c3e","local_time":"20210108224625","is_ascension_mode":false,"campfire_choices":[{"data":"Sweeping Beam","floor":8.0,"key":"SMITH"},{"data":"Conserve Battery","floor":11.0,"key":"SMITH"},{"floor":15.0,"key":"REST"}],"circlet_count":0,"master_deck":["Defend_B","Zap","Dualcast","Sweeping Beam+1","Conserve Battery+1","Cold Snap","Ball Lightning","Defragment","Defragment","Chaos","Seek","Coolheaded+1","All For One+1","Auto Shields+1","Redo","Pain"],"relics":["Cracked Core","Lizard Tail","Mercury Hourglass","PreservedInsect","Astrolabe","WarpedTongs"],"acts_visited":["Exordium","TheCity"],"potions_floor_usage":[20],"damage_taken":[{"damage":0.0,"enemies":"Cultist","floor":1.0,"turns":3.0},{"damage":2.0,"enemies":"Jaw Worm","floor":2.0,"turns":5.0},{"damage":5.0,"enemies":"Small Slimes","floor":4.0,"turns":3.0},{"damage":16.0,"enemies":"Lagavulin","floor":6.0,"turns":7.0},{"damage":0.0,"enemies":"2 Fungi Beasts","floor":7.0,"turns":2.0},{"damage":4.0,"enemies":"3 Louse","floor":13.0,"turns":2.0},{"damage":2.0,"enemies":"Blue Slaver","floor":14.0,"turns":3.0},{"damage":13.0,"enemies":"The Guardian","floor":16.0,"turns":8.0},{"damage":6.0,"enemies":"3 Byrds","floor":18.0,"turns":3.0},{"damage":8,"enemies":"2 Thieves","floor":20,"turns":3},{"damage":22,"enemies":"Centurion and Healer","floor":21,"turns":6},{"damage":0,"enemies":"Gremlin Leader","floor":23,"turns":1}],"seed_played":"4873136767370028742","potions_obtained":[{"floor":2.0,"key":"SpeedPotion"},{"floor":7.0,"key":"LiquidMemories"},{"floor":13.0,"key":"Ancient Potion"},{"floor":21,"key":"Energy Potion"}],"is_trial":false,"path_per_floor":["M","M","?","M","?","E","M","R","T","?","R","$","M","M","R","B",null,"M","?","M","M","?","E"],"character_chosen":"DEFECT","items_purchased":["PreservedInsect","Defragment"],"campfire_rested":1,"item_purchase_floors":[12,12],"current_hp_per_floor":[54,52,52,47,47,31,31,31,31,31,31,31,27,25,47,34,75,69,69,61,39,39,39,39],"gold":350,"neow_bonus":"REMOVE_TWO","is_daily":false,"chose_seed":false,"campfire_upgraded":2,"win_rate":0.0,"timestamp":1610142385,"path_taken":["M","?","?","M","?","E","?","R","T","?","R","$","?","M","R","BOSS","M","?","M","M","?","E"],"items_purchased_type":["Relic","Card"],"build_version":"2020-12-22","purchased_purges":1,"victory":false,"max_hp_per_floor":[75,75,75,75,75,75,75,75,75,75,75,75,75,75,75,75,75,75,75,75,75,75,75,75],"relic_stats":{"Lizard Tail":0,"counters":[12,46],"Astrolabe":["Coolheaded","All For One","Auto Shields"],"PreservedInsect":45,"obtain_stats":[{"Lizard Tail":6,"Astrolabe":17,"PreservedInsect":12,"Cracked Core":0,"Mercury Hourglass":9,"WarpedTongs":19},{"Lizard Tail":4,"Astrolabe":8,"PreservedInsect":5,"Cracked Core":0,"Mercury Hourglass":5,"WarpedTongs":9},{"Lizard Tail":18,"Astrolabe":33,"PreservedInsect":20,"Cracked Core":0,"Mercury Hourglass":20,"WarpedTongs":36}],"Mercury Hourglass":[125],"WarpedTongs":[10]},"card_choices":[{"not_picked":["Skim","Leap"],"picked":"Sweeping Beam","floor":1.0},{"not_picked":["Go for the Eyes","Gash"],"picked":"Conserve Battery","floor":2.0},{"not_picked":["Sunder","Self Repair"],"picked":"Cold Snap","floor":4.0},{"not_picked":["Steam Power","Streamline"],"picked":"Ball Lightning","floor":6.0},{"not_picked":["Fusion","Go for the Eyes","Rip and Tear"],"picked":"SKIP","floor":7.0},{"not_picked":["Meteor Strike","Steam"],"picked":"Defragment","floor":13.0},{"not_picked":["Leap","FTL"],"picked":"Chaos","floor":14.0},{"not_picked":["Fission","Buffer"],"picked":"Seek","floor":16.0},{"not_picked":["Streamline","Double Energy"],"picked":"Redo","floor":18.0},{"not_picked":["Lockon","Stack","Barrage"],"picked":"SKIP","floor":20},{"not_picked":["Sunder","Compile Driver","Barrage"],"picked":"SKIP","floor":21}],"player_experience":292052,"relics_obtained":[{"floor":6.0,"key":"Lizard Tail"},{"floor":9.0,"key":"Mercury Hourglass"}],"event_choices":[{"damage_healed":0.0,"max_hp_gain":0.0,"max_hp_loss":0.0,"gold_gain":175.0,"event_name":"betterThird:BetterSerpent","player_choice":"AGREE","floor":3.0,"gold_loss":0.0,"damage_taken":124.0},{"cards_removed":["Doubt"],"damage_healed":0.0,"max_hp_gain":0.0,"max_hp_loss":0.0,"gold_gain":0.0,"event_name":"Fountain of Cleansing","player_choice":"Removed Curses","floor":5.0,"gold_loss":0.0,"damage_taken":0.0},{"cards_removed":["Strike_B"],"damage_healed":0.0,"max_hp_gain":0.0,"max_hp_loss":0.0,"gold_gain":0.0,"event_name":"Purifier","player_choice":"Purged","floor":10.0,"gold_loss":0.0,"damage_taken":0.0},{"damage_healed":0.0,"max_hp_gain":0.0,"max_hp_loss":0.0,"gold_gain":0.0,"event_name":"Accursed Blacksmith","player_choice":"Rummage","floor":19.0,"gold_loss":0.0,"damage_taken":0.0,"relics_obtained":["WarpedTongs"],"cards_obtained":["Pain"]},{"cards_removed":["Pain"],"damage_healed":0,"gold_gain":0,"player_choice":"Give","damage_taken":0,"max_hp_gain":0,"max_hp_loss":0,"event_name":"betterNote:BetterNote","floor":22,"gold_loss":0,"cards_obtained":["Strike_B"]}],"is_beta":false,"boss_relics":[{"not_picked":["Philosopher\u0027s Stone","Busted Crown"],"picked":"Astrolabe"}],"items_purged_floors":[12],"is_endless":false,"potions_floor_spawned":[2,7,13,21],"killed_by":"Gremlin Leader","ascension_level":0}}