{"host":"c59jaj2b7ki1imdm","time":1610148529,"event":{"mods":["AchievementEnabler","BaseMod","Hermit","Hubris","Minty Spire (QoL Compilation)","StSLib","The Construct","The Hierophant"],"gold_per_floor":[113,129,32,32,44,71,71,86,86,86,101,101,115,170,170,266,266,284,303,303,314,326,326,326,326],"floor_reached":24,"playtime":1911,"items_purged":[],"score":225,"play_id":"dabb61a4-d257-45c4-bb30-ffb71e7095b7","local_time":"20210109002849","is_ascension_mode":false,"campfire_choices":[{"floor":7,"key":"REST"},{"floor":15,"key":"REST"},{"floor":23,"key":"REST"}],"circlet_count":0,"master_deck":["Strike_P","Strike_P","Strike_P","Defend_P","Defend_P","Defend_P","Eruption","Vigilance","PathToVictory","CrushJoints","Consecrate","PathToVictory","PathToVictory","Indignation","Protect","FollowUp","Crescendo","Judgement","EmptyFist+1","Swivel+1","PathToVictory+1","Vengeance"],"relics":["PureWater","NeowsBlessing","Bird Faced Urn","Question Card","Potion Belt","Fusion Hammer","hubris:BottledHeart"],"acts_visited":["Exordium","TheCity"],"potions_floor_usage":[16,19,22,24,24],"damage_taken":[{"damage":0,"enemies":"Small Slimes","floor":1,"turns":1},{"damage":0,"enemies":"2 Louse","floor":2,"turns":1},{"damage":0,"enemies":"Cultist","floor":5,"turns":1},{"damage":63,"enemies":"3 Sentries","floor":6,"turns":8},{"damage":2,"enemies":"Looter","floor":8,"turns":2},{"damage":0,"enemies":"Blue Slaver","floor":11,"turns":3},{"damage":13,"enemies":"3 Louse","floor":13,"turns":3},{"damage":21,"enemies":"Hexaghost","floor":16,"turns":9},{"damage":5,"enemies":"Chosen","floor":18,"turns":3},{"damage":5,"enemies":"3 Byrds","floor":19,"turns":3},{"damage":0,"enemies":"Cultist and Chosen","floor":21,"turns":6},{"damage":0,"enemies":"Snecko","floor":22,"turns":4},{"damage":11,"enemies":"Slavers","floor":24,"turns":2}],"seed_played":"-4234217409420180918","potions_obtained":[{"floor":1,"key":"Dexterity Potion"},{"floor":8,"key":"StancePotion"},{"floor":11,"key":"Ambrosia"},{"floor":13,"key":"BottledMiracle"},{"floor":19,"key":"LiquidBronze"},{"floor":21,"key":"StancePotion"}],"is_trial":false,"path_per_floor":["M","M","$","?","M","E","R","M","T","?","M","?","M","T","R","B",null,"M","M","?","M","M","R","E"],"character_chosen":"WATCHER","items_purchased":["Consecrate","PathToVictory"],"campfire_rested":3,"item_purchase_floors":[3,3],"current_hp_per_floor":[72,72,72,65,65,2,23,21,21,21,21,21,8,8,29,8,72,67,62,1,1,1,1,0,0],"gold":326,"neow_bonus":"THREE_ENEMY_KILL","is_daily":false,"chose_seed":false,"campfire_upgraded":0,"win_rate":0.0,"timestamp":1610148529,"path_taken":["M","M","$","?","M","E","R","M","T","?","?","?","M","?","R","BOSS","M","M","?","M","M","R","E"],"items_purchased_type":["Card","Card"],"build_version":"2020-12-22","purchased_purges":0,"victory":false,"max_hp_per_floor":[72,72,72,72,72,72,72,72,72,72,72,72,72,72,72,72,72,72,72,1,1,1,1,1,1],"card_choices":[{"not_picked":["ThirdEye","Collect"],"picked":"PathToVictory","floor":1},{"not_picked":["CutThroughFate","DeceiveReality"],"picked":"CrushJoints","floor":2},{"not_picked":["Wallop","LessonLearned"],"picked":"PathToVictory","floor":5},{"not_picked":["FollowUp","Tantrum"],"picked":"Indignation","floor":6},{"not_picked":["TalkToTheHand","SashWhip"],"picked":"Protect","floor":8},{"not_picked":["SashWhip","CrushJoints","InnerPeace"],"picked":"FollowUp","floor":11},{"not_picked":["Pray","JustLucky","ThirdEye"],"picked":"Crescendo","floor":13},{"not_picked":["Establishment","DeusExMachina","DevaForm"],"picked":"Judgement","floor":16},{"not_picked":["ClearTheMind","Consecrate+1","FlurryOfBlows"],"picked":"EmptyFist+1","floor":18},{"not_picked":["Nirvana","Worship","BowlingBash"],"picked":"Swivel+1","floor":19},{"not_picked":["FlyingSleeves+1","DeusExMachina","EmptyFist+1"],"picked":"PathToVictory+1","floor":21},{"not_picked":["FlyingSleeves","Crescendo","JustLucky"],"picked":"Vengeance","floor":22}],"player_experience":114764,"relics_obtained":[{"floor":6,"key":"Bird Faced Urn"},{"floor":9,"key":"Question Card"},{"floor":14,"key":"Potion Belt"}],"event_choices":[{"cards_removed":["Strike_P"],"damage_healed":0,"gold_gain":0,"player_choice":"Card Removal","damage_taken":7,"max_hp_gain":0,"max_hp_loss":0,"event_name":"Golden Wing","floor":4,"gold_loss":0},{"cards_removed":["Defend_P"],"damage_healed":0,"gold_gain":0,"player_choice":"Offered Basic","damage_taken":0,"max_hp_gain":0,"max_hp_loss":0,"event_name":"Bonfire Elementals","floor":10,"gold_loss":0},{"damage_healed":0,"gold_gain":0,"player_choice":"Ignored","damage_taken":0,"max_hp_gain":0,"max_hp_loss":0,"event_name":"Golden Idol","floor":12,"gold_loss":0}],"is_beta":false,"boss_relics":[{"not_picked":["VioletLotus","Tiny House"],"picked":"Fusion Hammer"}],"items_purged_floors":[],"is_endless":false,"potions_floor_spawned":[1,8,11,13,19,21],"killed_by":"Slavers","ascension_level":0}}