{"host":"an6uhul3yec8m0jh","time":1610106837,"event":{"mods":["ATMod(°¢èªMod)","Act Like it!","BaseMod","Colored Map","Colored Powertips","Gensokyo","Highlight Path","Minty Spire (QoL Compilation)","MostiFishMod","Pale of the Ancients","Quick Restart","StSLib","TestMod","UnlockEverythingMod","Waifu the Spire","noobMod"],"gold_per_floor":[212,224,3,3,14,14,14,39,39,39,59,588,648,725,725,947,947,1234,1305,699,699,717,717,745,760,783,1098,309,309,41,118,118,249,249,383,258,274,274,407,407,425,425,450,537,551,127,127,127,127,185,600,600,600,38,267,296],"floor_reached":57,"playtime":3672,"items_purged":["Defend_P","Strike_P","Strike_P","Strike_P"],"score":3389,"play_id":"c8974fd9-c6db-4a8d-94aa-9983db1e6ea0","local_time":"20210108195357","is_ascension_mode":true,"campfire_choices":[{"data":"AT_LightSaberMaster","floor":6.0,"key":"SMITH"},{"data":"Eruption","floor":10.0,"key":"SMITH"},{"data":"Wish","floor":15.0,"key":"SMITH"},{"data":"MostiFishMod:StarLaLaLa","floor":23.0,"key":"SMITH"},{"data":"MostiFishMod:StarLaLaLa","floor":29.0,"key":"SMITH"},{"data":"TalkToTheHand","floor":32.0,"key":"SMITH"},{"data":"Omniscience","floor":40.0,"key":"SMITH"},{"data":"AT_RealColorLess","floor":42.0,"key":"SMITH"},{"floor":49,"key":"RECALL"},{"floor":53,"key":"REST"}],"circlet_count":0,"master_deck":["AscendersBane","Strike_P","Defend_P","Defend_P+1","Eruption+1","Vigilance","AT_LightSaberMaster+1","MostiFishMod:LegendTransform","MostiFishMod:Adaptation","WheelKick","Wish+1","Wallop","MostiFishMod:StarLaLaLa+1","Crescendo","MostiFishMod:StarLaLaLa+1","DevaForm","LessonLearned","MostiFishMod:Speedup","AT_ChampionStep","TalkToTheHand+1","AT_IrregularMenstruation","AT_RealColorLess+1","Omniscience+1","Adaptation","Tantrum","MostiFishMod:PathToVictory"],"relics":["PureWater","ice","DaveBox","testmod-TestBox","AT_ATBox","BirthdayGift-Icosahedron","testmod-IntensifyImprint","SynthV:TestCard","Pear","Blood Vial","testmod-D¨¦j¨¤vu","Pocketwatch","AT_EbonyIvory","Toy Ornithopter","TakeMeEscape","Dodecahedron","testmod-Charity","DollysMirror","testmod-ArcanaOfDestiny","Vajra","testmod-Justice","Yang","ClockworkSouvenir","xbg","testmod-HeartOfStrike","AT_ArcaneBoots","AT_BellDemon","Bottled Flame","BrkXgEgg","ChiLing","Chi","Ling","BionicSphere","TimeFreeze","Bag of Marbles","AT_BladeRuinedKing"],"acts_visited":["Gensokyo:Gensokyo","Gensokyo:Gensokyoer","Gensokyo:Gensokyoest","TheEnding"],"potions_floor_usage":[],"damage_taken":[{"damage":0.0,"enemies":"Gensokyo:Python","floor":1.0,"turns":2.0},{"damage":0.0,"enemies":"Gensokyo:2_Kodama","floor":2.0,"turns":4.0},{"damage":0.0,"enemies":"Gensokyo:3_Fairies","floor":5.0,"turns":3.0},{"damage":0.0,"enemies":"Gensokyo:Aya","floor":8.0,"turns":3.0},{"damage":0.0,"enemies":"Gensokyo:LivingMonolith","floor":11.0,"turns":3.0},{"damage":0.0,"enemies":"Gensokyo:Cirno","floor":12.0,"turns":4.0},{"damage":0.0,"enemies":"Gensokyo:CorruptedTreant","floor":13.0,"turns":2.0},{"damage":0.0,"enemies":"Gensokyo:Aya","floor":14.0,"turns":2.0},{"damage":0.0,"enemies":"Gensokyo:Reimu","floor":16.0,"turns":3.0},{"damage":0.0,"enemies":"Gensokyo:2_Gloops","floor":18.0,"turns":4.0},{"damage":0.0,"enemies":"Gensokyo:Chomper","floor":19.0,"turns":3.0},{"damage":14.0,"enemies":"Gensokyo:Wraith","floor":22.0,"turns":3.0},{"damage":20.0,"enemies":"Gensokyo:Tenshi","floor":24.0,"turns":4.0},{"damage":0.0,"enemies":"Gensokyo:Slime_Group","floor":25.0,"turns":2.0},{"damage":29.0,"enemies":"Gensokyo:Mirror_and_Dog","floor":27.0,"turns":3.0},{"damage":6.0,"enemies":"Gensokyo:Monolith_and_Dog","floor":31.0,"turns":2.0},{"damage":0.0,"enemies":"Gensokyo:Eternal_Rivals","floor":33.0,"turns":3.0},{"damage":0.0,"enemies":"Gensokyo:AncientGuardian","floor":35.0,"turns":2.0},{"damage":0.0,"enemies":"Gensokyo:3_Boulders","floor":37.0,"turns":1.0},{"damage":0.0,"enemies":"Gensokyo:AtlasGolem","floor":39.0,"turns":2.0},{"damage":0.0,"enemies":"Gensokyo:4_Bats","floor":41.0,"turns":1.0},{"damage":0.0,"enemies":"Gensokyo:Marisa","floor":44.0,"turns":3.0},{"damage":0,"enemies":"Gensokyo:Rafflesia","floor":45,"turns":2},{"damage":2,"enemies":"Gensokyo:Scarlet_Devils","floor":50,"turns":4},{"damage":34,"enemies":"Gensokyo:Shinki","floor":51,"turns":6},{"damage":0,"enemies":"Shield and Spear","floor":55,"turns":1},{"damage":2,"enemies":"The Heart","floor":56,"turns":3}],"seed_played":"5645770569320648454","potions_obtained":[{"floor":2.0,"key":"Regen Potion"},{"floor":5.0,"key":"testmod-EscapePotion"},{"floor":8.0,"key":"testmod-TestPotion"},{"floor":22.0,"key":"Fire Potion"},{"floor":24.0,"key":"PowerPotion"},{"floor":41.0,"key":"Strength Potion"}],"is_trial":false,"path_per_floor":["M","M","COS","?","M","R","?","E","T","R","M","E","M","E","R","B",null,"M","M","COS","?","M","R","E","M","T","M","$","R","$","M","R","B",null,"M","$","M","?","M","R","M","R","T","E","M","COS","?","?","R","B","B",null,"R","$","E","B",null],"character_chosen":"WATCHER","items_purchased":["testmod-Justice","Yang","ClockworkSouvenir","AT_ChampionStep","TalkToTheHand","TimeFreeze","Tantrum","Bag of Marbles"],"campfire_rested":1,"item_purchase_floors":[28,28,28,30,30,54,54,54],"current_hp_per_floor":[62,63,63,53,54,54,54,55,55,55,58,61,64,67,67,70,76,78,78,78,78,71,71,68,72,73,54,54,54,54,54,54,60,83,91,91,95,76,84,84,93,93,94,100,104,104,51,51,51,54,28,93,114,114,116,116],"gold":296,"neow_bonus":"HUNDRED_GOLD","is_daily":false,"chose_seed":false,"campfire_upgraded":8,"win_rate":0.0,"timestamp":1610106837,"path_taken":["M","M","COS","?","?","R","?","E","T","R","M","E","M","E","R","BOSS","M","M","COS","?","?","R","E","M","T","M","$","R","?","M","R","BOSS","M","$","M","?","M","R","M","R","T","E","M","COS","?","?","R","BOSS","BOSS","R","$","E","BOSS"],"items_purchased_type":["Relic","Relic","Relic","Card","Card","Relic","Card","Relic"],"build_version":"2020-12-22","purchased_purges":4,"victory":true,"max_hp_per_floor":[68,68,68,78,78,78,78,78,78,78,78,78,78,78,78,78,78,78,78,78,78,79,79,80,81,82,84,84,84,84,87,87,90,90,95,95,96,96,101,101,102,102,103,106,107,107,107,107,107,109,114,114,114,114,116,117],"card_choices":[{"not_picked":["Evaluate","PathToVictory","WaveOfTheHand"],"picked":"SKIP","floor":1.0},{"not_picked":["ClearTheMind","EmptyBody","Evaluate","Halt"],"picked":"MostiFishMod:LegendTransform","floor":2.0},{"not_picked":["ForeignInfluence","Weave","AT_SoftenMuscles","Evaluate","SandsOfTime"],"picked":"SKIP","floor":5.0},{"not_picked":["Conclude","SashWhip","LikeWater","Consecrate"],"picked":"MostiFishMod:Adaptation","floor":8.0},{"not_picked":["InnerPeace","EmptyFist","Sanctity","DeceiveReality"],"picked":"WheelKick","floor":11.0},{"not_picked":["MasterReality","MostiFishMod:Minus","Devotion","MostiFishMod:DustFall"],"picked":"Wish","floor":12.0},{"not_picked":["MostiFishMod:FlowState","Protect","Halt","MostiFishMod:Pointsdynamics","Swivel"],"picked":"SKIP","floor":12.0},{"not_picked":["Consecrate","PathToVictory","CarveReality","ForeignInfluence"],"picked":"Wallop","floor":13.0},{"not_picked":["Conclude","ClearTheMind","Prostrate","FollowUp","Protect"],"picked":"SKIP","floor":14.0},{"not_picked":["Ragnarok","Scrawl","AT_MachinaRedman","MostiFishMod:OutWit"],"picked":"MostiFishMod:StarLaLaLa","floor":16.0},{"not_picked":["MostiFishMod:LegendTransform","AT_OneInchPunch","JustLucky","PathToVictory"],"picked":"Crescendo","floor":18.0},{"not_picked":["PathToVictory","EmptyFist","DeceiveReality","FlyingSleeves","Protect"],"picked":"SKIP","floor":19.0},{"not_picked":["PathToVictory+1","MostiFishMod:ScryFuture+1","Halt+1","SashWhip+1","EmptyBody+1"],"picked":"SKIP","floor":22.0},{"not_picked":["CrushJoints","ClearTheMind+1","FlurryOfBlows","MostiFishMod:LegendTransform","Swivel"],"picked":"SKIP","floor":22.0},{"not_picked":["BowlingBash","MostiFishMod:Speedup","ForeignInfluence","Evaluate"],"picked":"DevaForm","floor":24.0},{"not_picked":["CutThroughFate","CrushJoints","FollowUp","Halt","Evaluate"],"picked":"SKIP","floor":25.0},{"not_picked":["Blasphemy","SpiritShield","MostiFishMod:StarHerder","Omniscience"],"picked":"LessonLearned","floor":27.0},{"not_picked":["Evaluate","JustLucky","FlyingSleeves","DeceiveReality+1"],"picked":"MostiFishMod:Speedup","floor":27.0},{"not_picked":["MostiFishMod:PathToVictory","FlyingSleeves","Fasting2+1","MostiFishMod:LegendTransform"],"picked":"AT_IrregularMenstruation","floor":31.0},{"not_picked":["MostiFishMod:StarOceanP","DevaForm","Blasphemy","Brilliance"],"picked":"AT_RealColorLess","floor":33.0},{"not_picked":["CutThroughFate","Study","AT_DivineConfetti+1","Conclude","AT_RealFormLess+1"],"picked":"SKIP","floor":35.0},{"not_picked":["CutThroughFate+1","CrushJoints","PathToVictory","AT_DivineConfetti","AT_RealFormLess+1"],"picked":"SKIP","floor":37.0},{"not_picked":["Indignation+1","MostiFishMod:Clarity","MostiFishMod:FlowState","CarveReality"],"picked":"Omniscience","floor":39.0},{"not_picked":["ThirdEye+1","EmptyMind","BowlingBash","ClearTheMind","FollowUp+1"],"picked":"SKIP","floor":41.0},{"not_picked":["MostiFishMod:ScryFuture","Prostrate","Wireheading","ClearTheMind","FollowUp"],"picked":"SKIP","floor":44.0},{"not_picked":["MostiFishMod:Clarity","AT_RealFormLess","Crescendo+1","DeceiveReality+1"],"picked":"Adaptation","floor":45},{"not_picked":["WaveOfTheHand","Collect","EmptyBody","PathToVictory+1"],"picked":"MostiFishMod:PathToVictory","floor":55}],"player_experience":213735,"relics_obtained":[{"floor":1.0,"key":"SynthV:TestCard"},{"floor":8.0,"key":"testmod-D¨¦j¨¤vu"},{"floor":12.0,"key":"AT_EbonyIvory"},{"floor":14.0,"key":"Toy Ornithopter"},{"floor":24.0,"key":"testmod-ArcanaOfDestiny"},{"floor":26.0,"key":"Vajra"},{"floor":43.0,"key":"AT_SpeedBoots"},{"floor":44.0,"key":"AT_BellDemon"},{"floor":45,"key":"Bottled Flame"},{"floor":55,"key":"AT_BladeRuinedKing"}],"event_choices":[],"is_beta":false,"boss_relics":[{"not_picked":["Ectoplasm","ExusiaiGun"],"picked":"TakeMeEscape"},{"not_picked":["FixedStarFall","testmod-CardMagician"],"picked":"xbg"}],"items_purged_floors":[28,30,36,54],"is_endless":false,"potions_floor_spawned":[2,5,8,11,13,18,22,24,41],"ascension_level":20}}