{"host":"gf95gjygaqy6b70i","time":1610116867,"event":{"mods":["BaseMod","Colored Map","Colored Powertips","Minty Spire (QoL Compilation)"],"gold_per_floor":[114,134,145,161,175,175,0,0,25,58,58,89,89,14,14,117,117,130,41,41,67,87,118,118,130,130,141,141,41,41,54,54,155,155,166,166,166,216,227,260,274,274,274,290,308,658,658,65,65,65],"floor_reached":51,"playtime":4557,"items_purged":["Strike_G","Defend_G"],"score":705,"play_id":"fa92cec7-274d-4622-a5a8-61b414a5e041","local_time":"20210108154107","is_ascension_mode":false,"campfire_choices":[{"data":"Infinite Blades","floor":6.0,"key":"SMITH"},{"data":"Neutralize","floor":8.0,"key":"SMITH"},{"floor":11.0,"key":"REST"},{"floor":13.0,"key":"REST"},{"data":"Blade Dance","floor":15.0,"key":"SMITH"},{"floor":24.0,"key":"REST"},{"floor":28.0,"key":"REST"},{"floor":32.0,"key":"REST"},{"floor":47,"key":"REST"},{"floor":49,"key":"REST"}],"circlet_count":0,"master_deck":["Strike_G+1","Strike_G+1","Strike_G+1","Defend_G+1","Defend_G+1","Defend_G+1","Defend_G+1","Survivor+1","Neutralize+1","Heel Hook","Bane","Deadly Poison","Infinite Blades+1","Dagger Throw","Noxious Fumes","Flash of Steel","Prepared","Blade Dance+1","Quick Slash","After Image","Dodge and Roll","Footwork","Dodge and Roll+1","PiercingWail","Blade Dance","Leg Sweep","Flying Knee+1","Malaise","A Thousand Cuts","Acrobatics+1","Deflect+1","Poisoned Stab+1","Predator+1","Noxious Fumes+1","Dash+1","Bouncing Flask+1","Blur","Infinite Blades"],"relics":["Sozu","Bag of Marbles","Juzu Bracelet","Orichalcum","Black Star","Happy Flower","Letter Opener","War Paint","Pear","WristBlade","Incense Burner","Molten Egg 2","Mummified Hand","Peace Pipe","Old Coin","Bird Faced Urn","Frozen Eye"],"acts_visited":["Exordium","TheCity","TheBeyond"],"potions_floor_usage":[],"damage_taken":[{"damage":0.0,"enemies":"Cultist","floor":1.0,"turns":4.0},{"damage":1.0,"enemies":"2 Louse","floor":2.0,"turns":2.0},{"damage":0.0,"enemies":"Jaw Worm","floor":3.0,"turns":3.0},{"damage":6.0,"enemies":"Blue Slaver","floor":4.0,"turns":3.0},{"damage":10.0,"enemies":"3 Louse","floor":5.0,"turns":3.0},{"damage":12.0,"enemies":"Gremlin Nob","floor":10.0,"turns":4.0},{"damage":14.0,"enemies":"3 Sentries","floor":12.0,"turns":5.0},{"damage":33.0,"enemies":"Hexaghost","floor":16.0,"turns":8.0},{"damage":0.0,"enemies":"3 Byrds","floor":18.0,"turns":5.0},{"damage":7.0,"enemies":"Chosen","floor":22.0,"turns":4.0},{"damage":13.0,"enemies":"Book of Stabbing","floor":23.0,"turns":7.0},{"damage":25.0,"enemies":"Snake Plant","floor":25.0,"turns":5.0},{"damage":9.0,"enemies":"Centurion and Healer","floor":27.0,"turns":6.0},{"damage":9.0,"enemies":"Shelled Parasite and Fungi","floor":31.0,"turns":5.0},{"damage":44.0,"enemies":"Automaton","floor":33.0,"turns":13.0},{"damage":1.0,"enemies":"Orb Walker","floor":35.0,"turns":2.0},{"damage":3.0,"enemies":"Mind Bloom Boss Battle","floor":38.0,"turns":7.0},{"damage":6.0,"enemies":"3 Darklings","floor":39.0,"turns":5.0},{"damage":2.0,"enemies":"Nemesis","floor":40.0,"turns":5.0},{"damage":6.0,"enemies":"Transient","floor":41.0,"turns":5.0},{"damage":0.0,"enemies":"Jaw Worm Horde","floor":44.0,"turns":4.0},{"damage":28.0,"enemies":"Spire Growth","floor":45.0,"turns":4.0},{"damage":29.0,"enemies":"2 Orb Walkers","floor":46.0,"turns":5.0},{"damage":51,"enemies":"Donu and Deca","floor":50,"turns":9}],"seed_played":"2171361015235051227","potions_obtained":[],"is_trial":false,"path_per_floor":["M","M","M","M","M","R","$","R","T","E","R","E","R","$","R","B",null,"M","$","?","T","M","E","R","M","T","M","R","$","?","M","R","B",null,"M","?","?","?","M","E","M","T","T","M","M","?","R","$","R","B",null],"character_chosen":"THE_SILENT","items_purchased":["Noxious Fumes","Flash of Steel","Prepared","Footwork","Dodge and Roll","Bird Faced Urn","Blur","Frozen Eye","Infinite Blades"],"campfire_rested":7,"item_purchase_floors":[7,7,7,19,19,48,48,48,48],"current_hp_per_floor":[70,69,69,63,53,53,53,53,53,41,62,48,69,69,69,36,70,70,70,57,57,50,37,59,34,44,35,60,60,60,51,76,32,85,84,84,84,81,75,73,67,67,67,67,39,10,35,35,60,23],"gold":65,"neow_bonus":"BOSS_RELIC","is_daily":false,"chose_seed":false,"campfire_upgraded":3,"win_rate":0.0,"timestamp":1610116867,"path_taken":["M","M","M","?","M","R","$","R","T","E","R","E","R","?","R","BOSS","M","$","?","?","M","E","R","M","T","M","R","$","?","M","R","BOSS","M","?","?","?","M","E","M","?","T","M","M","?","R","?","R","BOSS"],"items_purchased_type":["Card","Card","Card","Card","Card","Relic","Card","Relic","Card"],"build_version":"2020-12-22","purchased_purges":2,"victory":true,"max_hp_per_floor":[70,70,70,70,70,70,70,70,70,70,70,70,70,70,70,70,70,70,70,75,75,75,75,75,75,85,85,85,85,85,85,85,85,85,85,85,85,85,85,85,85,85,85,85,85,85,85,85,85,85],"card_choices":[{"not_picked":["Tactician","Catalyst"],"picked":"Heel Hook","floor":1.0},{"not_picked":["Tactician","Catalyst"],"picked":"Bane","floor":2.0},{"not_picked":["PiercingWail","Slice"],"picked":"Deadly Poison","floor":3.0},{"not_picked":["Acrobatics","Outmaneuver"],"picked":"Infinite Blades","floor":4.0},{"not_picked":["Prepared","Endless Agony"],"picked":"Dagger Throw","floor":5.0},{"not_picked":["Dodge and Roll","Dagger Throw"],"picked":"Blade Dance","floor":10.0},{"not_picked":["Doppelganger","Dash"],"picked":"Quick Slash","floor":12.0},{"not_picked":["Burst","Tools of the Trade"],"picked":"After Image","floor":16.0},{"not_picked":["Dagger Throw+1","Sucker Punch"],"picked":"Dodge and Roll","floor":18.0},{"not_picked":["Expertise","Dagger Spray"],"picked":"PiercingWail","floor":22.0},{"not_picked":["Sucker Punch","Bane"],"picked":"Blade Dance","floor":23.0},{"not_picked":["Quick Slash","Sucker Punch"],"picked":"Leg Sweep","floor":25.0},{"not_picked":["Dodge and Roll","Reflex+1"],"picked":"Flying Knee+1","floor":27.0},{"not_picked":["Deflect","Bane"],"picked":"Malaise","floor":31.0},{"not_picked":["Wraith Form v2","Venomology"],"picked":"A Thousand Cuts","floor":33.0},{"not_picked":["Outmaneuver+1","All Out Attack+1","Heel Hook"],"picked":"SKIP","floor":35.0},{"not_picked":["Flying Knee","Outmaneuver"],"picked":"Acrobatics+1","floor":38.0},{"not_picked":["Deadly Poison","Dagger Throw"],"picked":"Deflect+1","floor":39.0},{"not_picked":["Prepared+1","Escape Plan"],"picked":"Poisoned Stab+1","floor":40.0},{"not_picked":["Quick Slash+1","Sucker Punch+1"],"picked":"Predator+1","floor":41.0},{"not_picked":["Skewer+1","Underhanded Strike+1"],"picked":"Noxious Fumes+1","floor":44.0},{"not_picked":["Deadly Poison","Calculated Gamble+1"],"picked":"Dash+1","floor":45.0},{"not_picked":["Calculated Gamble+1","Deadly Poison"],"picked":"Bouncing Flask+1","floor":46}],"player_experience":11581,"relics_obtained":[{"floor":9.0,"key":"Bag of Marbles"},{"floor":10.0,"key":"Juzu Bracelet"},{"floor":12.0,"key":"Orichalcum"},{"floor":21.0,"key":"Happy Flower"},{"floor":23.0,"key":"Letter Opener"},{"floor":23.0,"key":"War Paint"},{"floor":26.0,"key":"Pear"},{"floor":38.0,"key":"Incense Burner"},{"floor":40.0,"key":"Molten Egg 2"},{"floor":40.0,"key":"Mummified Hand"},{"floor":43.0,"key":"Peace Pipe"},{"floor":46,"key":"Old Coin"}],"event_choices":[{"damage_healed":0.0,"max_hp_gain":5.0,"max_hp_loss":0.0,"gold_gain":0.0,"event_name":"Forgotten Altar","player_choice":"Shed Blood","floor":20.0,"gold_loss":0.0,"damage_taken":18.0},{"damage_healed":0.0,"max_hp_gain":0.0,"max_hp_loss":0.0,"gold_gain":0.0,"event_name":"Back to Basics","player_choice":"Simplicity","floor":30.0,"gold_loss":0.0,"damage_taken":0.0,"cards_upgraded":["Strike_G","Strike_G","Strike_G","Strike_G","Defend_G","Defend_G","Defend_G","Defend_G"]},{"damage_healed":0.0,"max_hp_gain":0.0,"max_hp_loss":0.0,"gold_gain":0.0,"event_name":"Tomb of Lord Red Mask","player_choice":"Ignored","floor":36.0,"gold_loss":0.0,"damage_taken":0.0},{"cards_removed":["Strike_G"],"damage_healed":0.0,"max_hp_gain":0.0,"max_hp_loss":0.0,"gold_gain":0.0,"event_name":"Falling","player_choice":"Removed Attack","floor":37.0,"gold_loss":0.0,"damage_taken":0.0},{"damage_healed":0.0,"max_hp_gain":0.0,"max_hp_loss":0.0,"gold_gain":0.0,"event_name":"MindBloom","player_choice":"Fight","floor":38.0,"gold_loss":0.0,"damage_taken":0.0},{"damage_healed":0.0,"max_hp_gain":0.0,"max_hp_loss":0.0,"gold_gain":0.0,"event_name":"Mysterious Sphere","player_choice":"Fight","floor":46.0,"gold_loss":0.0,"damage_taken":0.0}],"is_beta":false,"boss_relics":[{"not_picked":["SacredBark","Tiny House"],"picked":"Black Star"},{"not_picked":["Coffee Dripper","HoveringKite"],"picked":"WristBlade"}],"items_purged_floors":[14,29],"is_endless":false,"potions_floor_spawned":[1,5,16,22,27,31,35,38,40,41],"ascension_level":0}}