{"host":"crf907qknq19bfb7","time":1610078183,"event":{"mods":["ATMod(∞¢Ë™Mod)","Act Like it!","Ascension Reborn","BaseMod","CapriCore","Colored Powertips","Friendly Minions","Gensokyo","GifTheSpireLib","Lobotomy","Minty Spire (QoL Compilation)","Pale of the Ancients","Quick Restart","Remilia£®¿Ÿ√◊¿Ú—«£©","StSLib","Td1madao Mod","The Administrix","The Immortal","Unceasing Turn Reminder","Waifu the Spire","Yakumo Yukari mod","Youmu£®ªÍ∆«—˝√Œ£©","°æ“≈ŒÔø®≈∆°øREMEMod"],"gold_per_floor":[118,118,118,137,155,155,190,190,190,290,316,329,329,173,173,277,277,296,316,276,276,156,156,167,167,219,236,236,268,295,295,295,394,394,413,413,165,75,100,100,100,178,178,218,259,299,299,142,142,148,161,181,281,30,30,33,33,33,33,51,51],"floor_reached":60,"playtime":8716,"items_purged":["Adoration","HumanKnowledgeSword"],"score":1276,"play_id":"7890a332-9b6c-4cd9-9a65-fc5f1a7fd418","local_time":"20210108115623","daily_mods":["SealedDeck","Heirloom","DeadlyEvents"],"is_ascension_mode":false,"campfire_choices":[{"data":"SpiderLilyBurial","floor":6.0,"key":"SMITH"},{"data":"TwoHundredYojanaInOneSlash","floor":8.0,"key":"SMITH"},{"data":"HellFireSword","floor":15.0,"key":"SMITH"},{"data":"DoubleWheelOfPain","floor":23.0,"key":"SMITH"},{"data":"HellGodSword","floor":25.0,"key":"SMITH"},{"data":"SpiritCuttingSword","floor":28.0,"key":"SMITH"},{"data":"SlashOfMeditation","floor":32.0,"key":"SMITH"},{"data":"ASingleThoughtAndInfiniteKalpas","floor":40.0,"key":"SMITH"},{"data":"HeavenGodSword","floor":47.0,"key":"SMITH"},{"data":"StrangeHalfBody","floor":49.0,"key":"SMITH"},{"data":"ObsessionSword","floor":55,"key":"SMITH"},{"data":"SanzenSekai","floor":57,"key":"SMITH"}],"circlet_count":0,"master_deck":["CrescentMoonSlash","DispleasureOfTheSevenHakus","TwoHundredYojanaInOneSlash+1","CherryBlossomFlashing","ObsessionSword+1","TransmigrationSlash","SanzenSekai+1","SpiderLilyBurial+1","ThreeKonsSevenHakus+1","HumanGodSword+1","SpiritCuttingSword+1","HellGodSword+1","SlashOfMeditation+1","HellFireSword+1","StrangeHalfBody+1","BizarrenessOfSixRealms+1","DoubleWheelOfPain+1","ASingleThoughtAndInfiniteKalpas+1","SlashClearingTheSixSenses+1","HeavenGodSword+1","SwordExtraction+1","PreachingAvici+1"],"relics":["HalfPhantom","AT_ATBox","REME_ComplimentaryCards","TungstenRod","Gensokyo:LunaticRedEyes","Bottled Lightning","AT_GuinsooRageblade","AT_GoldPhoenixTree","AT_TrinityForce","Gensokyo:LionMask","Oddly Smooth Stone","PreservedInsect","Nunchaku","Empty Cage","Happy Flower","REME_ArchaeologicalTools","MealTicket","Eternal Feather","Toxic Egg 2","Turnip","OrangePellets","paleoftheancients:Timepiece","Coffee Dripper","paleoftheancients:SoulOfTheSilent","AT_ImmortalShieldbow","Letter Opener"],"acts_visited":["Gensokyo:Gensokyo","Gensokyo:Gensokyoer","Gensokyo:Gensokyoest","paleoftheancients:PaleOfTheAncients"],"potions_floor_usage":[52,52,56],"damage_taken":[{"damage":2.0,"enemies":"Gensokyo:2_Kodama","floor":1.0,"turns":2.0},{"damage":0.0,"enemies":"Gensokyo:3_Fairies","floor":4.0,"turns":2.0},{"damage":0.0,"enemies":"Gensokyo:Gryphon","floor":5.0,"turns":2.0},{"damage":3.0,"enemies":"Gensokyo:Aya","floor":7.0,"turns":4.0},{"damage":0.0,"enemies":"Gensokyo:Cirno","floor":11.0,"turns":4.0},{"damage":0.0,"enemies":"Gensokyo:2_Rabbits","floor":12.0,"turns":2.0},{"damage":30.0,"enemies":"Gensokyo:Yukari","floor":16.0,"turns":6.0},{"damage":0.0,"enemies":"Gensokyo:CosmicMonolith","floor":18.0,"turns":2.0},{"damage":0.0,"enemies":"Gensokyo:3_Dogs","floor":19.0,"turns":2.0},{"damage":0.0,"enemies":"Gensokyo:Slime_Group","floor":24.0,"turns":3.0},{"damage":0.0,"enemies":"Gensokyo:Wraith","floor":27.0,"turns":3.0},{"damage":0.0,"enemies":"Gensokyo:Koishi","floor":29.0,"turns":3.0},{"damage":0.0,"enemies":"Gensokyo:Reisen","floor":30.0,"turns":2.0},{"damage":44.0,"enemies":"Gensokyo:Eternal_Rivals","floor":33.0,"turns":6.0},{"damage":0.0,"enemies":"Gensokyo:3_Boulders","floor":35.0,"turns":3.0},{"damage":0.0,"enemies":"Gensokyo:Doremy","floor":39.0,"turns":3.0},{"damage":0.0,"enemies":"Gensokyo:Marisa","floor":42.0,"turns":1.0},{"damage":0.0,"enemies":"Gensokyo:AncientGuardian","floor":44.0,"turns":1.0},{"damage":0.0,"enemies":"Gensokyo:Doremy","floor":45.0,"turns":1.0},{"damage":0.0,"enemies":"Gensokyo:Marisa","floor":46.0,"turns":2.0},{"damage":0.0,"enemies":"Gensokyo:Scarlet_Devils","floor":50.0,"turns":5.0},{"damage":18,"enemies":"","floor":51,"turns":4},{"damage":66,"enemies":"","floor":52,"turns":10},{"damage":61,"enemies":"","floor":56,"turns":4},{"damage":88,"enemies":"paleoftheancients:N","floor":60,"turns":9}],"seed_played":"4735356462746610449","potions_obtained":[{"floor":1.0,"key":"Dexterity Potion"},{"floor":16.0,"key":"BlessingOfTheForge"},{"floor":18.0,"key":"Explosive Potion"},{"floor":27.0,"key":"LiquidBronze"},{"floor":33.0,"key":"PowerPotion"},{"floor":35.0,"key":"Fire Potion"},{"floor":51,"key":"SpeedPotion"},{"floor":52,"key":"Block Potion"}],"is_trial":true,"path_per_floor":["M","?","?","M","M","R","E","R","T","?","E","M","T","$","R","B",null,"M","M","?","?","?","R","M","R","T","M","R","E","E","?","R","B",null,"M","?","$","?","E","R","$","E","T","M","E","E","R","COS","R","B","M","M","?","$","R","M","R","T","?","B"],"character_chosen":"YOUMU","items_purchased":["HellFireSword","Happy Flower","AT_ImmortalShieldbow"],"campfire_rested":0,"item_purchase_floors":[14,37,54],"current_hp_per_floor":[73,73,73,73,73,73,70,70,70,70,70,70,70,70,70,48,75,75,75,75,75,75,75,75,75,75,75,75,75,75,75,75,46,75,75,75,75,75,75,75,75,75,75,75,75,75,75,75,75,75,67,11,11,26,38,75,75,75,75,0,0],"gold":51,"neow_bonus":"","is_daily":false,"chose_seed":false,"campfire_upgraded":12,"win_rate":0.0,"timestamp":1610078183,"path_taken":["M","?","?","?","M","R","E","R","T","?","?","?","?","?","R","BOSS","M","M","?","?","?","R","M","R","T","?","R","E","?","?","R","BOSS","M","?","$","?","?","R","$","?","T","?","E","?","R","COS","R","BOSS","M","M","?","$","R","M","R","T","?","BOSS"],"items_purchased_type":["Card","Relic","Relic"],"build_version":"2020-12-22","purchased_purges":2,"victory":false,"max_hp_per_floor":[75,75,75,75,75,75,75,75,75,75,75,75,75,75,75,75,75,75,75,75,75,75,75,75,75,75,75,75,75,75,75,75,75,75,75,75,75,75,75,75,75,75,75,75,75,75,75,75,75,75,75,75,75,75,75,75,75,75,75,75,75],"card_choices":[{"not_picked":["CherryBlossomFlashing","PreachingAvici"],"picked":"ThreeKonsSevenHakus","floor":1.0},{"not_picked":["PreachingAvici","TransmigrationSlash"],"picked":"SpiritCuttingSword","floor":4.0},{"not_picked":["CherryBlossomFlashing","SlashOfMeditation"],"picked":"HellGodSword","floor":5.0},{"not_picked":["DispleasureOfTheSevenHakus","FlashingScatteredFlowers","CherryBlossomFlashing"],"picked":"SKIP","floor":7.0},{"not_picked":["HumanGodSword","LifeCuttingSword"],"picked":"SlashOfMeditation","floor":11.0},{"not_picked":["HumanGodSword","ThreeKonsSevenHakus","ObsessionWithThePresentWorld"],"picked":"SKIP","floor":12.0},{"not_picked":["SlashOfTheEternalFuture","SlashOfSaigyouSpringWind"],"picked":"StrangeHalfBody","floor":16.0},{"not_picked":["HesitationCuttingSword+1","SpiritCuttingSword"],"picked":"BizarrenessOfSixRealms+1","floor":18.0},{"not_picked":["CrescentMoonSlash","SpiritCuttingSword","PretaSword"],"picked":"SKIP","floor":19.0},{"not_picked":["ObsessionSword","SpiderLilyBurial","HellFireSword"],"picked":"SKIP","floor":24.0},{"not_picked":["CherryBlossomFlashing","ThoughtCuttingSword+1","SlashOfMeditation"],"picked":"SKIP","floor":27.0},{"not_picked":["SpiritCuttingSword+1","SanzenSekai","ThreeKonsSevenHakus"],"picked":"SKIP","floor":29.0},{"not_picked":["AsuraSword","SwordOfBindingDesires","HellFireSword"],"picked":"SKIP","floor":30.0},{"not_picked":["ReincarnationSword","VoidnessSword"],"picked":"ASingleThoughtAndInfiniteKalpas","floor":33.0},{"not_picked":["HumanKnowledgeSword","FourBirthsSword+1","EchoesOfTheInclemencyOfAllBeings+1"],"picked":"SKIP","floor":35.0},{"not_picked":["ThoughtCuttingSword+1","SlashOfMeditation+1"],"picked":"SlashClearingTheSixSenses+1","floor":39.0},{"not_picked":["SpiritCuttingSword+1","ObsessionSword+1"],"picked":"HeavenGodSword","floor":42.0},{"not_picked":["CherryBlossomFlashing+1","FlashingScatteredFlowers+1","LifeCuttingSword"],"picked":"SKIP","floor":44.0},{"not_picked":["LifeCuttingSword+1","BloodOfAsura+1"],"picked":"SwordExtraction+1","floor":45.0},{"not_picked":["BloodOfAsura+1","PretaSword"],"picked":"PreachingAvici+1","floor":46.0},{"not_picked":["ThreeKonsSevenHakus+1","SpiderLilyBurial+1","TwoHundredYojanaInOneSlash+1"],"picked":"SKIP","floor":51},{"not_picked":["CherryBlossomFlashing+1","SwordExtraction+1","DoubleWheelOfPain+1"],"picked":"SKIP","floor":52}],"player_experience":39380,"relics_obtained":[{"floor":7.0,"key":"Bottled Lightning"},{"floor":9.0,"key":"AT_GuinsooRageblade"},{"floor":13.0,"key":"AT_GoldPhoenixTree"},{"floor":26.0,"key":"Oddly Smooth Stone"},{"floor":29.0,"key":"PreservedInsect"},{"floor":30.0,"key":"Nunchaku"},{"floor":39.0,"key":"REME_ArchaeologicalTools"},{"floor":42.0,"key":"MealTicket"},{"floor":43.0,"key":"Eternal Feather"},{"floor":45.0,"key":"Toxic Egg 2"},{"floor":46.0,"key":"Turnip"},{"floor":51,"key":"paleoftheancients:SoulOfTheSilent"},{"floor":58,"key":"Letter Opener"}],"event_choices":[{"damage_healed":0,"gold_gain":100,"player_choice":"Pray","damage_taken":0,"max_hp_gain":0,"max_hp_loss":0,"event_name":"Golden Shrine","floor":53,"gold_loss":0}],"is_beta":false,"boss_relics":[{"not_picked":["Cursed Key","Tiny House"],"picked":"AT_TrinityForce"},{"not_picked":["REME_DemonsWealth","REME_ChargedStone"],"picked":"Empty Cage"}],"items_purged_floors":[14,37],"is_endless":false,"potions_floor_spawned":[1,16,18,27,33,35,51,52],"killed_by":"paleoftheancients:N","ascension_level":0}}