{"host":"8xi53560pl5zaoq2","time":1610070415,"event":{"mods":["BaseMod","Colored Map","Highlight Path","Minty Spire (QoL Compilation)","StSLib","Synergy Search"],"gold_per_floor":[119,119,134,134,159,159,183,2,72,72,72,72,121,156,156,181,181],"floor_reached":16,"playtime":1096,"items_purged":["Injury"],"score":140,"play_id":"7bd9fae0-cbc2-4835-a017-1636e9e27f01","local_time":"20210107184655","is_ascension_mode":true,"campfire_choices":[{"floor":6,"key":"REST"},{"data":"Eruption","floor":10,"key":"SMITH"},{"data":"Jack Of All Trades","floor":12,"key":"SMITH"},{"data":"LikeWater","floor":15,"key":"SMITH"}],"circlet_count":0,"master_deck":["Strike_P","Strike_P","Strike_P","Defend_P","Defend_P","Defend_P","Eruption+1","Vigilance","MasterReality","ThirdEye","PathToVictory","Wallop","Halt","ThirdEye","ThirdEye","Jack Of All Trades+1","Wish","LikeWater+1","Collect"],"relics":["PureWater","Golden Idol","Ancient Tea Set","Blue Candle","Orichalcum"],"acts_visited":["Exordium"],"potions_floor_usage":[13],"damage_taken":[{"damage":11,"enemies":"2 Louse","floor":1,"turns":2},{"damage":2,"enemies":"Small Slimes","floor":3,"turns":4},{"damage":7,"enemies":"Jaw Worm","floor":5,"turns":4},{"damage":0,"enemies":"Red Slaver","floor":7,"turns":2},{"damage":0,"enemies":"Blue Slaver","floor":13,"turns":2},{"damage":8,"enemies":"Lagavulin","floor":14,"turns":8},{"damage":35,"enemies":"Hexaghost","floor":16,"turns":11}],"seed_played":"-1982278352575513311","potions_obtained":[{"floor":1,"key":"AttackPotion"},{"floor":3,"key":"Block Potion"},{"floor":7,"key":"Explosive Potion"}],"is_trial":false,"path_per_floor":["M","?","M","?","M","R","M","$","T","R","?","R","M","E","R","B"],"character_chosen":"WATCHER","items_purchased":["ThirdEye","Jack Of All Trades"],"campfire_rested":1,"item_purchase_floors":[8,8],"current_hp_per_floor":[36,36,34,27,20,41,41,41,41,41,41,41,41,33,33,0,0],"gold":181,"neow_bonus":"TRANSFORM_TWO_CARDS","is_daily":false,"chose_seed":false,"campfire_upgraded":3,"win_rate":0.0,"timestamp":1610070415,"path_taken":["M","?","M","?","?","R","M","?","T","R","?","R","M","E","R","BOSS"],"items_purchased_type":["Card","Card"],"build_version":"2020-12-22","purchased_purges":1,"victory":false,"max_hp_per_floor":[72,72,72,72,72,72,72,72,72,72,72,72,72,72,72,72,72],"card_choices":[{"not_picked":["FearNoEvil","Swivel"],"picked":"PathToVictory","floor":1},{"not_picked":["CrushJoints","ForeignInfluence"],"picked":"Wallop","floor":3},{"not_picked":["CarveReality","FlyingSleeves"],"picked":"Halt","floor":5},{"not_picked":["Prostrate","DeceiveReality"],"picked":"ThirdEye","floor":7},{"not_picked":["SashWhip","WheelKick"],"picked":"LikeWater","floor":13},{"not_picked":["FollowUp","BowlingBash"],"picked":"Collect","floor":14}],"player_experience":1270587,"relics_obtained":[{"floor":9,"key":"Blue Candle"},{"floor":14,"key":"Orichalcum"}],"event_choices":[{"damage_healed":0,"gold_gain":0,"player_choice":"Take Wound","damage_taken":0,"relics_obtained":["Golden Idol"],"max_hp_gain":0,"max_hp_loss":0,"event_name":"Golden Idol","floor":2,"gold_loss":0,"cards_obtained":["Injury"]},{"damage_healed":0,"gold_gain":0,"player_choice":"Success","damage_taken":7,"relics_obtained":["Ancient Tea Set"],"max_hp_gain":0,"max_hp_loss":0,"event_name":"Scrap Ooze","floor":4,"gold_loss":0},{"damage_healed":0,"gold_gain":0,"player_choice":"1 cards matched","damage_taken":0,"max_hp_gain":0,"max_hp_loss":0,"event_name":"Match and Keep!","floor":11,"gold_loss":0,"cards_obtained":["Wish"]}],"is_beta":false,"boss_relics":[],"items_purged_floors":[8],"is_endless":false,"potions_floor_spawned":[1,3,7],"killed_by":"Hexaghost","ascension_level":8}}