{"host":"5rtyf8ksc27ihiqk","time":1610112198,"event":{"mods":["BaseMod","Hermit","Minty Spire (QoL Compilation)","StSLib"],"gold_per_floor":[111,124,124,140,90,90,102,137,137,153,179,179,179,195,195,291,291,311,325,341,359,385,418,429,504,504,504,517,551,562,562,562,665,665,678,55,55,69,79,109,109,137,163,63,113,123,123,123,123,123,123,123,10,37,37,37],"floor_reached":55,"playtime":6334,"items_purged":["hermit:Strike_Hermit","hermit:Combo"],"score":769,"play_id":"3cd16668-1a9a-4556-a71d-c354d2f48f70","local_time":"20210108212318","is_ascension_mode":false,"campfire_choices":[{"data":"hermit:Vantage","floor":6.0,"key":"SMITH"},{"data":"hermit:GoldenBullet","floor":12.0,"key":"SMITH"},{"data":"hermit:Headshot","floor":15.0,"key":"SMITH"},{"floor":27.0,"key":"REST"},{"data":"hermit:Quickdraw","floor":32.0,"key":"SMITH"},{"data":"hermit:Dive","floor":41.0,"key":"SMITH"},{"data":"hermit:BigShot","floor":47.0,"key":"SMITH"},{"floor":49.0,"key":"RECALL"},{"data":"hermit:Dissolve","floor":52.0,"key":"SMITH"}],"circlet_count":0,"master_deck":["hermit:Defend_Hermit","hermit:Defend_Hermit","hermit:Defend_Hermit","hermit:Snapshot","hermit:Covet","hermit:Vantage+1","hermit:TrackingShot","hermit:Headshot+1","hermit:Enervate","hermit:GoldenBullet+1","hermit:HoleUp","hermit:Dive+1","hermit:HeroicBravado","hermit:Manifest+1","hermit:TrackingShot","hermit:Dive+1","hermit:Enervate","hermit:Quickdraw+1","hermit:Horror","hermit:Deadeye","hermit:TrackingShot+1","hermit:Snipe+1","Decay","hermit:Dissolve+1","hermit:Brawl+1","hermit:Roulette+1","hermit:BigShot+1","hermit:DeadMansHand+1","hermit:Dive+1","hermit:ShadowCloak","hermit:PistolWhip","hermit:Virtue"],"relics":["hermit:ClaspedLocket","NeowsBlessing","Mercury Hourglass","FossilizedHelix","Red Mask","Thread and Needle","hermit:Horseshoe","hermit:Spyglass","Sozu","Regal Pillow","Sling","Darkstone Periapt","Juzu Bracelet","Centennial Puzzle","Vajra","Gambling Chip","Mummified Hand"],"acts_visited":["Exordium","TheCity","TheBeyond","TheEnding"],"potions_floor_usage":[55],"damage_taken":[{"damage":0.0,"enemies":"Small Slimes","floor":1.0,"turns":1.0},{"damage":0.0,"enemies":"Jaw Worm","floor":2.0,"turns":1.0},{"damage":0.0,"enemies":"2 Louse","floor":4.0,"turns":1.0},{"damage":13.0,"enemies":"2 Fungi Beasts","floor":7.0,"turns":4.0},{"damage":10.0,"enemies":"Gremlin Nob","floor":8.0,"turns":4.0},{"damage":0.0,"enemies":"Blue Slaver","floor":10.0,"turns":2.0},{"damage":0.0,"enemies":"Exordium Thugs","floor":14.0,"turns":4.0},{"damage":29.0,"enemies":"Slime Boss","floor":16.0,"turns":15.0},{"damage":25.0,"enemies":"3 Byrds","floor":18.0,"turns":5.0},{"damage":0.0,"enemies":"Spheric Guardian","floor":19.0,"turns":3.0},{"damage":0.0,"enemies":"Centurion and Healer","floor":20.0,"turns":8.0},{"damage":1.0,"enemies":"Snecko","floor":21.0,"turns":5.0},{"damage":0.0,"enemies":"Masked Bandits","floor":22.0,"turns":4.0},{"damage":10.0,"enemies":"Slavers","floor":23.0,"turns":8.0},{"damage":0.0,"enemies":"Snake Plant","floor":24.0,"turns":3.0},{"damage":1.0,"enemies":"Sentry and Sphere","floor":28.0,"turns":8.0},{"damage":0.0,"enemies":"Book of Stabbing","floor":29.0,"turns":6.0},{"damage":0.0,"enemies":"Centurion and Healer","floor":30.0,"turns":7.0},{"damage":47.0,"enemies":"Champ","floor":33.0,"turns":20.0},{"damage":1.0,"enemies":"3 Darklings","floor":35.0,"turns":12.0},{"damage":0.0,"enemies":"Orb Walker","floor":38.0,"turns":3.0},{"damage":13.0,"enemies":"4 Shapes","floor":39.0,"turns":6.0},{"damage":0.0,"enemies":"Giant Head","floor":40.0,"turns":10.0},{"damage":1.0,"enemies":"Reptomancer","floor":42.0,"turns":8.0},{"damage":0.0,"enemies":"Mind Bloom Boss Battle","floor":45.0,"turns":6.0},{"damage":5.0,"enemies":"3 Darklings","floor":46.0,"turns":6.0},{"damage":29.0,"enemies":"Time Eater","floor":50.0,"turns":13.0},{"damage":20.0,"enemies":"Shield and Spear","floor":54.0,"turns":8.0},{"damage":70,"enemies":"The Heart","floor":55,"turns":5}],"seed_played":"3582561823031307834","potions_obtained":[{"floor":4.0,"key":"SkillPotion"},{"floor":7.0,"key":"Ancient Potion"},{"floor":10.0,"key":"FearPotion"},{"floor":21.0,"key":"Energy Potion"}],"is_trial":false,"path_per_floor":["M","M","?","M","?","R","M","E","T","M","T","R","?","M","R","B",null,"M","M","M","M","?","E","M","?","T","R","M","E","M","?","R","B",null,"M","$","?","M","M","E","R","E","T","$","?","M","R","?","R","B",null,"R","$","E","B"],"character_chosen":"HERMIT","items_purchased":["Regal Pillow","Sling","Darkstone Periapt","hermit:ShadowCloak","hermit:PistolWhip"],"campfire_rested":1,"item_purchase_floors":[36,36,36,53,53],"current_hp_per_floor":[75,75,68,68,68,68,55,45,45,45,45,45,45,45,45,16,75,50,50,50,49,49,39,39,32,32,54,53,53,53,53,53,9,75,75,75,75,75,62,65,65,66,66,66,67,63,63,63,63,37,75,75,75,55,0,0],"gold":37,"neow_bonus":"THREE_ENEMY_KILL","is_daily":false,"chose_seed":false,"campfire_upgraded":7,"win_rate":0.0,"timestamp":1610112198,"path_taken":["M","M","?","M","?","R","M","E","T","M","?","R","?","M","R","BOSS","M","M","M","M","?","E","M","?","T","R","M","E","?","?","R","BOSS","M","$","?","M","M","E","R","E","T","$","?","M","R","?","R","BOSS","R","$","E","BOSS"],"items_purchased_type":["Relic","Relic","Relic","Card","Card"],"build_version":"2020-12-22","purchased_purges":2,"victory":false,"max_hp_per_floor":[75,75,75,75,75,75,75,75,75,75,75,75,75,75,75,75,75,75,75,75,75,75,75,75,75,75,75,75,75,75,75,75,75,75,75,75,75,75,75,75,75,75,75,75,75,75,75,75,75,75,75,75,75,75,75,75],"card_choices":[{"not_picked":["hermit:Coalescence","hermit:NoHoldsBarred"],"picked":"hermit:Vantage","floor":1.0},{"not_picked":["hermit:EyeOfTheStorm","hermit:LuckOfTheDraw"],"picked":"hermit:TrackingShot","floor":2.0},{"not_picked":["hermit:Roulette","hermit:ItchyTrigger"],"picked":"hermit:Headshot","floor":4.0},{"not_picked":["hermit:PistolWhip","hermit:LoneWolf"],"picked":"hermit:Enervate","floor":7.0},{"not_picked":["hermit:Spite","hermit:Roulette","hermit:HighCaliber"],"picked":"SKIP","floor":8.0},{"not_picked":["hermit:Misfire","hermit:HighCaliber"],"picked":"hermit:GoldenBullet","floor":10.0},{"not_picked":["hermit:Vantage","hermit:BodyArmor"],"picked":"hermit:Dive","floor":14.0},{"not_picked":["hermit:Reprieve","hermit:BlackWind"],"picked":"hermit:HeroicBravado","floor":16.0},{"not_picked":["hermit:HighCaliber+1","hermit:Glare+1"],"picked":"hermit:Manifest+1","floor":18.0},{"not_picked":["hermit:HoleUp","hermit:ShadowCloak+1"],"picked":"hermit:TrackingShot","floor":19.0},{"not_picked":["hermit:LoneWolf","hermit:Snipe"],"picked":"hermit:Dive+1","floor":20.0},{"not_picked":["hermit:Showdown","hermit:Grudge+1"],"picked":"hermit:Enervate","floor":21.0},{"not_picked":["hermit:LowProfile","hermit:Feint"],"picked":"hermit:Quickdraw","floor":22.0},{"not_picked":["hermit:LowProfile+1","hermit:PistolWhip"],"picked":"hermit:Horror","floor":23.0},{"not_picked":["hermit:Scavenge","hermit:Manifest"],"picked":"hermit:Deadeye","floor":24.0},{"not_picked":["hermit:Misfire+1","hermit:BlackWind"],"picked":"hermit:TrackingShot+1","floor":28.0},{"not_picked":["hermit:Cheat","hermit:SprayPray"],"picked":"hermit:Snipe+1","floor":29.0},{"not_picked":["hermit:Maintenance","hermit:LuckOfTheDraw+1","hermit:Manifest"],"picked":"SKIP","floor":30.0},{"not_picked":["hermit:EternalForm","hermit:Adapt"],"picked":"hermit:Dissolve","floor":33.0},{"not_picked":["hermit:TrackingShot+1","hermit:Scavenge+1"],"picked":"hermit:Brawl+1","floor":35.0},{"not_picked":["hermit:Desperado","hermit:Glare","hermit:Feint"],"picked":"SKIP","floor":38.0},{"not_picked":["hermit:Dive+1","hermit:ItchyTrigger"],"picked":"hermit:Combo","floor":39.0},{"not_picked":["hermit:Magnum","hermit:FullyLoaded+1"],"picked":"hermit:Roulette+1","floor":40.0},{"not_picked":["hermit:Dive+1","hermit:SprayPray"],"picked":"hermit:BigShot","floor":42.0},{"not_picked":["hermit:SprayPray","hermit:HighCaliber"],"picked":"hermit:DeadMansHand+1","floor":45.0},{"not_picked":["hermit:Manifest","hermit:Spite+1"],"picked":"hermit:Dive+1","floor":46.0},{"not_picked":["hermit:SprayPray","hermit:Dive"],"picked":"hermit:Virtue","floor":54.0}],"player_experience":133012,"relics_obtained":[{"floor":8.0,"key":"Mercury Hourglass"},{"floor":9.0,"key":"FossilizedHelix"},{"floor":22.0,"key":"Red Mask"},{"floor":23.0,"key":"Thread and Needle"},{"floor":26.0,"key":"hermit:Horseshoe"},{"floor":29.0,"key":"hermit:Spyglass"},{"floor":40.0,"key":"Juzu Bracelet"},{"floor":42.0,"key":"Centennial Puzzle"},{"floor":43.0,"key":"Vajra"},{"floor":45.0,"key":"Gambling Chip"},{"floor":54.0,"key":"Mummified Hand"}],"event_choices":[{"cards_removed":["hermit:Strike_Hermit"],"damage_healed":0.0,"max_hp_gain":0.0,"max_hp_loss":0.0,"gold_gain":0.0,"event_name":"Golden Wing","player_choice":"Card Removal","floor":3.0,"gold_loss":0.0,"damage_taken":7.0},{"cards_removed":["hermit:Strike_Hermit"],"damage_healed":0.0,"max_hp_gain":0.0,"max_hp_loss":0.0,"gold_gain":0.0,"event_name":"The Cleric","player_choice":"Card Removal","floor":5.0,"gold_loss":50.0,"damage_taken":0.0},{"damage_healed":0.0,"max_hp_gain":0.0,"max_hp_loss":0.0,"gold_gain":0.0,"cards_transformed":["hermit:Strike_Hermit"],"event_name":"Living Wall","player_choice":"Change","floor":13.0,"gold_loss":0.0,"damage_taken":0.0,"cards_obtained":["hermit:HoleUp"]},{"damage_healed":0.0,"max_hp_gain":0.0,"max_hp_loss":0.0,"gold_gain":0.0,"event_name":"Masked Bandits","player_choice":"Fought Bandits","floor":22.0,"gold_loss":0.0,"damage_taken":0.0},{"damage_healed":0.0,"max_hp_gain":0.0,"max_hp_loss":0.0,"gold_gain":75.0,"event_name":"FaceTrader","player_choice":"Touch","floor":25.0,"gold_loss":0.0,"damage_taken":7.0},{"damage_healed":0.0,"max_hp_gain":0.0,"max_hp_loss":0.0,"gold_gain":0.0,"event_name":"Forgotten Altar","player_choice":"Smashed Altar","floor":31.0,"gold_loss":0.0,"damage_taken":0.0,"cards_obtained":["Decay"]},{"cards_removed":["hermit:Defend_Hermit"],"damage_healed":0.0,"max_hp_gain":0.0,"max_hp_loss":0.0,"gold_gain":0.0,"event_name":"Falling","player_choice":"Removed Skill","floor":37.0,"gold_loss":0.0,"damage_taken":0.0},{"damage_healed":0.0,"max_hp_gain":0.0,"max_hp_loss":0.0,"gold_gain":0.0,"event_name":"MindBloom","player_choice":"Fight","floor":45.0,"gold_loss":0.0,"damage_taken":0.0},{"damage_healed":0.0,"max_hp_gain":0.0,"max_hp_loss":0.0,"gold_gain":0.0,"event_name":"Tomb of Lord Red Mask","player_choice":"Ignored","floor":48.0,"gold_loss":0.0,"damage_taken":0.0}],"is_beta":false,"boss_relics":[{"not_picked":["Cursed Key","Calling Bell"],"picked":"hermit:ClaspedLocket"},{"not_picked":["Tiny House","Black Star"],"picked":"Sozu"}],"items_purged_floors":[36,44],"is_endless":false,"potions_floor_spawned":[4,7,10,14,20,21,22,23,29,40,45,46],"killed_by":"The Heart","ascension_level":0}}