{"host":"oy4pyvr762z5n0bb","time":1610090611,"event":{"mods":["AchievementEnabler","BaseMod","Colored Map","Colored Powertips","Googly Eyes","Key Reminder","Minty Spire (QoL Compilation)","Quick Restart","Relic Sorter","StSLib","SuperFastMode","Unceasing Turn Reminder","slay the spire mod where everything is the same but ironclad has a cowboy hat"],"gold_per_floor":[109,128,93,42,120,120,132,158,181,146,246,257,272,44,44,144,144,157,176,176,176,176,202,55,55,55,55,55],"floor_reached":27,"playtime":559,"items_purged":["Strike_R"],"score":315,"play_id":"0a24d942-b63b-423e-9db1-d729ed3a4125","local_time":"20210107232331","is_ascension_mode":true,"campfire_choices":[{"data":"Bludgeon","floor":6,"key":"SMITH"},{"floor":15,"key":"REST"},{"floor":25,"key":"REST"}],"circlet_count":0,"master_deck":["Strike_R","Strike_R","Strike_R","Defend_R","Defend_R","Defend_R","Defend_R","Bash","Bludgeon+1","Disarm","Armaments","Cleave","True Grit","Immolate","True Grit","Inflame","Battle Trance","Double Tap","Dual Wield","Evolve","Reaper"],"relics":["Burning Blood","Art of War","Anchor","Velvet Choker","Ancient Tea Set","Pen Nib","Bottled Flame"],"acts_visited":["Exordium","TheCity"],"potions_floor_usage":[12,22,23,27],"damage_taken":[{"damage":11,"enemies":"2 Louse","floor":1,"turns":3},{"damage":7,"enemies":"Jaw Worm","floor":2,"turns":2},{"damage":0,"enemies":"Cultist","floor":7,"turns":3},{"damage":30,"enemies":"3 Sentries","floor":8,"turns":7},{"damage":10,"enemies":"Exordium Thugs","floor":10,"turns":5},{"damage":0,"enemies":"Large Slime","floor":12,"turns":2},{"damage":8,"enemies":"Lots of Slimes","floor":13,"turns":3},{"damage":15,"enemies":"Slime Boss","floor":16,"turns":8},{"damage":1,"enemies":"2 Thieves","floor":18,"turns":4},{"damage":0,"enemies":"Chosen","floor":19,"turns":4},{"damage":0,"enemies":"Shelled Parasite and Fungi","floor":22,"turns":2},{"damage":35,"enemies":"Book of Stabbing","floor":23,"turns":6},{"damage":89,"enemies":"Gremlin Leader","floor":27,"turns":6}],"seed_played":"5349809980275833575","potions_obtained":[{"floor":8,"key":"DistilledChaos"},{"floor":13,"key":"SmokeBomb"},{"floor":16,"key":"DistilledChaos"},{"floor":23,"key":"Strength Potion"}],"is_trial":false,"path_per_floor":["M","M","?","$","?","R","M","E","T","M","?","M","M","$","R","B",null,"M","M","?","?","M","E","$","R","T","E"],"character_chosen":"IRONCLAD","items_purchased":["Cleave","Inflame","Battle Trance","Pen Nib"],"campfire_rested":2,"item_purchase_floors":[4,14,14,24],"current_hp_per_floor":[46,45,65,65,65,65,71,47,47,43,43,49,47,47,71,62,76,80,80,65,65,71,42,42,67,67,0,0],"gold":55,"neow_bonus":"THREE_RARE_CARDS","is_daily":false,"chose_seed":false,"campfire_upgraded":1,"win_rate":0.0,"timestamp":1610090611,"path_taken":["M","M","?","$","?","R","M","E","T","M","?","M","?","$","R","BOSS","M","M","?","?","?","E","$","R","T","E"],"items_purchased_type":["Card","Card","Card","Relic"],"build_version":"2020-12-22","purchased_purges":1,"victory":false,"max_hp_per_floor":[80,80,80,80,80,80,80,80,80,80,80,80,80,80,80,80,80,80,80,85,85,85,85,85,85,85,85,85],"card_choices":[{"not_picked":["Brutality","Impervious"],"picked":"Bludgeon","floor":0},{"not_picked":["Sword Boomerang","True Grit"],"picked":"Disarm","floor":1},{"not_picked":["Perfected Strike","Blood for Blood"],"picked":"Armaments","floor":2},{"not_picked":["Sword Boomerang","Armaments"],"picked":"True Grit","floor":7},{"not_picked":["Cleave","Evolve"],"picked":"Immolate","floor":8},{"not_picked":["Armaments","Anger"],"picked":"True Grit","floor":10},{"not_picked":["Wild Strike","Cleave","Dark Embrace"],"picked":"SKIP","floor":12},{"not_picked":["Clash","Sword Boomerang","Body Slam"],"picked":"SKIP","floor":13},{"not_picked":["Impervious","Brutality"],"picked":"Double Tap","floor":16},{"not_picked":["Perfected Strike+1","Second Wind"],"picked":"Dual Wield","floor":18},{"not_picked":["Sword Boomerang+1","Heavy Blade","Wild Strike"],"picked":"SKIP","floor":19},{"not_picked":["Ghostly Armor+1","Anger+1"],"picked":"Reaper","floor":23}],"player_experience":721160,"relics_obtained":[{"floor":8,"key":"Art of War"},{"floor":9,"key":"Anchor"},{"floor":23,"key":"Ancient Tea Set"},{"floor":26,"key":"Bottled Flame"}],"event_choices":[{"damage_healed":20,"gold_gain":0,"player_choice":"Healed","damage_taken":0,"max_hp_gain":0,"max_hp_loss":0,"event_name":"The Cleric","floor":3,"gold_loss":35},{"damage_healed":0,"gold_gain":78,"player_choice":"Gained Gold","damage_taken":0,"max_hp_gain":0,"max_hp_loss":0,"event_name":"Golden Wing","floor":5,"gold_loss":0},{"damage_healed":0,"gold_gain":100,"player_choice":"Gold","damage_taken":0,"max_hp_gain":0,"max_hp_loss":0,"event_name":"Wheel of Change","floor":11,"gold_loss":0},{"damage_healed":0,"gold_gain":0,"player_choice":"Shed Blood","damage_taken":20,"max_hp_gain":5,"max_hp_loss":0,"event_name":"Forgotten Altar","floor":20,"gold_loss":0},{"damage_healed":0,"gold_gain":0,"cards_transformed":["Strike_R"],"player_choice":"Transformed","damage_taken":0,"max_hp_gain":0,"max_hp_loss":0,"event_name":"Transmorgrifier","floor":21,"gold_loss":0,"cards_obtained":["Evolve"]}],"is_beta":false,"boss_relics":[{"not_picked":["Astrolabe","Empty Cage"],"picked":"Velvet Choker"}],"items_purged_floors":[14],"is_endless":false,"potions_floor_spawned":[8,13,16,22,23],"killed_by":"Gremlin Leader","ascension_level":7}}