{"host":"jm9833yuloeli2yd","time":1610127805,"event":{"mods":["BaseMod","Better Altar","Better Match","Better Note","Better Sensory Stone","Better Skull","Better Third Choice","Better Vampires","BetterRewards","Colored Map","Colored Powertips","DeckTracker","Minty Spire (QoL Compilation)","Permanent Neow","Quick Restart","StSLib","SuperFastMode"],"gold_per_floor":[112,127,147,166,178,178,178],"floor_reached":6,"playtime":237,"items_purged":[],"score":80,"play_id":"ea6c218f-ead0-49a1-b1de-1b1cfa51b7d8","local_time":"20210108124325","is_ascension_mode":true,"campfire_choices":[],"circlet_count":0,"master_deck":["AscendersBane","Strike_G","Strike_G","Strike_G","Strike_G","Strike_G","Defend_G","Defend_G","Defend_G","Defend_G","Defend_G","Survivor","Neutralize","Slice","Slice","Dagger Throw","Escape Plan","Terror"],"relics":["Ring of the Snake","CaptainsWheel","Toy Ornithopter","Medical Kit"],"acts_visited":["Exordium"],"potions_floor_usage":[4,6,6],"damage_taken":[{"damage":2,"enemies":"Jaw Worm","floor":1,"turns":5},{"damage":0,"enemies":"Small Slimes","floor":2,"turns":3},{"damage":0,"enemies":"Cultist","floor":3,"turns":3},{"damage":15,"enemies":"Exordium Wildlife","floor":4,"turns":5},{"damage":21,"enemies":"Gremlin Gang","floor":5,"turns":6},{"damage":30,"enemies":"3 Sentries","floor":6,"turns":8}],"seed_played":"-5356233873581953811","potions_obtained":[{"floor":1,"key":"CultistPotion"},{"floor":2,"key":"GhostInAJar"},{"floor":5,"key":"Weak Potion"}],"is_trial":false,"path_per_floor":["M","M","M","M","M","E"],"character_chosen":"THE_SILENT","items_purchased":["Toy Ornithopter","Medical Kit"],"campfire_rested":0,"item_purchase_floors":[0,0],"current_hp_per_floor":[50,50,50,40,19,0,0],"gold":178,"neow_bonus":"","is_daily":false,"chose_seed":false,"campfire_upgraded":0,"win_rate":0.0,"timestamp":1610127805,"path_taken":["M","M","M","M","M","E"],"items_purchased_type":["Relic","Relic"],"build_version":"2020-12-22","purchased_purges":0,"victory":false,"max_hp_per_floor":[66,66,66,66,66,66,66],"card_choices":[{"not_picked":["PiercingWail","Caltrops"],"picked":"Slice","floor":1},{"not_picked":["Riddle With Holes","Cloak And Dagger"],"picked":"Slice","floor":2},{"not_picked":["Deadly Poison","Reflex"],"picked":"Dagger Throw","floor":3},{"not_picked":["Deadly Poison","Prepared"],"picked":"Escape Plan","floor":4},{"not_picked":["Underhanded Strike","Prepared"],"picked":"Terror","floor":5}],"player_experience":1278716,"relics_obtained":[],"event_choices":[],"is_beta":false,"boss_relics":[],"items_purged_floors":[],"is_endless":false,"potions_floor_spawned":[1,2,5],"killed_by":"3 Sentries","ascension_level":20}}