{"host":"nc9kxycvldgbp2kx","time":1610105306,"event":{"mods":["2.2 Compatiblity","AchievementEnabler","AlwaysNeverKeys","BaseMod","Better Altar","Better Match","Better Note","Better Sensory Stone","Better Skull","Better Third Choice","Better Vampires","Block Reminder","Colored Powertips","Curses Come First","GifTheSpireLib","Highlight Path","Minty Spire (QoL Compilation)","Permanent Neow","Quick Restart","Random Character Button","Rare Cards Sparkle","Relic Sorter","Relic Stats","Spicy Shops","StSLib","Transform Curses"],"gold_per_floor":[109,128,147,147,147,180,255,271,297,297,297,145,180,199,199,304,304,315,325,325,336,346,381,381,381,381,399,433,433,508,542,542,643,643,661,671,687,707,707,707,707,364,364,391,409,409,107,122,122,122,122,122,29,63,63],"floor_reached":56,"playtime":7015,"items_purged":["Strike_P","Strike_P"],"score":1222,"play_id":"5435919a-5bd2-4f5c-becf-69e1bee4b086","local_time":"20210108122826","is_ascension_mode":false,"campfire_choices":[{"floor":11.0,"key":"REST"},{"floor":15.0,"key":"REST"},{"floor":25.0,"key":"REST"},{"data":"Alpha","floor":32.0,"key":"SMITH"},{"data":"DeusExMachina","floor":40.0,"key":"SMITH"},{"data":"Study","floor":46.0,"key":"SMITH"},{"data":"Nirvana","floor":49.0,"key":"SMITH"},{"data":"CutThroughFate","floor":52,"key":"SMITH"}],"circlet_count":0,"master_deck":["Strike_P","Defend_P","Defend_P","Defend_P","Swift Strike","Evaluate","Study+1","JustLucky","EmptyBody","CutThroughFate","Nirvana+1","JustLucky","CutThroughFate","Alpha+1","CutThroughFate","CutThroughFate+1","BowlingBash","DeusExMachina+1","CutThroughFate+1","Nirvana+1"],"relics":["PureWater","Dream Catcher","PreservedInsect","Bronze Scales","Bird Faced Urn","OrangePellets","Matryoshka","Empty Cage","Meat on the Bone","Bag of Marbles","Pantograph","Nunchaku","Potion Belt","Frozen Egg 2","Molten Egg 2","Sozu","Singing Bowl","Pear","Torii","GoldenEye","Ornamental Fan"],"acts_visited":["Exordium","TheCity","TheBeyond","TheEnding"],"potions_floor_usage":[],"damage_taken":[{"damage":0.0,"enemies":"Cultist","floor":1.0,"turns":3.0},{"damage":0.0,"enemies":"2 Louse","floor":2.0,"turns":3.0},{"damage":2.0,"enemies":"Small Slimes","floor":3.0,"turns":2.0},{"damage":13.0,"enemies":"Lagavulin","floor":6.0,"turns":7.0},{"damage":0.0,"enemies":"Looter","floor":8.0,"turns":2.0},{"damage":2.0,"enemies":"3 Sentries","floor":13.0,"turns":4.0},{"damage":7.0,"enemies":"3 Louse","floor":14.0,"turns":4.0},{"damage":66.0,"enemies":"The Guardian","floor":16.0,"turns":10.0},{"damage":8.0,"enemies":"3 Byrds","floor":18.0,"turns":5.0},{"damage":20.0,"enemies":"2 Thieves","floor":19.0,"turns":3.0},{"damage":11.0,"enemies":"Chosen and Byrds","floor":21.0,"turns":4.0},{"damage":15.0,"enemies":"3 Cultists","floor":22.0,"turns":7.0},{"damage":19.0,"enemies":"Gremlin Leader","floor":23.0,"turns":5.0},{"damage":9.0,"enemies":"Cultist and Chosen","floor":27.0,"turns":6.0},{"damage":24.0,"enemies":"Slavers","floor":28.0,"turns":5.0},{"damage":6.0,"enemies":"Book of Stabbing","floor":31.0,"turns":5.0},{"damage":59.0,"enemies":"Champ","floor":33.0,"turns":9.0},{"damage":2.0,"enemies":"Orb Walker","floor":35.0,"turns":3.0},{"damage":0.0,"enemies":"3 Shapes","floor":36.0,"turns":4.0},{"damage":0.0,"enemies":"Maw","floor":37.0,"turns":6.0},{"damage":32.0,"enemies":"Spire Growth","floor":38.0,"turns":5.0},{"damage":28.0,"enemies":"Nemesis","floor":44.0,"turns":5.0},{"damage":21.0,"enemies":"Jaw Worm Horde","floor":45.0,"turns":3.0},{"damage":0.0,"enemies":"Transient","floor":48.0,"turns":5.0},{"damage":50,"enemies":"Time Eater","floor":50,"turns":8},{"damage":16,"enemies":"Shield and Spear","floor":54,"turns":4},{"damage":80,"enemies":"The Heart","floor":55,"turns":10}],"seed_played":"-3250221896401679669","potions_obtained":[{"floor":1.0,"key":"BlessingOfTheForge"},{"floor":2.0,"key":"Energy Potion"},{"floor":6.0,"key":"AttackPotion"},{"floor":21.0,"key":"PowerPotion"},{"floor":23.0,"key":"Dexterity Potion"},{"floor":31.0,"key":"Block Potion"}],"is_trial":false,"path_per_floor":["M","M","M","?","?","E","?","M","T","T","R","$","E","M","R","B",null,"M","M","?","M","M","E","?","R","T","M","E","?","T","E","R","B",null,"M","M","M","M","?","R","?","$","T","E","M","R","$","M","R","B",null,"R","$","E","B",null],"character_chosen":"WATCHER","items_purchased":["OrangePellets","Singing Bowl","GoldenEye","CutThroughFate+1","Nirvana+1"],"campfire_rested":3,"item_purchase_floors":[12,42,47,53,53],"current_hp_per_floor":[72,72,70,70,52,39,28,28,28,28,49,49,49,46,67,5,72,70,52,72,65,54,39,39,60,60,55,47,40,40,48,48,29,72,72,72,72,42,42,42,42,42,52,44,43,43,43,51,51,42,88,88,88,76,28],"gold":63,"neow_bonus":"RANDOM_COLORLESS","is_daily":false,"chose_seed":false,"campfire_upgraded":5,"win_rate":0.0,"timestamp":1610105306,"path_taken":["M","M","M","?","?","E","?","M","T","?","R","$","E","M","R","BOSS","M","M","?","M","M","E","?","R","T","M","E","?","?","E","R","BOSS","M","M","M","M","?","R","?","$","T","E","?","R","$","M","R","BOSS","R","$","E","BOSS"],"items_purchased_type":["Relic","Relic","Relic","Card","Card"],"build_version":"2020-12-22","purchased_purges":2,"victory":true,"max_hp_per_floor":[72,72,72,72,72,72,72,72,72,72,72,72,72,72,72,72,72,72,72,72,72,72,72,72,72,72,72,72,72,72,72,72,72,72,72,72,72,72,72,72,72,72,82,84,86,86,86,88,88,88,88,88,88,90,90],"relic_stats":{"Singing Bowl":8,"Torii":13,"counters":[27,137],"PreservedInsect":273,"GoldenEye":[146],"Sozu":2,"OrangePellets":[9],"Dream Catcher":3,"Nunchaku":[24],"Ornamental Fan":[56],"Bronze Scales":[524],"Bird Faced Urn":[78],"Pantograph":63,"obtain_stats":[{"Potion Belt":30,"Pear":43,"Singing Bowl":42,"Torii":44,"PreservedInsect":6,"Frozen Egg 2":30,"Empty Cage":17,"GoldenEye":47,"Sozu":34,"OrangePellets":12,"Dream Catcher":5,"Nunchaku":28,"Matryoshka":13,"Ornamental Fan":54,"Bronze Scales":9,"Bird Faced Urn":10,"Pantograph":26,"Molten Egg 2":31,"Bag of Marbles":26,"PureWater":0,"Meat on the Bone":23},{"Potion Belt":15,"Pear":21,"Singing Bowl":21,"Torii":22,"PreservedInsect":4,"Frozen Egg 2":15,"Empty Cage":8,"GoldenEye":23,"Sozu":17,"OrangePellets":5,"Dream Catcher":3,"Nunchaku":15,"Matryoshka":6,"Ornamental Fan":26,"Bronze Scales":5,"Bird Faced Urn":5,"Pantograph":13,"Molten Egg 2":16,"Bag of Marbles":13,"PureWater":0,"Meat on the Bone":13},{"Potion Belt":70,"Pear":102,"Singing Bowl":102,"Torii":107,"PreservedInsect":15,"Frozen Egg 2":70,"Empty Cage":35,"GoldenEye":110,"Sozu":84,"OrangePellets":17,"Dream Catcher":8,"Nunchaku":70,"Matryoshka":21,"Ornamental Fan":127,"Bronze Scales":17,"Bird Faced Urn":17,"Pantograph":59,"Molten Egg 2":75,"Bag of Marbles":59,"PureWater":0,"Meat on the Bone":59}],"Meat on the Bone":84},"card_choices":[{"not_picked":["Deep Breath","Dark Shackles"],"picked":"Swift Strike","floor":0.0},{"not_picked":["ThirdEye","CrushJoints"],"picked":"Evaluate","floor":1.0},{"not_picked":["FollowUp","FlyingSleeves"],"picked":"Study","floor":2.0},{"not_picked":["LikeWater","ClearTheMind"],"picked":"JustLucky","floor":3.0},{"not_picked":["JustLucky","Collect"],"picked":"EmptyBody","floor":6.0},{"not_picked":["EmptyBody","SashWhip","Prostrate"],"picked":"SKIP","floor":8.0},{"not_picked":["ClearTheMind","SandsOfTime"],"picked":"CutThroughFate","floor":11.0},{"not_picked":["CarveReality","Crescendo"],"picked":"Nirvana","floor":13.0},{"not_picked":["Collect","Indignation"],"picked":"JustLucky","floor":14.0},{"not_picked":["Prostrate","EmptyFist"],"picked":"CutThroughFate","floor":15.0},{"not_picked":["ConjureBlade","DevaForm"],"picked":"Alpha","floor":16.0},{"not_picked":["SandsOfTime","FlurryOfBlows","Pray"],"picked":"SKIP","floor":18.0},{"not_picked":["CarveReality","EmptyFist","Halt"],"picked":"SKIP","floor":19.0},{"not_picked":["FollowUp+1","Ragnarok"],"picked":"CutThroughFate","floor":21.0},{"not_picked":["Halt","Prostrate+1","ThirdEye"],"picked":"SKIP","floor":22.0},{"not_picked":["FearNoEvil","Pray"],"picked":"CutThroughFate","floor":23.0},{"not_picked":["CarveReality","ThirdEye","Evaluate"],"picked":"SKIP","floor":27.0},{"not_picked":["Halt","LikeWater","PathToVictory+1"],"picked":"SKIP","floor":28.0},{"not_picked":["Pray","FlyingSleeves+1","FollowUp+1"],"picked":"SKIP","floor":31.0},{"not_picked":["Alpha","DevaForm+1"],"picked":"DeusExMachina","floor":33.0},{"not_picked":["EmptyMind","Crescendo","EmptyBody+1"],"picked":"SKIP","floor":35.0},{"not_picked":["Perseverance+1","Swivel+1","Halt"],"picked":"SKIP","floor":36.0},{"not_picked":["FlyingSleeves+1","FollowUp+1","FlurryOfBlows+1"],"picked":"SKIP","floor":37.0},{"not_picked":["FlurryOfBlows+1","EmptyMind+1","MentalFortress+1"],"picked":"SKIP","floor":38.0},{"not_picked":["ReachHeaven+1","FlurryOfBlows+1","Protect"],"picked":"Singing Bowl","floor":44.0},{"not_picked":["Evaluate+1","WheelKick+1","SashWhip+1"],"picked":"Singing Bowl","floor":45.0},{"not_picked":["Protect+1","ReachHeaven+1","Consecrate+1"],"picked":"Singing Bowl","floor":48.0},{"not_picked":["FollowUp+1","Protect","Ragnarok+1"],"picked":"Singing Bowl","floor":54}],"player_experience":265865,"relics_obtained":[{"floor":6.0,"key":"PreservedInsect"},{"floor":9.0,"key":"Bronze Scales"},{"floor":10.0,"key":"Bird Faced Urn"},{"floor":13.0,"key":"Matryoshka"},{"floor":23.0,"key":"Meat on the Bone"},{"floor":26.0,"key":"Bag of Marbles"},{"floor":26.0,"key":"Pantograph"},{"floor":28.0,"key":"Nunchaku"},{"floor":30.0,"key":"Potion Belt"},{"floor":30.0,"key":"Frozen Egg 2"},{"floor":31.0,"key":"Molten Egg 2"},{"floor":43.0,"key":"Pear"},{"floor":44.0,"key":"Torii"},{"floor":54,"key":"Ornamental Fan"}],"event_choices":[{"damage_healed":70.0,"max_hp_gain":0.0,"max_hp_loss":72.0,"gold_gain":0.0,"event_name":"betterThird:BetterShining","player_choice":"Leave","floor":4.0,"gold_loss":0.0,"damage_taken":0.0},{"damage_healed":0.0,"max_hp_gain":0.0,"max_hp_loss":0.0,"gold_gain":0.0,"event_name":"betterThird:BetterScrap","player_choice":"Relic ","floor":5.0,"gold_loss":0.0,"damage_taken":18.0,"cards_obtained":["Blur"]},{"damage_healed":0.0,"max_hp_gain":0.0,"max_hp_loss":0.0,"gold_gain":75.0,"event_name":"betterThird:BetterGoop","player_choice":"Gold","floor":7.0,"gold_loss":0.0,"damage_taken":11.0},{"damage_healed":20.0,"max_hp_gain":0.0,"max_hp_loss":0.0,"gold_gain":0.0,"event_name":"Wheel of Change","player_choice":"Full Heal","floor":20.0,"gold_loss":0.0,"damage_taken":0.0},{"damage_healed":0.0,"max_hp_gain":0.0,"max_hp_loss":0.0,"gold_gain":0.0,"cards_transformed":["Defend_P"],"event_name":"Transmorgrifier","player_choice":"Transformed","floor":24.0,"gold_loss":0.0,"damage_taken":0.0,"cards_obtained":["BowlingBash"]},{"damage_healed":0.0,"max_hp_gain":0.0,"max_hp_loss":0.0,"gold_gain":0.0,"event_name":"Wheel of Change","player_choice":"Damaged","floor":29.0,"gold_loss":0.0,"damage_taken":7.0},{"cards_removed":["Strike_P"],"damage_healed":0.0,"max_hp_gain":0.0,"max_hp_loss":0.0,"gold_gain":0.0,"event_name":"Falling","player_choice":"Removed Attack","floor":39.0,"gold_loss":0.0,"damage_taken":0.0},{"damage_healed":0.0,"max_hp_gain":0.0,"max_hp_loss":0.0,"gold_gain":0.0,"event_name":"Tomb of Lord Red Mask","player_choice":"Ignored","floor":41.0,"gold_loss":0.0,"damage_taken":0.0}],"is_beta":false,"boss_relics":[{"not_picked":["Runic Pyramid","Busted Crown"],"picked":"Empty Cage"},{"not_picked":["Runic Dome","Snecko Eye"],"picked":"Sozu"}],"items_purged_floors":[12,42],"is_endless":false,"potions_floor_spawned":[1,2,6,21,23,31,37,44],"ascension_level":0}}