{"host":"egwexuw5uvnxf11j","time":1610073926,"event":{"mods":["2.2 Compatiblity","Aspiration","BaseMod","Better Altar","Better Note","Better Sensory Stone","Better Third Choice","Displayed Cursed Tome","Downfall","Hermit","Key Reminder","Koishi","Marisa????????","Minty Spire (QoL Compilation)","Quick Restart","Shade Mod","Spicy Shops","StSLib","The Construct","The Cursed","The Hierophant","The Runesmith","The Senshi","The Servant 0.9.4","Transform Curses"],"gold_per_floor":[215,227,227,302,24,55,69,69,94,112,130,146,146,197,197,299,299,288,288,12,23,42,42,53,70,70,70,70,70,70,70],"floor_reached":30,"playtime":3421,"items_purged":[],"score":255,"play_id":"776a5fd0-cac1-464e-9960-5ab864b1d37a","local_time":"20210107214526","is_ascension_mode":true,"campfire_choices":[{"floor":15,"key":"REST"},{"floor":23,"key":"REST"},{"floor":27,"key":"REST"},{"floor":29,"key":"REST"}],"circlet_count":0,"master_deck":["Runesmith:Strike_RS","Runesmith:Strike_RS","Runesmith:Strike_RS","Runesmith:Defend_RS","Runesmith:Defend_RS","Runesmith:Defend_RS","Runesmith:Defend_RS","Runesmith:CraftFirestone","Runesmith:Fortify","Runesmith:HammerThrow","Runesmith:CreatorForm","Runesmith:CraftVitae","Runesmith:Accelerate","Runesmith:ElementalConversion","Runesmith:PerfectChisel","Runesmith:EarthShield","Runesmith:CraftMagma","Runesmith:DuctTape","Runesmith:CraftSpiculum","aspiration:UnbridledHammer","Runesmith:HammerTime","Runesmith:Grindstone","Runesmith:FrozenChisel","Runesmith:HeatExchange","Runesmith:CraftIncendium","Runesmith:PoweredAnvil","hexamod:Haunted","Runesmith:LithiumIon"],"relics":["Runesmith:BrokenRuby","Runesmith:AutoHammer","Bottled Lightning","Kunai","aspiration:ChemicalBlood","Juzu Bracelet","aspiration:FutureDiary","ClockworkSouvenir","Bronze Scales"],"acts_visited":["Exordium","TheCity"],"potions_floor_usage":[11,11,11,21,24,25,30,30],"damage_taken":[{"damage":7,"enemies":"Jaw Worm","floor":1,"turns":4},{"damage":0,"enemies":"Small Slimes","floor":2,"turns":3},{"damage":31,"enemies":"Gremlin Nob","floor":6,"turns":5},{"damage":0,"enemies":"2 Louse","floor":7,"turns":3},{"damage":0,"enemies":"Large Slime","floor":10,"turns":7},{"damage":2,"enemies":"Gremlin Gang","floor":11,"turns":3},{"damage":0,"enemies":"2 Fungi Beasts","floor":12,"turns":4},{"damage":20,"enemies":"The Guardian","floor":16,"turns":11},{"damage":19,"enemies":"2 Thieves","floor":18,"turns":4},{"damage":26,"enemies":"Shell Parasite","floor":21,"turns":7},{"damage":15,"enemies":"Snecko","floor":22,"turns":7},{"damage":15,"enemies":"Snake Plant","floor":24,"turns":6},{"damage":15,"enemies":"3 Cultists","floor":25,"turns":4},{"damage":44,"enemies":"Slavers","floor":30,"turns":3}],"seed_played":"9014192271498326932","potions_obtained":[{"floor":2,"key":"DuplicationPotion"},{"floor":7,"key":"champ:CounterPotion"},{"floor":10,"key":"SkillPotion"},{"floor":24,"key":"Ancient Potion"}],"is_trial":false,"path_per_floor":["M","M","?","?","$","E","M","?","T","M","M","M","?","T","R","B",null,"M","?","$","M","M","R","M","M","T","R","?","R","E"],"character_chosen":"RUNESMITH_CLASS","items_purchased":["Runesmith:AutoHammer","Runesmith:CraftVitae","Runesmith:HammerTime","Runesmith:Grindstone","ClockworkSouvenir"],"campfire_rested":4,"item_purchase_floors":[5,5,20,20,20],"current_hp_per_floor":[63,63,70,59,59,28,28,10,10,10,8,8,8,8,29,9,70,51,51,51,25,10,31,16,1,1,22,22,43,0,0],"gold":70,"neow_bonus":"HUNDRED_GOLD","is_daily":false,"chose_seed":false,"campfire_upgraded":0,"win_rate":0.0,"timestamp":1610073926,"path_taken":["M","M","?","?","$","E","M","?","T","M","?","M","?","?","R","BOSS","M","?","$","M","M","R","M","M","T","R","?","R","E"],"items_purchased_type":["Relic","Card","Card","Card","Relic"],"build_version":"2020-12-22","purchased_purges":0,"victory":false,"max_hp_per_floor":[70,70,70,70,70,70,70,70,70,70,70,70,70,70,70,70,70,70,70,70,70,70,70,70,70,70,70,70,70,70,70],"card_choices":[{"not_picked":["Runesmith:EnergizedChisel","Runesmith:WhiteBalance"],"picked":"Runesmith:HammerThrow","floor":1},{"not_picked":["Runesmith:EnergizedChisel","Runesmith:ElementalConversion"],"picked":"Runesmith:CreatorForm","floor":2},{"not_picked":["Runesmith:BackupBattery","Runesmith:EarthShield"],"picked":"Runesmith:Accelerate","floor":6},{"not_picked":["Runesmith:MakeshiftArmor","Runesmith:Accelerate"],"picked":"Runesmith:ElementalConversion","floor":7},{"not_picked":["Runesmith:HeatedChisel","Runesmith:StaticCage"],"picked":"Runesmith:PerfectChisel","floor":10},{"not_picked":["Runesmith:StaticCage","Runesmith:Repurpose"],"picked":"Runesmith:EarthShield","floor":11},{"not_picked":["Runesmith:BackupBattery","Runesmith:EarthShield"],"picked":"Runesmith:CraftMagma","floor":12},{"not_picked":["Runesmith:LastStand","Runesmith:LightningRod"],"picked":"Runesmith:DuctTape","floor":16},{"not_picked":["Runesmith:Empowerment","Runesmith:Accelerate"],"picked":"Runesmith:CraftSpiculum","floor":18},{"not_picked":["Runesmith:CraftMagma","Runesmith:UnstableHammer"],"picked":"Runesmith:FrozenChisel","floor":21},{"not_picked":["Runesmith:MakeshiftArmor","Runesmith:Firewall"],"picked":"Runesmith:HeatExchange","floor":22},{"not_picked":["Runesmith:Repurpose","Runesmith:ChiselStab+1"],"picked":"Runesmith:CraftIncendium","floor":24},{"not_picked":["Runesmith:Retool","Runesmith:StaticCage"],"picked":"Runesmith:PoweredAnvil","floor":25}],"player_experience":2154438,"relics_obtained":[{"floor":6,"key":"Bottled Lightning"},{"floor":9,"key":"aspiration:ChemicalBlood"},{"floor":14,"key":"Juzu Bracelet"},{"floor":26,"key":"Bronze Scales"}],"event_choices":[{"damage_healed":0,"gold_gain":75,"player_choice":"Gold","damage_taken":11,"max_hp_gain":0,"max_hp_loss":0,"event_name":"betterThird:BetterGoop","floor":4,"gold_loss":0},{"damage_healed":0,"gold_gain":0,"player_choice":"Relic ","damage_taken":18,"max_hp_gain":0,"max_hp_loss":0,"event_name":"betterThird:BetterScrap","floor":8,"gold_loss":0,"cards_obtained":["Tools of the Trade"]},{"damage_healed":0,"gold_gain":0,"player_choice":"Searched \u00270\u0027 times","damage_taken":0,"max_hp_gain":0,"max_hp_loss":0,"event_name":"Dead Adventurer","floor":13,"gold_loss":0},{"damage_healed":0,"gold_gain":0,"cards_transformed":["Runesmith:Strike_RS"],"player_choice":"Transformed","damage_taken":0,"max_hp_gain":0,"max_hp_loss":0,"event_name":"Transmorgrifier","floor":19,"gold_loss":0,"cards_obtained":["aspiration:UnbridledHammer"]},{"damage_healed":0,"gold_gain":0,"player_choice":"2 cards matched","damage_taken":0,"max_hp_gain":0,"max_hp_loss":0,"event_name":"Match and Keep!","floor":28,"gold_loss":0,"cards_obtained":["hexamod:Haunted","Runesmith:LithiumIon"]}],"is_beta":false,"boss_relics":[{"not_picked":["Philosopher\u0027s Stone","Sozu"],"picked":"aspiration:FutureDiary"}],"items_purged_floors":[],"is_endless":false,"potions_floor_spawned":[2,7,10,22,24,25],"killed_by":"Slavers","ascension_level":2}}