{"host":"wxm9nhpxzwflah6x","time":1610145663,"event":{"mods":["2.2 Compatiblity","AchievementEnabler","BaseMod","Bestiary","Better Third Choice","Curses Come First","Minty Spire (QoL Compilation)","Quick Restart","Rare Cards Sparkle","StSLib"],"gold_per_floor":[144,189,234,69,0,0,45,90,115,274,319,319,409,454,454,754,754,808,853,907,907,952,1051,1051,1105,1130,1130,1175,1229,434,743,743,1052,1202,1247,1301,400,559,559,559],"floor_reached":39,"playtime":3700,"items_purged":["Clothesline"],"score":557,"play_id":"4f491364-9186-4402-bc62-97ae10d37942","local_time":"20210108144103","daily_mods":["Draft","Uncertain Future","Midas"],"is_ascension_mode":false,"campfire_choices":[{"floor":12.0,"key":"REST"},{"floor":15.0,"key":"REST"},{"floor":24.0,"key":"REST"},{"floor":27.0,"key":"REST"},{"floor":32.0,"key":"REST"}],"circlet_count":0,"master_deck":["Metallicize","Anger","Anger","Flame Barrier","Flex","Cleave","Battle Trance","Dual Wield","Whirlwind","Metallicize","Entrench","Seeing Red+1","Warcry","Flex","Armaments","Flex","Flame Barrier","Metallicize","Dramatic Entrance","Enlightenment","Burning Pact","Bloodletting+1","Intimidate","Metallicize","Metallicize","Fiend Fire","CurseOfTheBell","Inflame+1","Ghostly Armor","Brutality","Carnage+1","Warcry","Immolate+1","Bloodletting","Panache","PanicButton","Metallicize","Flex","Impervious","Heavy Blade+1","Double Tap","Magnetism","Blood for Blood+1"],"relics":["Burning Blood","Boot","Meat on the Bone","Gremlin Horn","Calling Bell","CeramicFish","Molten Egg 2","Torii","White Beast Statue","Bag of Preparation","Vajra","DollysMirror","Self Forming Clay","StoneCalendar","Tiny House","Frozen Eye","Regal Pillow","Oddly Smooth Stone","Turnip"],"acts_visited":["Exordium","TheCity","TheBeyond"],"potions_floor_usage":[33,33,35,38,38,39,39],"damage_taken":[{"damage":2.0,"enemies":"2 Louse","floor":1.0,"turns":2.0},{"damage":7.0,"enemies":"Small Slimes","floor":2.0,"turns":3.0},{"damage":1.0,"enemies":"Jaw Worm","floor":3.0,"turns":3.0},{"damage":0.0,"enemies":"Gremlin Gang","floor":7.0,"turns":3.0},{"damage":0.0,"enemies":"2 Fungi Beasts","floor":8.0,"turns":1.0},{"damage":16.0,"enemies":"Lagavulin Event","floor":10.0,"turns":7.0},{"damage":0.0,"enemies":"3 Louse","floor":11.0,"turns":2.0},{"damage":14.0,"enemies":"Gremlin Nob","floor":13.0,"turns":5.0},{"damage":6.0,"enemies":"Blue Slaver","floor":14.0,"turns":3.0},{"damage":27.0,"enemies":"Hexaghost","floor":16.0,"turns":13.0},{"damage":12.0,"enemies":"Chosen","floor":18.0,"turns":6.0},{"damage":0.0,"enemies":"Shell Parasite","floor":19.0,"turns":3.0},{"damage":30.0,"enemies":"Sentry and Sphere","floor":20.0,"turns":11.0},{"damage":1.0,"enemies":"Shelled Parasite and Fungi","floor":22.0,"turns":3.0},{"damage":1.0,"enemies":"Book of Stabbing","floor":23.0,"turns":7.0},{"damage":10.0,"enemies":"Centurion and Healer","floor":25.0,"turns":8.0},{"damage":9.0,"enemies":"Snecko","floor":28.0,"turns":6.0},{"damage":0.0,"enemies":"Snake Plant","floor":29.0,"turns":2.0},{"damage":31.0,"enemies":"Colosseum Slavers","floor":31.0,"turns":4.0},{"damage":19.0,"enemies":"Colosseum Nobs","floor":31.0,"turns":4.0},{"damage":35,"enemies":"Collector","floor":33,"turns":9},{"damage":10,"enemies":"3 Darklings","floor":35,"turns":4},{"damage":18,"enemies":"3 Shapes","floor":36,"turns":5},{"damage":16,"enemies":"Mind Bloom Boss Battle","floor":38,"turns":7},{"damage":93,"enemies":"Transient","floor":39,"turns":5}],"seed_played":"-6062085814737979882","potions_obtained":[{"floor":1.0,"key":"Weak Potion"},{"floor":8.0,"key":"GamblersBrew"},{"floor":10.0,"key":"SteroidPotion"},{"floor":13.0,"key":"ColorlessPotion"},{"floor":16.0,"key":"AttackPotion"},{"floor":18.0,"key":"SneckoOil"},{"floor":21.0,"key":"Block Potion"},{"floor":21.0,"key":"ColorlessPotion"},{"floor":21.0,"key":"GamblersBrew"},{"floor":22.0,"key":"LiquidMemories"},{"floor":25.0,"key":"LiquidMemories"},{"floor":28.0,"key":"DuplicationPotion"},{"floor":29.0,"key":"DuplicationPotion"},{"floor":31.0,"key":"Weak Potion"},{"floor":33,"key":"DistilledChaos"},{"floor":34,"key":"EssenceOfSteel"},{"floor":35,"key":"GamblersBrew"},{"floor":36,"key":"EssenceOfSteel"},{"floor":38,"key":"HeartOfIron"}],"is_trial":false,"path_per_floor":["M","M","M","$","?","?","M","M","T","?","M","R","E","M","R","B",null,"M","M","M","?","M","E","R","M","T","R","M","M","$","?","R","B",null,"M","M","$","?","M"],"character_chosen":"IRONCLAD","items_purchased":["Metallicize","Dramatic Entrance","Vajra","Fruit Juice","Immolate+1","Bloodletting","Panache","PanicButton","DollysMirror","Fire Potion","Double Tap","Frozen Eye","Regal Pillow","Oddly Smooth Stone","Magnetism"],"campfire_rested":5,"item_purchase_floors":[4,4,30,30,30,30,30,30,30,37,37,37,37,37,37],"current_hp_per_floor":[80,79,80,80,86,86,86,86,86,76,82,86,78,78,86,65,86,80,86,62,62,67,72,86,82,82,86,83,86,91,53,80,63,96,92,80,80,70,0,0],"gold":559,"neow_bonus":"","is_daily":true,"chose_seed":false,"campfire_upgraded":0,"win_rate":0.0,"timestamp":1610145663,"path_taken":["M","M","M","$","?","?","M","M","T","?","M","R","E","M","R","BOSS","M","M","M","?","M","E","R","M","T","R","?","M","$","?","R","BOSS","M","M","$","?","M"],"items_purchased_type":["Card","Card","Relic","Potion","Card","Card","Card","Card","Relic","Potion","Card","Relic","Relic","Relic","Card"],"build_version":"2020-12-22","purchased_purges":1,"victory":false,"max_hp_per_floor":[80,80,80,80,86,86,86,86,86,86,86,86,86,86,86,86,86,86,86,86,86,86,86,86,86,86,86,86,86,91,91,91,91,96,96,96,96,96,96,96],"card_choices":[{"not_picked":["Intimidate","Iron Wave"],"picked":"Metallicize","floor":0.0},{"not_picked":["Rampage","Sword Boomerang"],"picked":"Anger","floor":0.0},{"not_picked":["Havoc","Wild Strike"],"picked":"Clothesline","floor":0.0},{"not_picked":["Twin Strike","Clash"],"picked":"Anger","floor":0.0},{"not_picked":["Pommel Strike","Warcry"],"picked":"Flame Barrier","floor":0.0},{"not_picked":["Warcry","Disarm"],"picked":"Flex","floor":0.0},{"not_picked":["Fire Breathing","Armaments"],"picked":"Cleave","floor":0.0},{"not_picked":["Cleave","Rupture"],"picked":"Battle Trance","floor":0.0},{"not_picked":["Sword Boomerang","Sever Soul"],"picked":"Dual Wield","floor":0.0},{"not_picked":["Wild Strike","Combust"],"picked":"Whirlwind","floor":0.0},{"not_picked":["Flex","Reckless Charge"],"picked":"Metallicize","floor":0.0},{"not_picked":["Shrug It Off","Battle Trance"],"picked":"Entrench","floor":0.0},{"not_picked":["True Grit","Reckless Charge"],"picked":"Seeing Red","floor":0.0},{"not_picked":["Clash","Cleave"],"picked":"Warcry","floor":0.0},{"not_picked":["Thunderclap","Disarm"],"picked":"Flex","floor":0.0},{"not_picked":["Perfected Strike","True Grit"],"picked":"Armaments","floor":1.0},{"not_picked":["Hemokinesis","Ghostly Armor"],"picked":"Flex","floor":2.0},{"not_picked":["Clothesline","Rupture"],"picked":"Flame Barrier","floor":3.0},{"not_picked":["Pommel Strike","Wild Strike"],"picked":"Burning Pact","floor":7.0},{"not_picked":["Cleave","Battle Trance"],"picked":"Bloodletting","floor":8.0},{"not_picked":["Perfected Strike","Fire Breathing"],"picked":"Intimidate","floor":11.0},{"not_picked":["Infernal Blade","Rage"],"picked":"Metallicize","floor":13.0},{"not_picked":["Clothesline","Combust"],"picked":"Metallicize","floor":14.0},{"not_picked":["Immolate","Corruption"],"picked":"Fiend Fire","floor":16.0},{"not_picked":["Thunderclap+1","Warcry"],"picked":"Inflame+1","floor":18.0},{"not_picked":["Armaments","Twin Strike+1","Clothesline+1"],"picked":"SKIP","floor":19.0},{"not_picked":["Shrug It Off","Rampage+1"],"picked":"Ghostly Armor","floor":20.0},{"not_picked":["Dual Wield","Twin Strike+1","Body Slam+1"],"picked":"SKIP","floor":22.0},{"not_picked":["Evolve","Entrench+1"],"picked":"Brutality","floor":23.0},{"not_picked":["Flex","Twin Strike+1"],"picked":"Carnage+1","floor":25.0},{"not_picked":["Iron Wave+1","Warcry+1","Pommel Strike+1"],"picked":"SKIP","floor":28.0},{"not_picked":["Iron Wave+1","Perfected Strike+1"],"picked":"Warcry","floor":29.0},{"not_picked":["Iron Wave+1","Wild Strike+1"],"picked":"Flex","floor":31.0},{"not_picked":["Reaper+1","Immolate+1"],"picked":"Impervious","floor":33},{"not_picked":["Sword Boomerang+1","Armaments","Body Slam+1"],"picked":"SKIP","floor":35},{"not_picked":["Sword Boomerang+1","Intimidate"],"picked":"Heavy Blade+1","floor":36},{"not_picked":["Iron Wave+1","Flex+1"],"picked":"Blood for Blood+1","floor":38}],"player_experience":221541,"relics_obtained":[{"floor":9.0,"key":"Boot"},{"floor":13.0,"key":"Gremlin Horn"},{"floor":17.0,"key":"CeramicFish"},{"floor":17.0,"key":"Molten Egg 2"},{"floor":17.0,"key":"Torii"},{"floor":23.0,"key":"White Beast Statue"},{"floor":26.0,"key":"Bag of Preparation"},{"floor":31.0,"key":"Self Forming Clay"},{"floor":31.0,"key":"StoneCalendar"},{"floor":38,"key":"Turnip"}],"event_choices":[{"damage_healed":0.0,"max_hp_gain":0.0,"max_hp_loss":0.0,"gold_gain":0.0,"event_name":"betterThird:BetterSerpent","player_choice":"RENOUNCE","floor":5.0,"gold_loss":69.0,"damage_taken":69.0,"cards_obtained":["Enlightenment"]},{"damage_healed":0.0,"max_hp_gain":0.0,"max_hp_loss":0.0,"gold_gain":0.0,"event_name":"Living Wall","player_choice":"Grow","floor":6.0,"gold_loss":0.0,"damage_taken":0.0,"cards_upgraded":["Seeing Red"]},{"damage_healed":0.0,"max_hp_gain":0.0,"max_hp_loss":0.0,"gold_gain":0.0,"event_name":"Dead Adventurer","player_choice":"Searched \u00272\u0027 times","floor":10.0,"gold_loss":0.0,"damage_taken":0.0,"relics_obtained":["Meat on the Bone"]},{"damage_healed":0.0,"max_hp_gain":0.0,"max_hp_loss":0.0,"gold_gain":0.0,"event_name":"Lab","player_choice":"Got Potions","floor":21.0,"gold_loss":0.0,"damage_taken":0.0},{"damage_healed":0.0,"max_hp_gain":0.0,"max_hp_loss":0.0,"gold_gain":0.0,"event_name":"Colosseum","player_choice":"Fight","floor":31.0,"gold_loss":0.0,"damage_taken":0.0},{"damage_healed":0.0,"max_hp_gain":0.0,"max_hp_loss":0.0,"gold_gain":0.0,"event_name":"Colosseum","player_choice":"Fought Nobs","floor":31.0,"gold_loss":0.0,"damage_taken":0.0},{"damage_healed":0,"gold_gain":0,"player_choice":"Fight","damage_taken":0,"max_hp_gain":0,"max_hp_loss":0,"event_name":"MindBloom","floor":38,"gold_loss":0}],"is_beta":false,"boss_relics":[{"not_picked":["Runic Cube","Runic Pyramid"],"picked":"Calling Bell"},{"not_picked":["Sozu","Philosopher\u0027s Stone"],"picked":"Tiny House"}],"items_purged_floors":[37],"is_endless":false,"potions_floor_spawned":[1,8,10,13,16,18,22,25,28,29,31,31,33,35,36,38],"killed_by":"Transient","ascension_level":0}}