{"host":"rylkjufw9dlhr07b","time":1610113980,"event":{"mods":["AchievementEnabler","BaseMod","Better Note","BetterRewards","Hubris","Minty Spire (QoL Compilation)","Quick Restart","Replay The Spire","StSLib"],"gold_per_floor":[23,23,23,39,55,55,55,55,82,42,42,12,81,93,105,282,282],"floor_reached":16,"playtime":500,"items_purged":[],"score":277,"play_id":"8eaca19b-90a4-492f-9d43-75ec7ad74fb0","local_time":"20210108145300","is_ascension_mode":true,"campfire_choices":[{"floor":6.0,"key":"REST"},{"floor":8.0,"key":"REST"},{"data":"Fire Breathing","floor":15.0,"key":"SMITH"}],"circlet_count":0,"master_deck":["AscendersBane","Strike_R","Strike_R","Strike_R","Strike_R","Defend_R","Defend_R","Defend_R","Defend_R","Bash","Feel No Pain","Panacea+1","Shrug It Off","Uppercut","Cleave","Fire Breathing+1","Bandage Up+1","Dark Embrace+1","ReplayTheSpireMod:Strike From Hell+1"],"relics":["Burning Blood","Singing Bowl","Medical Kit","Golden Egg","Replay:Bandana","Sundial","MawBank","hubris:Icosahedron"],"acts_visited":["Exordium"],"potions_floor_usage":[],"damage_taken":[{"damage":11.0,"enemies":"2 Louse","floor":1.0,"turns":2.0},{"damage":6.0,"enemies":"Cultist","floor":4.0,"turns":5.0},{"damage":4.0,"enemies":"Small Slimes","floor":5.0,"turns":3.0},{"damage":22.0,"enemies":"3 Sentries","floor":13.0,"turns":6.0},{"damage":76,"enemies":"Fading Forest","floor":16,"turns":10}],"seed_played":"1031045462637707477","potions_obtained":[{"floor":4.0,"key":"AttackPotion"}],"is_trial":false,"path_per_floor":["M","?","?","M","M","R","?","R","T","$","T","$","E","?","R","B"],"character_chosen":"IRONCLAD","items_purchased":["Singing Bowl","Feel No Pain","Medical Kit","Golden Egg","Panacea","Dark Embrace","ReplayTheSpireMod:Strike From Hell"],"campfire_rested":2,"item_purchase_floors":[0,0,0,0,0,10,12],"current_hp_per_floor":[28,28,28,28,30,52,52,74,74,74,74,74,61,61,61,0,0],"gold":282,"neow_bonus":"","is_daily":false,"chose_seed":false,"campfire_upgraded":1,"win_rate":0.0,"timestamp":1610113980,"path_taken":["M","?","?","M","?","R","?","R","T","$","?","$","E","?","R","BOSS"],"items_purchased_type":["Relic","Card","Relic","Relic","Card","Card","Card"],"build_version":"2020-12-22","purchased_purges":0,"victory":false,"max_hp_per_floor":[75,75,75,75,75,75,75,75,75,75,75,75,77,77,77,77,77],"card_choices":[{"not_picked":["Searing Blow","Warcry"],"picked":"Shrug It Off","floor":1.0},{"not_picked":["Body Slam","Perfected Strike"],"picked":"Cleave","floor":4.0},{"not_picked":["Anger","True Grit"],"picked":"Fire Breathing","floor":5.0},{"not_picked":["Warcry","Dark Embrace","Brutality"],"picked":"Singing Bowl","floor":13.0}],"player_experience":525165,"relics_obtained":[{"floor":9.0,"key":"Replay:Bandana"},{"floor":11.0,"key":"Sundial"},{"floor":13.0,"key":"MawBank"}],"event_choices":[{"damage_healed":0.0,"max_hp_gain":0.0,"max_hp_loss":0.0,"gold_gain":0.0,"event_name":"Shining Light","player_choice":"Ignored","floor":2.0,"gold_loss":0.0,"damage_taken":0.0},{"damage_healed":0.0,"max_hp_gain":0.0,"max_hp_loss":0.0,"gold_gain":0.0,"cards_transformed":["Strike_R"],"event_name":"Transmorgrifier","player_choice":"Transformed","floor":3.0,"gold_loss":0.0,"damage_taken":0.0,"cards_obtained":["Uppercut"]},{"cards_removed":["Panacea"],"damage_healed":0.0,"max_hp_gain":0.0,"max_hp_loss":0.0,"gold_gain":0.0,"event_name":"betterNote:BetterNote","player_choice":"Take \u0026 Give","floor":7.0,"gold_loss":0.0,"damage_taken":0.0,"cards_obtained":["Bandage Up"]}],"is_beta":false,"boss_relics":[],"items_purged_floors":[],"is_endless":false,"potions_floor_spawned":[4],"killed_by":"Fading Forest","ascension_level":18}}