{"host":"fxh4234sf5pb3xr6","time":1610097920,"event":{"mods":["AchievementEnabler","BaseMod","Colored Map","Colored Powertips","Minty Spire (QoL Compilation)","Rare Cards Sparkle","StSLib"],"gold_per_floor":[117,117,135,60,60,91,91,91,143,143,143,186,186,34,34,165,228,252,8,8,8,29,63,63,63,63,188,188,188,204,240,240,359,359,374,398,137,470,470,498,515,541,553,591,440,457,473,35,35,35],"floor_reached":51,"playtime":2608,"items_purged":["Strike_B","Strike_B","Defend_B","Shame","Defend_B+1"],"score":1144,"play_id":"a7f304bc-27c8-4c77-b107-ed2a55e73f75","local_time":"20210108042520","is_ascension_mode":true,"campfire_choices":[{"floor":8,"key":"REST"},{"data":"White Noise","floor":10,"key":"SMITH"},{"floor":15,"key":"REST"},{"floor":24,"key":"DIG"},{"floor":29,"key":"DIG"},{"floor":32,"key":"DIG"},{"floor":49,"key":"REST"}],"circlet_count":0,"master_deck":["Zap+1","Dualcast","White Noise+1","Electrodynamics+1","Glacier","Self Repair","Conserve Battery+1","Loop+1","Storm","Compile Driver","Static Discharge","Creative AI","White Noise","Enlightenment","White Noise+1","Loop+1","Apotheosis","Loop+1"],"relics":["Cracked Core","Turnip","Darkstone Periapt","Anchor","Shovel","DataDisk","Tiny House","Happy Flower","InkBottle","Bottled Tornado","Sundial","Mango","TungstenRod","Blue Candle","Emotion Chip","Vajra","Torii","Nuclear Battery","Membership Card","Frozen Egg 2","MawBank","Kunai","Juzu Bracelet","Meat on the Bone","CaptainsWheel","HandDrill"],"acts_visited":["Exordium","TheCity","TheBeyond"],"potions_floor_usage":[6,50,50],"damage_taken":[{"damage":7,"enemies":"2 Louse","floor":1,"turns":3},{"damage":1,"enemies":"Cultist","floor":3,"turns":3},{"damage":36,"enemies":"Lagavulin","floor":6,"turns":7},{"damage":15,"enemies":"3 Sentries","floor":12,"turns":3},{"damage":31,"enemies":"The Guardian","floor":16,"turns":16},{"damage":0,"enemies":"Chosen","floor":18,"turns":4},{"damage":0,"enemies":"3 Byrds","floor":22,"turns":2},{"damage":22,"enemies":"Book of Stabbing","floor":23,"turns":5},{"damage":7,"enemies":"Colosseum Slavers","floor":27,"turns":2},{"damage":0,"enemies":"Colosseum Nobs","floor":27,"turns":3},{"damage":0,"enemies":"Snake Plant","floor":30,"turns":4},{"damage":0,"enemies":"Gremlin Leader","floor":31,"turns":6},{"damage":38,"enemies":"Champ","floor":33,"turns":20},{"damage":6,"enemies":"3 Darklings","floor":35,"turns":3},{"damage":14,"enemies":"Orb Walker","floor":36,"turns":4},{"damage":0,"enemies":"Giant Head","floor":40,"turns":8},{"damage":12,"enemies":"Writhing Mass","floor":41,"turns":4},{"damage":10,"enemies":"Reptomancer","floor":42,"turns":5},{"damage":30,"enemies":"Nemesis","floor":44,"turns":7},{"damage":0,"enemies":"3 Darklings","floor":46,"turns":2},{"damage":11,"enemies":"Jaw Worm Horde","floor":47,"turns":2},{"damage":39,"enemies":"Donu and Deca","floor":50,"turns":4}],"seed_played":"-9012935697980479140","potions_obtained":[{"floor":1,"key":"FocusPotion"},{"floor":12,"key":"PotionOfCapacity"},{"floor":16,"key":"Dexterity Potion"},{"floor":17,"key":"SpeedPotion"},{"floor":44,"key":"Regen Potion"}],"is_trial":false,"path_per_floor":["M","?","M","$","?","E","?","R","T","R","?","E","?","$","R","B",null,"M","$","?","$","M","E","R","?","T","?","?","R","M","E","R","B",null,"M","M","$","?","?","E","M","E","T","E","$","M","M","$","R","B",null],"character_chosen":"DEFECT","items_purchased":["DataDisk","Happy Flower","Membership Card","Enlightenment","Apotheosis","Meat on the Bone","CaptainsWheel","HandDrill"],"campfire_rested":3,"item_purchase_floors":[14,19,37,37,45,48,48,48],"current_hp_per_floor":[75,75,74,74,74,38,20,42,42,42,35,20,20,20,42,11,65,72,72,72,72,79,64,64,70,84,84,84,84,91,98,98,67,93,94,87,87,87,87,94,82,86,86,63,63,70,59,59,89,72],"gold":35,"neow_bonus":"TEN_PERCENT_HP_BONUS","is_daily":false,"chose_seed":false,"campfire_upgraded":1,"win_rate":0.0,"timestamp":1610097920,"path_taken":["M","?","?","$","?","E","?","R","T","R","?","E","?","$","R","BOSS","M","$","?","$","?","E","R","?","T","?","?","R","M","E","R","BOSS","M","M","$","?","?","E","?","E","T","E","?","M","M","$","R","BOSS"],"items_purchased_type":["Relic","Relic","Relic","Card","Card","Relic","Relic","Relic"],"build_version":"2020-12-22","purchased_purges":5,"victory":true,"max_hp_per_floor":[82,82,82,82,76,76,76,76,76,76,76,76,76,76,76,76,81,81,81,81,81,81,81,81,87,101,101,101,101,101,101,101,101,101,101,101,101,101,101,101,101,101,101,101,101,101,101,101,101,101],"card_choices":[{"not_picked":["Go for the Eyes","Hello World"],"picked":"White Noise","floor":1},{"not_picked":["Beam Cell","Rebound","Stack"],"picked":"SKIP","floor":3},{"not_picked":["Turbo","Rebound"],"picked":"Electrodynamics","floor":6},{"not_picked":["All For One","Gash"],"picked":"Glacier","floor":12},{"not_picked":["Heatsinks","Steam"],"picked":"Self Repair","floor":17},{"not_picked":["Rebound","Sunder"],"picked":"Conserve Battery+1","floor":18},{"not_picked":["Force Field","Go for the Eyes"],"picked":"Loop+1","floor":22},{"not_picked":["Chill","Turbo+1","Storm"],"picked":"SKIP","floor":23},{"not_picked":["Blizzard","Streamline","Stack"],"picked":"SKIP","floor":30},{"not_picked":["Thunder Strike","Scrape"],"picked":"Static Discharge","floor":31},{"not_picked":["Rainbow","Fission"],"picked":"Creative AI","floor":33},{"not_picked":["Beam Cell","Sunder+1","Compile Driver+1"],"picked":"SKIP","floor":35},{"not_picked":["Hologram+1","Compile Driver"],"picked":"White Noise","floor":36},{"not_picked":["Consume","Redo","Leap+1"],"picked":"SKIP","floor":40},{"not_picked":["Melter+1","Coolheaded","Gash"],"picked":"SKIP","floor":41},{"not_picked":["Scrape","Coolheaded+1","Chill"],"picked":"SKIP","floor":42},{"not_picked":["Redo","Rip and Tear+1"],"picked":"Loop+1","floor":44},{"not_picked":["Steam+1","Cold Snap+1"],"picked":"Loop+1","floor":46},{"not_picked":["Compile Driver","Stack+1","Steam"],"picked":"SKIP","floor":47}],"player_experience":331300,"relics_obtained":[{"floor":6,"key":"Turnip"},{"floor":9,"key":"Anchor"},{"floor":12,"key":"Shovel"},{"floor":23,"key":"InkBottle"},{"floor":24,"key":"Bottled Tornado"},{"floor":26,"key":"Mango"},{"floor":27,"key":"TungstenRod"},{"floor":27,"key":"Blue Candle"},{"floor":29,"key":"Emotion Chip"},{"floor":31,"key":"Vajra"},{"floor":32,"key":"Torii"},{"floor":40,"key":"Frozen Egg 2"},{"floor":42,"key":"MawBank"},{"floor":43,"key":"Kunai"},{"floor":44,"key":"Juzu Bracelet"}],"event_choices":[{"cards_removed":["Defend_B"],"damage_healed":0,"gold_gain":0,"player_choice":"Purged","damage_taken":0,"max_hp_gain":0,"max_hp_loss":0,"event_name":"Purifier","floor":2,"gold_loss":0},{"damage_healed":0,"gold_gain":0,"player_choice":"Lose Max HP","damage_taken":0,"relics_obtained":["Golden Idol"],"max_hp_gain":0,"max_hp_loss":6,"event_name":"Golden Idol","floor":5,"gold_loss":0},{"damage_healed":0,"gold_gain":0,"player_choice":"Success","damage_taken":18,"relics_obtained":["Darkstone Periapt"],"max_hp_gain":0,"max_hp_loss":0,"event_name":"Scrap Ooze","floor":7,"gold_loss":0},{"cards_removed":["Defend_B"],"damage_healed":0,"gold_gain":0,"player_choice":"Card Removal","damage_taken":7,"max_hp_gain":0,"max_hp_loss":0,"event_name":"Golden Wing","floor":11,"gold_loss":0},{"damage_healed":0,"gold_gain":0,"player_choice":"Grow","damage_taken":0,"max_hp_gain":0,"max_hp_loss":0,"event_name":"Living Wall","floor":13,"gold_loss":0,"cards_upgraded":["Electrodynamics"]},{"damage_healed":0,"gold_gain":0,"player_choice":"Forge","damage_taken":0,"max_hp_gain":0,"max_hp_loss":0,"event_name":"Accursed Blacksmith","floor":20,"gold_loss":0,"cards_upgraded":["Zap"]},{"damage_healed":0,"gold_gain":0,"player_choice":"Stole Relic","damage_taken":0,"relics_obtained":["Sundial"],"max_hp_gain":0,"max_hp_loss":0,"event_name":"Addict","floor":25,"gold_loss":0,"cards_obtained":["Shame"]},{"damage_healed":0,"gold_gain":0,"player_choice":"Fight","damage_taken":0,"max_hp_gain":0,"max_hp_loss":0,"event_name":"Colosseum","floor":27,"gold_loss":0},{"damage_healed":0,"gold_gain":0,"player_choice":"Fought Nobs","damage_taken":0,"max_hp_gain":0,"max_hp_loss":0,"event_name":"Colosseum","floor":27,"gold_loss":0},{"damage_healed":0,"gold_gain":0,"cards_transformed":["Strike_B","Strike_B"],"player_choice":"Became Test Subject","damage_taken":0,"max_hp_gain":0,"max_hp_loss":0,"event_name":"Drug Dealer","floor":28,"gold_loss":0,"cards_obtained":["Storm","Compile Driver"]},{"damage_healed":0,"gold_gain":333,"player_choice":"Gave Idol","damage_taken":0,"max_hp_gain":0,"max_hp_loss":0,"event_name":"The Moai Head","floor":38,"relics_lost":["Golden Idol"],"gold_loss":0},{"damage_healed":0,"gold_gain":0,"player_choice":"Copied","damage_taken":0,"max_hp_gain":0,"max_hp_loss":0,"event_name":"Duplicator","floor":39,"gold_loss":0,"cards_obtained":["White Noise"]}],"is_beta":false,"boss_relics":[{"not_picked":["Empty Cage","Calling Bell"],"picked":"Tiny House"},{"not_picked":["Sozu","Runic Pyramid"],"picked":"Nuclear Battery"}],"items_purged_floors":[4,19,37,45,48],"is_endless":false,"potions_floor_spawned":[1,12,16,27,27,30,31,40,42,44],"ascension_level":5}}