{"host":"kabf61oc9jgfwufg","time":1610108440,"event":{"mods":["AchievementEnabler","Act Like it!","Aspiration","BaseMod","Conspire","GifTheSpireLib","Halation","HexUI Lib","Hubris","Infinite Spire","Melee Mod","Minty Spire (QoL Compilation)","Quick Restart","Rare Cards Sparkle","Replay The Spire","Shop Mod","StSLib","Waifu the Spire"],"gold_per_floor":[384,384,411,14,189,223,248,274,299,299,329,309,337,357,357,458,458,468,468,483,497,497,529,529,256,279,299,299,299,314,332,332,332,332],"floor_reached":33,"playtime":1267,"items_purged":["Defend_B","Defend_P","hubris:MerchantsHand+1"],"score":331,"play_id":"2db60e22-5a9a-4723-b49a-598d7d92f60f","local_time":"20210108122040","is_ascension_mode":false,"campfire_choices":[{"data":"Replay:DivineShield","floor":10,"key":"SMITH"},{"floor":15,"key":"REST"},{"data":"FollowUp","floor":24,"key":"SMITH"},{"data":"Pot Of Greed","floor":29,"key":"SMITH"}],"circlet_count":0,"master_deck":["Strike_P","Strike_P+1","Strike_P","Defend_P+1","Defend_P","Defend_P","Eruption+1","Vigilance","Prostrate","Judgement+1","Doubt","LessonLearned+1","Replay:DivineShield+1","FollowUp+1","FollowUp+1","BattleHymn+1","Pot Of Greed+1","Pot Of Greed","FlurryOfBlows+1","SandsOfTime","FlurryOfBlows+1"],"relics":["PureWater","ReplayTheSpireMod:Ninjato","Bag of Preparation","Akabeko","Omamori","hubris:ScarierMask","hubris:Towel","hubris:AstralHammer","infinitespire:Eraser","Membership Card","Grinning Jar","halation:LettersToHer"],"acts_visited":["Exordium","TheCity"],"potions_floor_usage":[8,14,16,16],"damage_taken":[{"damage":0,"enemies":"Small Slimes","floor":1,"turns":4},{"damage":0,"enemies":"Cultist","floor":3,"turns":3},{"damage":1,"enemies":"3 Sentries","floor":6,"turns":7},{"damage":0,"enemies":"2 Louse","floor":7,"turns":2},{"damage":9,"enemies":"Lots of Slimes","floor":8,"turns":4},{"damage":44,"enemies":"Lagavulin","floor":11,"turns":5},{"damage":0,"enemies":"Looter","floor":12,"turns":3},{"damage":6,"enemies":"3 Louse","floor":13,"turns":3},{"damage":4,"enemies":"Gremlin Gang","floor":14,"turns":3},{"damage":0,"enemies":"Slime Boss","floor":16,"turns":8},{"damage":0,"enemies":"Chosen","floor":18,"turns":4},{"damage":0,"enemies":"Spheric Guardian","floor":20,"turns":1},{"damage":0,"enemies":"Snecko","floor":21,"turns":3},{"damage":7,"enemies":"Gremlin Leader","floor":23,"turns":4},{"damage":0,"enemies":"Centurion and Healer","floor":27,"turns":3},{"damage":7,"enemies":"Shelled Parasite and Fungi","floor":30,"turns":3},{"damage":3,"enemies":"Snake Plant","floor":31,"turns":4},{"damage":32,"enemies":"Automaton","floor":33,"turns":6}],"seed_played":"-3942648453773964177","potions_obtained":[{"floor":6,"key":"Explosive Potion"},{"floor":7,"key":"FearPotion"},{"floor":13,"key":"Adrenaline Potion"},{"floor":14,"key":"BlessingOfTheForge"},{"floor":16,"key":"DuplicationPotion"},{"floor":23,"key":"Strength Potion"},{"floor":30,"key":"SteroidPotion"}],"is_trial":false,"path_per_floor":["M","?","M","$","?","E","M","M","T","R","E","M","M","M","R","B",null,"M","?","M","M","AVR","E","R","$","T","M","?","R","M","M","R","B"],"character_chosen":"WATCHER","items_purchased":["ReplayTheSpireMod:Ninjato","Judgement","Membership Card","Grinning Jar"],"campfire_rested":1,"item_purchase_floors":[4,4,25,25],"current_hp_per_floor":[72,72,72,72,72,71,71,62,62,62,18,18,12,8,29,29,72,72,72,72,72,72,65,65,65,65,65,65,65,58,55,72,40,40],"gold":332,"neow_bonus":"TWO_FIFTY_GOLD","is_daily":false,"chose_seed":false,"campfire_upgraded":3,"win_rate":0.0,"timestamp":1610108440,"path_taken":["M","?","M","$","?","E","M","M","T","R","E","M","M","M","R","BOSS","M","?","M","M","AVR","E","R","$","T","M","?","R","M","?","R","BOSS"],"items_purchased_type":["Relic","Card","Relic","Relic"],"build_version":"2020-12-22","purchased_purges":3,"victory":false,"max_hp_per_floor":[72,72,72,72,72,72,72,72,72,72,72,72,72,72,72,72,72,72,72,72,72,72,72,72,72,72,72,72,72,72,72,72,72,72],"card_choices":[{"not_picked":["Nirvana","ThirdEye"],"picked":"Prostrate","floor":1},{"not_picked":["CrushJoints","ThirdEye","Vengeance"],"picked":"SKIP","floor":3},{"not_picked":["SandsOfTime","Crescendo"],"picked":"LessonLearned","floor":6},{"not_picked":["Replay:Vibes","Protect"],"picked":"Replay:DivineShield","floor":7},{"not_picked":["EmptyFist","SignatureMove"],"picked":"FollowUp","floor":8},{"not_picked":["Replay:Hum","ThirdEye","JustLucky"],"picked":"SKIP","floor":11},{"not_picked":["Replay:ManipulateFuture","Replay:AtTheReady","ThirdEye"],"picked":"SKIP","floor":12},{"not_picked":["ReachHeaven","ClearTheMind"],"picked":"FollowUp","floor":13},{"not_picked":["BattleHymn","Crescendo","ClearTheMind"],"picked":"SKIP","floor":14},{"not_picked":["CrushJoints","Replay:BluntJabs","Replay:ManipulateFuture"],"picked":"SKIP","floor":18},{"not_picked":["Weave+1","Adaptation","Crescendo+1"],"picked":"SKIP","floor":20},{"not_picked":["Crescendo","BowlingBash","ClearTheMind"],"picked":"SKIP","floor":21},{"not_picked":["ThirdEye","Protect"],"picked":"BattleHymn+1","floor":23},{"not_picked":["DeceiveReality+1","FlyingSleeves"],"picked":"FlurryOfBlows+1","floor":27},{"not_picked":["Vault","Replay:Anticipation","FearNoEvil+1"],"picked":"SKIP","floor":30},{"not_picked":["Evaluate","Replay:ManipulateFuture"],"picked":"FlurryOfBlows+1","floor":31}],"player_experience":84388,"relics_obtained":[{"floor":6,"key":"Bag of Preparation"},{"floor":9,"key":"Akabeko"},{"floor":11,"key":"Omamori"},{"floor":23,"key":"infinitespire:Eraser"},{"floor":26,"key":"halation:LettersToHer"}],"event_choices":[{"damage_healed":0,"gold_gain":175,"player_choice":"AGREE","damage_taken":0,"max_hp_gain":0,"max_hp_loss":0,"event_name":"Liars Game","floor":5,"gold_loss":0,"cards_obtained":["Doubt"]},{"damage_healed":0,"gold_gain":0,"cards_transformed":["Strike_P"],"player_choice":"Transformed","damage_taken":0,"max_hp_gain":0,"max_hp_loss":0,"event_name":"Transmorgrifier","floor":28,"gold_loss":0,"cards_obtained":["SandsOfTime"]}],"is_beta":false,"boss_relics":[{"not_picked":["halation:Yufonium","Honey Jar"],"picked":"hubris:ScarierMask"}],"items_purged_floors":[4,22,25],"is_endless":false,"potions_floor_spawned":[6,7,12,13,14,16,23,30],"killed_by":"Automaton","ascension_level":0}}