{"host":"aaqofma31c3gm2hj","time":1610074793,"event":{"mods":["BaseMod","Minty Spire (QoL Compilation)","Replay The Spire","Spicy Shops","StSLib"],"gold_per_floor":[118,128,128,53,53,79,79,113,165,190,204,7,21,31,31,102,102,112,37,37,37],"floor_reached":20,"playtime":418,"items_purged":["Defend_P","Strike_P"],"score":484,"play_id":"1e981927-12b3-45a3-bbfc-05bf4ff88978","local_time":"20210108105953","is_ascension_mode":true,"campfire_choices":[{"floor":15,"key":"DIG"}],"circlet_count":0,"master_deck":["AscendersBane","Strike_P","Strike_P","Defend_P+1","Eruption+1","Vigilance","CutThroughFate","Tantrum","InnerPeace","Replay:Anticipation","LessonLearned"],"relics":["PureWater","NeowsBlessing","Strawberry","Matryoshka","Blood Vial","Boot","Lantern","Replay:Ringing Soul","Replay:Bronze Core"],"acts_visited":["Exordium","TheCity"],"potions_floor_usage":[16,18],"damage_taken":[{"damage":0.0,"enemies":"Cultist","floor":1.0,"turns":1.0},{"damage":0.0,"enemies":"Small Slimes","floor":2.0,"turns":1.0},{"damage":0.0,"enemies":"Lagavulin","floor":6.0,"turns":1.0},{"damage":0.0,"enemies":"Gremlin Nob","floor":8.0,"turns":2.0},{"damage":12.0,"enemies":"Lagavulin","floor":10.0,"turns":3.0},{"damage":0.0,"enemies":"Jaw Worm","floor":11.0,"turns":1.0},{"damage":0,"enemies":"2 Fungi Beasts","floor":13,"turns":2},{"damage":0,"enemies":"Blue Slaver","floor":14,"turns":2},{"damage":12,"enemies":"The Guardian","floor":16,"turns":10},{"damage":15,"enemies":"Shell Parasite","floor":18,"turns":4},{"damage":0,"enemies":"3 Byrds","floor":20,"turns":1}],"seed_played":"-4253906186004296375","potions_obtained":[{"floor":1.0,"key":"Elixir"},{"floor":6.0,"key":"DistilledChaos"},{"floor":8.0,"key":"DistilledChaos"},{"floor":11.0,"key":"Weak Potion"}],"is_trial":false,"path_per_floor":["M","M","?","$","?","E","?","E","T","E","M","$","M","M","R","B",null,"M","?","M"],"character_chosen":"WATCHER","items_purchased":["Replay:Anticipation"],"campfire_rested":0,"item_purchase_floors":[12],"current_hp_per_floor":[61,61,54,54,54,61,38,38,38,28,30,30,32,34,34,27,65,52,52,54,54],"gold":37,"neow_bonus":"THREE_ENEMY_KILL","is_daily":false,"chose_seed":false,"campfire_upgraded":0,"win_rate":0.0,"timestamp":1610074793,"path_taken":["M","?","?","$","?","E","?","E","T","E","M","?","M","M","R","BOSS","M","?","M"],"items_purchased_type":["Card"],"build_version":"2020-12-22","purchased_purges":2,"victory":false,"max_hp_per_floor":[68,68,68,68,68,75,75,75,75,75,75,75,75,75,75,78,78,78,78,78,78],"card_choices":[{"not_picked":["Replay:Vibes","Replay:Battleflow","EmptyFist"],"picked":"SKIP","floor":1.0},{"not_picked":["Consecrate","EmptyBody"],"picked":"CutThroughFate","floor":2.0},{"not_picked":["Wireheading","Protect"],"picked":"Tantrum","floor":6.0},{"not_picked":["EmptyFist","FlyingSleeves","SashWhip"],"picked":"SKIP","floor":8.0},{"not_picked":["Crescendo","CarveReality","ConjureBlade"],"picked":"SKIP","floor":10.0},{"not_picked":["EmptyBody","SignatureMove"],"picked":"InnerPeace","floor":11.0},{"not_picked":["Replay:Anticipation","Protect","BowlingBash"],"picked":"SKIP","floor":13},{"not_picked":["FlurryOfBlows","Meditate","WreathOfFlame"],"picked":"SKIP","floor":14},{"not_picked":["Ragnarok","Wish"],"picked":"LessonLearned","floor":16},{"not_picked":["Replay:BluntJabs","ThirdEye","FlyingSleeves"],"picked":"SKIP","floor":18}],"player_experience":566653,"relics_obtained":[{"floor":6.0,"key":"Strawberry"},{"floor":8.0,"key":"Matryoshka"},{"floor":9.0,"key":"Blood Vial"},{"floor":9.0,"key":"Boot"},{"floor":10.0,"key":"Lantern"},{"floor":15,"key":"Replay:Ringing Soul"}],"event_choices":[{"cards_removed":["Defend_P"],"damage_healed":0.0,"max_hp_gain":0.0,"max_hp_loss":0.0,"gold_gain":0.0,"event_name":"Golden Wing","player_choice":"Card Removal","floor":3.0,"gold_loss":0.0,"damage_taken":7.0},{"damage_healed":0.0,"max_hp_gain":0.0,"max_hp_loss":0.0,"gold_gain":0.0,"event_name":"Shining Light","player_choice":"Entered Light","floor":7.0,"gold_loss":0.0,"damage_taken":23.0,"cards_upgraded":["Defend_P","Eruption"]},{"cards_removed":["Defend_P"],"damage_healed":0,"gold_gain":0,"player_choice":"Gave Gold","damage_taken":0,"max_hp_gain":0,"max_hp_loss":0,"event_name":"Beggar","floor":19,"gold_loss":75}],"is_beta":false,"boss_relics":[{"not_picked":["Cursed Key","Tiny House"],"picked":"Replay:Bronze Core"}],"items_purged_floors":[4,12],"is_endless":false,"potions_floor_spawned":[1,6,8,11],"killed_by":"3 Byrds","ascension_level":20}}