{"host":"dyggtcpod2kd5hqt","time":1610120253,"event":{"mods":["2.2 Compatiblity","AchievementEnabler","BaseMod","Bestiary","Block Reminder","Colored Map","Colored Powertips","Minty Spire (QoL Compilation)","Quick Restart","Rare Cards Sparkle","Relic Stats","Unknown Chances"],"gold_per_floor":[114,114,134,61,77,104,104,120,147,147,184,206,306,30,30,136,136,152,176,196,27,27,27],"floor_reached":22,"playtime":3750,"items_purged":[],"score":284,"play_id":"8e907756-1bd4-47b3-b3be-0bf4046bef6d","local_time":"20210108103733","is_ascension_mode":true,"campfire_choices":[{"data":"Melter","floor":7,"key":"SMITH"},{"data":"Rainbow","floor":10,"key":"SMITH"},{"data":"Defragment","floor":15,"key":"SMITH"}],"circlet_count":0,"master_deck":["Strike_B","Strike_B","Strike_B","Strike_B","Defend_B","Defend_B","Defend_B","Defend_B","Zap","Dualcast","Melter+1","Pain","Beam Cell","Rainbow+1","Conserve Battery","Sweeping Beam","Go for the Eyes","Gash","Defragment+1","White Noise","Amplify","Hologram","White Noise","Leap"],"relics":["Cracked Core","NeowsBlessing","WarpedTongs","Toy Ornithopter","Strawberry","CeramicFish","Happy Flower","Inserter","Regal Pillow"],"acts_visited":["Exordium","TheCity"],"potions_floor_usage":[11,12,16],"damage_taken":[{"damage":0,"enemies":"Small Slimes","floor":1,"turns":1},{"damage":0,"enemies":"Cultist","floor":3,"turns":1},{"damage":0,"enemies":"Jaw Worm","floor":5,"turns":1},{"damage":33,"enemies":"Lagavulin","floor":6,"turns":5},{"damage":17,"enemies":"Lots of Slimes","floor":8,"turns":4},{"damage":9,"enemies":"Gremlin Nob","floor":11,"turns":3},{"damage":4,"enemies":"2 Fungi Beasts","floor":12,"turns":2},{"damage":13,"enemies":"Hexaghost","floor":16,"turns":9},{"damage":29,"enemies":"2 Thieves","floor":18,"turns":5},{"damage":0,"enemies":"Spheric Guardian","floor":19,"turns":2},{"damage":31,"enemies":"Centurion and Healer","floor":20,"turns":6},{"damage":2,"enemies":"Snake Plant","floor":22,"turns":2}],"seed_played":"5211653071247486503","potions_obtained":[{"floor":1,"key":"Explosive Potion"},{"floor":3,"key":"FocusPotion"},{"floor":6,"key":"Dexterity Potion"},{"floor":16,"key":"FearPotion"},{"floor":18,"key":"FearPotion"}],"is_trial":false,"path_per_floor":["M","?","M","$","M","E","R","M","T","R","E","M","?","$","R","B",null,"M","M","M","$","M"],"character_chosen":"DEFECT","items_purchased":["Rainbow","Defragment","White Noise","Happy Flower","Regal Pillow","Leap"],"campfire_rested":0,"item_purchase_floors":[4,14,14,14,21,21],"current_hp_per_floor":[68,68,68,68,68,35,35,18,25,25,21,22,22,22,22,14,65,36,36,5,5,3,3],"gold":27,"neow_bonus":"THREE_ENEMY_KILL","is_daily":false,"chose_seed":false,"campfire_upgraded":3,"win_rate":0.0,"timestamp":1610120253,"path_taken":["M","?","?","$","M","E","R","M","T","R","E","M","?","$","R","BOSS","M","M","?","$","M"],"items_purchased_type":["Card","Card","Card","Relic","Relic","Card"],"build_version":"2020-12-22","purchased_purges":0,"victory":false,"max_hp_per_floor":[75,75,75,75,75,75,75,75,82,82,82,82,82,82,82,82,82,82,82,82,82,82,82],"relic_stats":{"Regal Pillow":0,"Inserter":[7],"Happy Flower":[8],"counters":[12,41],"CeramicFish":72,"obtain_stats":[{"Regal Pillow":21,"Inserter":17,"NeowsBlessing":0,"Happy Flower":14,"Strawberry":9,"CeramicFish":11,"Cracked Core":0,"Toy Ornithopter":6,"WarpedTongs":2},{"Regal Pillow":11,"Inserter":8,"NeowsBlessing":0,"Happy Flower":7,"Strawberry":5,"CeramicFish":6,"Cracked Core":0,"Toy Ornithopter":4,"WarpedTongs":1},{"Regal Pillow":39,"Inserter":26,"NeowsBlessing":0,"Happy Flower":17,"Strawberry":12,"CeramicFish":15,"Cracked Core":0,"Toy Ornithopter":8,"WarpedTongs":1}],"Toy Ornithopter":15,"WarpedTongs":[39]},"card_choices":[{"not_picked":["Hello World","Recycle"],"picked":"Melter","floor":1},{"not_picked":["Hello World","Ball Lightning"],"picked":"Beam Cell","floor":3},{"not_picked":["Force Field","Recycle","Ball Lightning"],"picked":"SKIP","floor":5},{"not_picked":["Darkness","Melter"],"picked":"Conserve Battery","floor":6},{"not_picked":["Cold Snap","Consume"],"picked":"Sweeping Beam","floor":8},{"not_picked":["Loop","Barrage"],"picked":"Go for the Eyes","floor":11},{"not_picked":["FTL","Steam"],"picked":"Gash","floor":12},{"not_picked":["Biased Cognition","Buffer"],"picked":"Amplify","floor":16},{"not_picked":["Sweeping Beam","Steam","Conserve Battery"],"picked":"SKIP","floor":18},{"not_picked":["Loop","Stack+1"],"picked":"Hologram","floor":19},{"not_picked":["Stack","Fusion"],"picked":"White Noise","floor":20}],"player_experience":566598,"relics_obtained":[{"floor":6,"key":"Toy Ornithopter"},{"floor":9,"key":"Strawberry"},{"floor":11,"key":"CeramicFish"}],"event_choices":[{"damage_healed":0,"gold_gain":0,"player_choice":"Rummage","damage_taken":0,"relics_obtained":["WarpedTongs"],"max_hp_gain":0,"max_hp_loss":0,"event_name":"Accursed Blacksmith","floor":2,"gold_loss":0,"cards_obtained":["Pain"]},{"damage_healed":0,"gold_gain":100,"player_choice":"Pray","damage_taken":0,"max_hp_gain":0,"max_hp_loss":0,"event_name":"Golden Shrine","floor":13,"gold_loss":0}],"is_beta":false,"boss_relics":[{"not_picked":["Empty Cage","Fusion Hammer"],"picked":"Inserter"}],"items_purged_floors":[],"is_endless":false,"potions_floor_spawned":[1,3,6,16,18],"killed_by":"Snake Plant","ascension_level":9}}