{"host":"crmowuwgj9wiiaqp","time":1610083829,"event":{"mods":["BaseMod","ChefMod","Minty Spire (QoL Compilation)","StSLib"],"gold_per_floor":[110,110,128,138,151,177,177,209,262,262,262],"floor_reached":10,"playtime":769,"items_purged":[],"score":82,"play_id":"6d19f713-5eb1-4684-a705-3fff6bee0831","local_time":"20210107223029","is_ascension_mode":true,"campfire_choices":[{"floor":7,"key":"REST"}],"circlet_count":0,"master_deck":["chefmod:Strike","chefmod:Strike","chefmod:Strike","chefmod:Strike","chefmod:QuickThaw","chefmod:Defend","chefmod:Defend","chefmod:Defend","chefmod:Defend","chefmod:TodaysSpecial","chefmod:IcePick","chefmod:FiveAlarmChili","chefmod:SpaghettiCarbonara","chefmod:DeathByChocolate","chefmod:Sorbet","chefmod:PotatoGratin","chefmod:FreezerBurn"],"relics":["chefmod:TrustyPot","Lantern","Question Card","Oddly Smooth Stone"],"acts_visited":["Exordium"],"potions_floor_usage":[10],"damage_taken":[{"damage":0.0,"enemies":"Small Slimes","floor":1.0,"turns":4.0},{"damage":6.0,"enemies":"Cultist","floor":3.0,"turns":4.0},{"damage":2.0,"enemies":"Jaw Worm","floor":4.0,"turns":4.0},{"damage":11.0,"enemies":"Exordium Thugs","floor":5.0,"turns":5.0},{"damage":32,"enemies":"3 Sentries","floor":6,"turns":13},{"damage":25,"enemies":"Gremlin Nob","floor":8,"turns":5},{"damage":28,"enemies":"3 Sentries","floor":10,"turns":5}],"seed_played":"-8892953383422566178","potions_obtained":[{"floor":1.0,"key":"FearPotion"},{"floor":3.0,"key":"ColorlessPotion"}],"is_trial":false,"path_per_floor":["M","?","M","M","M","E","R","E","T","E"],"character_chosen":"THE_CHEF","items_purchased":[],"campfire_rested":1,"item_purchase_floors":[],"current_hp_per_floor":[76,76,70,68,57,25,47,22,22,0,0],"gold":262,"neow_bonus":"THREE_CARDS","is_daily":false,"chose_seed":false,"campfire_upgraded":0,"win_rate":0.0,"timestamp":1610083829,"path_taken":["M","?","M","M","M","E","R","E","T","E"],"items_purchased_type":[],"build_version":"2020-12-22","purchased_purges":0,"victory":false,"max_hp_per_floor":[76,76,76,76,76,76,76,76,76,76,76],"card_choices":[{"not_picked":["chefmod:LiquidNitrogen","chefmod:SearedScallops"],"picked":"chefmod:IcePick","floor":0.0},{"not_picked":["chefmod:Gelato","chefmod:Granita"],"picked":"chefmod:FiveAlarmChili","floor":1.0},{"not_picked":["chefmod:Granita","chefmod:MonsterBait","chefmod:SliceAndDice"],"picked":"SKIP","floor":3.0},{"not_picked":["chefmod:FarmersMarket","chefmod:CleanHouse"],"picked":"chefmod:Sorbet","floor":4.0},{"not_picked":["chefmod:SliceAndDice","chefmod:FireUp"],"picked":"chefmod:PotatoGratin","floor":5.0},{"not_picked":["chefmod:Gelato","chefmod:DinoKale","chefmod:MonsterBait"],"picked":"SKIP","floor":6},{"not_picked":["chefmod:Granita","chefmod:FryPan"],"picked":"chefmod:FreezerBurn","floor":8}],"player_experience":1404251,"relics_obtained":[{"floor":6,"key":"Lantern"},{"floor":8,"key":"Question Card"},{"floor":9,"key":"Oddly Smooth Stone"}],"event_choices":[{"damage_healed":0.0,"max_hp_gain":0.0,"max_hp_loss":0.0,"gold_gain":0.0,"event_name":"Match and Keep!","player_choice":"2 cards matched","floor":2.0,"gold_loss":0.0,"damage_taken":0.0,"cards_obtained":["chefmod:SpaghettiCarbonara","chefmod:DeathByChocolate"]}],"is_beta":false,"boss_relics":[],"items_purged_floors":[],"is_endless":false,"potions_floor_spawned":[1,3],"killed_by":"3 Sentries","ascension_level":1}}