{"host":"9ndbo4kgsfoemf7y","time":1610101415,"event":{"mods":["AchievementEnabler","BaseMod","Colored Map","DeckTracker","Keyboard Shortcuts","Minty Spire (QoL Compilation)","Permanent Neow","Quick Restart","Relic Stats","StSLib","SuperFastMode"],"gold_per_floor":[112,128,128,48,60,95,95,129,129,142,142,153,153,182,182,182,182],"floor_reached":16,"playtime":373,"items_purged":[],"score":240,"play_id":"5c8101b7-be9b-47cb-9d74-34337be02989","local_time":"20210108192335","is_ascension_mode":true,"campfire_choices":[{"floor":7.0,"key":"REST"},{"data":"Reckless Charge","floor":11.0,"key":"SMITH"},{"floor":13.0,"key":"REST"},{"data":"Armaments","floor":15.0,"key":"SMITH"}],"circlet_count":0,"master_deck":["AscendersBane","Strike_R","Strike_R","Strike_R","Strike_R","Defend_R","Defend_R","Defend_R","Bash","Thunderclap","Flex","Second Wind","Ghostly Armor","Cleave","Reckless Charge+1","Perfected Strike","Shrug It Off","Armaments+1"],"relics":["Burning Blood","Ornamental Fan","Bird Faced Urn","Sundial","StoneCalendar"],"acts_visited":["Exordium"],"potions_floor_usage":[16],"damage_taken":[{"damage":7.0,"enemies":"2 Louse","floor":1.0,"turns":3.0},{"damage":9.0,"enemies":"Jaw Worm","floor":2.0,"turns":4.0},{"damage":15.0,"enemies":"Small Slimes","floor":5.0,"turns":4.0},{"damage":35.0,"enemies":"3 Sentries","floor":6.0,"turns":12.0},{"damage":24.0,"enemies":"Gremlin Nob","floor":8.0,"turns":4.0},{"damage":0.0,"enemies":"Exordium Wildlife","floor":10.0,"turns":2.0},{"damage":11.0,"enemies":"Blue Slaver","floor":12.0,"turns":3.0},{"damage":20.0,"enemies":"Lagavulin","floor":14.0,"turns":6.0},{"damage":36,"enemies":"Slime Boss","floor":16,"turns":6}],"seed_played":"5768007526628254306","potions_obtained":[{"floor":2.0,"key":"Weak Potion"},{"floor":5.0,"key":"PowerPotion"},{"floor":10.0,"key":"SkillPotion"},{"floor":14.0,"key":"SpeedPotion"}],"is_trial":false,"path_per_floor":["M","M","?","$","M","E","R","E","T","M","R","M","R","E","R","B"],"character_chosen":"IRONCLAD","items_purchased":["Second Wind"],"campfire_rested":2,"item_purchase_floors":[4],"current_hp_per_floor":[49,46,51,51,42,13,37,19,19,25,25,20,44,30,30,0,0],"gold":182,"neow_bonus":"REMOVE_TWO","is_daily":false,"chose_seed":false,"campfire_upgraded":2,"win_rate":0.0,"timestamp":1610101415,"path_taken":["M","M","?","$","M","E","R","E","T","M","R","M","R","E","R","BOSS"],"items_purchased_type":["Card"],"build_version":"2020-12-22","purchased_purges":0,"victory":false,"max_hp_per_floor":[75,75,80,80,80,80,80,80,80,80,80,80,80,80,80,80,80],"relic_stats":{"counters":[9,44],"Ornamental Fan":[28],"Sundial":[2],"Bird Faced Urn":[0],"StoneCalendar":[0],"obtain_stats":[{"Ornamental Fan":6,"Sundial":9,"Bird Faced Urn":8,"StoneCalendar":14,"Burning Blood":0},{"Ornamental Fan":4,"Sundial":5,"Bird Faced Urn":5,"StoneCalendar":8,"Burning Blood":0},{"Ornamental Fan":23,"Sundial":27,"Bird Faced Urn":27,"StoneCalendar":38,"Burning Blood":0}],"Burning Blood":48},"card_choices":[{"not_picked":["Heavy Blade","Iron Wave"],"picked":"Thunderclap","floor":1.0},{"not_picked":["Clothesline","Thunderclap"],"picked":"Flex","floor":2.0},{"not_picked":["Warcry","Seeing Red"],"picked":"Ghostly Armor","floor":5.0},{"not_picked":["Pummel","Seeing Red"],"picked":"Cleave","floor":6.0},{"not_picked":["Cleave","Sever Soul"],"picked":"Reckless Charge","floor":8.0},{"not_picked":["Infernal Blade","Rupture"],"picked":"Perfected Strike","floor":10.0},{"not_picked":["True Grit","Thunderclap"],"picked":"Shrug It Off","floor":12.0},{"not_picked":["Pummel","Iron Wave"],"picked":"Armaments","floor":14.0}],"player_experience":784502,"relics_obtained":[{"floor":6.0,"key":"Ornamental Fan"},{"floor":8.0,"key":"Bird Faced Urn"},{"floor":9.0,"key":"Sundial"},{"floor":14.0,"key":"StoneCalendar"}],"event_choices":[{"damage_healed":0.0,"max_hp_gain":5.0,"max_hp_loss":0.0,"gold_gain":0.0,"event_name":"Big Fish","player_choice":"Donut","floor":3.0,"gold_loss":0.0,"damage_taken":0.0}],"is_beta":false,"boss_relics":[],"items_purged_floors":[],"is_endless":false,"potions_floor_spawned":[2,5,10,14],"killed_by":"Slime Boss","ascension_level":20}}