{"host":"l84l8xigz5v5foa2","time":1610084399,"event":{"mods":["2.2 Compatiblity","AchievementEnabler","BaseMod","Better Note","Better Vampires","Card Filter","Colored Map","DeckTracker","Downfall","Gremlin Skip","Highlight Path","Keyboard Shortcuts","Minty Spire (QoL Compilation)","Permanent Neow","Quick Restart","Relic Filter","Relic Stats","StSLib","SuperFastMode","Transform Curses","Unknown Chances"],"gold_per_floor":[99,119,119,137,154,154,154,167,197,197,197,209,209,229,244,321,321,321,337,437,291,291,291,366,382,382,400,325,342,352,147,147,147,147],"floor_reached":32,"playtime":1583,"items_purged":["Guardian:Strike_Guardian","Guardian:Defend_Guardian"],"score":538,"play_id":"fe5d00e3-fc06-45da-a25d-be8e57de468d","local_time":"20210108143959","is_ascension_mode":true,"campfire_choices":[{"data":"Guardian:TwinSlam","floor":1.0,"key":"SMITH"},{"data":"Guardian:MultiBeam","floor":6.0,"key":"SMITH"},{"data":"Guardian:Suspension","floor":11.0,"key":"SMITH"},{"data":"Guardian:CurlUp","floor":13.0,"key":"SMITH"},{"data":"Guardian:Orbwalk","floor":18.0,"key":"SMITH"},{"data":"Guardian:FuturePlans","floor":26,"key":"SMITH"},{"data":"Guardian:DecasProtection","floor":28,"key":"SMITH"}],"circlet_count":0,"master_deck":["AscendersBane","Guardian:Defend_Guardian","Guardian:Defend_Guardian","Guardian:Defend_Guardian","Guardian:CurlUp+1","Guardian:TwinSlam+1","Guardian:Orbwalk+1","Guardian:MultiBeam+1","Guardian:Suspension+1","Guardian:Incinerate","Guardian:Reroute","Guardian:FloatingOrbs","Guardian:StasisStrike","Guardian:DecasProtection+1","Guardian:Planning","Guardian:TimeCapacitor","Guardian:PrimingBeam","Guardian:FuturePlans+1","Guardian:TemporalShield+1","Guardian:PiercingHide","Guardian:PolyBeam"],"relics":["Sozu","Toy Ornithopter","Singing Bowl","Runic Pyramid","MutagenicStrength","Matryoshka","downfall:HeartBlessingBlue"],"acts_visited":["TheCity"],"potions_floor_usage":[],"damage_taken":[{"damage":0.0,"enemies":"Cultist","floor":2.0,"turns":4.0},{"damage":0.0,"enemies":"Small Slimes","floor":4.0,"turns":4.0},{"damage":2.0,"enemies":"Jaw Worm","floor":5.0,"turns":4.0},{"damage":3.0,"enemies":"Red Slaver","floor":8.0,"turns":3.0},{"damage":0.0,"enemies":"3 Sentries","floor":9.0,"turns":4.0},{"damage":1.0,"enemies":"Exordium Thugs","floor":12.0,"turns":3.0},{"damage":0.0,"enemies":"Large Slime","floor":14.0,"turns":3.0},{"damage":0.0,"enemies":"3 Louse","floor":15.0,"turns":2.0},{"damage":21.0,"enemies":"downfall:Watcher","floor":16.0,"turns":7.0},{"damage":0,"enemies":"Chosen","floor":19,"turns":4},{"damage":11,"enemies":"downfall:Augmenter","floor":20,"turns":5},{"damage":0,"enemies":"downfall:FleeingMerchant","floor":21,"turns":4},{"damage":26,"enemies":"Snecko","floor":25,"turns":6},{"damage":8,"enemies":"Chosen and Byrds","floor":27,"turns":6},{"damage":10,"enemies":"Sentry and Sphere","floor":29,"turns":5},{"damage":0,"enemies":"3 Cultists","floor":30,"turns":3},{"damage":0,"enemies":"downfall:FleeingMerchant","floor":31,"turns":4},{"damage":29,"enemies":"Snake Plant","floor":32,"turns":2}],"seed_played":"-7388032658825571276","potions_obtained":[],"is_trial":false,"path_per_floor":["R","M","?","M","M","R","T","M","E","T","R","M","R","M","M","B",null,"R","M","?","$","?","?","T","M","R","M","R","M","M","$","M"],"character_chosen":"GUARDIAN","items_purchased":["Guardian:PrimingBeam","Guardian:PolyBeam"],"campfire_rested":0,"item_purchase_floors":[21,31],"current_hp_per_floor":[65,65,65,65,63,63,63,60,60,60,60,59,59,59,59,38,64,64,66,55,55,55,55,55,29,29,23,33,23,25,25,0,0,0],"gold":147,"neow_bonus":"BOSS_RELIC","is_daily":false,"chose_seed":false,"campfire_upgraded":7,"win_rate":0.0,"timestamp":1610084399,"path_taken":["R","?","?","M","M","R","T","M","E","?","R","?","R","M","M","BOSS","R","M","?","$","?","?","T","M","R","M","R","M","M","$","M"],"items_purchased_type":["Card","Card"],"build_version":"2020-12-22","purchased_purges":2,"victory":false,"max_hp_per_floor":[72,72,72,72,72,72,72,72,72,72,72,72,72,72,72,72,72,72,74,74,74,74,74,74,74,74,76,86,86,88,88,88,88,88],"relic_stats":{"Sozu":8,"Singing Bowl":6,"counters":[18,73],"obtain_stats":[{"Sozu":0,"Matryoshka":24,"Singing Bowl":10,"downfall:HeartBlessingBlue":28,"MutagenicStrength":20,"Guardian:ModeShifter":0,"Toy Ornithopter":9,"Runic Pyramid":17},{"Sozu":0,"Matryoshka":12,"Singing Bowl":5,"downfall:HeartBlessingBlue":14,"MutagenicStrength":11,"Guardian:ModeShifter":0,"Toy Ornithopter":5,"Runic Pyramid":9},{"Sozu":0,"Matryoshka":47,"Singing Bowl":19,"downfall:HeartBlessingBlue":59,"MutagenicStrength":43,"Guardian:ModeShifter":0,"Toy Ornithopter":19,"Runic Pyramid":34}],"Toy Ornithopter":0},"card_choices":[{"not_picked":["Guardian:GuardianWhirl","Guardian:Incinerate"],"picked":"Guardian:Gem_Cyan","floor":2.0},{"not_picked":["Guardian:Repulse","Guardian:GuardianWhirl"],"picked":"Guardian:Orbwalk","floor":4.0},{"not_picked":["Guardian:Repulse","Guardian:ShieldCharger"],"picked":"Guardian:MultiBeam","floor":5.0},{"not_picked":["Guardian:Clone","Guardian:RollAttack"],"picked":"Guardian:Suspension","floor":8.0},{"not_picked":["Guardian:ArmoredProtocol","Guardian:Gem_Yellow"],"picked":"Guardian:Incinerate","floor":9.0},{"not_picked":["Guardian:TimeBomb","Guardian:RollAttack"],"picked":"Guardian:Reroute","floor":12.0},{"not_picked":["Guardian:Suspension","Guardian:Incinerate"],"picked":"Guardian:FloatingOrbs","floor":14.0},{"not_picked":["Guardian:Gem_Cyan","Guardian:Suspension"],"picked":"Guardian:StasisStrike","floor":15.0},{"not_picked":["Guardian:StasisStrike","Guardian:ConstructionForm"],"picked":"Guardian:Gem_Orange","floor":16.0},{"not_picked":["Guardian:CrystalBeam","Guardian:Gem_Red","Guardian:ChargeCore"],"picked":"Singing Bowl","floor":19},{"not_picked":["Guardian:RollAttack","Guardian:TimeBomb"],"picked":"Guardian:TimeCapacitor","floor":20},{"not_picked":["Guardian:TemporalStrike","Guardian:Preprogram"],"picked":"Guardian:Gem_Cyan","floor":21},{"not_picked":["Guardian:Gem_Red","Guardian:ConstructionForm"],"picked":"Guardian:Gem_Cyan","floor":25},{"not_picked":["Guardian:WalkerClaw","Guardian:BronzeOrb","Guardian:ShieldCharger"],"picked":"Singing Bowl","floor":27},{"not_picked":["Guardian:Gem_White","Guardian:StasisField"],"picked":"Guardian:TemporalShield+1","floor":29},{"not_picked":["Guardian:BronzeArmor","Guardian:Suspension","Guardian:Gem_Green"],"picked":"Singing Bowl","floor":30},{"not_picked":["Guardian:BronzeArmor","Guardian:Gem_Green"],"picked":"Guardian:PiercingHide","floor":31}],"player_experience":2974193,"relics_obtained":[{"floor":9.0,"key":"Toy Ornithopter"},{"floor":10.0,"key":"Singing Bowl"},{"floor":20,"key":"MutagenicStrength"},{"floor":24,"key":"Matryoshka"}],"event_choices":[{"damage_healed":0,"gold_gain":0,"player_choice":"Read","damage_taken":0,"max_hp_gain":0,"max_hp_loss":0,"event_name":"The Library","floor":23,"gold_loss":0,"cards_obtained":["Guardian:FuturePlans"]}],"is_beta":false,"boss_relics":[{"not_picked":["SacredBark","Guardian:StasisSlotReductionRelic"],"picked":"Runic Pyramid"}],"items_purged_floors":[21,31],"is_endless":false,"potions_floor_spawned":[2,8,12,14,16,19,20,27],"killed_by":"Snake Plant","ascension_level":20}}