{"host":"vfg9szunmpjwj08o","time":1610110090,"event":{"mods":["Act Like it!","BaseMod","Challenge The Spire","Colored Map","Colored Powertips","Minty Spire (QoL Compilation)","StSLib","Waifu the Spire"],"gold_per_floor":[109,4,279,292,35,35,60,60,60,74,92,92,107,118,118,195,195,215,215,215],"floor_reached":19,"playtime":573,"items_purged":["Regret"],"score":378,"play_id":"6f1aaac3-3de4-46a6-a941-acbc4e0015a5","local_time":"20210108134810","is_ascension_mode":true,"campfire_choices":[{"data":"Zap","floor":6,"key":"SMITH"},{"data":"Dualcast","floor":8,"key":"SMITH"},{"data":"Recycle","floor":15,"key":"SMITH"}],"circlet_count":0,"master_deck":["AscendersBane","Strike_B","Strike_B","Strike_B","Defend_B","Defend_B","Defend_B","Defend_B","Zap+1","Dualcast+1","Coolheaded","Madness","Chaos","Recycle+1","FTL","Compile Driver","Defragment","Coolheaded","Go for the Eyes","Gash","Creative AI","Coolheaded"],"relics":["Cracked Core","NeowsBlessing","Blue Candle","Question Card","Inserter"],"acts_visited":["Exordium","TheCity"],"potions_floor_usage":[16],"damage_taken":[{"damage":0,"enemies":"Cultist","floor":1,"turns":1},{"damage":0,"enemies":"Jaw Worm","floor":4,"turns":1},{"damage":0,"enemies":"Lagavulin","floor":7,"turns":1},{"damage":9,"enemies":"Small Slimes","floor":10,"turns":3},{"damage":16,"enemies":"3 Louse","floor":11,"turns":3},{"damage":11,"enemies":"Red Slaver","floor":13,"turns":3},{"damage":10,"enemies":"Gremlin Gang","floor":14,"turns":5},{"damage":8,"enemies":"The Guardian","floor":16,"turns":11},{"damage":23,"enemies":"Chosen","floor":18,"turns":7},{"damage":28,"enemies":"3 Byrds","floor":19,"turns":3}],"seed_played":"-7574064077747361497","potions_obtained":[{"floor":7,"key":"FocusPotion"},{"floor":14,"key":"Block Potion"},{"floor":16,"key":"Fire Potion"}],"is_trial":false,"path_per_floor":["M","$","?","M","$","R","E","R","T","M","M","?","M","M","R","B",null,"M","M"],"character_chosen":"DEFECT","items_purchased":["Madness","Recycle","FTL","Compile Driver"],"campfire_rested":0,"item_purchase_floors":[2,5,5,5],"current_hp_per_floor":[64,64,64,64,64,64,64,64,64,55,39,32,21,11,11,3,54,31,3,3],"gold":215,"neow_bonus":"THREE_ENEMY_KILL","is_daily":false,"chose_seed":false,"campfire_upgraded":3,"win_rate":0.0,"timestamp":1610110090,"path_taken":["M","?","?","M","$","R","E","R","T","?","M","?","M","M","R","BOSS","M","M"],"items_purchased_type":["Card","Card","Card","Card"],"build_version":"2020-12-22","purchased_purges":1,"victory":false,"max_hp_per_floor":[71,71,71,71,71,71,71,71,71,71,71,71,71,71,71,71,71,71,71,71],"card_choices":[{"not_picked":["Rip and Tear","Stack"],"picked":"Coolheaded","floor":1},{"not_picked":["Auto Shields","Beam Cell"],"picked":"Chaos","floor":4},{"not_picked":["Rebound","Hyperbeam","Stack"],"picked":"SKIP","floor":7},{"not_picked":["Doom and Gloom","Ball Lightning","Compile Driver"],"picked":"Defragment","floor":10},{"not_picked":["Capacitor","Steam","Tempest"],"picked":"Coolheaded","floor":11},{"not_picked":["Sweeping Beam","Steam","Redo"],"picked":"Go for the Eyes","floor":13},{"not_picked":["Ball Lightning","Genetic Algorithm","Turbo"],"picked":"Gash","floor":14},{"not_picked":["Thunder Strike","Machine Learning","Rainbow"],"picked":"Creative AI","floor":16},{"not_picked":["Go for the Eyes","Cold Snap","Darkness"],"picked":"Coolheaded","floor":18}],"player_experience":1040705,"relics_obtained":[{"floor":7,"key":"Blue Candle"},{"floor":9,"key":"Question Card"}],"event_choices":[{"damage_healed":0,"gold_gain":275,"player_choice":"Desecrate","damage_taken":0,"max_hp_gain":0,"max_hp_loss":0,"event_name":"Golden Shrine","floor":3,"gold_loss":0,"cards_obtained":["Regret"]},{"cards_removed":["Strike_B"],"damage_healed":0,"gold_gain":0,"player_choice":"Card Removal","damage_taken":7,"max_hp_gain":0,"max_hp_loss":0,"event_name":"Golden Wing","floor":12,"gold_loss":0}],"is_beta":false,"boss_relics":[{"not_picked":["Runic Pyramid","Black Star"],"picked":"Inserter"}],"items_purged_floors":[5],"is_endless":false,"potions_floor_spawned":[7,14,16],"killed_by":"3 Byrds","ascension_level":19}}