{"host":"duxoyu97j36znyap","time":1610085161,"event":{"mods":["AlwaysNeverKeys","BaseMod","Bestiary","BetterRewards","Colored Map","DeckTracker","Filter the Spire","Googly Eyes","Minty Spire (QoL Compilation)","Permanent Neow","Rare Cards Sparkle","Relic Stats","StSLib"],"gold_per_floor":[117,130,154,168,63,63,88,103,103,103,115,4,34,51,51,51,51],"floor_reached":16,"playtime":493,"items_purged":["Strike_R"],"score":196,"play_id":"1ba3f84d-6674-439d-b9d5-b56f75c30e42","local_time":"20210108005241","is_ascension_mode":true,"campfire_choices":[{"data":"Hemokinesis","floor":6,"key":"SMITH"},{"floor":10,"key":"REST"},{"floor":15,"key":"REST"}],"circlet_count":0,"master_deck":["AscendersBane","Strike_R","Strike_R","Strike_R","Strike_R","Defend_R","Defend_R","Defend_R","Defend_R","Bash","Inflame","Heavy Blade","Sword Boomerang","Dual Wield","Hemokinesis+1","Pommel Strike","Flame Barrier","Rupture","Inflame"],"relics":["Black Star","Boot","StrikeDummy","HornCleat","Toy Ornithopter","Smiling Mask","Nunchaku"],"acts_visited":["Exordium"],"potions_floor_usage":[13],"damage_taken":[{"damage":1,"enemies":"Cultist","floor":1,"turns":3},{"damage":14,"enemies":"Jaw Worm","floor":2,"turns":5},{"damage":4,"enemies":"2 Louse","floor":4,"turns":3},{"damage":34,"enemies":"Lagavulin","floor":7,"turns":6},{"damage":8,"enemies":"Looter","floor":8,"turns":2},{"damage":0,"enemies":"2 Fungi Beasts","floor":11,"turns":4},{"damage":10,"enemies":"3 Sentries","floor":13,"turns":6},{"damage":15,"enemies":"Large Slime","floor":14,"turns":4},{"damage":31,"enemies":"The Guardian","floor":16,"turns":7}],"seed_played":"-801309269709700552","potions_obtained":[{"floor":4,"key":"ColorlessPotion"},{"floor":14,"key":"DistilledChaos"}],"is_trial":false,"path_per_floor":["M","M","T","M","$","R","E","M","T","R","M","$","E","M","R","B"],"character_chosen":"IRONCLAD","items_purchased":["Dual Wield","Hemokinesis","Rupture"],"campfire_rested":2,"item_purchase_floors":[5,5,12],"current_hp_per_floor":[67,53,53,49,49,49,15,7,7,29,29,29,24,9,31,0,0],"gold":51,"neow_bonus":"BOSS_RELIC","is_daily":false,"chose_seed":false,"campfire_upgraded":1,"win_rate":0.0,"timestamp":1610085161,"path_taken":["M","?","?","M","?","R","E","?","T","R","M","$","E","M","R","BOSS"],"items_purchased_type":["Card","Card","Card"],"build_version":"2020-12-22","purchased_purges":1,"victory":false,"max_hp_per_floor":[75,75,75,75,75,75,75,75,75,75,75,75,75,75,75,75,75],"relic_stats":{"Nunchaku":[1],"counters":[9,40],"Black Star":2,"Boot":[10],"Smiling Mask":0,"obtain_stats":[{"Nunchaku":13,"HornCleat":7,"Black Star":0,"Boot":3,"StrikeDummy":7,"Smiling Mask":13,"Burning Blood":0,"Toy Ornithopter":9},{"Nunchaku":7,"HornCleat":4,"Black Star":0,"Boot":2,"StrikeDummy":4,"Smiling Mask":7,"Burning Blood":0,"Toy Ornithopter":5},{"Nunchaku":29,"HornCleat":17,"Black Star":0,"Boot":8,"StrikeDummy":17,"Smiling Mask":29,"Burning Blood":0,"Toy Ornithopter":19}],"Toy Ornithopter":5},"card_choices":[{"not_picked":["Shrug It Off","Ghostly Armor"],"picked":"Inflame","floor":1},{"not_picked":["Body Slam","Anger"],"picked":"Heavy Blade","floor":2},{"not_picked":["Sentinel","Pommel Strike"],"picked":"Sword Boomerang","floor":4},{"not_picked":["Evolve","Pommel Strike","Heavy Blade"],"picked":"SKIP","floor":7},{"not_picked":["Evolve","Heavy Blade"],"picked":"Pommel Strike","floor":7},{"not_picked":["Blood for Blood","Perfected Strike","Flex"],"picked":"SKIP","floor":8},{"not_picked":["Anger","Feel No Pain"],"picked":"Flame Barrier","floor":11},{"not_picked":["Clothesline","Anger"],"picked":"Inflame","floor":13},{"not_picked":["Intimidate","Searing Blow","Iron Wave"],"picked":"SKIP","floor":14}],"player_experience":554496,"relics_obtained":[{"floor":3,"key":"Boot"},{"floor":7,"key":"StrikeDummy"},{"floor":7,"key":"HornCleat"},{"floor":9,"key":"Toy Ornithopter"},{"floor":13,"key":"Smiling Mask"},{"floor":13,"key":"Nunchaku"}],"event_choices":[],"is_beta":false,"boss_relics":[],"items_purged_floors":[12],"is_endless":false,"potions_floor_spawned":[4,14],"killed_by":"The Guardian","ascension_level":15}}