{"host":"2lo6hma6kymb0g9i","time":1610114485,"event":{"mods":["BaseMod","Colored Map","DeckTracker","Minty Spire (QoL Compilation)"],"gold_per_floor":[119,119,129,146,146,146,180,180,180,130,143,143,171,183,183,282,332,346,357,272,272,197,197,122,122,171,190,190,190,190,190],"floor_reached":30,"playtime":1376,"items_purged":["Strike_B"],"score":319,"play_id":"7d6c9e5c-d014-4441-89b5-50cf217349d3","local_time":"20210108230125","is_ascension_mode":true,"campfire_choices":[{"data":"Redo","floor":6.0,"key":"SMITH"},{"data":"Chaos","floor":12.0,"key":"SMITH"},{"data":"Darkness","floor":15.0,"key":"SMITH"},{"data":"Streamline","floor":23.0,"key":"SMITH"},{"data":"Chill","floor":25,"key":"SMITH"},{"data":"Capacitor","floor":28,"key":"SMITH"}],"circlet_count":0,"master_deck":["Strike_B+1","Defend_B","Defend_B","Defend_B","Defend_B","Zap","Dualcast+1","Chaos+1","Chill+1","Redo+1","Darkness+1","Capacitor+1","Machine Learning","Streamline+1","Barrage","Consume+1","Defragment"],"relics":["Cracked Core","Pantograph","MealTicket","Kunai","Odd Mushroom","Tiny House","Pear","Nilry\u0027s Codex","Centennial Puzzle"],"acts_visited":["Exordium","TheCity"],"potions_floor_usage":[27,30,30,30],"damage_taken":[{"damage":2.0,"enemies":"Small Slimes","floor":1.0,"turns":4.0},{"damage":0.0,"enemies":"Cultist","floor":3.0,"turns":3.0},{"damage":3.0,"enemies":"2 Louse","floor":4.0,"turns":2.0},{"damage":22.0,"enemies":"Gremlin Nob","floor":7.0,"turns":4.0},{"damage":3.0,"enemies":"Blue Slaver","floor":11.0,"turns":3.0},{"damage":22.0,"enemies":"The Mushroom Lair","floor":13.0,"turns":4.0},{"damage":0.0,"enemies":"Large Slime","floor":14.0,"turns":6.0},{"damage":28.0,"enemies":"Hexaghost","floor":16.0,"turns":8.0},{"damage":7.0,"enemies":"Chosen","floor":18.0,"turns":3.0},{"damage":16.0,"enemies":"Spheric Guardian","floor":19.0,"turns":4.0},{"damage":34,"enemies":"Snake Plant","floor":27,"turns":5},{"damage":5,"enemies":"Colosseum Slavers","floor":30,"turns":4},{"damage":23,"enemies":"Colosseum Nobs","floor":30,"turns":3}],"seed_played":"7366830193269758899","potions_obtained":[{"floor":2.0,"key":"FearPotion"},{"floor":2.0,"key":"BlessingOfTheForge"},{"floor":2.0,"key":"Ancient Potion"},{"floor":14.0,"key":"DuplicationPotion"},{"floor":16.0,"key":"Fruit Juice"},{"floor":17.0,"key":"DistilledChaos"},{"floor":18.0,"key":"ColorlessPotion"},{"floor":27,"key":"SteroidPotion"}],"is_trial":false,"path_per_floor":["M","?","M","M","?","R","E","T","T","?","M","R","?","M","R","B",null,"M","M","?","?","?","R","$","R","T","M","R","?","?"],"character_chosen":"DEFECT","items_purchased":[],"campfire_rested":0,"item_purchase_floors":[],"current_hp_per_floor":[66,66,66,63,63,63,41,41,41,41,38,38,16,16,16,13,70,63,47,57,41,41,41,56,56,56,22,22,22,0,0],"gold":190,"neow_bonus":"UPGRADE_CARD","is_daily":false,"chose_seed":false,"campfire_upgraded":6,"win_rate":0.0,"timestamp":1610114485,"path_taken":["M","?","M","?","?","R","E","?","T","?","M","R","?","M","R","BOSS","M","M","?","?","?","R","$","R","T","?","R","?","?"],"items_purchased_type":[],"build_version":"2020-12-22","purchased_purges":1,"victory":false,"max_hp_per_floor":[75,75,75,75,75,75,75,75,75,75,75,75,75,75,75,75,85,85,85,95,95,95,95,95,95,95,95,95,95,95,95],"card_choices":[{"not_picked":["Beam Cell","Sweeping Beam"],"picked":"Chaos","floor":1.0},{"not_picked":["Steam","Ball Lightning"],"picked":"Chill","floor":3.0},{"not_picked":["Sunder","Go for the Eyes"],"picked":"Redo","floor":4.0},{"not_picked":["Rebound","Biased Cognition"],"picked":"Darkness","floor":7.0},{"not_picked":["Go for the Eyes","Barrage"],"picked":"Capacitor","floor":11.0},{"not_picked":["Gash","Stack","Static Discharge"],"picked":"SKIP","floor":14.0},{"not_picked":["Electrodynamics","Amplify"],"picked":"Machine Learning","floor":16.0},{"not_picked":["Cold Snap","Barrage"],"picked":"Streamline","floor":17.0},{"not_picked":["Cold Snap","Rebound","Beam Cell"],"picked":"SKIP","floor":18.0},{"not_picked":["Gash","Streamline"],"picked":"Barrage","floor":19.0},{"not_picked":["Sweeping Beam","Skim"],"picked":"Consume+1","floor":27}],"player_experience":969956,"relics_obtained":[{"floor":7.0,"key":"Pantograph"},{"floor":8.0,"key":"MealTicket"},{"floor":9.0,"key":"Kunai"},{"floor":13.0,"key":"Odd Mushroom"},{"floor":21.0,"key":"Nilry\u0027s Codex"},{"floor":26,"key":"Centennial Puzzle"}],"event_choices":[{"damage_healed":0.0,"max_hp_gain":0.0,"max_hp_loss":0.0,"gold_gain":0.0,"event_name":"Lab","player_choice":"Got Potions","floor":2.0,"gold_loss":0.0,"damage_taken":0.0},{"damage_healed":0.0,"max_hp_gain":0.0,"max_hp_loss":0.0,"gold_gain":0.0,"event_name":"Liars Game","player_choice":"Ignored","floor":5.0,"gold_loss":0.0,"damage_taken":0.0},{"cards_removed":["Strike_B"],"damage_healed":0.0,"max_hp_gain":0.0,"max_hp_loss":0.0,"gold_gain":0.0,"event_name":"The Cleric","player_choice":"Card Removal","floor":10.0,"gold_loss":50.0,"damage_taken":0.0},{"damage_healed":0.0,"max_hp_gain":0.0,"max_hp_loss":0.0,"gold_gain":0.0,"event_name":"Mushrooms","player_choice":"Fought Mushrooms","floor":13.0,"gold_loss":0.0,"damage_taken":0.0},{"damage_healed":0.0,"max_hp_gain":0.0,"max_hp_loss":0.0,"gold_gain":0.0,"event_name":"Addict","player_choice":"Obtained Relic","floor":20.0,"gold_loss":85.0,"damage_taken":0.0,"relics_obtained":["Pear"]},{"damage_healed":0.0,"max_hp_gain":0.0,"max_hp_loss":0.0,"gold_gain":0.0,"event_name":"Cursed Tome","player_choice":"Obtained Book","floor":21.0,"gold_loss":0.0,"damage_taken":16.0},{"cards_removed":["Strike_B"],"damage_healed":0.0,"max_hp_gain":0.0,"max_hp_loss":0.0,"gold_gain":0.0,"event_name":"Beggar","player_choice":"Gave Gold","floor":22.0,"gold_loss":75.0,"damage_taken":0.0},{"damage_healed":0,"gold_gain":0,"player_choice":"Read","damage_taken":0,"max_hp_gain":0,"max_hp_loss":0,"event_name":"The Library","floor":29,"gold_loss":0,"cards_obtained":["Defragment"]},{"damage_healed":0,"gold_gain":0,"player_choice":"Fight","damage_taken":0,"max_hp_gain":0,"max_hp_loss":0,"event_name":"Colosseum","floor":30,"gold_loss":0},{"damage_healed":0,"gold_gain":0,"player_choice":"Fought Nobs","damage_taken":0,"max_hp_gain":0,"max_hp_loss":0,"event_name":"Colosseum","floor":30,"gold_loss":0}],"is_beta":false,"boss_relics":[{"not_picked":["Calling Bell","Busted Crown"],"picked":"Tiny House"}],"items_purged_floors":[24],"is_endless":false,"potions_floor_spawned":[3,14,16,18,19,27],"killed_by":"Colosseum Nobs","ascension_level":6}}