{"host":"ixqzyafodex1tsi5","time":1610098162,"event":{"mods":["ATMod(°¢èªMod)","AchievementEnabler","Act Like it!","BaseMod","Gensokyo","GifTheSpireLib","Lobotomy","LobotomyExtend","Luminous","Minty Spire (QoL Compilation)","Relic Stats","Replay The Spire","RumiaBox-Â¶Ã×æ«µÄÉñÃØºÐ×Ó","Shop Mod","Spicy Shops","StSLib","The Cursed","[IsaacMod]ÒÔÈö¼âËþ","¡¾¹¦ÄÜMod¡¿»ìãçÖ®»·ÐÞ¸´²¹¶¡","¡¾ÒÅÎï¿¨ÅÆ¡¿REMEMod"],"gold_per_floor":[112,112,30,109,109,440,440,440,471,139,139,139,416,416],"floor_reached":13,"playtime":390,"items_purged":[],"score":104,"play_id":"91078604-74c2-4a57-919e-a83e9e42805f","local_time":"20210108172922","is_ascension_mode":true,"campfire_choices":[{"floor":12,"key":"RECALL"}],"circlet_count":0,"master_deck":["Strike_R","Strike_R","Strike_R","Strike_R","Strike_R","Defend_R","Defend_R","Defend_R","Defend_R","Bash","AT_EmpoweredMortalDraw","Amnesia","ReplayTheSpireMod:Limb From Limb","Pommel Strike","REME_FirmDetermination"],"relics":["Burning Blood","REME_ComplimentaryCards","HushsDoor","AT_ATBox","Leech","CogitoBucket","RabbitCall","LetterFromLob","ReplayTheSpireMod:Ring of Challenge","Ring of Hypnosis","Strawberry","Old Coin","PokeGo","SalivaCoin","GodSword1","Smiling Mask"],"acts_visited":["Gensokyo:Gensokyo"],"potions_floor_usage":[9],"damage_taken":[{"damage":0.0,"enemies":"Gensokyo:2_Kodama","floor":1.0,"turns":1.0},{"damage":34.0,"enemies":"Gensokyo:Cirno","floor":6.0,"turns":6.0},{"damage":15,"enemies":"Gensokyo:Mamizou","floor":9,"turns":5},{"damage":31,"enemies":"Gensokyo:Cirno","floor":13,"turns":5}],"seed_played":"-3789468638183986576","potions_obtained":[{"floor":6.0,"key":"AttackPotion"}],"is_trial":false,"path_per_floor":["M","?","COS","?","?","E","PTL","PTL","E","$","T","R","E"],"character_chosen":"IRONCLAD","items_purchased":["SalivaCoin","REME_FirmDetermination"],"campfire_rested":0,"item_purchase_floors":[10,10],"current_hp_per_floor":[80,80,80,65,62,36,36,36,31,31,31,31,0,0],"gold":416,"neow_bonus":"","is_daily":false,"chose_seed":false,"campfire_upgraded":0,"win_rate":0.0,"timestamp":1610098162,"path_taken":["M","?","COS","?","?","E","PTL","PTL","E","$","T","R","E"],"items_purchased_type":["Relic","Card"],"build_version":"2020-12-22","purchased_purges":0,"victory":false,"max_hp_per_floor":[80,80,80,80,87,87,87,87,87,87,87,87,87,87],"relic_stats":{"counters":[4,17],"Smiling Mask":0,"obtain_stats":[{"KeepersGift":0,"RabbitCall":0,"AT_ATBox":0,"Ring of Hypnosis":2,"Smiling Mask":13,"Burning Blood":0,"Leech":0,"Old Coin":6,"CogitoBucket":0,"PokeGo":9,"Strawberry":5,"LetterFromLob":1,"SalivaCoin":10,"ReplayTheSpireMod:Ring of Challenge":2,"HushsDoor":0,"REME_ComplimentaryCards":0,"GodSword1":11},{"KeepersGift":0,"RabbitCall":0,"AT_ATBox":0,"Ring of Hypnosis":1,"Smiling Mask":4,"Burning Blood":0,"Leech":0,"Old Coin":2,"CogitoBucket":0,"PokeGo":3,"Strawberry":1,"LetterFromLob":1,"SalivaCoin":3,"ReplayTheSpireMod:Ring of Challenge":1,"HushsDoor":0,"REME_ComplimentaryCards":0,"GodSword1":3},{"KeepersGift":0,"RabbitCall":0,"AT_ATBox":0,"Ring of Hypnosis":1,"Smiling Mask":15,"Burning Blood":0,"Leech":0,"Old Coin":7,"CogitoBucket":0,"PokeGo":12,"Strawberry":1,"LetterFromLob":1,"SalivaCoin":12,"ReplayTheSpireMod:Ring of Challenge":1,"HushsDoor":0,"REME_ComplimentaryCards":0,"GodSword1":12}],"Burning Blood":12},"card_choices":[{"not_picked":["CrumblingArmor","Bloodbath","PunishingBird"],"picked":"Singing Bowl","floor":1.0},{"not_picked":["Headbutt","True Grit","Brutality"],"picked":"SKIP","floor":1.0},{"not_picked":["VoidDream","LaLuna","Wellcheers"],"picked":"Singing Bowl","floor":6.0},{"not_picked":["Run Through","Hemokinesis"],"picked":"ReplayTheSpireMod:Limb From Limb","floor":6.0},{"not_picked":["Bloodbath","Alriune","MeatLantern"],"picked":"Singing Bowl","floor":9},{"not_picked":["Shrug It Off","Bloodletting"],"picked":"Pommel Strike","floor":9}],"player_experience":242122,"relics_obtained":[{"floor":1.0,"key":"LetterFromLob"},{"floor":2.0,"key":"ReplayTheSpireMod:Ring of Challenge"},{"floor":2.0,"key":"Ring of Hypnosis"},{"floor":6.0,"key":"Old Coin"},{"floor":9,"key":"PokeGo"},{"floor":11,"key":"GodSword1"}],"event_choices":[],"is_beta":false,"boss_relics":[],"items_purged_floors":[],"is_endless":false,"potions_floor_spawned":[6],"killed_by":"Gensokyo:Cirno","ascension_level":5}}