{"host":"f49a0fglrdtttfz6","time":1610072562,"event":{"mods":["BaseMod","Downfall","Minty Spire (QoL Compilation)","StSLib"],"gold_per_floor":[99,116,174,186,3,3,3,18,28,43,43,71,71,90,102,102,102,102],"floor_reached":16,"playtime":1083,"items_purged":[],"score":104,"play_id":"07218012-eb97-421a-959a-ee77fe123d59","local_time":"20210107202242","is_ascension_mode":false,"campfire_choices":[{"floor":1,"key":"RECALL"},{"floor":11,"key":"REST"}],"circlet_count":0,"master_deck":["Slimebound:Strike_Slimebound","Slimebound:Strike_Slimebound","Slimebound:Strike_Slimebound","Slimebound:Tackle","Slimebound:Defend_Slimebound","Slimebound:Defend_Slimebound","Slimebound:Defend_Slimebound","Slimebound:Defend_Slimebound","Slimebound:Split","Slimebound:CorrosiveSpit","Slimebound:SplitAcid","Slimebound:SlimeSpikes+1","Slimebound:LeechEnergy","Slimebound:LevelUp","Slimebound:HauntingLick","Dramatic Entrance","Slimebound:PressTheAttack","Slimebound:LivingWall+1","Slimebound:ItLooksTasty+1","Slimebound:RollThrough","Slimebound:SlimeSpikes","Slimebound:LeadByExample"],"relics":["Slimebound:AbsorbEndCombat","PreservedInsect","Omamori"],"acts_visited":["Exordium"],"potions_floor_usage":[3,12,16],"damage_taken":[{"damage":14,"enemies":"Jaw Worm","floor":2,"turns":4},{"damage":52,"enemies":"Lagavulin Event","floor":3,"turns":8},{"damage":11,"enemies":"2 Louse","floor":4,"turns":2},{"damage":12,"enemies":"downfall:FleeingMerchant","floor":5,"turns":4},{"damage":11,"enemies":"Cultist","floor":8,"turns":3},{"damage":5,"enemies":"3 Louse","floor":9,"turns":2},{"damage":18,"enemies":"2 Fungi Beasts","floor":10,"turns":2},{"damage":11,"enemies":"Lagavulin","floor":12,"turns":3},{"damage":11,"enemies":"Red Slaver","floor":14,"turns":4},{"damage":4,"enemies":"Exordium Wildlife","floor":15,"turns":3},{"damage":43,"enemies":"downfall:Defect","floor":16,"turns":4}],"seed_played":"-2620295516580578485","potions_obtained":[{"floor":2,"key":"GamblersBrew"},{"floor":4,"key":"champ:CounterPotion"},{"floor":10,"key":"sneckomod:MuddlingPotion"},{"floor":14,"key":"Explosive Potion"},{"floor":15,"key":"SkillPotion"}],"is_trial":false,"path_per_floor":["R","M","?","M","$","?","T","M","M","M","R","E","?","M","M","B"],"character_chosen":"SLIMEBOUND","items_purchased":["Slimebound:HauntingLick","Dramatic Entrance"],"campfire_rested":1,"item_purchase_floors":[5,5],"current_hp_per_floor":[66,60,24,19,19,19,19,20,19,9,28,25,25,24,26,0,0,0],"gold":102,"neow_bonus":"TEN_PERCENT_HP_BONUS","is_daily":false,"chose_seed":false,"campfire_upgraded":0,"win_rate":0.0,"timestamp":1610072562,"path_taken":["R","M","?","M","$","?","T","M","M","?","R","E","?","M","M","BOSS"],"items_purchased_type":["Card","Card"],"build_version":"2020-12-22","purchased_purges":0,"victory":false,"max_hp_per_floor":[66,66,66,66,66,66,66,66,66,66,66,66,66,66,66,66,66,66],"card_choices":[{"not_picked":["Slimebound:ForwardTackle","Slimebound:FinishingTackle"],"picked":"Slimebound:SplitAcid","floor":2},{"not_picked":["Slimebound:SamplingLick","Slimebound:HauntingLick"],"picked":"Slimebound:SlimeSpikes","floor":3},{"not_picked":["Slimebound:RejuvenatingLick","Slimebound:MegaLick"],"picked":"Slimebound:LeechEnergy","floor":4},{"not_picked":["Slimebound:Equalize","Slimebound:SplitLeeching"],"picked":"Slimebound:LevelUp","floor":5},{"not_picked":["Slimebound:GoopSpray","Slimebound:LeechEnergy"],"picked":"Slimebound:PressTheAttack","floor":8},{"not_picked":["Slimebound:Replication","Slimebound:SlimeSpikes"],"picked":"Slimebound:LivingWall","floor":9},{"not_picked":["Slimebound:Teamwork","Slimebound:Dissolve"],"picked":"Slimebound:ItLooksTasty","floor":10},{"not_picked":["Slimebound:LeechEnergy","Slimebound:SlimeSlap"],"picked":"Slimebound:RollThrough","floor":12},{"not_picked":["Slimebound:Schlurp","Slimebound:ViciousTackle"],"picked":"Slimebound:SlimeSpikes","floor":14},{"not_picked":["Slimebound:LeechingTouch","Slimebound:Gluttony"],"picked":"Slimebound:LeadByExample","floor":15}],"player_experience":52158,"relics_obtained":[{"floor":3,"key":"PreservedInsect"},{"floor":12,"key":"Omamori"}],"event_choices":[],"is_beta":false,"boss_relics":[],"items_purged_floors":[],"is_endless":false,"potions_floor_spawned":[2,4,10,14,15],"killed_by":"downfall:Defect","ascension_level":0}}