{"host":"mvy2rmdvyttjfm6x","time":1610143691,"event":{"mods":["AchievementEnabler","BaseMod","Keyboard Shortcuts","Minty Spire (QoL Compilation)","Quick Restart","StSLib","SuperFastMode"],"gold_per_floor":[17,17,35,48,66,66,66,66,66,77,104,120,153,153,153,250,250,268,367,387,404,404,404],"floor_reached":22,"playtime":740,"items_purged":[],"score":228,"play_id":"ab331963-dada-4e5d-aa69-c3699ce120c4","local_time":"20210109070811","is_ascension_mode":true,"campfire_choices":[{"data":"Corruption","floor":6.0,"key":"SMITH"},{"data":"Pommel Strike","floor":8.0,"key":"SMITH"},{"data":"Searing Blow","floor":15.0,"key":"SMITH"}],"circlet_count":0,"master_deck":["Strike_R","Strike_R+1","Strike_R","Strike_R","Defend_R","Defend_R","Defend_R","Defend_R","Bash+1","Corruption+1","Pommel Strike+1","Shockwave","Shrug It Off","Metallicize","Pommel Strike","Searing Blow+1","Barricade"],"relics":["Burning Blood","Bronze Scales","Singing Bowl","Whetstone","Runic Pyramid"],"acts_visited":["Exordium","TheCity"],"potions_floor_usage":[],"damage_taken":[{"damage":15.0,"enemies":"Cultist","floor":1.0,"turns":5.0},{"damage":10.0,"enemies":"2 Louse","floor":3.0,"turns":2.0},{"damage":14.0,"enemies":"Small Slimes","floor":4.0,"turns":4.0},{"damage":7.0,"enemies":"2 Fungi Beasts","floor":5.0,"turns":4.0},{"damage":0.0,"enemies":"Large Slime","floor":10.0,"turns":5.0},{"damage":5.0,"enemies":"Gremlin Nob","floor":11.0,"turns":4.0},{"damage":3.0,"enemies":"Looter","floor":12.0,"turns":3.0},{"damage":29.0,"enemies":"3 Sentries","floor":13.0,"turns":8.0},{"damage":40,"enemies":"The Guardian","floor":16,"turns":13},{"damage":0,"enemies":"Chosen","floor":18,"turns":6},{"damage":12,"enemies":"Shell Parasite","floor":20,"turns":7},{"damage":53,"enemies":"3 Cultists","floor":21,"turns":7},{"damage":7,"enemies":"Centurion and Healer","floor":22,"turns":3}],"seed_played":"-8319606288160337989","potions_obtained":[{"floor":1.0,"key":"PowerPotion"},{"floor":3.0,"key":"Explosive Potion"},{"floor":10.0,"key":"BlessingOfTheForge"},{"floor":16,"key":"EntropicBrew"}],"is_trial":false,"path_per_floor":["M","?","M","M","M","R","$","R","T","M","E","M","E","?","R","B",null,"M","?","M","M","M"],"character_chosen":"IRONCLAD","items_purchased":[],"campfire_rested":0,"item_purchase_floors":[],"current_hp_per_floor":[71,71,67,59,58,58,58,58,58,64,67,70,47,47,47,13,82,84,84,80,35,28,28],"gold":404,"neow_bonus":"THREE_RARE_CARDS","is_daily":false,"chose_seed":false,"campfire_upgraded":3,"win_rate":0.0,"timestamp":1610143691,"path_taken":["M","?","M","M","?","R","?","R","T","M","E","M","E","?","R","BOSS","M","?","M","M","M"],"items_purchased_type":[],"build_version":"2020-12-22","purchased_purges":0,"victory":false,"max_hp_per_floor":[80,80,80,80,80,80,80,80,80,80,82,82,82,82,82,82,82,84,84,86,88,88,88],"card_choices":[{"not_picked":["Brutality","Exhume"],"picked":"Corruption","floor":0.0},{"not_picked":["Pummel","Flame Barrier"],"picked":"Pommel Strike","floor":1.0},{"not_picked":["Warcry","Blood for Blood","Sever Soul"],"picked":"SKIP","floor":3.0},{"not_picked":["Iron Wave","True Grit"],"picked":"Shockwave","floor":4.0},{"not_picked":["Headbutt","Combust"],"picked":"Shrug It Off","floor":5.0},{"not_picked":["Burning Pact","Shrug It Off"],"picked":"Metallicize","floor":10.0},{"not_picked":["Shrug It Off","Anger","Headbutt"],"picked":"Singing Bowl","floor":11.0},{"not_picked":["Double Tap","Dual Wield"],"picked":"Pommel Strike","floor":12.0},{"not_picked":["Headbutt","Blood for Blood"],"picked":"Searing Blow","floor":13.0},{"not_picked":["Juggernaut","Immolate"],"picked":"Barricade","floor":16},{"not_picked":["Warcry","Cleave","Shockwave+1"],"picked":"Singing Bowl","floor":18},{"not_picked":["Wild Strike","Sword Boomerang+1","Clash"],"picked":"Singing Bowl","floor":20},{"not_picked":["Anger","Battle Trance","Heavy Blade"],"picked":"Singing Bowl","floor":21}],"player_experience":98500,"relics_obtained":[{"floor":9.0,"key":"Bronze Scales"},{"floor":11.0,"key":"Singing Bowl"},{"floor":13.0,"key":"Whetstone"}],"event_choices":[{"cards_removed":["Strike_R"],"damage_healed":0.0,"max_hp_gain":0.0,"max_hp_loss":0.0,"gold_gain":0.0,"event_name":"Purifier","player_choice":"Purged","floor":2.0,"gold_loss":0.0,"damage_taken":0.0},{"damage_healed":0.0,"max_hp_gain":0.0,"max_hp_loss":0.0,"gold_gain":0.0,"event_name":"Liars Game","player_choice":"Ignored","floor":14.0,"gold_loss":0.0,"damage_taken":0.0},{"damage_healed":0,"gold_gain":99,"player_choice":"Stole From Cult","damage_taken":0,"max_hp_gain":0,"max_hp_loss":0,"event_name":"Nest","floor":19,"gold_loss":0}],"is_beta":false,"boss_relics":[{"not_picked":["Cursed Key","Calling Bell"],"picked":"Runic Pyramid"}],"items_purged_floors":[],"is_endless":false,"potions_floor_spawned":[1,3,10,16],"killed_by":"Centurion and Healer","ascension_level":3}}