{"host":"ko4b5atusvmax52d","time":1610142899,"event":{"mods":["AchievementEnabler","Act Like it!","BaseMod","Better Third Choice","BetterRewards","Friendly Minions","Hermit","Hubris","Marisa????????","Minty Spire (QoL Compilation)","Permanent Neow","Prisma Mod","Quick Restart","Rare Cards Sparkle","Shade Mod","Spicy Shops","Spikes Relics","StSLib","SuperFastMode","The Animator","The Bug Knight","The Runesmith","vexMod"],"gold_per_floor":[112,127,127,142,142,154,187,206,206,206,221,243,17,52,52,155,155,170,85,85,100,100,129,147,179,232,232,248,267,267,287,287,388,388,402,402,416,416,466,497,497,524,550,570,582,69,79,96,96,96,96,96,44,69,69],"floor_reached":56,"playtime":2225,"items_purged":["Runesmith:Strike_RS"],"score":1361,"play_id":"c2a13e28-721a-4b4a-8195-bc9aff0942be","local_time":"20210108225459","is_ascension_mode":false,"campfire_choices":[{"data":"Runesmith:HammerThrow","floor":10,"key":"SMITH"},{"data":"Runesmith:HeatedChisel","floor":15,"key":"SMITH"},{"floor":27,"key":"REST"},{"floor":32,"key":"REST"},{"floor":41,"key":"RECALL"},{"data":"Runesmith:Duplicate","floor":49,"key":"SMITH"},{"data":"Runesmith:Defend_RS","floor":52,"key":"SMITH"}],"circlet_count":0,"master_deck":["Runesmith:Strike_RS","Runesmith:Strike_RS","Runesmith:Strike_RS","Runesmith:Defend_RS","Runesmith:Defend_RS","Runesmith:Defend_RS+1","Runesmith:CraftFirestone+1","Runesmith:Fortify+1","Runesmith:Duplicate+1","Runesmith:ChiselStab+1","Runesmith:HammerThrow+1","Runesmith:ChiselStab+1","Runesmith:HammerThrow+1","Runesmith:HeatedChisel+1","Runesmith:Grindstone+1","Runesmith:GrandSlam+1","Runesmith:GrandSlam+1","Runesmith:CraftIncendium+1","Runesmith:Attraction+1","Runesmith:RunicBlueprint+1","Runesmith:Reinforce+1","Master of Strategy+1"],"relics":["Runesmith:BrokenRuby","FaceOfCleric","Toxic Egg 2","Dead Branch","Odd Mushroom","PreservedInsect","hubris:CrystalStatue","vexMod:ImprovementManual","Darkstone Periapt","Runesmith:MiniCore","Bag of Preparation","hubris:ScarierMask","hubris:GlazedTorus","BicycleWheel","BrokenLever","SpikesRelics:DaevaFist","SpikesRelics:ToyHorsey","hubris:Metronome"],"acts_visited":["Exordium","TheCity","TheBeyond","TheEnding"],"potions_floor_usage":[7,21,39,50,55,55],"damage_taken":[{"damage":3,"enemies":"Small Slimes","floor":1,"turns":4},{"damage":0,"enemies":"Cultist","floor":2,"turns":3},{"damage":0,"enemies":"2 Louse","floor":4,"turns":2},{"damage":0,"enemies":"Looter","floor":6,"turns":3},{"damage":3,"enemies":"Gremlin Nob","floor":7,"turns":4},{"damage":1,"enemies":"2 Fungi Beasts","floor":8,"turns":4},{"damage":8,"enemies":"Red Slaver","floor":11,"turns":2},{"damage":22,"enemies":"The Mushroom Lair","floor":12,"turns":5},{"damage":20,"enemies":"HollowMod:MossKnight","floor":14,"turns":6},{"damage":0,"enemies":"Slime Boss","floor":16,"turns":8},{"damage":0,"enemies":"Spheric Guardian","floor":18,"turns":3},{"damage":0,"enemies":"3 Byrds","floor":21,"turns":4},{"damage":27,"enemies":"Book of Stabbing","floor":23,"turns":5},{"damage":12,"enemies":"Cultist and Chosen","floor":24,"turns":5},{"damage":15,"enemies":"HollowMod:Nosk","floor":25,"turns":6},{"damage":9,"enemies":"Centurion and Healer","floor":28,"turns":4},{"damage":35,"enemies":"Shelled Parasite and Fungi","floor":29,"turns":5},{"damage":7,"enemies":"Snecko","floor":31,"turns":5},{"damage":30,"enemies":"hubris:MusketHawk","floor":33,"turns":6},{"damage":19,"enemies":"3 Darklings","floor":35,"turns":4},{"damage":16,"enemies":"3 Shapes","floor":37,"turns":3},{"damage":1,"enemies":"2 Orb Walkers","floor":39,"turns":4},{"damage":6,"enemies":"HollowMod:StalkingDevout","floor":40,"turns":4},{"damage":11,"enemies":"Giant Head","floor":42,"turns":6},{"damage":0,"enemies":"Jaw Worm Horde","floor":44,"turns":2},{"damage":0,"enemies":"Transient","floor":45,"turns":5},{"damage":0,"enemies":"Maw","floor":47,"turns":5},{"damage":5,"enemies":"4 Shapes","floor":48,"turns":3},{"damage":52,"enemies":"Time Eater","floor":50,"turns":6},{"damage":0,"enemies":"Shield and Spear","floor":54,"turns":3},{"damage":88,"enemies":"The Heart","floor":55,"turns":7}],"seed_played":"3471703983749011188","potions_obtained":[{"floor":6,"key":"DistilledChaos"},{"floor":8,"key":"FearPotion"},{"floor":14,"key":"Fire Potion"},{"floor":16,"key":"DuplicationPotion"},{"floor":18,"key":"Strength Potion"},{"floor":23,"key":"FairyPotion"},{"floor":37,"key":"SkillPotion"},{"floor":44,"key":"FairyPotion"},{"floor":47,"key":"DuplicationPotion"}],"is_trial":false,"path_per_floor":["M","M","?","M","?","M","E","M","T","R","M","?","$","E","R","B",null,"M","?","?","M","?","E","M","E","T","R","M","M","?","M","R","B",null,"M","?","M","?","?","E","R","E","T","M","M","$","M","M","R","B",null,"R","$","E","B",null],"character_chosen":"RUNESMITH_CLASS","items_purchased":["PreservedInsect","SpikesRelics:ToyHorsey","Master of Strategy+1","BlessingOfTheForge"],"campfire_rested":2,"item_purchase_floors":[13,46,46,53],"current_hp_per_floor":[67,67,67,68,68,69,67,67,67,67,60,39,39,20,20,21,78,79,79,79,80,80,54,43,29,29,53,45,11,11,5,30,26,87,69,69,54,54,54,49,49,39,39,40,41,41,42,38,38,14,93,93,93,94,7],"gold":69,"neow_bonus":"ONE_RANDOM_RARE_CARD","is_daily":false,"chose_seed":false,"campfire_upgraded":4,"win_rate":0.0,"timestamp":1610142899,"path_taken":["M","M","?","?","?","M","E","M","T","R","M","?","$","E","R","BOSS","M","?","?","?","?","E","?","E","T","R","M","M","?","M","R","BOSS","M","?","M","?","?","E","R","E","T","M","M","$","M","M","R","BOSS","R","$","E","BOSS"],"items_purchased_type":["Relic","Relic","Card","Potion"],"build_version":"2020-12-22","purchased_purges":1,"victory":true,"max_hp_per_floor":[70,70,70,71,71,72,73,74,74,74,75,76,76,77,77,78,78,79,79,79,80,80,81,82,83,83,83,84,85,85,86,86,87,87,88,88,89,85,86,87,87,88,88,89,90,90,91,92,92,93,93,93,93,94,95],"card_choices":[{"not_picked":["Runesmith:ShiftingStrike","Runesmith:StaticCage"],"picked":"Runesmith:ChiselStab","floor":1},{"not_picked":["Runesmith:LithiumIon","Runesmith:EarthShield"],"picked":"Runesmith:HammerThrow","floor":2},{"not_picked":["Runesmith:CraftProtectio","Runesmith:LithiumIon","Runesmith:CraftVitae"],"picked":"SKIP","floor":4},{"not_picked":["Runesmith:ShiftingStrike","Runesmith:HeatExchange"],"picked":"Runesmith:ChiselStab","floor":6},{"not_picked":["Runesmith:CreatorForm","Runesmith:HeatExchange"],"picked":"Runesmith:HammerThrow","floor":7},{"not_picked":["Runesmith:Permafrost","Runesmith:MakeshiftArmor+1"],"picked":"Runesmith:HeatedChisel","floor":8},{"not_picked":["Runesmith:Overpower","Runesmith:Malloc+1"],"picked":"Runesmith:Grindstone+1","floor":11},{"not_picked":["Runesmith:UnstableHammer","Runesmith:ChargedHammer","Runesmith:Overpower"],"picked":"SKIP","floor":14},{"not_picked":["Runesmith:Supernova+1","Runesmith:ReplicatingBarrier"],"picked":"Runesmith:GrandSlam","floor":16},{"not_picked":["Runesmith:HeatedChisel","Runesmith:RuneHurl+1","Runesmith:StaticCage+1"],"picked":"SKIP","floor":18},{"not_picked":["Runesmith:Permafrost","Runesmith:StaticCage+1","Runesmith:HeatedChisel"],"picked":"SKIP","floor":21},{"not_picked":["Runesmith:StaticCage+1","Runesmith:CraftProtectio+1","Runesmith:EarthShield+1"],"picked":"SKIP","floor":23},{"not_picked":["Runesmith:EnergizedChisel","Runesmith:Grindstone+1","Runesmith:StaticCage+1"],"picked":"SKIP","floor":24},{"not_picked":["Runesmith:HammerAndChisel+1","Runesmith:Grindstone+1"],"picked":"Runesmith:CraftIncendium+1","floor":25},{"not_picked":["Runesmith:HammerThrow","Runesmith:ChiselStab","Runesmith:LastStand+1"],"picked":"SKIP","floor":28},{"not_picked":["Runesmith:BackupBattery+1","Runesmith:HeatExchange","Runesmith:OneForEveryone"],"picked":"SKIP","floor":29},{"not_picked":["Runesmith:BackupBattery+1","Runesmith:CraftVitae+1","Runesmith:Firestorm"],"picked":"SKIP","floor":31},{"not_picked":["Runesmith:Refine+1","Runesmith:MakeshiftArmor+1","Runesmith:EnergizedChisel+1"],"picked":"SKIP","floor":35},{"not_picked":["Runesmith:HeatedChisel","Runesmith:BackupBattery+1"],"picked":"Runesmith:Attraction+1","floor":37},{"not_picked":["Runesmith:CraftReservo+1","Runesmith:CraftMagma+1"],"picked":"Runesmith:RunicBlueprint+1","floor":39},{"not_picked":["Runesmith:Prism+1","Runesmith:Discharge+1","Runesmith:ReplicatingBarrier"],"picked":"SKIP","floor":40},{"not_picked":["Runesmith:Retool+1","Runesmith:HammerThrow","Runesmith:BackupBattery+1"],"picked":"SKIP","floor":42},{"not_picked":["Runesmith:HeatExchange","Runesmith:LithiumIon"],"picked":"Runesmith:Reinforce+1","floor":44},{"not_picked":["Runesmith:HeatExchange","Runesmith:BackupBattery+1","Runesmith:CraftMagma+1"],"picked":"SKIP","floor":45},{"not_picked":["Runesmith:ChargedHammer+1","Runesmith:Grindstone+1","Runesmith:FrozenChisel"],"picked":"SKIP","floor":47},{"not_picked":["Runesmith:CraftIncendium+1","Runesmith:Overpower+1","Runesmith:OneForEveryone"],"picked":"SKIP","floor":48},{"not_picked":["Runesmith:MakeshiftArmor+1","Runesmith:ChargedHammer","Runesmith:ReplicatingBarrier"],"picked":"SKIP","floor":54}],"player_experience":269994,"relics_obtained":[{"floor":7,"key":"Toxic Egg 2"},{"floor":9,"key":"Dead Branch"},{"floor":12,"key":"Odd Mushroom"},{"floor":14,"key":"hubris:CrystalStatue"},{"floor":23,"key":"Runesmith:MiniCore"},{"floor":25,"key":"Bag of Preparation"},{"floor":39,"key":"hubris:GlazedTorus"},{"floor":40,"key":"BicycleWheel"},{"floor":42,"key":"BrokenLever"},{"floor":43,"key":"SpikesRelics:DaevaFist"},{"floor":54,"key":"hubris:Metronome"}],"event_choices":[{"damage_healed":0,"gold_gain":0,"player_choice":"Trade","damage_taken":0,"relics_obtained":["FaceOfCleric"],"max_hp_gain":0,"max_hp_loss":0,"event_name":"FaceTrader","floor":3,"gold_loss":0},{"damage_healed":0,"gold_gain":0,"player_choice":"Fought Mushrooms","damage_taken":0,"max_hp_gain":0,"max_hp_loss":0,"event_name":"Mushrooms","floor":12,"gold_loss":0},{"damage_healed":0,"gold_gain":0,"player_choice":"Obtained Relic","damage_taken":0,"relics_obtained":["Darkstone Periapt"],"max_hp_gain":0,"max_hp_loss":0,"event_name":"Addict","floor":19,"gold_loss":85},{"damage_healed":0,"gold_gain":0,"player_choice":"Copied","damage_taken":0,"max_hp_gain":0,"max_hp_loss":0,"event_name":"Duplicator","floor":20,"gold_loss":0,"cards_obtained":["Runesmith:GrandSlam"]},{"damage_healed":0,"gold_gain":0,"player_choice":"0 cards matched","damage_taken":0,"max_hp_gain":0,"max_hp_loss":0,"event_name":"Match and Keep!","floor":22,"gold_loss":0,"cards_obtained":[]},{"damage_healed":0,"gold_gain":0,"player_choice":"Ignored","damage_taken":0,"max_hp_gain":0,"max_hp_loss":0,"event_name":"Ghosts","floor":30,"gold_loss":0},{"cards_removed":["Runesmith:Defend_RS"],"damage_healed":0,"gold_gain":0,"player_choice":"Removed Skill","damage_taken":0,"max_hp_gain":0,"max_hp_loss":0,"event_name":"Falling","floor":36,"gold_loss":0},{"damage_healed":0,"gold_gain":0,"player_choice":"Max HP","damage_taken":0,"max_hp_gain":0,"max_hp_loss":4,"event_name":"Winding Halls","floor":38,"gold_loss":0},{"damage_healed":0,"gold_gain":0,"player_choice":"Fight","damage_taken":0,"max_hp_gain":0,"max_hp_loss":0,"event_name":"Mysterious Sphere","floor":39,"gold_loss":0}],"is_beta":false,"boss_relics":[{"not_picked":["Pandora\u0027s Box","hubris:VirtuousBlindfold"],"picked":"vexMod:ImprovementManual"},{"not_picked":["vexMod:MysteryBossChallenge","Runesmith:PocketReactor"],"picked":"hubris:ScarierMask"}],"items_purged_floors":[13],"is_endless":false,"potions_floor_spawned":[6,8,14,16,18,23,31,37,44,47],"ascension_level":0}}