{"host":"Ceyx","time":1610120328,"event":{"mods":["BaseMod","Beaked The Cultist","Better Third Choice","BetterRewards","Conspire","Downfall","Hermit","Hubris","Infinite Spire","Lobotomy","Minty Spire (QoL Compilation)","Replay The Spire","Shop Mod","StSLib","The Jungle","The Poker Player"],"gold_per_floor":[165,177,177,192,192,212,212,230,301,301,327,339,339,356,356,455,455,470,483,483,500,500,500,500,500],"floor_reached":23,"playtime":1026,"items_purged":[],"score":195,"play_id":"9b78e1c7-505e-451c-a852-2c44539eee8a","local_time":"20210108223848","is_ascension_mode":false,"metric_token":1042,"campfire_choices":[{"data":"PokerPlayerMod:Club4","floor":10,"key":"SMITH"},{"data":"PokerPlayerMod:Club5","floor":13,"key":"SMITH"},{"data":"PokerPlayerMod:Club5","floor":15,"key":"SMITH"}],"circlet_count":0,"master_deck":["PokerPlayerMod:Diamond2","PokerPlayerMod:Diamond3","PokerPlayerMod:Diamond4","PokerPlayerMod:Diamond5","PokerPlayerMod:Spade1","PokerPlayerMod:Spade2","PokerPlayerMod:Spade3","PokerPlayerMod:Spade5","PokerPlayerMod:Club1","PokerPlayerMod:Club2","PokerPlayerMod:Heart2","PokerPlayerMod:TrumpStrike","PokerPlayerMod:BadJoker","PokerPlayerMod:Mulligan","PokerPlayerMod:Club2","PokerPlayerMod:Club2","PokerPlayerMod:Club3","PokerPlayerMod:Club4","PokerPlayerMod:Club6","PokerPlayerMod:Club6","PokerPlayerMod:Club3","PokerPlayerMod:Club6","expansioncontent:AwakenDeath","PokerPlayerMod:Mulligan","PokerPlayerMod:Diamond8","PokerPlayerMod:Diamond4","PokerPlayerMod:Club5","PokerPlayerMod:Heart3"],"relics":["Tiny House","PokerPlayerMod:BottledPoker","The Courier","Painkiller Herb","hubris:Icosahedron"],"acts_visited":["Exordium","TheCity"],"potions_floor_usage":[16,16],"damage_taken":[{"damage":0.0,"enemies":"Small Slimes","floor":1.0,"turns":2.0},{"damage":0.0,"enemies":"conspire:RoseBush","floor":2.0,"turns":3.0},{"damage":0.0,"enemies":"infinitespire:Voidling","floor":4.0,"turns":3.0},{"damage":0.0,"enemies":"conspire:2 RoseBushes","floor":6.0,"turns":3.0},{"damage":16,"enemies":"Lots of Slimes","floor":8,"turns":2},{"damage":2,"enemies":"Gremlin Nob","floor":11,"turns":3},{"damage":0,"enemies":"Looter","floor":12,"turns":1},{"damage":0,"enemies":"2 Fungi Beasts","floor":14,"turns":1},{"damage":42,"enemies":"Fading Forest","floor":16,"turns":11},{"damage":0,"enemies":"Spheric Guardian","floor":18,"turns":1},{"damage":37,"enemies":"Shell Parasite","floor":19,"turns":4},{"damage":0,"enemies":"Centurion and Healer","floor":21,"turns":1},{"damage":24,"enemies":"Replay:Snechameleon","floor":23,"turns":2}],"seed_played":"2092196919579790556","potions_obtained":[{"floor":0.0,"key":"SpyderVenomPotion"},{"floor":2.0,"key":"Guardian:BlockOnCardUsePotion"},{"floor":8,"key":"SpeedPotion"},{"floor":16,"key":"DuplicationPotion"},{"floor":19,"key":"Energy Potion"}],"is_trial":false,"path_per_floor":["M","M","?","M","?","M","?","M","T","R","E","M","R","M","R","B",null,"?","?","?","?","T","E"],"character_chosen":"THE_POKER_PLAYER","items_purchased":[],"campfire_rested":0,"item_purchase_floors":[],"current_hp_per_floor":[57,57,57,57,57,57,57,41,41,41,45,45,45,45,45,19,57,57,20,20,20,20,0,0,0],"gold":500,"neow_bonus":"BOSS_RELIC","is_daily":false,"chose_seed":false,"campfire_upgraded":3,"win_rate":0.0,"timestamp":1610120328,"path_taken":["M","M","?","M","?","?","?","M","T","R","E","M","R","?","R","BOSS","?","?","?","?","T","E"],"items_purchased_type":[],"build_version":"2020-12-18","purchased_purges":0,"victory":false,"max_hp_per_floor":[57,57,57,57,57,57,57,57,57,57,57,57,57,57,57,57,57,57,57,57,57,57,57,57,57],"card_choices":[{"not_picked":["PokerPlayerMod:Diamond2","PokerPlayerMod:CardBurn"],"picked":"PokerPlayerMod:Club2","floor":0.0},{"not_picked":["PokerPlayerMod:Spade7","PokerPlayerMod:ClubStrike","PokerPlayerMod:MagicTrick"],"picked":"SKIP","floor":1.0},{"not_picked":["PokerPlayerMod:ClubShade","PokerPlayerMod:Diamond2","PokerPlayerMod:Diamond1"],"picked":"SKIP","floor":2.0},{"not_picked":["PokerPlayerMod:Diamond3","PokerPlayerMod:Manipulation"],"picked":"PokerPlayerMod:Club3","floor":4.0},{"not_picked":["PokerPlayerMod:Configure","PokerPlayerMod:Diamond3"],"picked":"PokerPlayerMod:Club4","floor":6.0},{"not_picked":["PokerPlayerMod:CardBurn","PokerPlayerMod:Spade1","PokerPlayerMod:CloakAndDiamond"],"picked":"SKIP","floor":8},{"not_picked":["PokerPlayerMod:Spade1","PokerPlayerMod:Spade5"],"picked":"PokerPlayerMod:Diamond8","floor":11},{"not_picked":["PokerPlayerMod:SecondChance","PokerPlayerMod:Raise"],"picked":"PokerPlayerMod:Diamond4","floor":12},{"not_picked":["PokerPlayerMod:Fold","PokerPlayerMod:Diamond1"],"picked":"PokerPlayerMod:Club5","floor":14},{"not_picked":["PokerPlayerMod:ClubStrike+1","PokerPlayerMod:Diamond2","PokerPlayerMod:CloakAndDiamond"],"picked":"SKIP","floor":18},{"not_picked":["PokerPlayerMod:MagicTrick","PokerPlayerMod:Club3"],"picked":"PokerPlayerMod:Heart3","floor":19},{"not_picked":["PokerPlayerMod:FlyingCard","PokerPlayerMod:Spade4","PokerPlayerMod:HiddenCard"],"picked":"SKIP","floor":21}],"player_experience":566925,"relics_obtained":[{"floor":9,"key":"PokerPlayerMod:BottledPoker"},{"floor":11,"key":"The Courier"}],"event_choices":[{"damage_healed":0.0,"max_hp_gain":0.0,"max_hp_loss":0.0,"gold_gain":0.0,"event_name":"PokerPlayerMod:ExordiumClub","player_choice":"Jackpot","floor":3.0,"gold_loss":0.0,"damage_taken":0.0,"cards_obtained":["PokerPlayerMod:Club2","PokerPlayerMod:Club3","PokerPlayerMod:Club4","PokerPlayerMod:Club5","PokerPlayerMod:Club6"]},{"damage_healed":0.0,"max_hp_gain":0.0,"max_hp_loss":0.0,"gold_gain":0.0,"event_name":"PokerPlayerMod:ExordiumClub","player_choice":"Jackpot","floor":3.0,"gold_loss":0.0,"damage_taken":0.0,"cards_obtained":["PokerPlayerMod:Club2","PokerPlayerMod:Club3","PokerPlayerMod:Club4","PokerPlayerMod:Club5","PokerPlayerMod:Club6"]},{"damage_healed":0.0,"max_hp_gain":0.0,"max_hp_loss":0.0,"gold_gain":0.0,"event_name":"PokerPlayerMod:ExordiumClub","player_choice":"Jackpot","floor":3.0,"gold_loss":0.0,"damage_taken":0.0,"cards_obtained":["PokerPlayerMod:Club2","PokerPlayerMod:Club3","PokerPlayerMod:Club4","PokerPlayerMod:Club5","PokerPlayerMod:Club6"]},{"damage_healed":0.0,"max_hp_gain":0.0,"max_hp_loss":0.0,"gold_gain":0.0,"event_name":"PokerPlayerMod:ExordiumClub","player_choice":"Jackpot","floor":3.0,"gold_loss":0.0,"damage_taken":0.0,"cards_obtained":["PokerPlayerMod:Club2","PokerPlayerMod:Club3","PokerPlayerMod:Club4","PokerPlayerMod:Club5","PokerPlayerMod:Club6"]},{"damage_healed":0.0,"max_hp_gain":0.0,"max_hp_loss":0.0,"gold_gain":0.0,"event_name":"PokerPlayerMod:ExordiumClub","player_choice":"Jackpot","floor":3.0,"gold_loss":0.0,"damage_taken":0.0,"cards_obtained":["PokerPlayerMod:Club2","PokerPlayerMod:Club3","PokerPlayerMod:Club4","PokerPlayerMod:Club5","PokerPlayerMod:Club6"]},{"cards_removed":["PokerPlayerMod:Diamond1"],"damage_healed":5.0,"max_hp_gain":0.0,"max_hp_loss":0.0,"gold_gain":0.0,"event_name":"Bonfire Elementals","player_choice":"Offered Special","floor":5.0,"gold_loss":0.0,"damage_taken":0.0},{"damage_healed":0.0,"max_hp_gain":0.0,"max_hp_loss":0.0,"gold_gain":0.0,"event_name":"Match and Keep!","player_choice":"2 cards matched","floor":7.0,"gold_loss":0.0,"damage_taken":0.0,"cards_obtained":["expansioncontent:AwakenDeath","PokerPlayerMod:Mulligan"]}],"is_beta":true,"boss_relics":[{"not_picked":["Coffee Dripper","Velvet Choker"],"picked":"Painkiller Herb"}],"items_purged_floors":[],"is_endless":false,"potions_floor_spawned":[2,8,16,19,21],"killed_by":"Replay:Snechameleon","ascension_level":0}}