{"host":"17xjy7b7ubl548g2","time":1610081378,"event":{"mods":["2.2 Compatiblity","Act Like it!","Aspiration","Astrologer","Bard","BaseMod","Bestiary","Challenge The Spire","ChefMod","Colored Map","Conspire","Elementarium","Energized Spire","Gensokyo","GifTheSpireLib","Halation","Hallownest","Hubris","Infinite Spire","Jedi Mod","Jorbs\u0027s Wanderer Trilogy","Marisa（霧雨　魔理沙）","Marked Mod","Menagerie","Minty Spire (QoL Compilation)","Pale of the Ancients","Permanent Neow","Puzzle Mod","Replay The Spire","Robot Space Explorer","Spicy Shops","StSLib","Stuff the Spire","The Blue Laboratory","The Bug Knight","The Construct","The Disciple","The Factory","The Hayseed","The Hierophant","The Marked","The Runesmith","The Sage","TheFirefly"],"gold_per_floor":[112,112,129,129,143,177,177,195,244,269,288,288,288,311,311,416,416,427,427,443,443,458,491,491,522,522,549,549,549,584,594,594,689,689,700,162,180,180,180,205,205,205,205,238,238,238,251,274,274,274,274,274,43,75,75],"floor_reached":56,"playtime":5731,"items_purged":["RobotSpaceExplorer:Defend","RobotSpaceExplorer:Strike","RobotSpaceExplorer:Strike","RobotSpaceExplorer:Strike"],"score":1740,"play_id":"1ae740c9-292d-485f-931e-82113286ce71","local_time":"20210107234938","is_ascension_mode":true,"campfire_choices":[{"data":"RobotSpaceExplorer:MiniLasers","floor":7.0,"key":"SMITH"},{"data":"RobotSpaceExplorer:LaserBurst","floor":12.0,"key":"SMITH"},{"data":"RobotSpaceExplorer:DoubleFind","floor":15.0,"key":"SMITH"},{"data":"RobotSpaceExplorer:Fix","floor":19.0,"key":"SMITH"},{"data":"RobotSpaceExplorer:PowerCollector","floor":24.0,"key":"SMITH"},{"data":"infinitespire:Menacing","floor":29.0,"key":"SMITH"},{"data":"infinitespire:Gouge","floor":32.0,"key":"SMITH"},{"data":"RobotSpaceExplorer:DualCore","floor":39.0,"key":"SMITH"},{"floor":42.0,"key":"RECALL"},{"data":"RobotSpaceExplorer:MiniBoosters","floor":45.0,"key":"SMITH"},{"data":"RobotSpaceExplorer:GlueShot","floor":46.0,"key":"SMITH"},{"data":"RobotSpaceExplorer:MiniDrones","floor":49.0,"key":"SMITH"},{"data":"RobotSpaceExplorer:Pulsar","floor":52,"key":"SMITH"}],"circlet_count":0,"master_deck":["conspire:Banana+1","RobotSpaceExplorer:Defend","RobotSpaceExplorer:Defend","RobotSpaceExplorer:Defend","RobotSpaceExplorer:Scan","RobotSpaceExplorer:MiniLasers+1","RobotSpaceExplorer:MiniDrones+1","RobotSpaceExplorer:Fix+1","RobotSpaceExplorer:DoubleFind+1","RobotSpaceExplorer:ShovelStrike","RobotSpaceExplorer:LaserBurst+1","RobotSpaceExplorer:GlueShot+1","RobotSpaceExplorer:DroneSwarm","RobotSpaceExplorer:SurgingStrike","RobotSpaceExplorer:ShovelStrike+1","RobotSpaceExplorer:SurgingStrike","RobotSpaceExplorer:PowerCollector+1","infinitespire:Menacing+1","RobotSpaceExplorer:Comet+1","infinitespire:Gouge+1","RobotSpaceExplorer:PlasmaMissile+1","RobotSpaceExplorer:ScrapMissile+1","Gensokyo:ShootingStar","RobotSpaceExplorer:BlastShield","RobotSpaceExplorer:ShovelStrike+1","RobotSpaceExplorer:SurgingShield+1","RobotSpaceExplorer:Counterblock","RobotSpaceExplorer:DualCore+1","RobotSpaceExplorer:Probe+1","RobotSpaceExplorer:ShovelStrike","RobotSpaceExplorer:Smokescreen","RobotSpaceExplorer:SwiftStep+1","RobotSpaceExplorer:Pulsar+1","RobotSpaceExplorer:MiniBoosters+1"],"relics":["RobotSpaceExplorer:RoboCore","StrikeDummy","jedi:arcanewood","halation:AfternoonTea","Happy Flower","RobotSpaceExplorer:ClockworkSextant","RobotSpaceExplorer:SearchSpecs","Gensokyo:RedStar","Potion Belt","StuffTheSpire:Gunfinga","aspiration:TomeofQuesting","Bottled Tornado","energizedSpire:StickyHand","infinitespire:Satchel","Replay:Bottled Snecko","jedi:heavyjacket","MealTicket","hubris:DeckOfHolding","Replay:Baseball","StuffTheSpire:Experiment12","Oddly Smooth Stone","ReplayFunnel"],"acts_visited":["Exordium","Gensokyo:Gensokyo","Gensokyo:Gensokyoer","TheEnding"],"potions_floor_usage":[50,55,55,55,55],"damage_taken":[{"damage":3.0,"enemies":"Gensokyo:Python","floor":1.0,"turns":5.0},{"damage":0.0,"enemies":"Gensokyo:2_Kodama","floor":3.0,"turns":4.0},{"damage":0.0,"enemies":"Gensokyo:Gryphon","floor":5.0,"turns":5.0},{"damage":22.0,"enemies":"Gensokyo:Cirno","floor":6.0,"turns":6.0},{"damage":9.0,"enemies":"Gensokyo:3_Kodama","floor":8.0,"turns":5.0},{"damage":16.0,"enemies":"Gensokyo:Mamizou","floor":10.0,"turns":8.0},{"damage":13.0,"enemies":"Gensokyo:Kitsune","floor":11.0,"turns":2.0},{"damage":47.0,"enemies":"Gensokyo:Yukari","floor":16.0,"turns":6.0},{"damage":0.0,"enemies":"Gensokyo:CosmicMonolith","floor":18.0,"turns":3.0},{"damage":29.0,"enemies":"Gensokyo:3_Dogs","floor":20.0,"turns":5.0},{"damage":5.0,"enemies":"Gensokyo:Swordslinger","floor":22.0,"turns":4.0},{"damage":21.0,"enemies":"Gensokyo:Reisen","floor":23.0,"turns":7.0},{"damage":28.0,"enemies":"Nightmare","floor":25.0,"turns":6.0},{"damage":5.0,"enemies":"Gensokyo:Reisen","floor":30.0,"turns":5.0},{"damage":0.0,"enemies":"Gensokyo:3_Gloops","floor":31.0,"turns":3.0},{"damage":21.0,"enemies":"Gensokyo:Eiki","floor":33.0,"turns":6.0},{"damage":5.0,"enemies":"Gensokyo:AncientGuardian","floor":35.0,"turns":3.0},{"damage":0.0,"enemies":"Gensokyo:3_Boulders","floor":37.0,"turns":5.0},{"damage":17.0,"enemies":"Nightmare","floor":40.0,"turns":7.0},{"damage":0.0,"enemies":"Gensokyo:Kasen","floor":44.0,"turns":4.0},{"damage":0.0,"enemies":"Gensokyo:AtlasGolem","floor":47.0,"turns":4.0},{"damage":0,"enemies":"Gensokyo:Yuyuko","floor":50,"turns":4},{"damage":45,"enemies":"Shield and Spear","floor":54,"turns":5},{"damage":5,"enemies":"The Heart","floor":55,"turns":8}],"seed_played":"6989491365797899414","potions_obtained":[{"floor":5.0,"key":"blueLaboratory:FruitPreserves"},{"floor":8.0,"key":"SpeedPotion"},{"floor":10.0,"key":"Reflective Coating"},{"floor":11.0,"key":"LiquidBronze"},{"floor":20.0,"key":"Block Potion"},{"floor":23.0,"key":"RobotSpaceExplorer:PlasmaFlask"},{"floor":31.0,"key":"Block Potion"},{"floor":33.0,"key":"RobotSpaceExplorer:PlasmaFlask"},{"floor":37.0,"key":"Milkshake"},{"floor":40.0,"key":"Adrenaline Potion"},{"floor":44.0,"key":"AttackPotion"},{"floor":47.0,"key":"RobotSpaceExplorer:LiquidFusion"}],"is_trial":false,"path_per_floor":["M","$","M","?","M","E","R","M","T","E","M","R","?","T","R","B",null,"M","R","M","?","M","E","R","NM","T","T","AVR","R","E","M","R","B",null,"M","$","M","?","R","NM","?","R","T","E","R","R","M","T","R","B",null,"R","$","E","B",null],"character_chosen":"RobotSpaceExplorer","items_purchased":["infinitespire:Satchel","Replay:Bottled Snecko","RobotSpaceExplorer:DualCore","Oddly Smooth Stone","blueLaboratory:BottleOfRum"],"campfire_rested":0,"item_purchase_floors":[36,36,36,53,53],"current_hp_per_floor":[67,55,57,57,63,47,47,44,44,34,27,27,27,27,27,13,72,78,78,57,57,60,47,47,27,27,27,27,27,30,30,30,68,96,97,97,107,107,107,98,98,98,98,102,102,102,106,106,106,106,116,116,119,82,85],"gold":75,"neow_bonus":"REMOVE_CARD","is_daily":false,"chose_seed":false,"campfire_upgraded":12,"win_rate":0.0,"timestamp":1610081378,"path_taken":["M","?","M","?","M","E","R","M","T","E","M","R","?","?","R","BOSS","M","?","M","?","?","E","R","NM","T","?","AVR","R","E","M","R","BOSS","M","$","M","?","?","NM","?","R","T","E","?","R","M","?","R","BOSS","R","$","E","BOSS"],"items_purchased_type":["Relic","Relic","Card","Relic","Potion"],"build_version":"2020-12-22","purchased_purges":4,"victory":true,"max_hp_per_floor":[77,77,79,79,81,83,83,85,85,87,89,89,89,89,89,91,91,93,93,95,95,97,99,99,101,101,101,101,101,103,103,103,105,105,105,105,109,109,109,111,111,111,111,115,115,115,119,119,119,119,119,119,119,121,123],"card_choices":[{"not_picked":["RobotSpaceExplorer:IronShell","RobotSpaceExplorer:SwiftStep"],"picked":"RobotSpaceExplorer:MiniDrones","floor":1.0},{"not_picked":["RobotSpaceExplorer:ShockKick","RobotSpaceExplorer:ShovelStrike"],"picked":"RobotSpaceExplorer:Fix","floor":3.0},{"not_picked":["RobotSpaceExplorer:ScrapShield","RobotSpaceExplorer:SlimeMissile"],"picked":"RobotSpaceExplorer:FrostMissile","floor":5.0},{"not_picked":["RobotSpaceExplorer:Ammunition","RobotSpaceExplorer:SwiftStep"],"picked":"RobotSpaceExplorer:DoubleFind","floor":6.0},{"not_picked":["RobotSpaceExplorer:ToxicBomb","RobotSpaceExplorer:SelfCleaning"],"picked":"RobotSpaceExplorer:ShovelStrike","floor":8.0},{"not_picked":["RobotSpaceExplorer:PowerGlove","RobotSpaceExplorer:Wormhole"],"picked":"RobotSpaceExplorer:LaserBurst","floor":10.0},{"not_picked":["RobotSpaceExplorer:ShockKick","RobotSpaceExplorer:ExhaustFan"],"picked":"RobotSpaceExplorer:GlueShot","floor":11.0},{"not_picked":["RobotSpaceExplorer:Autoloader","RobotSpaceExplorer:Explosion"],"picked":"RobotSpaceExplorer:DroneSwarm","floor":16.0},{"not_picked":["RobotSpaceExplorer:SwiftStep+1","RobotSpaceExplorer:RigExplosive"],"picked":"RobotSpaceExplorer:SurgingStrike","floor":18.0},{"not_picked":["RobotSpaceExplorer:BigMissile+1","RobotSpaceExplorer:FranticSearch"],"picked":"RobotSpaceExplorer:ShovelStrike+1","floor":20.0},{"not_picked":["RobotSpaceExplorer:SlimeMissile","RobotSpaceExplorer:DoubleFind"],"picked":"RobotSpaceExplorer:SurgingStrike","floor":22.0},{"not_picked":["RobotSpaceExplorer:MiniDrones","RobotSpaceExplorer:PowerGlove"],"picked":"RobotSpaceExplorer:PowerCollector","floor":23.0},{"not_picked":["infinitespire:NeuralNetwork","infinitespire:FinalStrike"],"picked":"infinitespire:Menacing","floor":25.0},{"not_picked":["RobotSpaceExplorer:GlueShot","RobotSpaceExplorer:Calculate"],"picked":"RobotSpaceExplorer:Comet","floor":25.0},{"not_picked":["RobotSpaceExplorer:GlueSpray","RobotSpaceExplorer:MakeshiftVolley"],"picked":"RobotSpaceExplorer:PlasmaMissile+1","floor":30.0},{"not_picked":["RobotSpaceExplorer:GlueShot","RobotSpaceExplorer:SlimeMissile"],"picked":"RobotSpaceExplorer:ScrapMissile+1","floor":31.0},{"not_picked":[],"picked":"Gensokyo:ShootingStar","floor":33.0},{"not_picked":["RobotSpaceExplorer:DroneSwarm","RobotSpaceExplorer:Scanner"],"picked":"RobotSpaceExplorer:BlastShield","floor":33.0},{"not_picked":["RobotSpaceExplorer:ShovelStrike+1","RobotSpaceExplorer:Counterblock"],"picked":"RobotSpaceExplorer:SurgingShield+1","floor":35.0},{"not_picked":["RobotSpaceExplorer:PlasmaMissile","RobotSpaceExplorer:Electropulse+1","RobotSpaceExplorer:ScrapMissile"],"picked":"SKIP","floor":37.0},{"not_picked":["RobotSpaceExplorer:ShovelStrike","RobotSpaceExplorer:Smokescreen"],"picked":"RobotSpaceExplorer:Probe+1","floor":40.0},{"not_picked":["RobotSpaceExplorer:SwiftStep+1","RobotSpaceExplorer:MiniBoosters"],"picked":"RobotSpaceExplorer:Pulsar","floor":44.0},{"not_picked":["RobotSpaceExplorer:GlueSpray","RobotSpaceExplorer:ShovelStrike+1","RobotSpaceExplorer:GlueShot+1"],"picked":"SKIP","floor":47.0},{"not_picked":["RobotSpaceExplorer:FreezeRay","RobotSpaceExplorer:Electroshield+1","RobotSpaceExplorer:StunGrenade"],"picked":"SKIP","floor":54}],"player_experience":1724077,"relics_obtained":[{"floor":6.0,"key":"StrikeDummy"},{"floor":9.0,"key":"jedi:arcanewood"},{"floor":10.0,"key":"halation:AfternoonTea"},{"floor":14.0,"key":"RobotSpaceExplorer:ClockworkSextant"},{"floor":23.0,"key":"Potion Belt"},{"floor":25.0,"key":"StuffTheSpire:Gunfinga"},{"floor":27.0,"key":"aspiration:TomeofQuesting"},{"floor":30.0,"key":"Bottled Tornado"},{"floor":40.0,"key":"MealTicket"},{"floor":43.0,"key":"hubris:DeckOfHolding"},{"floor":44.0,"key":"Replay:Baseball"},{"floor":48.0,"key":"StuffTheSpire:Experiment12"},{"floor":54,"key":"ReplayFunnel"}],"event_choices":[],"is_beta":false,"boss_relics":[{"not_picked":["hubris:GrandSneckoEye","construct:WeddingRing"],"picked":"RobotSpaceExplorer:SearchSpecs"},{"not_picked":["energizedSpire:EnergizedDie","hubris:CrackedHourglass"],"picked":"energizedSpire:StickyHand"}],"items_purged_floors":[2,2,28,36],"is_endless":false,"potions_floor_spawned":[5,8,10,11,20,23,31,33,37,40,44,47,54],"ascension_level":9}}