{"host":"i9h64q9gphvrup4n","time":1610135534,"event":{"mods":["2.2 Compatiblity","AchievementEnabler","Aspiration","Astrologer","Bard","BaseMod","Beaked The Cultist","BetterRewards","Colored Powertips","Conspire","Downfall","Gremlin Mod","Hermit","Hubris","Infinite Spire","Jorbs\u0027s Wanderer Trilogy","Minty Spire (QoL Compilation)","Replay The Spire","Shop Mod","StSLib","SuperFastMode","The Blackbeard","The Bladedancer","The Bug Knight","The Construct","The Cursed","The Disciple","The Hierophant","The Jungle","The Necromancer","The Runesmith","The Wild Card","slay the spire mod where everything is the same but ironclad has a cowboy hat","vexMod"],"gold_per_floor":[215,63,73,73,73,100,100,130,130,144,144,162,162,177,177,282,282,296,296,296,296,296,322,334,352,352,380,380,380,442,461,461,562,562,615,615,670,670,735,819,890,890,970,1048,1048,1048,1200,1301,1301,1306,1306],"floor_reached":50,"playtime":2885,"items_purged":["Sickly"],"score":827,"play_id":"e0b267bf-ee99-4f6b-960d-7966647b2d7e","local_time":"20210108135214","is_ascension_mode":false,"campfire_choices":[{"data":"hermit:Combo","floor":7,"key":"SMITH"},{"floor":11,"key":"REST"},{"floor":28,"key":"REST"},{"floor":42,"key":"REST"},{"floor":45,"key":"REST"},{"floor":49,"key":"RECALL"}],"circlet_count":0,"master_deck":["hermit:Strike_Hermit+1","hermit:Strike_Hermit","hermit:Strike_Hermit+1","hermit:Strike_Hermit","hermit:Snapshot","hermit:Covet+1","hermit:ShadowCloak","hermit:Combo+1","hermit:Dive+1","hermit:TakeAim","hermit:GoldenBullet+1","hermit:Dive+1","hermit:FromBeyond","Writhe","hermit:ShadowCloak+1","hermit:Scavenge","CurseOfTheBell","hermit:TakeAim","Doubt","hermit:EyeOfTheStorm","hermit:ShadowCloak"],"relics":["hermit:Momento","Sling","vexMod:BarristanHead","infinitespire:Beetle Shell","construct:ClawGrip","ReplayTheSpireMod:Ring of Exchange","ReplayTheSpireMod:Ring of Collecting","Cursed Key","construct:WeddingRing","hubris:64BitClover","ReplayTheSpireMod:Ring of Challenge","War Paint","infinitespire:EmpoweringShard","vexMod:MemoryStick","infinitespire:EvilPickle","Calling Bell","vexMod:FocusSash","construct:FoamFinger","conspire:GlowingRock","aspiration:FetidBarrel","hubris:Towel","Gremlin Food","Ring of Searing","Mercury Hourglass","Replay:Wax Seal"],"acts_visited":["Exordium","TheCity","TheBeyond"],"potions_floor_usage":[16,16,23,27,33,33,47,47,50,50,50],"damage_taken":[{"damage":1,"enemies":"Jaw Worm","floor":1,"turns":3},{"damage":3,"enemies":"Small Slimes","floor":3,"turns":3},{"damage":0,"enemies":"Lagavulin","floor":6,"turns":3},{"damage":30,"enemies":"3 Sentries","floor":8,"turns":7},{"damage":1,"enemies":"Cultist","floor":10,"turns":4},{"damage":22,"enemies":"Gremlin Gang","floor":12,"turns":5},{"damage":6,"enemies":"Blue Slaver","floor":14,"turns":4},{"damage":39,"enemies":"The Guardian","floor":16,"turns":13},{"damage":10,"enemies":"Chosen","floor":18,"turns":3},{"damage":0,"enemies":"Gremlin Leader","floor":23,"turns":6},{"damage":20,"enemies":"2 Thieves","floor":24,"turns":3},{"damage":11,"enemies":"Snake Plant","floor":25,"turns":4},{"damage":18,"enemies":"conspire:SneckoGhost","floor":27,"turns":5},{"damage":12,"enemies":"Cultist and Chosen","floor":30,"turns":6},{"damage":13,"enemies":"Snecko","floor":31,"turns":7},{"damage":13,"enemies":"Pondfish","floor":33,"turns":10},{"damage":7,"enemies":"Orb Walker","floor":35,"turns":4},{"damage":24,"enemies":"3 Darklings","floor":37,"turns":6},{"damage":14,"enemies":"Transient","floor":39,"turns":5},{"damage":5,"enemies":"Reptomancer","floor":40,"turns":6},{"damage":12,"enemies":"Spire Growth","floor":41,"turns":6},{"damage":8,"enemies":"Maw","floor":44,"turns":6},{"damage":11,"enemies":"Nemesis","floor":47,"turns":6},{"damage":0,"enemies":"4 Shapes","floor":48,"turns":3},{"damage":55,"enemies":"Awakened One","floor":50,"turns":8}],"seed_played":"1202309185902259536","potions_obtained":[{"floor":1,"key":"Swift Potion"},{"floor":6,"key":"Guardian:BlockOnCardUsePotion"},{"floor":12,"key":"champ:CounterPotion"},{"floor":18,"key":"Energy Potion"},{"floor":23,"key":"SteroidPotion"},{"floor":25,"key":"champ:CounterPotion"},{"floor":31,"key":"Elixir"},{"floor":35,"key":"champ:CounterPotion"},{"floor":41,"key":"Reflective Coating"},{"floor":46,"key":"Fruit Juice"},{"floor":46,"key":"Flashbang"},{"floor":47,"key":"sneckomod:MuddlingPotion"},{"floor":48,"key":"AttackPotion"}],"is_trial":false,"path_per_floor":["M","$","M","?","?","E","R","E","T","M","R","M","?","M","R","B",null,"M","?","?","?","AVR","E","M","M","T","E","R","?","M","M","R","B",null,"M","?","M","?","M","E","M","R","T","M","R","?","E","M","R","B"],"character_chosen":"HERMIT","items_purchased":["Sling"],"campfire_rested":4,"item_purchase_floors":[2],"current_hp_per_floor":[74,74,71,71,71,71,71,41,41,40,62,40,40,34,56,17,75,65,65,65,65,65,65,45,34,34,16,38,38,26,13,35,22,75,68,68,44,44,30,25,13,35,35,27,49,49,43,43,43,0,0],"gold":1306,"neow_bonus":"HUNDRED_GOLD","is_daily":false,"chose_seed":false,"campfire_upgraded":1,"win_rate":0.0,"timestamp":1610135534,"path_taken":["M","$","M","?","?","E","R","E","T","?","R","?","?","M","R","BOSS","M","?","?","?","AVR","E","M","M","T","E","R","?","M","M","R","BOSS","M","?","M","?","M","E","M","R","T","M","R","?","E","M","R","BOSS"],"items_purchased_type":["Relic"],"build_version":"2020-12-22","purchased_purges":1,"victory":false,"max_hp_per_floor":[75,75,75,75,75,75,75,75,75,75,75,75,75,75,75,75,75,75,75,75,75,75,75,75,75,75,75,75,75,75,75,75,75,75,75,75,75,75,75,75,75,75,75,75,75,75,80,80,80,80,80],"card_choices":[{"not_picked":["hermit:Feint","hermit:EyeOfTheStorm"],"picked":"hermit:ShadowCloak","floor":1},{"not_picked":["hermit:LowProfile","hermit:Manifest","hermit:Enervate"],"picked":"SKIP","floor":3},{"not_picked":["hermit:Midnight","hermit:SprayPray"],"picked":"hermit:Dive","floor":6},{"not_picked":["hermit:NoHoldsBarred","hermit:PistolWhip","hermit:Midnight"],"picked":"SKIP","floor":8},{"not_picked":["hermit:SprayPray","hermit:Desperado"],"picked":"hermit:TakeAim","floor":10},{"not_picked":["hermit:Manifest","hermit:Misfire"],"picked":"hermit:GoldenBullet","floor":12},{"not_picked":["hermit:Manifest","hermit:LoneWolf"],"picked":"hermit:Dive","floor":14},{"not_picked":["hermit:Roughhouse","hermit:Purgatory"],"picked":"hermit:FromBeyond","floor":16},{"not_picked":["hermit:Feint","hermit:Snipe","hermit:Manifest"],"picked":"SKIP","floor":18},{"not_picked":["hermit:Vantage","hermit:WideOpen","hermit:DeadMansHand"],"picked":"SKIP","floor":23},{"not_picked":["hermit:Roulette+1","hermit:Quickdraw+1","hermit:Grudge+1"],"picked":"SKIP","floor":24},{"not_picked":["hermit:Enervate","hermit:Cheat","hermit:BodyArmor"],"picked":"SKIP","floor":25},{"not_picked":["hermit:Desperado","hermit:Quickdraw"],"picked":"hermit:ShadowCloak+1","floor":27},{"not_picked":["hermit:Enervate","hermit:Snipe+1"],"picked":"hermit:Scavenge","floor":30},{"not_picked":["hermit:DeadMansHand","hermit:LowProfile","hermit:Quickdraw"],"picked":"SKIP","floor":31},{"not_picked":["hermit:Headshot+1","hermit:SprayPray","hermit:LoneWolf"],"picked":"SKIP","floor":35},{"not_picked":["hermit:Cheat","hermit:Manifest"],"picked":"hermit:TakeAim","floor":37},{"not_picked":["hermit:Spite","hermit:Snipe","hermit:BodyArmor+1"],"picked":"SKIP","floor":39},{"not_picked":["hermit:HoleUp+1","hermit:EternalForm","hermit:ItchyTrigger+1"],"picked":"SKIP","floor":40},{"not_picked":["hermit:RoundhouseKick","hermit:TrackingShot","hermit:Dive+1"],"picked":"SKIP","floor":41},{"not_picked":["hermit:Snipe+1","hermit:Malice+1","hermit:Deadeye+1"],"picked":"SKIP","floor":44},{"not_picked":["hermit:Vantage+1","hermit:Dissolve"],"picked":"hermit:EyeOfTheStorm","floor":47},{"not_picked":["hermit:Virtue","hermit:GoldenBullet"],"picked":"hermit:ShadowCloak","floor":48}],"player_experience":699114,"relics_obtained":[{"floor":6,"key":"vexMod:BarristanHead"},{"floor":8,"key":"infinitespire:Beetle Shell"},{"floor":21,"key":"ReplayTheSpireMod:Ring of Exchange"},{"floor":21,"key":"ReplayTheSpireMod:Ring of Collecting"},{"floor":23,"key":"hubris:64BitClover"},{"floor":26,"key":"ReplayTheSpireMod:Ring of Challenge"},{"floor":26,"key":"War Paint"},{"floor":27,"key":"infinitespire:EmpoweringShard"},{"floor":34,"key":"vexMod:FocusSash"},{"floor":34,"key":"construct:FoamFinger"},{"floor":34,"key":"conspire:GlowingRock"},{"floor":37,"key":"aspiration:FetidBarrel"},{"floor":40,"key":"Gremlin Food"},{"floor":43,"key":"Ring of Searing"},{"floor":43,"key":"Mercury Hourglass"},{"floor":47,"key":"Replay:Wax Seal"}],"event_choices":[{"damage_healed":0,"gold_gain":0,"cards_transformed":["hermit:Defend_Hermit"],"player_choice":"Transformed","damage_taken":0,"max_hp_gain":0,"max_hp_loss":0,"event_name":"Transmorgrifier","floor":5,"gold_loss":0,"cards_obtained":["hermit:Combo"]},{"cards_removed":["hermit:Defend_Hermit"],"damage_healed":0,"gold_gain":0,"player_choice":"Purged","damage_taken":0,"max_hp_gain":0,"max_hp_loss":0,"event_name":"Purifier","floor":13,"gold_loss":0},{"cards_removed":["hermit:Defend_Hermit"],"damage_healed":0,"gold_gain":0,"player_choice":"Elegance","damage_taken":0,"max_hp_gain":0,"max_hp_loss":0,"event_name":"Back to Basics","floor":19,"gold_loss":0},{"damage_healed":0,"gold_gain":0,"player_choice":"Opened","damage_taken":0,"relics_obtained":["vexMod:MemoryStick"],"max_hp_gain":0,"max_hp_loss":0,"event_name":"The Mausoleum","floor":29,"gold_loss":0},{"damage_healed":0,"gold_gain":0,"player_choice":"Ignored","damage_taken":0,"max_hp_gain":0,"max_hp_loss":0,"event_name":"Tomb of Lord Red Mask","floor":36,"gold_loss":0},{"damage_healed":0,"gold_gain":0,"player_choice":"Got Potions","damage_taken":0,"max_hp_gain":0,"max_hp_loss":0,"event_name":"Lab","floor":46,"gold_loss":0}],"is_beta":false,"boss_relics":[{"not_picked":["Busted Crown","Pandora\u0027s Box"],"picked":"construct:ClawGrip"},{"not_picked":["infinitespire:Cupcake","ReplayTheSpireMod:SealedPack"],"picked":"Calling Bell"}],"items_purged_floors":[22],"is_endless":false,"potions_floor_spawned":[1,6,12,14,18,23,25,31,35,41,47,48],"killed_by":"Awakened One","ascension_level":0}}