{"host":"kdt6w7ix8lwe69i9","time":1610122934,"event":{"mods":["100% Spire Juice","Bartender","BaseMod","ChefMod","Downfall","Fiend Mod","Jorbs\u0027s Wanderer Trilogy","Minty Spire (QoL Compilation)","Reimu（博丽灵梦）","Robot Space Explorer","StSLib","The Caster","The Cursed","The Disciple","The Dragon Tamer","The Druid","The Elementalist","The Forsaken","The Gatherer","The Marked","TheBandit"],"gold_per_floor":[109,109,109,109,35,68,96,108,167,179,211,235,321,333,345,452,464,494,229,229,229,244,244,294,321,321,321,332,332,332],"floor_reached":29,"playtime":2127,"items_purged":[],"score":239,"play_id":"6bf41612-987f-4c7b-b94b-25c82ee06dc9","local_time":"20210108112214","is_ascension_mode":false,"campfire_choices":[{"data":"caster:Cryogenesis","floor":10,"key":"SMITH"},{"floor":15,"key":"REST"},{"data":"Mayhem","floor":23,"key":"SMITH"}],"circlet_count":0,"master_deck":["caster:Meteor+1","caster:DivertFocus","caster:strike","caster:strike","caster:strike","caster:strike","caster:defend","caster:defend","caster:defend","caster:defend","caster:defend","caster:Cryogenesis+1","caster:Grimoire","caster:JupitelThunder","caster:MagicAttunement","caster:Fira+1","caster:WallOfThorns","caster:Grimoire","caster:ManaOverflow","caster:Incantation","Mayhem+1","caster:MagicAttunement","caster:QuickCast","caster:QuickCast","caster:LightningBolt","caster:WallOfRocks","caster:Rectify"],"relics":["caster:MagicBook","InkBottle","MawBank","CrazyTorch:ReiMu","Philosopher\u0027s Stone","MutagenicStrength","Art of War","Meat on the Bone","CultistMask"],"acts_visited":["Exordium","TheCity"],"potions_floor_usage":[11,16,16,16,22,25,25,29],"damage_taken":[{"damage":0,"enemies":"Cultist","floor":1,"turns":5},{"damage":9,"enemies":"Lagavulin","floor":6,"turns":7},{"damage":0,"enemies":"Small Slimes","floor":7,"turns":4},{"damage":4,"enemies":"Jaw Worm","floor":11,"turns":4},{"damage":10,"enemies":"Blue Slaver","floor":12,"turns":5},{"damage":2,"enemies":"Hexaghost","floor":16,"turns":8},{"damage":4,"enemies":"Spheric Guardian","floor":18,"turns":4},{"damage":5,"enemies":"Chosen","floor":22,"turns":4},{"damage":26,"enemies":"Slavers","floor":25,"turns":6},{"damage":8,"enemies":"Centurion and Healer","floor":28,"turns":7},{"damage":43,"enemies":"3 Cultists","floor":29,"turns":5}],"seed_played":"-8061686168741618728","potions_obtained":[{"floor":6,"key":"SkillPotion"},{"floor":12,"key":"EntropicBrew"},{"floor":16,"key":"Fire Potion"},{"floor":22,"key":"BlessingOfTheForge"},{"floor":28,"key":"CultistPotion"}],"is_trial":false,"path_per_floor":["M","?","?","?","$","E","M","?","T","R","M","M","T","?","R","B",null,"M","$","?","?","M","R","?","E","T","?","M","M"],"character_chosen":"THE_CASTER","items_purchased":["caster:Grimoire","Mayhem","caster:MagicAttunement","caster:QuickCast"],"campfire_rested":1,"item_purchase_floors":[5,19,19,19],"current_hp_per_floor":[64,64,52,52,52,43,43,43,43,43,39,29,29,29,48,46,64,60,60,60,60,55,55,55,29,29,29,33,0,0],"gold":332,"neow_bonus":"UPGRADE_CARD","is_daily":false,"chose_seed":false,"campfire_upgraded":2,"win_rate":0.0,"timestamp":1610122934,"path_taken":["M","?","?","?","?","E","?","?","T","R","M","M","?","?","R","BOSS","M","$","?","?","?","R","?","E","T","?","?","?"],"items_purchased_type":["Card","Card","Card","Card"],"build_version":"2020-12-22","purchased_purges":0,"victory":false,"max_hp_per_floor":[64,64,64,64,64,64,64,64,64,64,64,64,64,64,64,64,64,64,64,64,64,64,64,64,64,64,64,64,64,64],"card_choices":[{"not_picked":["caster:JupitelThunder","caster:Sandstorm"],"picked":"caster:Cryogenesis","floor":1},{"not_picked":["caster:LAZER","caster:QuickCast"],"picked":"caster:JupitelThunder","floor":6},{"not_picked":["caster:MeteorStorm","caster:StaticField"],"picked":"caster:MagicAttunement","floor":7},{"not_picked":["caster:Sleet","caster:QuickCast"],"picked":"caster:WallOfThorns","floor":11},{"not_picked":["caster:QuickCast","caster:LightningBolt"],"picked":"caster:Grimoire","floor":12},{"not_picked":["caster:SunGoddessAmaterasu","caster:PhoenixFlare"],"picked":"caster:ManaOverflow","floor":16},{"not_picked":["caster:Charge+1","caster:JupitelThunder"],"picked":"caster:Incantation","floor":18},{"not_picked":["caster:AbsoluteZero","caster:Sleet"],"picked":"caster:LightningBolt","floor":22},{"not_picked":["caster:Tundra","caster:FlashSpeed"],"picked":"caster:WallOfRocks","floor":25},{"not_picked":["caster:BloodRitual","caster:Barbroot+1"],"picked":"caster:Rectify","floor":28}],"player_experience":1735000,"relics_obtained":[{"floor":6,"key":"MawBank"},{"floor":13,"key":"CrazyTorch:ReiMu"},{"floor":25,"key":"Art of War"},{"floor":26,"key":"Meat on the Bone"}],"event_choices":[{"damage_healed":0,"gold_gain":0,"player_choice":"Success","damage_taken":12,"relics_obtained":["InkBottle"],"max_hp_gain":0,"max_hp_loss":0,"event_name":"Scrap Ooze","floor":3,"gold_loss":0},{"damage_healed":0,"gold_gain":0,"player_choice":"Ignored","damage_taken":0,"max_hp_gain":0,"max_hp_loss":0,"event_name":"Golden Wing","floor":14,"gold_loss":0},{"damage_healed":0,"gold_gain":0,"player_choice":"Read","damage_taken":0,"max_hp_gain":0,"max_hp_loss":0,"event_name":"The Library","floor":20,"gold_loss":0,"cards_obtained":["caster:QuickCast"]},{"damage_healed":0,"gold_gain":0,"player_choice":"Inject Mutagens","damage_taken":0,"relics_obtained":["MutagenicStrength"],"max_hp_gain":0,"max_hp_loss":0,"event_name":"Drug Dealer","floor":21,"gold_loss":0},{"damage_healed":0,"gold_gain":0,"player_choice":"Trade","damage_taken":0,"relics_obtained":["CultistMask"],"max_hp_gain":0,"max_hp_loss":0,"event_name":"FaceTrader","floor":27,"gold_loss":0}],"is_beta":false,"boss_relics":[{"not_picked":["Velvet Choker","Fusion Hammer"],"picked":"Philosopher\u0027s Stone"}],"items_purged_floors":[],"is_endless":false,"potions_floor_spawned":[6,12,16,22,28],"killed_by":"3 Cultists","ascension_level":0}}