{"host":"10b2ljh1rg6srmxa","time":1610125688,"event":{"mods":["AchievementEnabler","BaseMod","Colored Powertips","Conspire","Downfall","Googly Eyes","Hubris","Infinite Spire","Minty Spire (QoL Compilation)","Replay The Spire","StSLib"],"gold_per_floor":[119,131,141,154,166,166,131,164,190,209,209,227,227,262,262,367,367,387,404,404,438,438,438,453,453,479,496,512,512,42,42,42,42,42],"floor_reached":33,"playtime":2549,"items_purged":["Replay:Hysterical Blindness"],"score":272,"play_id":"2ebbdfbd-ac56-4777-a3e1-93325f84d232","local_time":"20210108180808","is_ascension_mode":true,"campfire_choices":[{"floor":6,"key":"REST"},{"floor":13,"key":"REST"},{"floor":15,"key":"REST"},{"floor":23,"key":"REST"},{"floor":25,"key":"REST"},{"floor":29,"key":"REST"},{"floor":32,"key":"RECALL"}],"circlet_count":0,"master_deck":["Strike_P","Strike_P","Strike_P","Strike_P","Defend_P","Defend_P","Defend_P","Defend_P","Eruption","Vigilance","Guardian:Strike_Guardian","Guardian:Defend_Guardian","Replay:LoomingThreat+1","BattleHymn","PathToVictory+1","Sanctity","Consecrate","Protect","DeceiveReality","Replay:ManipulateFuture","ThirdEye","WindmillStrike","DeusExMachina","Replay:Vibes","Pot Of Greed","Pot Of Greed","Pot Of Greed","Shame"],"relics":["HolyWater","conspire:GiftBox","MealTicket","hubris:OldNail","Mirror","hubris:GlazedTorus","Chameleon Ring","hubris:TenFootPole","Replay:Bottled Eggs","Grinning Jar","conspire:TopHat"],"acts_visited":["Exordium","TheCity"],"potions_floor_usage":[12,14,16,18,28,33],"damage_taken":[{"damage":7,"enemies":"Cultist","floor":1,"turns":5},{"damage":3,"enemies":"2 Louse","floor":2,"turns":4},{"damage":7,"enemies":"Small Slimes","floor":3,"turns":4},{"damage":12,"enemies":"Gremlin Gang","floor":4,"turns":7},{"damage":20,"enemies":"Exordium Thugs","floor":5,"turns":6},{"damage":33,"enemies":"Lagavulin","floor":8,"turns":7},{"damage":0,"enemies":"conspire:2 RoseBushes","floor":10,"turns":5},{"damage":8,"enemies":"2 Fungi Beasts","floor":12,"turns":3},{"damage":35,"enemies":"Gremlin Nob","floor":14,"turns":5},{"damage":11,"enemies":"The Guardian","floor":16,"turns":10},{"damage":18,"enemies":"2 Thieves","floor":18,"turns":4},{"damage":24,"enemies":"3 Byrds","floor":19,"turns":5},{"damage":6,"enemies":"conspire:MimicChest","floor":21,"turns":6},{"damage":14,"enemies":"Snecko","floor":24,"turns":5},{"damage":15,"enemies":"Snake Plant","floor":27,"turns":4},{"damage":10,"enemies":"Centurion and Healer","floor":28,"turns":6},{"damage":71,"enemies":"Automaton","floor":33,"turns":6}],"seed_played":"-2952127149027004141","potions_obtained":[{"floor":1,"key":"SteroidPotion"},{"floor":5,"key":"FearPotion"},{"floor":12,"key":"Swift Potion"},{"floor":14,"key":"BottledMiracle"},{"floor":16,"key":"hexamod:EctoCoolerPotion"},{"floor":18,"key":"SpeedPotion"},{"floor":24,"key":"SteroidPotion"},{"floor":28,"key":"DistilledChaos"}],"is_trial":false,"path_per_floor":["M","M","M","M","M","R","?","E","T","M","?","M","R","E","R","B",null,"M","M","?","?","T","R","M","R","T","M","M","R","$","?","R","B"],"character_chosen":"WATCHER","items_purchased":["Replay:Bottled Eggs","Grinning Jar"],"campfire_rested":6,"item_purchase_floors":[30,30],"current_hp_per_floor":[65,62,55,43,23,44,62,29,29,29,29,21,42,7,28,17,72,54,30,30,24,24,45,31,52,52,37,27,48,63,63,63,0,0],"gold":42,"neow_bonus":"ONE_RARE_RELIC","is_daily":false,"chose_seed":false,"campfire_upgraded":0,"win_rate":0.0,"timestamp":1610125688,"path_taken":["M","?","M","?","M","R","?","E","T","M","?","M","R","E","R","BOSS","M","?","?","?","?","R","M","R","T","M","?","R","$","?","R","BOSS"],"items_purchased_type":["Relic","Relic"],"build_version":"2020-12-22","purchased_purges":1,"victory":false,"max_hp_per_floor":[72,72,72,72,72,72,72,72,72,72,72,72,72,72,72,72,72,72,72,72,72,72,72,72,72,72,72,72,72,72,72,72,72,72],"card_choices":[{"not_picked":["Establishment","Blasphemy"],"picked":"Replay:LoomingThreat","floor":0},{"not_picked":["Replay:AtTheReady","Nirvana"],"picked":"BattleHymn","floor":1},{"not_picked":["JustLucky","ClearTheMind"],"picked":"PathToVictory","floor":2},{"not_picked":["EmptyBody","Vengeance"],"picked":"Sanctity","floor":3},{"not_picked":["BowlingBash","FollowUp"],"picked":"Consecrate","floor":4},{"not_picked":["SashWhip","Brilliance"],"picked":"Protect","floor":5},{"not_picked":["Weave","Halt"],"picked":"DeceiveReality","floor":8},{"not_picked":["FollowUp","Swivel"],"picked":"Replay:ManipulateFuture","floor":10},{"not_picked":["EmptyFist","Evaluate"],"picked":"ThirdEye","floor":12},{"not_picked":["Replay:BluntJabs","Swivel"],"picked":"WindmillStrike","floor":14},{"not_picked":["Scrawl","Judgement"],"picked":"DeusExMachina","floor":16},{"not_picked":["EmptyFist","Replay:ManipulateFuture","CrushJoints"],"picked":"SKIP","floor":18},{"not_picked":["FollowUp","SashWhip+1","Prostrate"],"picked":"SKIP","floor":19},{"not_picked":["WheelKick","Replay:Anticipation"],"picked":"Replay:Vibes","floor":21},{"not_picked":["ThirdEye","DeceiveReality","Crescendo"],"picked":"SKIP","floor":24},{"not_picked":["SashWhip","ThirdEye","Conclude"],"picked":"SKIP","floor":27},{"not_picked":["WheelKick","EmptyBody","Wallop"],"picked":"SKIP","floor":28}],"player_experience":334994,"relics_obtained":[{"floor":8,"key":"MealTicket"},{"floor":14,"key":"hubris:OldNail"},{"floor":21,"key":"hubris:GlazedTorus"},{"floor":22,"key":"Chameleon Ring"},{"floor":26,"key":"hubris:TenFootPole"}],"event_choices":[{"damage_healed":18,"gold_gain":0,"player_choice":"Healed","damage_taken":0,"max_hp_gain":0,"max_hp_loss":0,"event_name":"The Cleric","floor":7,"gold_loss":35},{"damage_healed":0,"gold_gain":0,"player_choice":"Upgraded","damage_taken":0,"max_hp_gain":0,"max_hp_loss":0,"event_name":"Upgrade Shrine","floor":11,"gold_loss":0,"cards_upgraded":["Replay:LoomingThreat"]},{"damage_healed":0,"gold_gain":0,"player_choice":"Stole Relic","damage_taken":0,"relics_obtained":["conspire:TopHat"],"max_hp_gain":0,"max_hp_loss":0,"event_name":"Addict","floor":31,"gold_loss":0,"cards_obtained":["Shame"]}],"is_beta":false,"boss_relics":[{"not_picked":["Snecko Heart","Ring of Chaos"],"picked":"HolyWater"}],"items_purged_floors":[30],"is_endless":false,"potions_floor_spawned":[1,5,12,14,16,18,24,28],"killed_by":"Automaton","ascension_level":1}}