{"host":"36mulxq349byzoa2","time":1610077791,"event":{"mods":["AchievementEnabler","BaseMod","Better Match","Block Reminder","Colored Map","Colored Powertips","Minty Spire (QoL Compilation)","Rare Cards Sparkle","StSLib","SuperFastMode"],"gold_per_floor":[109,121,46,46,58,87,87,106,106,106,140,140,140,140],"floor_reached":13,"playtime":340,"items_purged":[],"score":181,"play_id":"710cc7e2-14e1-4615-8904-0549ceafdfdf","local_time":"20210107224951","is_ascension_mode":true,"campfire_choices":[{"data":"Neutralize","floor":7,"key":"SMITH"},{"data":"Blur","floor":10,"key":"SMITH"}],"circlet_count":0,"master_deck":["AscendersBane","Strike_G","Strike_G","Strike_G","Strike_G","Strike_G","Defend_G","Defend_G","Defend_G","Defend_G","Survivor","Neutralize+1","Well Laid Plans+1","Dagger Throw","Backstab","Blur+1","Prepared","Caltrops"],"relics":["Ring of the Snake","NeowsBlessing","Letter Opener","Gambling Chip","Pocketwatch","Molten Egg 2"],"acts_visited":["Exordium"],"potions_floor_usage":[6,6],"damage_taken":[{"damage":0,"enemies":"Cultist","floor":1,"turns":1},{"damage":0,"enemies":"2 Louse","floor":2,"turns":1},{"damage":0,"enemies":"Jaw Worm","floor":5,"turns":1},{"damage":25,"enemies":"Gremlin Nob","floor":6,"turns":4},{"damage":0,"enemies":"Blue Slaver","floor":8,"turns":4},{"damage":32,"enemies":"3 Sentries","floor":11,"turns":12},{"damage":17,"enemies":"Gremlin Nob","floor":13,"turns":3}],"seed_played":"7196791606699791723","potions_obtained":[{"floor":1,"key":"SkillPotion"},{"floor":2,"key":"ColorlessPotion"}],"is_trial":false,"path_per_floor":["M","M","?","?","M","E","R","M","T","R","E","T","E"],"character_chosen":"THE_SILENT","items_purchased":[],"campfire_rested":0,"item_purchase_floors":[],"current_hp_per_floor":[59,59,59,59,59,34,34,34,34,34,2,2,0,0],"gold":140,"neow_bonus":"THREE_ENEMY_KILL","is_daily":false,"chose_seed":false,"campfire_upgraded":2,"win_rate":0.0,"timestamp":1610077791,"path_taken":["M","M","?","?","?","E","R","M","T","R","E","?","E"],"items_purchased_type":[],"build_version":"2020-12-22","purchased_purges":0,"victory":false,"max_hp_per_floor":[66,66,66,66,66,66,66,66,66,66,66,66,66,66],"card_choices":[{"not_picked":["Catalyst","PiercingWail"],"picked":"Well Laid Plans","floor":1},{"not_picked":["PiercingWail","Blade Dance"],"picked":"Dagger Throw","floor":2},{"not_picked":["Dodge and Roll","Setup"],"picked":"Backstab","floor":5},{"not_picked":["Dash","Backflip"],"picked":"Blur","floor":6},{"not_picked":["Setup","Grand Finale"],"picked":"Prepared","floor":8},{"not_picked":["Catalyst","Finisher"],"picked":"Caltrops","floor":11}],"player_experience":1015769,"relics_obtained":[{"floor":6,"key":"Letter Opener"},{"floor":9,"key":"Gambling Chip"},{"floor":11,"key":"Pocketwatch"},{"floor":12,"key":"Molten Egg 2"}],"event_choices":[{"cards_removed":["Defend_G"],"damage_healed":0,"gold_gain":0,"player_choice":"Card Removal","damage_taken":0,"max_hp_gain":0,"max_hp_loss":0,"event_name":"The Cleric","floor":3,"gold_loss":75},{"damage_healed":0,"gold_gain":0,"player_choice":"Upgraded","damage_taken":0,"max_hp_gain":0,"max_hp_loss":0,"event_name":"Upgrade Shrine","floor":4,"gold_loss":0,"cards_upgraded":["Well Laid Plans"]}],"is_beta":false,"boss_relics":[],"items_purged_floors":[],"is_endless":false,"potions_floor_spawned":[1,2],"killed_by":"Gremlin Nob","ascension_level":19}}