{"host":"j4g6ia6asvpyu2b0","time":1610064653,"event":{"mods":["BaseMod","Colored Map","Minty Spire (QoL Compilation)","Permanent Neow","Quick Restart","Relic Stats","StSLib","Unceasing Turn Reminder"],"gold_per_floor":[119,134,134,134,151,151,151,176,200,214,239,256,287,299,299,299,299],"floor_reached":16,"playtime":420,"items_purged":[],"score":206,"play_id":"bba603fc-3d81-40c3-89f5-9907ff0cd2ad","local_time":"20210107171053","is_ascension_mode":true,"campfire_choices":[{"data":"Zap","floor":6,"key":"SMITH"},{"data":"Thunder Strike","floor":15,"key":"SMITH"}],"circlet_count":0,"master_deck":["Strike_B","Strike_B","Strike_B","Strike_B","Defend_B","Defend_B","Defend_B","Zap+1","Dualcast","BootSequence","White Noise","Glacier","Conserve Battery","Sweeping Beam","Compile Driver","Ball Lightning","Thunder Strike+1","Storm"],"relics":["Cracked Core","Omamori","Bronze Scales","Lantern","Strawberry","PreservedInsect","Nunchaku","Toxic Egg 2"],"acts_visited":["Exordium"],"potions_floor_usage":[8,14,14],"damage_taken":[{"damage":7,"enemies":"Small Slimes","floor":1,"turns":3},{"damage":0,"enemies":"2 Louse","floor":2,"turns":3},{"damage":0,"enemies":"Jaw Worm","floor":5,"turns":3},{"damage":13,"enemies":"Gremlin Nob","floor":8,"turns":4},{"damage":0,"enemies":"Large Slime","floor":10,"turns":7},{"damage":2,"enemies":"3 Sentries","floor":11,"turns":5},{"damage":6,"enemies":"3 Louse","floor":12,"turns":3},{"damage":0,"enemies":"Lagavulin","floor":13,"turns":5},{"damage":0,"enemies":"Lots of Slimes","floor":14,"turns":2},{"damage":18,"enemies":"The Guardian","floor":16,"turns":3}],"seed_played":"-1596102395919658686","potions_obtained":[{"floor":1,"key":"DuplicationPotion"},{"floor":2,"key":"DuplicationPotion"},{"floor":10,"key":"Swift Potion"},{"floor":13,"key":"DuplicationPotion"}],"is_trial":false,"path_per_floor":["M","M","?","?","M","R","T","E","T","M","E","M","E","M","R","B"],"character_chosen":"DEFECT","items_purchased":[],"campfire_rested":0,"item_purchase_floors":[],"current_hp_per_floor":[61,61,54,36,36,36,36,30,30,30,28,22,22,22,22,4,4],"gold":299,"neow_bonus":"RANDOM_COMMON_RELIC","is_daily":false,"chose_seed":false,"campfire_upgraded":2,"win_rate":0.0,"timestamp":1610064653,"path_taken":["M","M","?","?","M","R","?","E","T","M","E","M","E","M","R","BOSS"],"items_purchased_type":[],"build_version":"2020-12-22","purchased_purges":0,"victory":false,"max_hp_per_floor":[75,75,75,75,75,75,75,82,82,82,82,82,82,82,82,82,82],"relic_stats":{"Nunchaku":[1],"counters":[10,37],"Bronze Scales":[60],"PreservedInsect":62,"obtain_stats":[{"Lantern":7,"Nunchaku":11,"Bronze Scales":4,"Strawberry":8,"PreservedInsect":9,"Omamori":0,"Toxic Egg 2":13,"Cracked Core":0},{"Lantern":3,"Nunchaku":6,"Bronze Scales":2,"Strawberry":4,"PreservedInsect":4,"Omamori":0,"Toxic Egg 2":8,"Cracked Core":0},{"Lantern":9,"Nunchaku":25,"Bronze Scales":6,"Strawberry":13,"PreservedInsect":13,"Omamori":0,"Toxic Egg 2":32,"Cracked Core":0}]},"card_choices":[{"not_picked":["Cold Snap","Streamline"],"picked":"BootSequence","floor":1},{"not_picked":["Aggregate","Redo"],"picked":"White Noise","floor":2},{"not_picked":["Consume","Barrage"],"picked":"Glacier","floor":5},{"not_picked":["Stack","Force Field"],"picked":"Conserve Battery","floor":8},{"not_picked":["Redo","Barrage"],"picked":"Sweeping Beam","floor":10},{"not_picked":["Sunder","Lockon"],"picked":"Compile Driver","floor":11},{"not_picked":["Heatsinks","Hologram"],"picked":"Ball Lightning","floor":12},{"not_picked":["Doom and Gloom","Recycle+1"],"picked":"Thunder Strike","floor":13},{"not_picked":["Go for the Eyes","Steam+1"],"picked":"Storm","floor":14}],"player_experience":762730,"relics_obtained":[{"floor":7,"key":"Lantern"},{"floor":8,"key":"Strawberry"},{"floor":9,"key":"PreservedInsect"},{"floor":11,"key":"Nunchaku"},{"floor":13,"key":"Toxic Egg 2"}],"event_choices":[{"cards_removed":["Defend_B"],"damage_healed":0,"gold_gain":0,"player_choice":"Card Removal","damage_taken":7,"max_hp_gain":0,"max_hp_loss":0,"event_name":"Golden Wing","floor":3,"gold_loss":0},{"damage_healed":0,"gold_gain":0,"player_choice":"Success","damage_taken":18,"relics_obtained":["Bronze Scales"],"max_hp_gain":0,"max_hp_loss":0,"event_name":"Scrap Ooze","floor":4,"gold_loss":0}],"is_beta":false,"boss_relics":[],"items_purged_floors":[],"is_endless":false,"potions_floor_spawned":[1,2,10,13],"killed_by":"The Guardian","ascension_level":8}}