{"host":"jh7kh5nqtgzr3auj","time":1610127672,"event":{"mods":["AchievementEnabler","Act Like it!","BaseMod","CapriCore","Gensokyo","Highlight Path","Minty Spire (QoL Compilation)","Quick Restart","StSLib","TestMod","The Bug Knight"],"gold_per_floor":[113,132,132,148,167,202,57,57,57,27,27,57,57,82,82,386,386,401,401,401,401,46,77,327,362,362,362,572,452,12,23,23,128,128,144,84,97,25,25,60,60,385,437,437,437,468,468,168,168,168],"floor_reached":51,"playtime":4405,"items_purged":["HollowMod:NailStrikeStart","HollowMod:NailStrikeStart"],"score":1051,"play_id":"9547488c-9e87-413a-912b-129c895dfd8f","local_time":"20210109014112","is_ascension_mode":true,"campfire_choices":[{"data":"HollowMod:SoulEater","floor":13.0,"key":"SMITH"},{"data":"HollowMod:DashSlash","floor":15.0,"key":"SMITH"},{"data":"HollowMod:PerfectDash","floor":32,"key":"SMITH"},{"data":"1","floor":41,"key":"LIFT"},{"data":"HollowMod:ElderbugsWisdom","floor":49,"key":"SMITH"}],"circlet_count":0,"master_deck":["HollowMod:NailStrikeStart","HollowMod:NailStrikeStart","HollowMod:QuickDashStart","HollowMod:QuickDashStart","HollowMod:QuickDashStart","HollowMod:FocusHealStart","HollowMod:PogoStrike","HollowMod:LifebloodCore","HollowMod:NewLittleFool","HollowMod:DashSlash+1","HollowMod:SoulStrike","HollowMod:InfectedCysts","HollowMod:SoulEater+1","HollowMod:HornetsHelp+1","HollowMod:GoodIntentions","HollowMod:SoulMaster","HollowMod:PerfectDash+1","HollowMod:PerfectDash","HollowMod:GreatSlash+1","HollowMod:CloakDash","HollowMod:SoulSplash+1","HollowMod:CloakDash","HollowMod:BrokenVessel","HollowMod:SoulShaman","HollowMod:ElderbugsWisdom+1","HollowMod:LifebloodCocoon","HollowMod:DashSlash+1","testmod-RepeatForm","HollowMod:CornifersMapStart","HollowMod:Weaversong","CurseOfTheBell","Gensokyo:CustomPotion","HollowMod:GoodIntentions","HollowMod:WraithStrike","HollowMod:GoodIntentions+1","Injury","Gensokyo:PrivateSquare","Pride","HollowMod:CloakDash+1","Gensokyo:AllTheWorldsEvil","HollowMod:NewLastStag"],"relics":["HollowMod:VesselMask","testmod-TestBox","testmod-TurbochargingSystem","testmod-EqualTreatment","HollowMod:LumaflyLanternRelic","Ornamental Fan","Bottled Lightning","Cursed Key","Gensokyo:MosesMiracle","Orrery","Juzu Bracelet","Darkstone Periapt","Anchor","HollowMod:MantisClawRelic","Gensokyo:FoxMask","Lee\u0027s Waffle","Girya","Calling Bell","HollowMod:PaleOreRelic","Pear","testmod-InjuryResistance","Boot","testmod-Hope","testmod-Antiphasic","Eternal Feather","Toy Ornithopter","HornCleat"],"acts_visited":["Gensokyo:Gensokyo","Gensokyo:Gensokyoer","Gensokyo:Gensokyoest"],"potions_floor_usage":[42,50],"damage_taken":[{"damage":9.0,"enemies":"Gensokyo:Gryphon","floor":1.0,"turns":3.0},{"damage":0.0,"enemies":"Gensokyo:3_Fairies","floor":2.0,"turns":5.0},{"damage":2.0,"enemies":"Gensokyo:Python","floor":4.0,"turns":4.0},{"damage":0.0,"enemies":"Gensokyo:VengefulSpirit","floor":5.0,"turns":5.0},{"damage":35.0,"enemies":"Gensokyo:Aya","floor":6.0,"turns":6.0},{"damage":5.0,"enemies":"Gensokyo:Mamizou","floor":12.0,"turns":10.0},{"damage":15.0,"enemies":"Gensokyo:Aya","floor":14.0,"turns":5.0},{"damage":4.0,"enemies":"Gensokyo:Yukari","floor":16.0,"turns":14.0},{"damage":0.0,"enemies":"Gensokyo:2_Gloops","floor":18.0,"turns":4.0},{"damage":40.0,"enemies":"Gensokyo:Tenshi","floor":23.0,"turns":5.0},{"damage":19.0,"enemies":"Gensokyo:Reisen","floor":25.0,"turns":7.0},{"damage":11,"enemies":"Gensokyo:3_Dogs","floor":28,"turns":5},{"damage":0,"enemies":"Gensokyo:Wraith","floor":31,"turns":8},{"damage":2,"enemies":"Gensokyo:Eiki","floor":33,"turns":12},{"damage":0,"enemies":"Gensokyo:AncientGuardian","floor":35,"turns":16},{"damage":0,"enemies":"Gensokyo:3_Bats","floor":37,"turns":4},{"damage":22,"enemies":"Gensokyo:Doremy","floor":40,"turns":10},{"damage":12,"enemies":"Gensokyo:Kasen","floor":42,"turns":8},{"damage":17,"enemies":"Gensokyo:Marisa","floor":46,"turns":20},{"damage":0,"enemies":"Gensokyo:Yuyuko","floor":50,"turns":12}],"seed_played":"6229159893635496768","potions_obtained":[{"floor":2.0,"key":"Ancient Potion"},{"floor":4.0,"key":"testmod-SpacePotion"},{"floor":6.0,"key":"DistilledChaos"},{"floor":18.0,"key":"Ancient Potion"},{"floor":25.0,"key":"PowerPotion"},{"floor":35,"key":"BlessingOfTheForge"},{"floor":46,"key":"Swift Potion"}],"is_trial":false,"path_per_floor":["M","M","?","M","M","E","$","?","T","COS","$","?","R","E","R","B",null,"M","?","?","?","COS","E","?","E","T","?","M","?","$","M","R","B",null,"M","?","M","COS","?","E","R","E","T","?","?","E","T","?","R","B",null],"character_chosen":"THE_BUGKNIGHT","items_purchased":["HollowMod:HornetsHelp","Lee\u0027s Waffle","testmod-RepeatForm"],"campfire_rested":0,"item_purchase_floors":[7,30,30],"current_hp_per_floor":[51,61,61,69,75,50,50,50,50,50,50,57,57,48,48,56,75,75,75,75,75,75,41,41,28,34,34,23,23,84,84,84,84,100,100,100,100,100,100,88,88,76,82,88,88,83,89,89,113,113],"gold":168,"neow_bonus":"THREE_RARE_CARDS","is_daily":false,"chose_seed":false,"campfire_upgraded":4,"win_rate":0.0,"timestamp":1610127672,"path_taken":["M","M","?","M","M","E","?","?","T","COS","?","?","R","E","R","BOSS","M","?","?","?","COS","E","?","E","T","?","M","?","$","M","R","BOSS","M","?","M","COS","?","E","R","E","T","?","?","E","?","?","R","BOSS"],"items_purchased_type":["Card","Relic","Card"],"build_version":"2020-12-22","purchased_purges":2,"victory":true,"max_hp_per_floor":[75,75,75,75,75,75,75,75,75,75,75,75,75,75,75,75,75,75,75,75,75,75,75,71,71,77,77,77,77,84,84,84,84,100,100,100,100,100,100,100,100,100,106,112,112,112,118,118,118,118],"card_choices":[{"not_picked":["HollowMod:NewInfectedGuardian","HollowMod:LordofShades"],"picked":"HollowMod:LifebloodCore","floor":0.0},{"not_picked":["HollowMod:WraithStrike","HollowMod:DoubleDash"],"picked":"HollowMod:NewLittleFool","floor":1.0},{"not_picked":["HollowMod:TaintedHusks","HollowMod:NewLittleFool"],"picked":"HollowMod:DashSlash","floor":2.0},{"not_picked":["HollowMod:GrimmsGift","HollowMod:InfectedAttack"],"picked":"HollowMod:SoulStrike","floor":4.0},{"not_picked":["HollowMod:SiblingsSouls","HollowMod:WraithStrike"],"picked":"HollowMod:InfectedCysts","floor":5.0},{"not_picked":["HollowMod:HowlingWraiths","HollowMod:InfectedAttack"],"picked":"HollowMod:SoulEater","floor":6.0},{"not_picked":["HollowMod:NewJinnsSoul","HollowMod:SoulEater","HollowMod:NewLittleFool"],"picked":"SKIP","floor":12.0},{"not_picked":["HollowMod:DoubleDash","HollowMod:NewGlowingWomb"],"picked":"HollowMod:GoodIntentions","floor":14.0},{"not_picked":["HollowMod:VoidDash","HollowMod:HerrahsAnger"],"picked":"HollowMod:SoulMaster","floor":16.0},{"not_picked":["HollowMod:DescendingDark","HollowMod:DoubleDash"],"picked":"HollowMod:PerfectDash","floor":18.0},{"not_picked":["HollowMod:ChannelNail","HollowMod:RecoilStrike"],"picked":"HollowMod:GreatSlash+1","floor":22.0},{"not_picked":["HollowMod:SoulEater+1","HollowMod:InfectedCysts"],"picked":"HollowMod:CloakDash","floor":22.0},{"not_picked":["HollowMod:CrystalDash+1","HollowMod:DashSlash"],"picked":"HollowMod:SoulSplash","floor":22.0},{"not_picked":["HollowMod:SiblingsShadow","HollowMod:LifebloodCocoon+1"],"picked":"HollowMod:CloakDash","floor":22.0},{"not_picked":["HollowMod:GrimmsGift","HollowMod:LifebloodCocoon+1"],"picked":"HollowMod:BrokenVessel","floor":22.0},{"not_picked":["HollowMod:SoulMaster","HollowMod:SiblingsSouls+1"],"picked":"HollowMod:SoulShaman","floor":23.0},{"not_picked":["HollowMod:NewInfectedGuardian","HollowMod:Hiveblood"],"picked":"HollowMod:ElderbugsWisdom","floor":25.0},{"not_picked":["HollowMod:VengefulVoid","HollowMod:BaldurShell"],"picked":"HollowMod:LifebloodCocoon","floor":25.0},{"not_picked":["HollowMod:LuriensSpire+1","HollowMod:GrimmsGift+1"],"picked":"HollowMod:DashSlash+1","floor":28},{"not_picked":["HollowMod:QuirrelsAssistance","HollowMod:DoubleDash"],"picked":"HollowMod:CornifersMapStart","floor":31},{"not_picked":["HollowMod:theNailsmith","HollowMod:PureVessel"],"picked":"HollowMod:Weaversong","floor":33},{"not_picked":["HollowMod:InfectedCysts","HollowMod:DoubleDash","HollowMod:TaintedHusks"],"picked":"SKIP","floor":35},{"not_picked":["HollowMod:GreatSlash+1","HollowMod:HowlingWraiths"],"picked":"HollowMod:GoodIntentions","floor":37},{"not_picked":["HollowMod:RecoilStrike+1","HollowMod:VoidDash"],"picked":"HollowMod:WraithStrike","floor":40},{"not_picked":["HollowMod:AbyssShriek","HollowMod:InfectedCysts+1"],"picked":"HollowMod:GoodIntentions+1","floor":42},{"not_picked":["HollowMod:BrokenVessel+1","HollowMod:DashSlash+1"],"picked":"HollowMod:CloakDash+1","floor":46}],"player_experience":309263,"relics_obtained":[{"floor":6.0,"key":"testmod-EqualTreatment"},{"floor":9.0,"key":"HollowMod:LumaflyLanternRelic"},{"floor":12.0,"key":"Ornamental Fan"},{"floor":14.0,"key":"Bottled Lightning"},{"floor":23.0,"key":"Juzu Bracelet"},{"floor":25.0,"key":"Darkstone Periapt"},{"floor":26.0,"key":"Anchor"},{"floor":28,"key":"Gensokyo:MosesMiracle"},{"floor":34,"key":"HollowMod:PaleOreRelic"},{"floor":34,"key":"Pear"},{"floor":34,"key":"testmod-InjuryResistance"},{"floor":40,"key":"Boot"},{"floor":42,"key":"testmod-Hope"},{"floor":43,"key":"testmod-Antiphasic"},{"floor":46,"key":"Toy Ornithopter"},{"floor":47,"key":"HornCleat"}],"event_choices":[],"is_beta":false,"boss_relics":[{"not_picked":["testmod-Nine","Pandora\u0027s Box"],"picked":"Cursed Key"},{"not_picked":["testmod-StringDisintegrator","testmod-SaigiyounoYou"],"picked":"Calling Bell"}],"items_purged_floors":[7,30],"is_endless":false,"potions_floor_spawned":[2,4,6,18,25,35,46],"ascension_level":3}}