{"host":"0jugj35n0ams2iav","time":1610125459,"event":{"mods":["BaseMod","Downfall","Hubris","Minty Spire (QoL Compilation)","Replay The Spire","StSLib","The Cursed","The Marked"],"gold_per_floor":[110,73,348,99,119,148,168,168,168,168,168,68,99,115,115,213,213,233,253,128,128,128,128,155,155,224,244,12,23,40,66,66,161,161,176,196,196,43,54,84,84,96,123,143,0,0,0,0,0,0],"floor_reached":51,"playtime":4451,"items_purged":["Regret","Strike_R","Defend_R","Strike_R"],"score":831,"play_id":"a93e58b0-ae8e-4601-9b4d-65e25e9ecb32","local_time":"20210108170419","is_ascension_mode":true,"campfire_choices":[{"data":"Defend_R","floor":8.0,"key":"SMITH"},{"data":"Heavy Blade","floor":10.0,"key":"SMITH"},{"floor":15.0,"key":"REST"},{"data":"Bash","floor":23.0,"key":"SMITH"},{"data":"Spot Weakness","floor":25.0,"key":"SMITH"},{"data":"Strike_R","floor":32.0,"key":"PURGE"},{"data":"Demon Form","floor":41.0,"key":"SMITH"},{"data":"Limit Break","floor":49,"key":"SMITH"}],"circlet_count":0,"master_deck":["Strike_R","Defend_R+1","Defend_R+1","Defend_R+1","Bash+1","Heavy Blade+1","Spot Weakness+1","Master of Strategy","hubris:SharpeningStone","Spot Weakness+1","ReplayTheSpireMod:Private Reserves","ReplayTheSpireMod:Stacked","Entrench+1","Demon Form+1","Limit Break+1"],"relics":["ReplayTheSpireMod:DimensionalGlitch","hubris:MysteriousPyramids","Oddly Smooth Stone","HornCleat","SlaversCollar","Replay:Multitool","ReplayTheSpireMod:Ninjato","Replay:Rubber Ducky","Replay:Grab Bag","Coffee Dripper","hubris:VirtuousBlindfold","hubris:Backtick","Simple Rune","hubris:Towel","War Paint","Toy Ornithopter","Bronze Scales","Membership Card","Calipers"],"acts_visited":["Exordium","TheCity","TheBeyond"],"potions_floor_usage":[42,50],"damage_taken":[{"damage":1.0,"enemies":"Cultist","floor":1.0,"turns":3.0},{"damage":3.0,"enemies":"2 Louse","floor":5.0,"turns":2.0},{"damage":30.0,"enemies":"Lagavulin","floor":6.0,"turns":6.0},{"damage":7.0,"enemies":"Jaw Worm","floor":7.0,"turns":2.0},{"damage":14.0,"enemies":"3 Sentries","floor":13.0,"turns":6.0},{"damage":0.0,"enemies":"Blue Slaver","floor":14.0,"turns":3.0},{"damage":23.0,"enemies":"Hexaghost","floor":16.0,"turns":7.0},{"damage":0.0,"enemies":"Chosen","floor":18.0,"turns":4.0},{"damage":0.0,"enemies":"Shell Parasite","floor":19.0,"turns":3.0},{"damage":4.0,"enemies":"Gremlin Leader","floor":24.0,"turns":3.0},{"damage":14.0,"enemies":"Centurion and Healer","floor":27.0,"turns":5.0},{"damage":3.0,"enemies":"Chosen and Byrds","floor":29.0,"turns":3.0},{"damage":3.0,"enemies":"Snecko","floor":30.0,"turns":4.0},{"damage":9.0,"enemies":"Book of Stabbing","floor":31.0,"turns":4.0},{"damage":36.0,"enemies":"Champ","floor":33.0,"turns":7.0},{"damage":0.0,"enemies":"3 Shapes","floor":35.0,"turns":5.0},{"damage":0.0,"enemies":"3 Darklings","floor":36.0,"turns":5.0},{"damage":4.0,"enemies":"Jaw Worm Horde","floor":39.0,"turns":3.0},{"damage":0.0,"enemies":"Giant Head","floor":40.0,"turns":6.0},{"damage":0,"enemies":"4 Shapes","floor":42,"turns":9},{"damage":0,"enemies":"Writhing Mass","floor":44,"turns":4},{"damage":20,"enemies":"Awakened One","floor":50,"turns":7}],"seed_played":"7900008014468470416","potions_obtained":[{"floor":1.0,"key":"Swift Potion"},{"floor":13.0,"key":"Slimebound:ThreeZeroPotion"},{"floor":14.0,"key":"Cursed Concoction"},{"floor":16.0,"key":"hexamod:EctoCoolerPotion"},{"floor":24.0,"key":"Swift Potion"},{"floor":29.0,"key":"Strength Potion"},{"floor":30.0,"key":"Swift Potion"},{"floor":31.0,"key":"Block Potion"},{"floor":35.0,"key":"SteroidPotion"},{"floor":44,"key":"Explosive Potion"}],"is_trial":false,"path_per_floor":["M","$","?","$","M","E","M","R","T","R","?","$","E","M","R","B",null,"M","M","$","?","?","R","E","R","T","M","$","M","M","E","R","B",null,"M","M","?","$","M","E","R","M","T","M","$","?","T","$","R","B",null],"character_chosen":"IRONCLAD","items_purchased":["Spot Weakness","Master of Strategy","ReplayTheSpireMod:Private Reserves","War Paint","Membership Card"],"campfire_rested":1,"item_purchase_floors":[2,4,28,38,45],"current_hp_per_floor":[79,79,79,79,76,46,39,39,39,39,39,39,25,25,49,26,80,80,80,80,80,80,80,76,76,76,62,62,59,56,47,47,11,80,80,80,80,80,76,76,76,79,79,79,79,79,79,79,79,60],"gold":0,"neow_bonus":"BOSS_RELIC","is_daily":false,"chose_seed":false,"campfire_upgraded":6,"win_rate":0.0,"timestamp":1610125459,"path_taken":["M","$","?","?","M","E","M","R","T","R","?","$","E","?","R","BOSS","M","M","$","?","?","R","E","R","T","M","$","M","M","E","R","BOSS","M","M","?","$","M","E","R","M","T","M","$","?","?","?","R","BOSS"],"items_purchased_type":["Card","Card","Card","Relic","Relic"],"build_version":"2020-12-22","purchased_purges":4,"victory":true,"max_hp_per_floor":[80,80,80,80,80,80,80,80,80,80,80,80,80,80,80,80,80,80,80,80,80,80,80,80,80,80,80,80,80,80,80,80,80,80,80,80,80,80,80,80,80,80,80,80,80,80,80,80,80,80],"card_choices":[{"not_picked":["Burning Pact","Pummel"],"picked":"Heavy Blade","floor":1.0},{"not_picked":["hubris:SharpeningStone","Wild Strike","ReplayTheSpireMod:Corrosion Curse"],"picked":"SKIP","floor":5.0},{"not_picked":["Combust","Anger"],"picked":"hubris:SharpeningStone","floor":6.0},{"not_picked":["Armaments","Shockwave","Shrug It Off"],"picked":"SKIP","floor":7.0},{"not_picked":["Wild Strike","Run Through","Havoc"],"picked":"SKIP","floor":13.0},{"not_picked":["Carnage","Clash","ReplayReversal"],"picked":"SKIP","floor":14.0},{"not_picked":["hubris:CleavingFinish","Shrug It Off","Shockwave"],"picked":"SKIP","floor":18.0},{"not_picked":["Perfected Strike+1","Blood for Blood+1","ReplayTheSpireMod:Strike From Hell"],"picked":"SKIP","floor":19.0},{"not_picked":["Heavy Blade","Twin Strike+1","Wild Strike"],"picked":"SKIP","floor":24.0},{"not_picked":["Thunderclap+1","Clash","Sword Boomerang+1"],"picked":"SKIP","floor":27.0},{"not_picked":["ReplayTheSpireMod:Strike From Hell+1","Headbutt","Perfected Strike"],"picked":"SKIP","floor":29.0},{"not_picked":["Body Slam+1","Headbutt+1"],"picked":"ReplayTheSpireMod:Stacked","floor":30.0},{"not_picked":["hubris:ReadiedAction","Second Wind"],"picked":"Entrench+1","floor":31.0},{"not_picked":["hubris:StunningStrike","Offering"],"picked":"Demon Form","floor":33.0},{"not_picked":["Sword Boomerang+1","Dark Embrace","Anger"],"picked":"SKIP","floor":35.0},{"not_picked":["Headbutt","Hemokinesis+1","Flame Barrier+1"],"picked":"SKIP","floor":36.0},{"not_picked":["Pommel Strike","Iron Wave+1","Perfected Strike+1"],"picked":"SKIP","floor":39.0},{"not_picked":["Clash","Anger","Run Through"],"picked":"SKIP","floor":40.0},{"not_picked":["Run Through+1","Twin Strike+1"],"picked":"Limit Break","floor":42},{"not_picked":["Burning Pact","Abandon+1","Sword Boomerang"],"picked":"SKIP","floor":44}],"player_experience":150970,"relics_obtained":[{"floor":6.0,"key":"hubris:MysteriousPyramids"},{"floor":9.0,"key":"Oddly Smooth Stone"},{"floor":13.0,"key":"HornCleat"},{"floor":24.0,"key":"Replay:Multitool"},{"floor":26.0,"key":"ReplayTheSpireMod:Ninjato"},{"floor":31.0,"key":"Replay:Rubber Ducky"},{"floor":40.0,"key":"Toy Ornithopter"},{"floor":43,"key":"Bronze Scales"},{"floor":47,"key":"Calipers"}],"event_choices":[{"damage_healed":0.0,"max_hp_gain":0.0,"max_hp_loss":0.0,"gold_gain":275.0,"event_name":"Golden Shrine","player_choice":"Desecrate","floor":3.0,"gold_loss":0.0,"damage_taken":0.0,"cards_obtained":["Regret"]},{"cards_removed":["Strike_R"],"damage_healed":0.0,"max_hp_gain":0.0,"max_hp_loss":0.0,"gold_gain":0.0,"event_name":"Living Wall","player_choice":"Forget","floor":11.0,"gold_loss":0.0,"damage_taken":0.0},{"damage_healed":0.0,"max_hp_gain":0.0,"max_hp_loss":0.0,"gold_gain":0.0,"event_name":"Cursed Tome","player_choice":"Ignored","floor":21.0,"gold_loss":0.0,"damage_taken":0.0},{"damage_healed":0.0,"max_hp_gain":0.0,"max_hp_loss":0.0,"gold_gain":0.0,"event_name":"Duplicator","player_choice":"Copied","floor":22.0,"gold_loss":0.0,"damage_taken":0.0,"cards_obtained":["Spot Weakness"]},{"damage_healed":0,"gold_gain":0,"player_choice":"Memory 1","damage_taken":0,"max_hp_gain":0,"max_hp_loss":0,"event_name":"SensoryStone","floor":46,"gold_loss":0}],"is_beta":false,"boss_relics":[{"not_picked":["Kintsugi","Astrolabe"],"picked":"SlaversCollar"},{"not_picked":["hubris:ScarierMask","Black Star"],"picked":"Replay:Grab Bag"},{"not_picked":["ChewingGum","hubris:TerracottaHorce"],"picked":"Coffee Dripper"},{"not_picked":["Electric Blood","Replay:Bronze Core"],"picked":"hubris:VirtuousBlindfold"},{"not_picked":["SacredBark","Runic Pyramid"],"picked":"hubris:Backtick"}],"items_purged_floors":[4,12,20,28],"is_endless":false,"potions_floor_spawned":[1,13,14,16,24,29,30,31,35,44],"ascension_level":3}}