{"host":"Ian","time":1610141283,"event":{"mods":["BaseMod","Bestiary","Block Reminder","Colored Map","Highlight Path","Key Reminder","Minty Spire (QoL Compilation)","Relic Stats"],"gold_per_floor":[117,131,131,131,146,146,180,180,180,200,243,261,261,277,277,277,277],"floor_reached":16,"playtime":518,"items_purged":[],"score":224,"play_id":"cce83912-c55e-4b1b-9ada-01d80327e146","local_time":"20210108212803","is_ascension_mode":true,"campfire_choices":[{"data":"Carnage","floor":6,"key":"SMITH"},{"data":"Anger","floor":8,"key":"SMITH"},{"data":"True Grit","floor":15,"key":"SMITH"}],"circlet_count":0,"master_deck":["AscendersBane","Strike_R","Strike_R","Strike_R","Strike_R","Strike_R","Defend_R","Defend_R","Defend_R","Defend_R","Bash","Carnage+1","Anger+1","Headbutt","True Grit+1","Burning Pact","Power Through","Armaments"],"relics":["Burning Blood","Art of War","Golden Idol","Mercury Hourglass","Boot","keyreminder:keyreminder","Omamori","CultistMask"],"acts_visited":["Exordium"],"potions_floor_usage":[11,16],"damage_taken":[{"damage":6,"enemies":"Jaw Worm","floor":1,"turns":5},{"damage":10,"enemies":"Small Slimes","floor":2,"turns":4},{"damage":0,"enemies":"2 Louse","floor":5,"turns":2},{"damage":25,"enemies":"Lagavulin","floor":7,"turns":5},{"damage":1,"enemies":"Lots of Slimes","floor":10,"turns":3},{"damage":10,"enemies":"3 Sentries","floor":11,"turns":4},{"damage":0,"enemies":"Large Slime","floor":12,"turns":3},{"damage":4,"enemies":"2 Fungi Beasts","floor":14,"turns":3},{"damage":53,"enemies":"Hexaghost","floor":16,"turns":9}],"seed_played":"-5469354875960722439","potions_obtained":[{"floor":1,"key":"DuplicationPotion"},{"floor":2,"key":"Ancient Potion"},{"floor":14,"key":"SpeedPotion"}],"is_trial":false,"path_per_floor":["M","M","?","?","M","R","E","R","T","M","E","M","?","M","R","B"],"character_chosen":"IRONCLAD","items_purchased":[],"campfire_rested":0,"item_purchase_floors":[],"current_hp_per_floor":[68,64,64,53,59,59,40,40,40,45,41,47,47,49,49,0,0],"gold":277,"neow_bonus":"RANDOM_COMMON_RELIC","is_daily":false,"chose_seed":false,"campfire_upgraded":3,"win_rate":0.0,"timestamp":1610141283,"path_taken":["M","M","?","?","M","R","E","R","T","M","E","?","?","M","R","BOSS"],"items_purchased_type":[],"build_version":"2020-12-18","purchased_purges":0,"victory":false,"max_hp_per_floor":[75,75,68,68,68,68,68,68,68,68,68,68,68,68,68,68,68],"relic_stats":{"counters":[9,38],"Golden Idol":30,"Art of War":[1],"Boot":[3],"obtain_stats":[{"keyreminder:keyreminder":9,"Golden Idol":3,"CultistMask":13,"Art of War":0,"Omamori":11,"Boot":7,"Burning Blood":0,"Mercury Hourglass":4},{"keyreminder:keyreminder":4,"Golden Idol":2,"CultistMask":7,"Art of War":0,"Omamori":6,"Boot":4,"Burning Blood":0,"Mercury Hourglass":2},{"keyreminder:keyreminder":16,"Golden Idol":9,"CultistMask":26,"Art of War":0,"Omamori":23,"Boot":16,"Burning Blood":0,"Mercury Hourglass":9}],"Burning Blood":48,"Mercury Hourglass":[123]},"card_choices":[{"not_picked":["Cleave","Fire Breathing"],"picked":"Carnage","floor":1},{"not_picked":["Body Slam","Heavy Blade"],"picked":"Anger","floor":2},{"not_picked":["Anger","Heavy Blade","Warcry"],"picked":"SKIP","floor":5},{"not_picked":["Body Slam","Clothesline"],"picked":"Headbutt","floor":7},{"not_picked":["Cleave","Carnage"],"picked":"True Grit","floor":10},{"not_picked":["True Grit","Dual Wield"],"picked":"Burning Pact","floor":11},{"not_picked":["Armaments","Whirlwind"],"picked":"Power Through","floor":12},{"not_picked":["Havoc","Sword Boomerang"],"picked":"Armaments","floor":14}],"player_experience":2652459,"relics_obtained":[{"floor":7,"key":"Boot"},{"floor":11,"key":"Omamori"}],"event_choices":[{"damage_healed":0,"gold_gain":0,"player_choice":"Lose Max HP","damage_taken":0,"relics_obtained":["Golden Idol"],"max_hp_gain":0,"max_hp_loss":7,"event_name":"Golden Idol","floor":3,"gold_loss":0},{"damage_healed":0,"gold_gain":0,"player_choice":"Success","damage_taken":11,"relics_obtained":["Mercury Hourglass"],"max_hp_gain":0,"max_hp_loss":0,"event_name":"Scrap Ooze","floor":4,"gold_loss":0},{"damage_healed":0,"gold_gain":0,"player_choice":"Trade","damage_taken":0,"relics_obtained":["CultistMask"],"max_hp_gain":0,"max_hp_loss":0,"event_name":"FaceTrader","floor":13,"gold_loss":0}],"is_beta":true,"boss_relics":[],"items_purged_floors":[],"is_endless":false,"potions_floor_spawned":[1,2,5,14],"killed_by":"Hexaghost","ascension_level":20}}