{"host":"a1u4jo6xlg3w0wsm","time":1610099570,"event":{"mods":["BaseMod","Better Third Choice","DeckTracker","Downfall","Hermit","Hubris","Minty Spire (QoL Compilation)","Replay The Spire","StSLib"],"gold_per_floor":[111,111,123,123,137,137,152,178,204,238,203,203,203,219,219,318,318,334,354,40,40,40],"floor_reached":21,"playtime":1074,"items_purged":[],"score":215,"play_id":"c4090998-42e3-45bf-874b-ef62ddd197c0","local_time":"20210108225250","is_ascension_mode":true,"campfire_choices":[{"data":"hermit:CursedWeapon","floor":6.0,"key":"SMITH"},{"floor":13.0,"key":"REST"},{"data":"hermit:ShadowCloak","floor":15.0,"key":"SMITH"}],"circlet_count":0,"master_deck":["hermit:Strike_Hermit","hermit:Strike_Hermit","hermit:Strike_Hermit","hermit:Strike_Hermit","hermit:Defend_Hermit+1","hermit:Defend_Hermit","hermit:Defend_Hermit","hermit:Defend_Hermit+1","hermit:Snapshot","hermit:Covet","hermit:FromBeyond","hermit:CursedWeapon+1","hermit:Quickdraw","hermit:Spite","hermit:CalledShot","hermit:Glare","hermit:ShadowCloak+1","hermit:FatalDesire","hermit:FlashPowder+1","hermit:FlashPowder","hermit:Determination"],"relics":["hermit:Momento","CultistMask","War Paint","PreservedInsect","hubris:ToyBattleship","Black Star","hubris:Reverence"],"acts_visited":["Exordium","TheCity"],"potions_floor_usage":[18,21],"damage_taken":[{"damage":5.0,"enemies":"2 Louse","floor":1.0,"turns":3.0},{"damage":2.0,"enemies":"Small Slimes","floor":3.0,"turns":3.0},{"damage":3.0,"enemies":"Cultist","floor":5.0,"turns":3.0},{"damage":16.0,"enemies":"Exordium Thugs","floor":7.0,"turns":4.0},{"damage":9.0,"enemies":"Gremlin Nob","floor":10.0,"turns":3.0},{"damage":2.0,"enemies":"Gremlin Gang","floor":14.0,"turns":3.0},{"damage":9.0,"enemies":"Slime Boss","floor":16.0,"turns":5.0},{"damage":11,"enemies":"3 Byrds","floor":18,"turns":7},{"damage":2,"enemies":"Chosen","floor":19,"turns":3},{"damage":12,"enemies":"3 Cultists","floor":21,"turns":5}],"seed_played":"-3348600008508510398","potions_obtained":[{"floor":5.0,"key":"DistilledChaos"},{"floor":7.0,"key":"champ:CounterPotion"},{"floor":12.0,"key":"ColorlessPotion"},{"floor":12.0,"key":"DuplicationPotion"},{"floor":12.0,"key":"Guardian:BlockOnCardUsePotion"},{"floor":19,"key":"Swift Potion"}],"is_trial":false,"path_per_floor":["M","?","M","?","M","R","M","T","T","E","$","?","R","M","R","B",null,"M","M","$","M"],"character_chosen":"HERMIT","items_purchased":["hermit:ShadowCloak","hermit:Determination","hubris:Reverence"],"campfire_rested":1,"item_purchase_floors":[11,20,20],"current_hp_per_floor":[70,70,68,68,65,65,49,49,49,40,40,40,62,60,60,51,75,64,62,62,50,50],"gold":40,"neow_bonus":"ONE_RANDOM_RARE_CARD","is_daily":false,"chose_seed":false,"campfire_upgraded":2,"win_rate":0.0,"timestamp":1610099570,"path_taken":["M","?","M","?","?","R","M","?","T","E","$","?","R","M","R","BOSS","M","M","$","M"],"items_purchased_type":["Card","Card","Relic"],"build_version":"2020-12-13","purchased_purges":0,"victory":false,"max_hp_per_floor":[75,75,75,75,75,75,75,75,75,75,75,75,75,75,75,75,75,75,75,75,75,75],"card_choices":[{"not_picked":["hermit:HighCaliber","hermit:Spite"],"picked":"hermit:CursedWeapon","floor":1.0},{"not_picked":["hermit:Headshot","hermit:ItchyTrigger"],"picked":"hermit:Quickdraw","floor":3.0},{"not_picked":["hermit:Ricochet","hermit:Coalescence"],"picked":"hermit:Spite","floor":5.0},{"not_picked":["hermit:Vantage","hermit:Feint"],"picked":"hermit:CalledShot","floor":7.0},{"not_picked":["hermit:WideOpen","hermit:TakeAim"],"picked":"hermit:Glare","floor":10.0},{"not_picked":["hermit:Feint","hermit:WideOpen","hermit:Magnum"],"picked":"SKIP","floor":14.0},{"not_picked":["hermit:EternalForm","hermit:DeadOrAlive"],"picked":"hermit:FatalDesire","floor":16.0},{"not_picked":["hermit:LowProfile+1","hermit:HoleUp+1"],"picked":"hermit:FlashPowder+1","floor":18},{"not_picked":["hermit:NoHoldsBarred","hermit:Roulette"],"picked":"hermit:FlashPowder","floor":19}],"player_experience":314254,"relics_obtained":[{"floor":8.0,"key":"War Paint"},{"floor":9.0,"key":"PreservedInsect"},{"floor":10.0,"key":"hubris:ToyBattleship"}],"event_choices":[{"damage_healed":0.0,"max_hp_gain":0.0,"max_hp_loss":0.0,"gold_gain":0.0,"event_name":"The Cleric","player_choice":"Leave","floor":2.0,"gold_loss":0.0,"damage_taken":0.0},{"damage_healed":0.0,"max_hp_gain":0.0,"max_hp_loss":0.0,"gold_gain":0.0,"event_name":"FaceTrader","player_choice":"Trade","floor":4.0,"gold_loss":0.0,"damage_taken":0.0,"relics_obtained":["CultistMask"]},{"damage_healed":0.0,"max_hp_gain":0.0,"max_hp_loss":0.0,"gold_gain":0.0,"event_name":"Lab","player_choice":"Got Potions","floor":12.0,"gold_loss":0.0,"damage_taken":0.0}],"is_beta":false,"boss_relics":[{"not_picked":["Replay:Bronze Core","Painkiller Herb"],"picked":"Black Star"}],"items_purged_floors":[],"is_endless":false,"potions_floor_spawned":[5,7,14,19],"killed_by":"3 Cultists","ascension_level":4}}