{"host":"08z5bj28eube4vug","time":1610066028,"event":{"mods":["2.2 Compatiblity","Abigail Mod","Act Like it!","BaseMod","Beaked The Cultist","Bestiary","Friendly Minions","Gensokyo","GungeonMod","Hallownest","Kiyohime????","Koishi","Lobotomy","Marisa????????","Minty Spire (QoL Compilation)","Prisma Mod","Remilia??????","Replay The Spire","StSLib","Td1madao Mod","The Alterego","The Bug Knight","The Jungle","The Sage","The Senshi","The Servant 0.9.4","Waifu the Spire","WarShipGirlsR/????R mod","Yuri Mod"],"gold_per_floor":[113,56,70,70,70,70,114,114,186,225,225,276,276,315,315,471,534,575,91,31,31,31,31,81,125,174,229,291,291,365,40,40,207,207,253,286,386,432,512,512,607,661,661,707,814,814,855,900,900,910],"floor_reached":51,"playtime":2655,"items_purged":["Injury"],"score":1081,"play_id":"b884b49a-2b89-491e-be06-7727e05d30c0","local_time":"20210108033348","is_ascension_mode":true,"campfire_choices":[{"data":"alterego_mod:BigMeatyClaws","floor":6,"key":"SMITH"},{"data":"alterego_mod:ChallengeComplete","floor":8,"key":"SMITH"},{"floor":11,"key":"REST"},{"data":"1","floor":13,"key":"LIFT"},{"data":"2","floor":15,"key":"LIFT"},{"data":"3","floor":23,"key":"LIFT"},{"data":"alterego_mod:Palingenesis","floor":29,"key":"SMITH"},{"data":"alterego_mod:Venus","floor":32,"key":"SMITH"},{"floor":40,"key":"REST"},{"data":"alterego_mod:Pet","floor":46,"key":"SMITH"},{"floor":49,"key":"DIG"}],"circlet_count":0,"master_deck":["alterego_mod:Strike","alterego_mod:Strike","alterego_mod:Strike","alterego_mod:Strike","alterego_mod:Defend","alterego_mod:Defend","alterego_mod:Defend+1","alterego_mod:Defend","alterego_mod:Impale","alterego_mod:BigMeatyClaws+1","alterego_mod:BrynhildrsRune","alterego_mod:ChallengeComplete+1","alterego_mod:SakuraLabyrinth","alterego_mod:SakuraLabyrinth","alterego_mod:Birthday","alterego_mod:SakuraFive","alterego_mod:Palingenesis+1","alterego_mod:Pet+1","Shame","alterego_mod:BiFurious","alterego_mod:Venus+1","alterego_mod:Nekomimi+1","alterego_mod:Rip+1","alterego_mod:Weigh","alterego_mod:MagicResistance","alterego_mod:Undulate+1","alterego_mod:PresenceConcealment+1","Replay:Hysterical Blindness","alterego_mod:ChallengeComplete+1","alterego_mod:Mirror+1","ReplayTheSpireMod:Splinters","alterego_mod:BeGentle","alterego_mod:Pet+1","alterego_mod:DiscoLights+1"],"relics":["ChewingGum","Golden Idol","Replay:Bandana","Chameleon Ring","Girya","Tiny House","DemoMod:MeltedRock","Toy Ornithopter","Bag of Marbles","Pen Nib","DemoMod:RingOfEthereal","ReplayTheSpireMod:Shallot","Cursed Key","DemoMod:ResourcefulSack","HollowMod:PaleOreRelic","Ancient Tea Set","Thread and Needle","InkBottle"],"acts_visited":["Exordium","TheCity","TheBeyond"],"potions_floor_usage":[7,7,24,28,28,30,33,33,33,41,45,47,48,50],"damage_taken":[{"damage":0,"enemies":"Small Slimes","floor":1,"turns":2},{"damage":1,"enemies":"Jaw Worm","floor":3,"turns":3},{"damage":28,"enemies":"3 Sentries","floor":7,"turns":8},{"damage":23,"enemies":"Lagavulin","floor":10,"turns":8},{"damage":1,"enemies":"2 Louse","floor":12,"turns":3},{"damage":3,"enemies":"Looter","floor":14,"turns":2},{"damage":0,"enemies":"Slime Boss","floor":16,"turns":4},{"damage":3,"enemies":"Spheric Guardian","floor":18,"turns":4},{"damage":20,"enemies":"3 Byrds","floor":24,"turns":5},{"damage":16,"enemies":"Sentry and Sphere","floor":25,"turns":5},{"damage":0,"enemies":"Centurion and Healer","floor":27,"turns":4},{"damage":0,"enemies":"Gremlin Leader","floor":28,"turns":6},{"damage":11,"enemies":"Cultist and Chosen","floor":30,"turns":5},{"damage":0,"enemies":"Automaton","floor":33,"turns":6},{"damage":2,"enemies":"3 Darklings","floor":35,"turns":4},{"damage":39,"enemies":"3 Shapes","floor":36,"turns":5},{"damage":4,"enemies":"2 Orb Walkers","floor":37,"turns":4},{"damage":11,"enemies":"Jaw Worm Horde","floor":38,"turns":3},{"damage":19,"enemies":"Giant Head","floor":41,"turns":8},{"damage":3,"enemies":"Spire Growth","floor":44,"turns":2},{"damage":0,"enemies":"Mind Bloom Boss Battle","floor":45,"turns":6},{"damage":0,"enemies":"3 Darklings","floor":47,"turns":2},{"damage":21,"enemies":"Writhing Mass","floor":48,"turns":2},{"damage":47,"enemies":"Donu and Deca","floor":50,"turns":10}],"seed_played":"6777934325634017746","potions_obtained":[{"floor":1,"key":"Venom Potion"},{"floor":3,"key":"Weak Potion"},{"floor":10,"key":"LiquidMemories"},{"floor":16,"key":"Weak Potion"},{"floor":17,"key":"SpyderVenomPotion"},{"floor":24,"key":"Dexterity Potion"},{"floor":28,"key":"SkillPotion"},{"floor":30,"key":"LifebloodPotion"},{"floor":38,"key":"Toxic Potion"},{"floor":39,"key":"Weak Potion"},{"floor":39,"key":"sagemod:Wine"},{"floor":44,"key":"DemoMod:LeadSkinPotion"},{"floor":47,"key":"LiquidMemories"},{"floor":48,"key":"Ancient Potion"}],"is_trial":false,"path_per_floor":["M","$","M","?","?","R","E","R","T","E","R","M","R","M","R","B",null,"M","$","?","?","?","R","M","M","T","M","E","R","M","$","R","B",null,"M","M","?","M","?","R","E","T","T","M","?","R","M","M","R","B",null],"character_chosen":"The_Alterego","items_purchased":["alterego_mod:SakuraLabyrinth","DemoMod:MeltedRock","Toy Ornithopter","ReplayTheSpireMod:Shallot","Adrenaline Potion"],"campfire_rested":2,"item_purchase_floors":[2,19,19,31,31],"current_hp_per_floor":[70,70,69,69,69,69,43,43,43,22,43,44,44,43,43,45,69,68,68,68,68,68,68,62,48,48,50,62,62,58,58,58,75,75,73,36,48,37,37,59,54,54,54,51,65,65,72,56,56,16],"gold":910,"neow_bonus":"BOSS_RELIC","is_daily":false,"chose_seed":false,"campfire_upgraded":5,"win_rate":0.0,"timestamp":1610066028,"path_taken":["M","$","M","?","?","R","E","R","T","E","R","M","R","M","R","BOSS","M","$","?","?","?","R","M","M","T","M","E","R","M","$","R","BOSS","M","M","?","M","?","R","E","?","T","?","?","R","M","M","R","BOSS"],"items_purchased_type":["Card","Relic","Relic","Relic","Potion"],"build_version":"2020-12-22","purchased_purges":1,"victory":true,"max_hp_per_floor":[70,70,70,70,70,70,70,70,70,70,70,70,70,70,70,70,75,75,75,75,75,75,75,75,75,75,75,75,75,75,75,75,75,75,75,75,75,75,75,75,75,75,75,75,75,75,75,75,75,75],"card_choices":[{"not_picked":["alterego_mod:Birthday","alterego_mod:Bounce"],"picked":"alterego_mod:ChallengeComplete","floor":1},{"not_picked":["alterego_mod:DiscoLights","alterego_mod:Complex"],"picked":"alterego_mod:Birthday","floor":3},{"not_picked":["alterego_mod:HighServant","alterego_mod:Valkyrie","alterego_mod:DestructionOfProperty"],"picked":"SKIP","floor":7},{"not_picked":["alterego_mod:1TonWallop","alterego_mod:Alter"],"picked":"alterego_mod:SakuraFive","floor":10},{"not_picked":["alterego_mod:Maid","alterego_mod:DeftHands","alterego_mod:BoobPocket"],"picked":"SKIP","floor":12},{"not_picked":["alterego_mod:TrashNCrash","alterego_mod:SideboobHour","alterego_mod:Valentines"],"picked":"SKIP","floor":14},{"not_picked":["alterego_mod:VirginLaserPalladion","alterego_mod:SideboobHour"],"picked":"alterego_mod:Palingenesis","floor":16},{"not_picked":["alterego_mod:GoddessCore","alterego_mod:PresenceConcealment"],"picked":"alterego_mod:Pet","floor":17},{"not_picked":["alterego_mod:BusterCard+1","alterego_mod:Punishment","alterego_mod:Bunnysuit"],"picked":"SKIP","floor":18},{"not_picked":["alterego_mod:DustData+1","alterego_mod:Cooking"],"picked":"alterego_mod:BiFurious","floor":24},{"not_picked":["alterego_mod:DiscoLights","alterego_mod:BustOut","alterego_mod:PurpleHair"],"picked":"SKIP","floor":25},{"not_picked":["alterego_mod:IndependentAction","alterego_mod:Schoolgirl"],"picked":"alterego_mod:Venus","floor":27},{"not_picked":["alterego_mod:Cycle","alterego_mod:PresenceConcealment"],"picked":"alterego_mod:Nekomimi+1","floor":28},{"not_picked":["alterego_mod:Complex","alterego_mod:Punishment"],"picked":"alterego_mod:Rip+1","floor":30},{"not_picked":["alterego_mod:PainIsPleasure","alterego_mod:BrynhildrRomantia"],"picked":"alterego_mod:Weigh","floor":33},{"not_picked":["alterego_mod:Swimsuit+1","alterego_mod:BiFurious"],"picked":"alterego_mod:MagicResistance","floor":35},{"not_picked":["alterego_mod:Stockings","alterego_mod:DiscoLights"],"picked":"alterego_mod:Undulate+1","floor":36},{"not_picked":["alterego_mod:GoddessCore","alterego_mod:HighServant"],"picked":"alterego_mod:PresenceConcealment+1","floor":37},{"not_picked":["alterego_mod:DiscoLights","alterego_mod:DeftHands","alterego_mod:Clap"],"picked":"SKIP","floor":38},{"not_picked":["alterego_mod:DestructionOfProperty","alterego_mod:PerceptionDisorder+1"],"picked":"alterego_mod:ChallengeComplete+1","floor":39},{"not_picked":["alterego_mod:MaintainEyeContact","alterego_mod:Cycle+1"],"picked":"alterego_mod:Mirror+1","floor":41},{"not_picked":["alterego_mod:Mirror","alterego_mod:Rip","alterego_mod:Crossover"],"picked":"SKIP","floor":44},{"not_picked":["alterego_mod:Exercise+1","alterego_mod:GoddessCore"],"picked":"alterego_mod:BeGentle","floor":45},{"not_picked":["alterego_mod:BiFurious","alterego_mod:BusterCard"],"picked":"alterego_mod:Pet+1","floor":47},{"not_picked":["alterego_mod:Jiggle+1","alterego_mod:Santa+1"],"picked":"alterego_mod:DiscoLights+1","floor":48}],"player_experience":753888,"relics_obtained":[{"floor":7,"key":"Replay:Bandana"},{"floor":9,"key":"Chameleon Ring"},{"floor":10,"key":"Girya"},{"floor":26,"key":"Pen Nib"},{"floor":28,"key":"DemoMod:RingOfEthereal"},{"floor":37,"key":"DemoMod:ResourcefulSack"},{"floor":39,"key":"HollowMod:PaleOreRelic"},{"floor":41,"key":"Ancient Tea Set"},{"floor":45,"key":"Thread and Needle"},{"floor":49,"key":"InkBottle"}],"event_choices":[{"damage_healed":0,"gold_gain":0,"player_choice":"Take Wound","damage_taken":0,"relics_obtained":["Golden Idol"],"max_hp_gain":0,"max_hp_loss":0,"event_name":"Golden Idol","floor":5,"gold_loss":0,"cards_obtained":["Injury"]},{"damage_healed":0,"gold_gain":0,"player_choice":"Stole Relic","damage_taken":0,"relics_obtained":["Bag of Marbles"],"max_hp_gain":0,"max_hp_loss":0,"event_name":"Addict","floor":21,"gold_loss":0,"cards_obtained":["Shame"]},{"damage_healed":0,"gold_gain":0,"player_choice":"Read","damage_taken":0,"max_hp_gain":0,"max_hp_loss":0,"event_name":"The Library","floor":22,"gold_loss":0,"cards_obtained":["alterego_mod:Belle"]},{"damage_healed":0,"gold_gain":0,"player_choice":"Fight","damage_taken":0,"max_hp_gain":0,"max_hp_loss":0,"event_name":"Mysterious Sphere","floor":37,"gold_loss":0},{"damage_healed":0,"gold_gain":0,"player_choice":"Fight","damage_taken":0,"max_hp_gain":0,"max_hp_loss":0,"event_name":"MindBloom","floor":45,"gold_loss":0}],"is_beta":false,"boss_relics":[{"not_picked":["Sozu","Calling Bell"],"picked":"Tiny House"},{"not_picked":["Empty Cage","Fusion Hammer"],"picked":"Cursed Key"}],"items_purged_floors":[19],"is_endless":false,"potions_floor_spawned":[1,3,10,16,24,28,30,38,44,47,48],"ascension_level":5}}