{"host":"ega62i0cpk9rz172","time":1610132136,"event":{"mods":["BaseMod","Downfall","Minty Spire (QoL Compilation)","Replay The Spire","StSLib"],"gold_per_floor":[99,11,11,11,11,11,61,81,81,91,122,145,158,191,205,300,300,150,150,164,176,176,261,561,577,577,577,577],"floor_reached":26,"playtime":1892,"items_purged":[],"score":289,"play_id":"64a2fc08-f9d9-43ee-ab20-f7f120aa9bb6","local_time":"20210108105536","is_ascension_mode":false,"campfire_choices":[{"floor":1,"key":"RECALL"},{"floor":9,"key":"REST"},{"data":"Guardian:TimeSifter","floor":18,"key":"SMITH"}],"circlet_count":0,"master_deck":["Guardian:Strike_Guardian","Guardian:Strike_Guardian","Guardian:Strike_Guardian","Guardian:Strike_Guardian","Guardian:Defend_Guardian","Guardian:Defend_Guardian","Guardian:Defend_Guardian","Guardian:Defend_Guardian","Guardian:CurlUp","Guardian:TwinSlam","Guardian:MultiBeam","Guardian:RefractedBeam","Guardian:PiercingHide","Guardian:ChargeCore","Guardian:Gem_Lightblue","Hallucinations","Guardian:TimeCapacitor","Guardian:BronzeOrb","Guardian:BronzeArmor","Guardian:FloatingOrbs","Guardian:ExploitGems","Guardian:ChargeCore","Guardian:Clone","Guardian:TimeSifter+1","Ghostly","Ghostly","Ghostly","Ghostly","Ghostly","Guardian:GuardianWhirl+1","Guardian:Gem_Fragmented","Guardian:SpikerProtocol+1"],"relics":["Guardian:ModeShifter","downfall:HeartsMalice","Guardian:PickAxe","downfall:ShatteredFragment","Ring of Fury","Ring of Panic","Happy Flower","Odd Mushroom","Lantern","Philosopher\u0027s Stone","downfall:HeartBlessingRed","downfall:HeartBlessingBlue","Old Coin"],"acts_visited":["Exordium","TheCity"],"potions_floor_usage":[14,16],"damage_taken":[{"damage":0,"enemies":"downfall:FleeingMerchant","floor":2,"turns":1},{"damage":0,"enemies":"2 Louse","floor":3,"turns":1},{"damage":0,"enemies":"2 Louse","floor":4,"turns":1},{"damage":5,"enemies":"Jaw Worm","floor":8,"turns":3},{"damage":0,"enemies":"Small Slimes","floor":10,"turns":1},{"damage":0,"enemies":"3 Sentries","floor":11,"turns":4},{"damage":5,"enemies":"The Mushroom Lair","floor":12,"turns":3},{"damage":0,"enemies":"2 Fungi Beasts","floor":13,"turns":2},{"damage":12,"enemies":"Gremlin Nob","floor":14,"turns":3},{"damage":0,"enemies":"Large Slime","floor":15,"turns":3},{"damage":22,"enemies":"downfall:Ironclad","floor":16,"turns":6},{"damage":0,"enemies":"Shell Parasite","floor":20,"turns":3},{"damage":4,"enemies":"3 Cultists","floor":21,"turns":4},{"damage":1,"enemies":"Snecko","floor":25,"turns":4}],"seed_played":"-7083686707380829086","potions_obtained":[{"floor":10,"key":"Swift Potion"},{"floor":11,"key":"LiquidMemories"},{"floor":13,"key":"Death Potion"},{"floor":14,"key":"SteroidPotion"},{"floor":22,"key":"CultistPotion"}],"is_trial":false,"path_per_floor":["R","$","M","?","?","?","T","M","R","M","E","?","M","E","M","B",null,"R","?","M","M","?","?","T","M","R"],"character_chosen":"GUARDIAN","items_purchased":["Guardian:RefractedBeam","Guardian:PiercingHide"],"campfire_rested":1,"item_purchase_floors":[2,2],"current_hp_per_floor":[80,80,80,62,38,38,38,33,57,57,57,52,52,40,40,18,80,90,45,45,41,41,25,25,24,24,24,24],"gold":577,"neow_bonus":"THREE_ENEMY_KILL","is_daily":false,"chose_seed":false,"campfire_upgraded":1,"win_rate":0.0,"timestamp":1610132136,"path_taken":["R","$","M","?","?","?","T","?","R","M","E","?","M","E","M","BOSS","R","?","M","M","?","?","T","M","R"],"items_purchased_type":["Card","Card"],"build_version":"2020-12-22","purchased_purges":0,"victory":false,"max_hp_per_floor":[80,80,80,80,80,80,80,80,80,80,80,80,80,80,80,80,80,90,45,45,45,45,45,45,45,45,45,45],"card_choices":[{"not_picked":["Guardian:ChargeCore","Guardian:TemporalStrike"],"picked":"Guardian:MultiBeam","floor":2},{"not_picked":["Guardian:CrystalBeam","Guardian:TemporalShield"],"picked":"Guardian:ChargeCore","floor":3},{"not_picked":["Guardian:WalkerClaw","Guardian:ShieldSpikes"],"picked":"Guardian:TimeCapacitor","floor":8},{"not_picked":["Guardian:Recover","Guardian:Preprogram"],"picked":"Guardian:BronzeOrb","floor":10},{"not_picked":["Guardian:Recover","Guardian:Planning"],"picked":"Guardian:BronzeArmor","floor":11},{"not_picked":["Guardian:Gem_Purple","Guardian:Recover"],"picked":"Guardian:FloatingOrbs","floor":12},{"not_picked":["Guardian:Gem_Cyan","Guardian:ShieldCharger"],"picked":"Guardian:ExploitGems","floor":13},{"not_picked":["Guardian:TimeCapacitor","Guardian:PiercingHide"],"picked":"Guardian:ChargeCore","floor":14},{"not_picked":["Guardian:RefractedBeam","Guardian:DecasProtection"],"picked":"Guardian:Clone","floor":15},{"not_picked":["Guardian:SphericShield","Guardian:FastForward"],"picked":"Guardian:TimeSifter","floor":16},{"not_picked":["Guardian:Gem_Cyan","Guardian:Gem_Green"],"picked":"Guardian:GuardianWhirl+1","floor":20},{"not_picked":["Guardian:PiercingHide","Guardian:Gem_Green"],"picked":"Guardian:Gem_Fragmented","floor":21},{"not_picked":["Guardian:Suspension+1","Guardian:ShieldCharger"],"picked":"Guardian:SpikerProtocol+1","floor":25}],"player_experience":64671,"relics_obtained":[{"floor":6,"key":"Ring of Fury"},{"floor":6,"key":"Ring of Panic"},{"floor":11,"key":"Happy Flower"},{"floor":12,"key":"Odd Mushroom"},{"floor":14,"key":"Lantern"},{"floor":24,"key":"Old Coin"}],"event_choices":[{"damage_healed":0,"gold_gain":0,"player_choice":"Fought Mushrooms","damage_taken":0,"max_hp_gain":0,"max_hp_loss":0,"event_name":"Mushrooms","floor":12,"gold_loss":0},{"damage_healed":0,"gold_gain":0,"player_choice":"Became a Ghost","damage_taken":0,"max_hp_gain":0,"max_hp_loss":45,"event_name":"Ghosts","floor":19,"gold_loss":0,"cards_obtained":["Ghostly","Ghostly","Ghostly","Ghostly","Ghostly"]}],"is_beta":false,"boss_relics":[{"not_picked":["Ring of Chaos","Snecko Eye"],"picked":"Philosopher\u0027s Stone"}],"items_purged_floors":[],"is_endless":false,"potions_floor_spawned":[10,11,13,14],"ascension_level":0}}