{"host":"bxn2em57qlx5u4i0","time":1610078202,"event":{"mods":["BaseMod","Colored Map","Colored Powertips","Highlight Path","Minty Spire (QoL Compilation)","Random Character Button","Relic Sorter","Relic Stats","StSLib","SuperFastMode"],"gold_per_floor":[116,116,134,134,59,85,101,112,112,128,142,205,205,239,239,316,316,316,316,133,133,48,48,48,48,48,48,48,48,48,48,48,48,48,48,48,48,48,48,48,48,48,48,48,48,48,48,48,48,48,48,48],"floor_reached":51,"playtime":1842,"items_purged":["Regret","Strike_G"],"score":1562,"play_id":"1f7bca46-8a57-4fa8-bccf-b255433e458f","local_time":"20210107225642","is_ascension_mode":true,"campfire_choices":[{"data":"After Image","floor":15.0,"key":"SMITH"},{"data":"Crippling Poison","floor":23.0,"key":"SMITH"},{"floor":27.0,"key":"REST"},{"floor":32.0,"key":"REST"},{"data":"Footwork","floor":41.0,"key":"SMITH"},{"data":"Catalyst","floor":44.0,"key":"SMITH"},{"floor":47.0,"key":"RECALL"},{"floor":49.0,"key":"REST"}],"circlet_count":0,"master_deck":["AscendersBane","Strike_G","Strike_G","Defend_G","Defend_G","Defend_G","Defend_G+1","Defend_G","Survivor","Neutralize","Poisoned Stab","Footwork+1","Calculated Gamble","Dodge and Roll","Deadly Poison","Noxious Fumes","Backflip","After Image+1","Burst+1","Blade Dance+1","Crippling Poison+1","Escape Plan","Backstab+1","Catalyst+1","Corpse Explosion","Deflect+1","PiercingWail","Catalyst","Prepared+1","Endless Agony","Cloak And Dagger+1","Reflex","Tools of the Trade"],"relics":["Ring of the Snake","NeowsBlessing","Omamori","WarpedTongs","Bottled Flame","Orichalcum","Ancient Tea Set","Blue Candle","Ectoplasm","Juzu Bracelet","CeramicFish","Potion Belt","Strawberry","Bag of Marbles","MutagenicStrength","SacredBark","War Paint","Sundial","Bronze Scales","StoneCalendar"],"acts_visited":["Exordium","TheCity","TheBeyond"],"potions_floor_usage":[51],"damage_taken":[{"damage":0.0,"enemies":"2 Louse","floor":1.0,"turns":1.0},{"damage":0.0,"enemies":"Jaw Worm","floor":3.0,"turns":1.0},{"damage":0.0,"enemies":"3 Sentries","floor":6.0,"turns":1.0},{"damage":0.0,"enemies":"Cultist","floor":7.0,"turns":4.0},{"damage":6.0,"enemies":"Lots of Slimes","floor":8.0,"turns":5.0},{"damage":0.0,"enemies":"Blue Slaver","floor":10.0,"turns":4.0},{"damage":0.0,"enemies":"Looter","floor":11.0,"turns":4.0},{"damage":3.0,"enemies":"3 Sentries","floor":12.0,"turns":7.0},{"damage":7.0,"enemies":"Lagavulin","floor":14.0,"turns":7.0},{"damage":35.0,"enemies":"Hexaghost","floor":16.0,"turns":10.0},{"damage":12.0,"enemies":"Spheric Guardian","floor":18.0,"turns":6.0},{"damage":25.0,"enemies":"Book of Stabbing","floor":24.0,"turns":7.0},{"damage":0.0,"enemies":"Shell Parasite","floor":25.0,"turns":7.0},{"damage":21.0,"enemies":"Slavers","floor":28.0,"turns":6.0},{"damage":19.0,"enemies":"Cultist and Chosen","floor":31.0,"turns":6.0},{"damage":18.0,"enemies":"Automaton","floor":33.0,"turns":11.0},{"damage":0.0,"enemies":"3 Shapes","floor":35.0,"turns":4.0},{"damage":0.0,"enemies":"3 Darklings","floor":36.0,"turns":6.0},{"damage":2.0,"enemies":"Maw","floor":37.0,"turns":9.0},{"damage":48.0,"enemies":"Writhing Mass","floor":38.0,"turns":7.0},{"damage":15.0,"enemies":"Nemesis","floor":40.0,"turns":7.0},{"damage":21.0,"enemies":"Giant Head","floor":42.0,"turns":7.0},{"damage":42.0,"enemies":"Reptomancer","floor":45.0,"turns":6.0},{"damage":0.0,"enemies":"2 Orb Walkers","floor":46.0,"turns":2.0},{"damage":42.0,"enemies":"Awakened One","floor":50.0,"turns":18.0},{"damage":9,"enemies":"Donu and Deca","floor":51,"turns":1}],"seed_played":"-3082626988992852655","potions_obtained":[{"floor":3.0,"key":"EssenceOfSteel"},{"floor":6.0,"key":"LiquidMemories"},{"floor":10.0,"key":"Dexterity Potion"},{"floor":16.0,"key":"Explosive Potion"},{"floor":24.0,"key":"EntropicBrew"},{"floor":28.0,"key":"EntropicBrew"},{"floor":35.0,"key":"CunningPotion"},{"floor":37.0,"key":"BlessingOfTheForge"},{"floor":40.0,"key":"Regen Potion"},{"floor":45.0,"key":"Strength Potion"}],"is_trial":false,"path_per_floor":["M","?","M","?","$","E","M","M","T","M","M","?","?","E","R","B",null,"M","?","$","?","?","R","E","M","T","R","E","?","$","M","R","B",null,"M","M","M","M","?","E","R","E","T","R","E","?","R","?","R","B","B"],"character_chosen":"THE_SILENT","items_purchased":["Crippling Poison"],"campfire_rested":3,"item_purchase_floors":[20],"current_hp_per_floor":[59,59,59,59,59,59,59,53,53,53,53,50,43,36,36,1,50,38,38,38,38,38,38,13,13,20,41,35,35,35,16,37,19,60,60,60,58,73,73,58,58,67,67,67,25,25,25,25,46,4,0,0],"gold":48,"neow_bonus":"THREE_ENEMY_KILL","is_daily":false,"chose_seed":false,"campfire_upgraded":4,"win_rate":0.0,"timestamp":1610078202,"path_taken":["M","?","M","?","$","E","M","M","T","?","?","?","?","E","R","BOSS","M","?","$","?","?","R","E","M","T","R","E","?","$","M","R","BOSS","M","M","M","M","?","E","R","E","T","R","E","?","R","?","R","BOSS","BOSS"],"items_purchased_type":["Card"],"build_version":"2020-12-22","purchased_purges":2,"victory":false,"max_hp_per_floor":[66,66,66,66,66,66,66,66,66,66,66,66,66,66,66,66,66,66,66,66,66,66,66,66,66,73,73,73,73,73,73,73,73,73,73,73,73,73,73,73,73,73,73,73,73,73,73,73,73,73,73,73],"relic_stats":{"counters":[26,154],"Blue Candle":[2],"CeramicFish":0,"StoneCalendar":[52],"Juzu Bracelet":2,"Orichalcum":[60],"War Paint":["Burst","Defend_G"],"WarpedTongs":[149],"Sundial":[4],"Bronze Scales":[105],"Ectoplasm":497,"obtain_stats":[{"Potion Belt":24,"NeowsBlessing":0,"Blue Candle":14,"CeramicFish":22,"SacredBark":34,"StoneCalendar":46,"Omamori":2,"Juzu Bracelet":19,"Orichalcum":9,"War Paint":40,"Ancient Tea Set":12,"WarpedTongs":4,"Bottled Flame":6,"Sundial":42,"Strawberry":26,"MutagenicStrength":29,"Bronze Scales":45,"Ectoplasm":17,"Bag of Marbles":28,"Ring of the Snake":0},{"Potion Belt":12,"NeowsBlessing":0,"Blue Candle":9,"CeramicFish":11,"SacredBark":16,"StoneCalendar":24,"Omamori":1,"Juzu Bracelet":11,"Orichalcum":5,"War Paint":21,"Ancient Tea Set":7,"WarpedTongs":2,"Bottled Flame":3,"Sundial":22,"Strawberry":13,"MutagenicStrength":14,"Bronze Scales":23,"Ectoplasm":10,"Bag of Marbles":14,"Ring of the Snake":0},{"Potion Belt":57,"NeowsBlessing":0,"Blue Candle":34,"CeramicFish":50,"SacredBark":87,"StoneCalendar":135,"Omamori":1,"Juzu Bracelet":50,"Orichalcum":12,"War Paint":120,"Ancient Tea Set":20,"WarpedTongs":2,"Bottled Flame":3,"Sundial":127,"Strawberry":64,"MutagenicStrength":70,"Bronze Scales":133,"Ectoplasm":44,"Bag of Marbles":70,"Ring of the Snake":0}],"Ring of the Snake":[52]},"card_choices":[{"not_picked":["Backflip","Eviscerate"],"picked":"Poisoned Stab","floor":1.0},{"not_picked":["Finisher","Blade Dance"],"picked":"Predator","floor":3.0},{"not_picked":["Caltrops","Blade Dance"],"picked":"Footwork","floor":6.0},{"not_picked":["Deflect","Prepared"],"picked":"Calculated Gamble","floor":7.0},{"not_picked":["Quick Slash","Slice"],"picked":"Dodge and Roll","floor":8.0},{"not_picked":["Phantasmal Killer","Bane"],"picked":"Deadly Poison","floor":10.0},{"not_picked":["Bane","Expertise"],"picked":"Noxious Fumes","floor":11.0},{"not_picked":["Flying Knee","Heel Hook"],"picked":"Backflip","floor":12.0},{"not_picked":["Finisher","Expertise"],"picked":"After Image","floor":14.0},{"not_picked":["Envenom","Doppelganger"],"picked":"Burst","floor":16.0},{"not_picked":["Calculated Gamble+1","Slice"],"picked":"Blade Dance+1","floor":18.0},{"not_picked":["Bouncing Flask","Phantasmal Killer"],"picked":"Backstab+1","floor":24.0},{"not_picked":["Poisoned Stab+1","Skewer","Accuracy"],"picked":"SKIP","floor":25.0},{"not_picked":["Flying Knee","Poisoned Stab"],"picked":"Catalyst","floor":28.0},{"not_picked":["Setup","Slice","Outmaneuver"],"picked":"SKIP","floor":31.0},{"not_picked":["Phantasmal Killer","A Thousand Cuts"],"picked":"Corpse Explosion","floor":33.0},{"not_picked":["Acrobatics","Dagger Spray"],"picked":"Deflect+1","floor":35.0},{"not_picked":["Deadly Poison","Endless Agony"],"picked":"PiercingWail","floor":36.0},{"not_picked":["Heel Hook+1","Deadly Poison+1"],"picked":"Catalyst","floor":37.0},{"not_picked":["Bane","Outmaneuver"],"picked":"Prepared+1","floor":38.0},{"not_picked":["Unload","Underhanded Strike"],"picked":"Cloak And Dagger+1","floor":40.0},{"not_picked":["Dagger Spray","Blade Dance"],"picked":"Reflex","floor":42.0},{"not_picked":["Well Laid Plans+1","Dagger Throw+1"],"picked":"Tools of the Trade","floor":45.0}],"player_experience":2872548,"relics_obtained":[{"floor":6.0,"key":"Bottled Flame"},{"floor":9.0,"key":"Orichalcum"},{"floor":14.0,"key":"Blue Candle"},{"floor":24.0,"key":"Potion Belt"},{"floor":26.0,"key":"Strawberry"},{"floor":28.0,"key":"Bag of Marbles"},{"floor":40.0,"key":"War Paint"},{"floor":42.0,"key":"Sundial"},{"floor":45.0,"key":"Bronze Scales"},{"floor":46.0,"key":"StoneCalendar"}],"event_choices":[{"damage_healed":0.0,"max_hp_gain":0.0,"max_hp_loss":0.0,"gold_gain":0.0,"event_name":"Big Fish","player_choice":"Box","floor":2.0,"gold_loss":0.0,"damage_taken":0.0,"relics_obtained":["Omamori"],"cards_obtained":["Regret"]},{"damage_healed":0.0,"max_hp_gain":0.0,"max_hp_loss":0.0,"gold_gain":0.0,"event_name":"Accursed Blacksmith","player_choice":"Rummage","floor":4.0,"gold_loss":0.0,"damage_taken":0.0,"relics_obtained":["WarpedTongs"],"cards_obtained":["Pain"]},{"damage_healed":0.0,"max_hp_gain":0.0,"max_hp_loss":0.0,"gold_gain":0.0,"event_name":"Dead Adventurer","player_choice":"Searched \u00273\u0027 times","floor":12.0,"gold_loss":0.0,"damage_taken":0.0,"relics_obtained":["Ancient Tea Set"]},{"cards_removed":["Strike_G"],"damage_healed":0.0,"max_hp_gain":0.0,"max_hp_loss":0.0,"gold_gain":0.0,"event_name":"Golden Wing","player_choice":"Card Removal","floor":13.0,"gold_loss":0.0,"damage_taken":7.0},{"damage_healed":0.0,"max_hp_gain":0.0,"max_hp_loss":0.0,"gold_gain":0.0,"event_name":"The Mausoleum","player_choice":"Opened","floor":19.0,"gold_loss":0.0,"damage_taken":0.0,"relics_obtained":["Juzu Bracelet"],"cards_obtained":["Writhe"]},{"damage_healed":0.0,"max_hp_gain":0.0,"max_hp_loss":0.0,"gold_gain":0.0,"event_name":"Match and Keep!","player_choice":"1 cards matched","floor":21.0,"gold_loss":0.0,"damage_taken":0.0,"cards_obtained":["Escape Plan"]},{"damage_healed":0.0,"max_hp_gain":0.0,"max_hp_loss":0.0,"gold_gain":0.0,"event_name":"Addict","player_choice":"Obtained Relic","floor":22.0,"gold_loss":85.0,"damage_taken":0.0,"relics_obtained":["CeramicFish"]},{"damage_healed":0.0,"max_hp_gain":0.0,"max_hp_loss":0.0,"gold_gain":0.0,"event_name":"Drug Dealer","player_choice":"Inject Mutagens","floor":29.0,"gold_loss":0.0,"damage_taken":0.0,"relics_obtained":["MutagenicStrength"]},{"damage_healed":0.0,"max_hp_gain":0.0,"max_hp_loss":0.0,"gold_gain":0.0,"cards_transformed":["Strike_G"],"event_name":"Transmorgrifier","player_choice":"Transformed","floor":39.0,"gold_loss":0.0,"damage_taken":0.0,"cards_obtained":["Endless Agony"]},{"damage_healed":0.0,"max_hp_gain":0.0,"max_hp_loss":0.0,"gold_gain":0.0,"event_name":"Mysterious Sphere","player_choice":"Fight","floor":46.0,"gold_loss":0.0,"damage_taken":0.0},{"cards_removed":["Predator"],"damage_healed":0.0,"max_hp_gain":0.0,"max_hp_loss":0.0,"gold_gain":0.0,"event_name":"Falling","player_choice":"Removed Attack","floor":48.0,"gold_loss":0.0,"damage_taken":0.0}],"is_beta":false,"boss_relics":[{"not_picked":["SlaversCollar","Runic Dome"],"picked":"Ectoplasm"},{"not_picked":["Velvet Choker","Ring of the Serpent"],"picked":"SacredBark"}],"items_purged_floors":[5,20],"is_endless":false,"potions_floor_spawned":[3,6,8,10,16,24,28,35,37,40,45],"killed_by":"Donu and Deca","ascension_level":20}}