{"host":"w5vfr18i2ft1pzo2","time":1610129202,"event":{"mods":["AchievementEnabler","Act Like it!","Aspiration","BaseMod","Better Third Choice","BetterRewards","Colored Map","Colored Powertips","Conspire","Curses Come First","DNKmod","Defuse TimeMaze Blight","Dota2Spire","Elementarium","Energized Spire","Evolution","Force Act Four","Friendly Minions","Gensokyo","GifTheSpireLib","Gold Saver","GungeonMod","Halation","Hallownest","Hubris","Hyrulean Relics","Infinite Spire","Jedi Mod","Marisa????????","Minty Spire (QoL Compilation)","MostiFishMod","Poor People Problems","Prisma Mod","Remilia??????","Replay The Spire","SacredBarkPlus","Small Relic Pack","Spicy Shops","Spikes Relics","StSLib","Stuff the Spire","SuperFastMode","Synergy Search","The Blue Laboratory","The Servant 0.9.4","Trackpad","Treasure Hunter","Uncapped","Wandering Minibosses","Yakumo Yukari mod","noobMod","vexMod","??????REMEMod"],"gold_per_floor":[1962,1962,2062,2074,2089,2089,2116,1983,2032,1390,1390,1425,1425,1444,1444,1546,1546,1560,1560,1309,1309,1309,1340,1357,1385,1412,1429,1179,1179,1212,1212,1212,1316,1316,1329,1329,1449,1449,1465,1481,1516,1516,1516,1516,1527,1527,1552,1563,1563,1563,1563,1563,1563,1588,1589],"floor_reached":56,"playtime":1054,"items_purged":["Defend_R","ReplayTheSpireMod:Exploit Weakness","Defend_R"],"score":1696,"play_id":"ae3816a7-91f8-4353-b7d3-10a500bb22a3","local_time":"20210109020642","is_ascension_mode":true,"campfire_choices":[{"floor":6,"key":"RECALL"},{"data":"Whirlwind","floor":11,"key":"SMITH"},{"data":"jedi:bloodyhammer","floor":15,"key":"SMITH"},{"data":"infinitespire:Collect","floor":29,"key":"SMITH"},{"data":"MostiFishMod:HellRitual","floor":32,"key":"SMITH"},{"data":"1","floor":44,"key":"LIFT"},{"data":"2","floor":46,"key":"LIFT"},{"data":"3","floor":49,"key":"LIFT"},{"data":"Replay:Many Hands","floor":52,"key":"SMITH"}],"circlet_count":0,"master_deck":["Strike_R","Strike_R+1","Strike_R","Defend_R+1","Bash","Rupture+1","Evolve+1","Demon Form","TH:CopperCoins","Disarm","Whirlwind+1","TH:CursedSword","infinitespire:OneForAll+1","TH:DeckOfManyThings","Replay:Many Hands+1","TH:CursedSword","conspire:HitWhereItHurts+1","Poisoned Stab+1","Finisher","Hallownest:pwrSporeShroom","infinitespire:Collect+1","TH:ArmorSpikes","StuffTheSpire:Resist","TH:DeckOfManyThings","TH:CopperCoins","TH:CopperCoins","MostiFishMod:HellRitual+1","TH:DeckOfManyThings","Hallownest:skillHoundingGlaives","TH:DeckOfManyThings","TH:DeckOfManyThings","wanderingMiniBosses:FinaleOfPromise","ReplayTheSpireMod:Private Reserves","Metallicize","TH:PixieDust","Whirlwind+1"],"relics":["Burning Blood","EVO:Axolotl","DaveBox","ice","REME_ComplimentaryCards","aspiration:Nostalgia","ScarletHat","SynthV:TestCard","Dota2Spire:PhaseBoots","halation:PromiseList","relicPack:OneForAll","halation:LoveArrow","Bag of Marbles","Happy Flower","trackpad:CultistFigurine","Hallownest:UnbreakableCardRelic","TungstenRod","halation:PinkSoulGem","REME_LowDesire","Juzu Bracelet","Dota2Spire:EchoSabre","Girya","Whetstone","jedi:HeartOfTheCards","trackpad:PetRock","infinitespire:Lucky Rock","StuffTheSpire:Gunfinga","jedi:ironblood","wanderingMiniBosses:Blackblade","relicPack:NeonSign"],"acts_visited":["Exordium","Hallownest:CityofTears","Hallownest:KingdomsEdge","TheEnding"],"potions_floor_usage":[4,7,7,7,7,7,37,47],"damage_taken":[{"damage":0,"enemies":"Jaw Worm","floor":1,"turns":2},{"damage":0,"enemies":"Cultist","floor":4,"turns":3},{"damage":0,"enemies":"2 Louse","floor":5,"turns":2},{"damage":0,"enemies":"Gremlin Nob","floor":7,"turns":4},{"damage":0,"enemies":"3 Sentries","floor":12,"turns":1},{"damage":8,"enemies":"Large Slime","floor":14,"turns":1},{"damage":25,"enemies":"The Guardian","floor":16,"turns":6},{"damage":0,"enemies":"Hallownest:Guard_and_Sentry","floor":18,"turns":1},{"damage":25,"enemies":"Hallownest:eliteSoulWarrior","floor":23,"turns":4},{"damage":0,"enemies":"Hallownest:Flukemon_and_Top","floor":24,"turns":2},{"damage":9,"enemies":"Hallownest:Nosk","floor":25,"turns":3},{"damage":0,"enemies":"Hallownest:Warrior_and_Youth","floor":27,"turns":1},{"damage":0,"enemies":"Hallownest:eliteSoulWarrior","floor":30,"turns":1},{"damage":0,"enemies":"Hallownest:BossMantisLord","floor":33,"turns":1},{"damage":0,"enemies":"Hallownest:Shield_Heavy","floor":35,"turns":1},{"damage":0,"enemies":"Hallownest:Shield_Heavy","floor":37,"turns":1},{"damage":0,"enemies":"Hallownest:Shield_Heavy","floor":37,"turns":1},{"damage":0,"enemies":"Hallownest:Shield_Heavy","floor":37,"turns":2},{"damage":0,"enemies":"Hallownest:3_Siblings","floor":39,"turns":1},{"damage":0,"enemies":"Hallownest:Xero_Hu_Marmu","floor":40,"turns":1},{"damage":78,"enemies":"Nightmare","floor":41,"turns":5},{"damage":0,"enemies":"Hallownest:monsterPrimalAspid","floor":45,"turns":1},{"damage":90,"enemies":"Hallownest:2_Wandering_and_1_Horned","floor":47,"turns":5},{"damage":0,"enemies":"Hallownest:2_Great","floor":48,"turns":1},{"damage":0,"enemies":"Hallownest:BossGreyPrinceZote","floor":50,"turns":1},{"damage":0,"enemies":"Shield and Spear","floor":54,"turns":1},{"damage":100,"enemies":"The Heart","floor":55,"turns":6}],"seed_played":"-7409893784320377428","potions_obtained":[{"floor":12,"key":"blueLaboratory:PhilterOfMotion"},{"floor":16,"key":"blueLaboratory:LouseDecoction"},{"floor":18,"key":"FearPotion"},{"floor":33,"key":"SkillPotion"},{"floor":35,"key":"SteroidPotion"},{"floor":40,"key":"blueLaboratory:BottledHope"},{"floor":47,"key":"Languid Potion"},{"floor":48,"key":"blueLaboratory:CorrosionFlask"}],"is_trial":false,"path_per_floor":["M","?","?","M","M","R","E","$","T","$","R","E","?","M","R_BF","B",null,"M","?","$","?","AVR","E","M","E","T","M","?","R","E","?","R","B",null,"M","?","?","$","M","M","NM","?","T","R","M","R","M","M","R","B",null,"R","$","E","B",null],"character_chosen":"IRONCLAD","items_purchased":["Whirlwind","jedi:bloodyhammer","infinitespire:OneForAll","Bag of Marbles","Girya","Whetstone","jedi:HeartOfTheCards","trackpad:PetRock","infinitespire:Lucky Rock"],"campfire_rested":0,"item_purchase_floors":[8,10,10,20,38,38,38,38,38],"current_hp_per_floor":[80,64,64,72,78,78,82,82,82,82,82,82,82,80,80,61,82,82,82,82,82,82,63,69,66,66,72,72,72,78,78,78,82,82,82,77,77,12,18,24,27,27,27,27,33,33,39,45,45,51,97,97,97,97,161],"gold":1589,"neow_bonus":"NOSTALGIA","is_daily":false,"chose_seed":false,"campfire_upgraded":5,"win_rate":0.0,"timestamp":1610129202,"path_taken":["M","?","?","?","M","R","E","$","T","$","R","E","?","M","R_BF","BOSS","M","?","$","?","AVR","E","M","E","T","M","?","R","E","?","R","BOSS","M","?","?","?","M","M","NM","?","T","R","M","R","M","M","R","BOSS","R","$","E","BOSS"],"items_purchased_type":["Card","Card","Card","Relic","Relic","Relic","Relic","Relic","Relic"],"build_version":"2020-12-22","purchased_purges":3,"victory":true,"max_hp_per_floor":[80,80,80,82,82,82,82,82,82,82,82,82,82,82,82,82,82,82,82,82,82,82,82,82,82,82,82,82,82,82,82,82,82,82,82,77,77,77,77,77,86,86,86,86,86,86,96,96,96,97,97,97,97,97,171],"card_choices":[{"not_picked":["Dropkick","Clash"],"picked":"Rupture","floor":1},{"not_picked":["Havoc","Carnage","Burning Pact","Fire Breathing"],"picked":"Evolve","floor":4},{"not_picked":["Iron Wave","hubris:ReadiedAction","True Grit","Pummel"],"picked":"Demon Form","floor":5},{"not_picked":["TH:ElvenBoots","TH:PixieDust","TH:ArmorSpikes"],"picked":"TH:CopperCoins","floor":7},{"not_picked":["jedi:hate","True Grit","Combust","StuffTheSpire:RockThrow"],"picked":"Disarm","floor":7},{"not_picked":["TH:ElvenBoots","TH:PixieDust","TH:EnergyPotion"],"picked":"TH:CursedSword","floor":9},{"not_picked":["TH:ElvenBoots","TH:Mimic","TH:ArmorSpikes"],"picked":"TH:DeckOfManyThings","floor":12},{"not_picked":["StuffTheSpire:Slingshot","Run Through","Sword Boomerang","jedi:MakeshiftSword"],"picked":"Replay:Many Hands","floor":12},{"not_picked":["Shrug It Off","Entrench","Dual Wield","StuffTheSpire:Incineration","Abandon"],"picked":"SKIP","floor":14},{"not_picked":["TH:CopperCoins","TH:TreasureMap","TH:PixieDust"],"picked":"TH:CursedSword","floor":16},{"not_picked":["Corruption","Exhume","Reaper","REME_Fury"],"picked":"conspire:HitWhereItHurts","floor":16},{"not_picked":["StuffTheSpire:Incineration+1","Iron Wave","Run Through+1","StuffTheSpire:RockThrow","StuffTheSpire:Slingshot"],"picked":"SKIP","floor":18},{"not_picked":["TH:BikiniMail","TH:EnergyPotion","TH:ElvenBoots"],"picked":"TH:ArmorSpikes","floor":23},{"not_picked":["Rampage","Wild Strike","Infernal Blade","hubris:ReadiedAction"],"picked":"StuffTheSpire:Resist","floor":23},{"not_picked":["Shrug It Off","DemoMod:BlackBlade","Anger","Battle Trance","hubris:ReadiedAction"],"picked":"SKIP","floor":24},{"not_picked":["TH:ElvenBoots","TH:PixieDust","TH:CursedSword"],"picked":"TH:DeckOfManyThings","floor":25},{"not_picked":["hubris:ReadiedAction","Dropkick","conspire:ExplosiveBarrier","jedi:fear","Run Through"],"picked":"SKIP","floor":25},{"not_picked":["TH:PixieDust","TH:EnergyPotion","TH:Mimic"],"picked":"TH:CopperCoins","floor":26},{"not_picked":["Warcry","Searing Blow","Wild Strike+1","Anger","Heavy Blade"],"picked":"SKIP","floor":27},{"not_picked":["TH:CursedSword","TH:ArmorSpikes","TH:BikiniMail"],"picked":"TH:CopperCoins","floor":30},{"not_picked":["Heavy Blade","Body Slam","Pommel Strike+1","hubris:CleavingFinish"],"picked":"MostiFishMod:HellRitual","floor":30},{"not_picked":["TH:EnergyPotion","TH:CursedSword","TH:Mimic"],"picked":"TH:DeckOfManyThings","floor":33},{"not_picked":["Clothesline+1","Shockwave+1","ReplayTheSpireMod:Limb From Limb+1","StuffTheSpire:RockThrow","Inflame+1","Metamorphosis"],"picked":"SKIP","floor":35},{"not_picked":["Havoc","ReplayTheSpireMod:Stacked+1","Flex","Sword Boomerang+1","Seeing Red","Specialist"],"picked":"SKIP","floor":39},{"not_picked":["Warcry","StuffTheSpire:Pyroclast","Rampage","Body Slam","Shockwave+1","PlatinumSkin+1"],"picked":"SKIP","floor":40},{"not_picked":["TH:TreasureMap","TH:CopperCoins","TH:BikiniMail"],"picked":"TH:DeckOfManyThings","floor":41},{"not_picked":["Invigoration+1","Life Link","Replay:Undeath\u0027s Touch+1","Iron Wave","Cleave+1","Impatience"],"picked":"SKIP","floor":41},{"not_picked":["TH:ArmorSpikes","TH:PixieDust","TH:CopperCoins"],"picked":"TH:DeckOfManyThings","floor":43},{"not_picked":["BarbarianYell","Thunderclap+1","Carnage+1","Reckless Charge","Intimidate","Replay:BasicMightCard+1"],"picked":"SKIP","floor":45},{"not_picked":[],"picked":"wanderingMiniBosses:FinaleOfPromise","floor":47},{"not_picked":["ReplayReversal","Twin Strike","Warcry","StuffTheSpire:RockThrow","ReplayTheSpireMod:Stacked+1"],"picked":"ReplayTheSpireMod:Private Reserves","floor":47},{"not_picked":["Immolate","StuffTheSpire:Incineration","StuffTheSpire:RockThrow+1","Blood for Blood","ReplayTheSpireMod:Uncanny Aura"],"picked":"Metallicize","floor":48},{"not_picked":["TH:TreasureMap","TH:ElvenBoots","TH:CursedSword"],"picked":"TH:PixieDust","floor":54},{"not_picked":["Thunderclap","Demon Form","StuffTheSpire:Incineration+1","Bloodletting","Replay:Parry"],"picked":"Whirlwind+1","floor":54}],"player_experience":264079,"relics_obtained":[{"floor":1,"key":"SynthV:TestCard"},{"floor":7,"key":"Dota2Spire:PhaseBoots"},{"floor":12,"key":"halation:PromiseList"},{"floor":23,"key":"Happy Flower"},{"floor":26,"key":"trackpad:CultistFigurine"},{"floor":30,"key":"TungstenRod"},{"floor":34,"key":"Juzu Bracelet"},{"floor":34,"key":"Dota2Spire:EchoSabre"},{"floor":41,"key":"StuffTheSpire:Gunfinga"},{"floor":43,"key":"jedi:ironblood"},{"floor":47,"key":"wanderingMiniBosses:Blackblade"},{"floor":54,"key":"relicPack:NeonSign"}],"event_choices":[{"damage_healed":80,"gold_gain":0,"player_choice":"Upgrade","damage_taken":16,"max_hp_gain":0,"max_hp_loss":80,"event_name":"betterThird:BetterShining","floor":2,"gold_loss":0,"cards_upgraded":["Defend_R","Strike_R"]},{"damage_healed":0,"gold_gain":100,"player_choice":"Pray","damage_taken":0,"max_hp_gain":0,"max_hp_loss":0,"event_name":"Golden Shrine","floor":3,"gold_loss":0}],"is_beta":false,"boss_relics":[{"not_picked":["halation:PlatinumPhoenix","GuanYuAspect"],"picked":"halation:LoveArrow"},{"not_picked":["hubris:RunicObelisk","Tiny House"],"picked":"REME_LowDesire"}],"items_purged_floors":[8,20,22],"is_endless":false,"potions_floor_spawned":[1,4,12,16,18,25,33,35,37,40,47,48],"ascension_level":2}}