{"host":"17trt2gvjgnh9jmc","time":1610134309,"event":{"mods":["AchievementEnabler","BaseMod","Bestiary","Colored Map","Minty Spire (QoL Compilation)","Relic Stats"],"gold_per_floor":[116,136,153,163,178,212,212,232,308,333,352,24,24,24,24,124,124,136,149,163,210,310,310,310,310],"floor_reached":24,"playtime":4127,"items_purged":["Strike_R"],"score":221,"play_id":"f1db9a0a-fb1d-44fb-9e1e-22349b9b54b7","local_time":"20210108203149","is_ascension_mode":true,"campfire_choices":[{"data":"True Grit","floor":7.0,"key":"SMITH"},{"data":"Pommel Strike","floor":13.0,"key":"SMITH"},{"data":"Carnage","floor":15.0,"key":"SMITH"},{"data":"Iron Wave","floor":23,"key":"SMITH"}],"circlet_count":0,"master_deck":["Strike_R","Strike_R","Strike_R","Strike_R","Defend_R","Defend_R","Defend_R","Defend_R","Bash","Iron Wave+1","Bludgeon","Wild Strike","True Grit+1","Whirlwind","Dark Embrace","Offering","Pommel Strike+1","Carnage+1","Double Tap","Double Tap","Iron Wave+1","Anger","Shrug It Off"],"relics":["Burning Blood","Mango","Potion Belt","Pen Nib","Membership Card","Anchor","SlaversCollar","Art of War"],"acts_visited":["Exordium","TheCity"],"potions_floor_usage":[24,24],"damage_taken":[{"damage":1.0,"enemies":"Cultist","floor":1.0,"turns":3.0},{"damage":10.0,"enemies":"Small Slimes","floor":2.0,"turns":4.0},{"damage":1.0,"enemies":"Jaw Worm","floor":3.0,"turns":3.0},{"damage":5.0,"enemies":"Exordium Thugs","floor":4.0,"turns":4.0},{"damage":14.0,"enemies":"Blue Slaver","floor":5.0,"turns":4.0},{"damage":31.0,"enemies":"3 Sentries","floor":6.0,"turns":7.0},{"damage":13.0,"enemies":"Red Slaver","floor":8.0,"turns":2.0},{"damage":40.0,"enemies":"Lagavulin","floor":10.0,"turns":6.0},{"damage":2.0,"enemies":"Exordium Wildlife","floor":11.0,"turns":3.0},{"damage":12.0,"enemies":"Slime Boss","floor":16.0,"turns":8.0},{"damage":16,"enemies":"2 Thieves","floor":18,"turns":3},{"damage":6,"enemies":"3 Byrds","floor":19,"turns":2},{"damage":44,"enemies":"Centurion and Healer","floor":20,"turns":6},{"damage":44,"enemies":"Gremlin Leader","floor":24,"turns":6}],"seed_played":"604484470074075433","potions_obtained":[{"floor":3.0,"key":"CultistPotion"},{"floor":4.0,"key":"SteroidPotion"},{"floor":6.0,"key":"ColorlessPotion"},{"floor":8.0,"key":"Explosive Potion"},{"floor":18,"key":"Swift Potion"},{"floor":20,"key":"AttackPotion"}],"is_trial":false,"path_per_floor":["M","M","M","M","M","E","R","M","T","E","M","$","R","?","R","B",null,"M","M","M","T","?","R","E"],"character_chosen":"IRONCLAD","items_purchased":["Membership Card","BloodPotion","Anchor","Carnage"],"campfire_rested":0,"item_purchase_floors":[12,12,12,12],"current_hp_per_floor":[86,82,86,86,78,53,53,46,46,12,16,16,16,16,16,27,86,76,76,38,38,38,38,0,0],"gold":310,"neow_bonus":"ONE_RARE_RELIC","is_daily":false,"chose_seed":false,"campfire_upgraded":4,"win_rate":0.0,"timestamp":1610134309,"path_taken":["M","M","M","M","?","E","R","M","T","E","M","$","R","?","R","BOSS","BOSS","M","M","M","?","?","R","E"],"items_purchased_type":["Relic","Potion","Relic","Card"],"build_version":"2020-12-22","purchased_purges":1,"victory":false,"max_hp_per_floor":[86,86,86,86,86,86,86,86,86,86,86,86,86,86,86,86,86,86,86,86,86,86,86,86,86],"relic_stats":{"counters":[14,61],"Pen Nib":[5],"Art of War":[0],"obtain_stats":[{"Potion Belt":6,"SlaversCollar":17,"Anchor":12,"Mango":0,"Pen Nib":10,"Art of War":21,"Membership Card":12,"Burning Blood":0},{"Potion Belt":6,"SlaversCollar":10,"Anchor":9,"Mango":0,"Pen Nib":8,"Art of War":13,"Membership Card":9,"Burning Blood":0},{"Potion Belt":25,"SlaversCollar":44,"Anchor":36,"Mango":0,"Pen Nib":33,"Art of War":55,"Membership Card":36,"Burning Blood":0}],"Burning Blood":71},"card_choices":[{"not_picked":["Flex","Power Through"],"picked":"Iron Wave","floor":1.0},{"not_picked":["Wild Strike","Headbutt"],"picked":"Bludgeon","floor":2.0},{"not_picked":["Havoc","Combust"],"picked":"Wild Strike","floor":3.0},{"not_picked":["Sword Boomerang","Sever Soul"],"picked":"True Grit","floor":4.0},{"not_picked":["Clothesline","Pummel","Warcry"],"picked":"SKIP","floor":5.0},{"not_picked":["Sever Soul","Thunderclap"],"picked":"Whirlwind","floor":6.0},{"not_picked":["Perfected Strike","Disarm"],"picked":"Dark Embrace","floor":8.0},{"not_picked":["Bloodletting","Battle Trance"],"picked":"Offering","floor":10.0},{"not_picked":["Intimidate","Thunderclap"],"picked":"Pommel Strike","floor":11.0},{"not_picked":["Corruption","Reaper"],"picked":"Double Tap","floor":16},{"not_picked":["Clash","Whirlwind"],"picked":"Iron Wave+1","floor":18},{"not_picked":["Fire Breathing","Disarm"],"picked":"Anger","floor":19},{"not_picked":["Twin Strike+1","Infernal Blade+1"],"picked":"Shrug It Off","floor":20}],"player_experience":399818,"relics_obtained":[{"floor":6.0,"key":"Potion Belt"},{"floor":10.0,"key":"Pen Nib"},{"floor":21,"key":"Art of War"}],"event_choices":[{"damage_healed":0.0,"max_hp_gain":0.0,"max_hp_loss":0.0,"gold_gain":0.0,"event_name":"Match and Keep!","player_choice":"1 cards matched","floor":14.0,"gold_loss":0.0,"damage_taken":0.0,"cards_obtained":["Double Tap"]},{"damage_healed":0,"gold_gain":100,"player_choice":"Pray","damage_taken":0,"max_hp_gain":0,"max_hp_loss":0,"event_name":"Golden Shrine","floor":22,"gold_loss":0}],"is_beta":false,"boss_relics":[{"not_picked":["Runic Cube","Black Blood"],"picked":"SlaversCollar"}],"items_purged_floors":[12],"is_endless":false,"potions_floor_spawned":[3,4,6,8,18,20],"killed_by":"Gremlin Leader","ascension_level":1}}