{"host":"50per11302020","time":1610078253,"event":{"mods":["AchievementEnabler","BaseMod","Colored Map","Minty Spire (QoL Compilation)","Relic Stats","StSLib"],"gold_per_floor":[109,109,109,119,119,146,146,162,162,182,214,53,72,247,247,344,344,364,377,222,234,333,333,362,362,362,396,409,409,423,436,436,534,534,550,288,298,298,308,336,336,247,274,307,325,335,345,95,95,95],"floor_reached":51,"playtime":3720,"items_purged":["Doubt","Regret"],"score":1011,"play_id":"17d19017-d489-453e-bd24-f82a643f2019","local_time":"20210107195733","is_ascension_mode":true,"campfire_choices":[{"data":"Sweeping Beam","floor":7.0,"key":"SMITH"},{"data":"Rainbow","floor":15.0,"key":"SMITH"},{"data":"Defragment","floor":23.0,"key":"SMITH"},{"floor":25.0,"key":"REST"},{"data":"Defragment","floor":29.0,"key":"SMITH"},{"floor":32.0,"key":"REST"},{"data":"Capacitor","floor":41.0,"key":"SMITH"},{"floor":49.0,"key":"REST"}],"circlet_count":0,"master_deck":["Strike_B","Strike_B","Strike_B","Strike_B+1","Defend_B","Defend_B","Defend_B","Zap","Dualcast+1","Rebound","Sweeping Beam+1","Sweeping Beam","Conserve Battery","Rainbow+1","Panacea","Force Field","Hologram","Echo Form","FTL+1","Barrage+1","Defragment+1","Defragment+1","Injury","Coolheaded","Storm+1","Heatsinks","Force Field","Buffer","Coolheaded+1","Rip and Tear","Capacitor+1","Defragment","Coolheaded","FTL","Defragment","Coolheaded"],"relics":["FrozenCore","NeowsBlessing","Darkstone Periapt","Strawberry","Mummified Hand","Potion Belt","Cursed Key","Torii","HornCleat","Mercury Hourglass","Kunai","Question Card","Ancient Tea Set","FossilizedHelix","Nunchaku"],"acts_visited":["Exordium","TheCity","TheBeyond"],"potions_floor_usage":[50,50,50,50,50],"damage_taken":[{"damage":0.0,"enemies":"Small Slimes","floor":1.0,"turns":1.0},{"damage":0.0,"enemies":"Jaw Worm","floor":4.0,"turns":1.0},{"damage":0.0,"enemies":"Gremlin Nob","floor":6.0,"turns":1.0},{"damage":0.0,"enemies":"Cultist","floor":8.0,"turns":2.0},{"damage":3.0,"enemies":"Blue Slaver","floor":10.0,"turns":3.0},{"damage":18.0,"enemies":"3 Sentries","floor":11.0,"turns":4.0},{"damage":10.0,"enemies":"Looter","floor":13.0,"turns":3.0},{"damage":25.0,"enemies":"Hexaghost","floor":16.0,"turns":9.0},{"damage":5.0,"enemies":"Spheric Guardian","floor":18.0,"turns":5.0},{"damage":21.0,"enemies":"3 Byrds","floor":19.0,"turns":4.0},{"damage":11.0,"enemies":"Centurion and Healer","floor":21.0,"turns":4.0},{"damage":33.0,"enemies":"Slavers","floor":24.0,"turns":5.0},{"damage":20.0,"enemies":"Book of Stabbing","floor":27.0,"turns":5.0},{"damage":0.0,"enemies":"Snecko","floor":28.0,"turns":5.0},{"damage":1.0,"enemies":"Shelled Parasite and Fungi","floor":30.0,"turns":3.0},{"damage":1.0,"enemies":"Snake Plant","floor":31.0,"turns":3.0},{"damage":10.0,"enemies":"Champ","floor":33.0,"turns":8.0},{"damage":7.0,"enemies":"3 Shapes","floor":35.0,"turns":5.0},{"damage":7.0,"enemies":"Orb Walker","floor":37.0,"turns":3.0},{"damage":1.0,"enemies":"Spire Growth","floor":39.0,"turns":5.0},{"damage":12.0,"enemies":"Reptomancer","floor":40.0,"turns":7.0},{"damage":18.0,"enemies":"Giant Head","floor":44.0,"turns":9.0},{"damage":0.0,"enemies":"Sphere and 2 Shapes","floor":45.0,"turns":5.0},{"damage":11.0,"enemies":"4 Shapes","floor":46.0,"turns":3.0},{"damage":0.0,"enemies":"Maw","floor":47.0,"turns":7.0},{"damage":29,"enemies":"Awakened One","floor":50,"turns":15}],"seed_played":"-746585485000203950","potions_obtained":[{"floor":1.0,"key":"DistilledChaos"},{"floor":6.0,"key":"FocusPotion"},{"floor":10.0,"key":"FocusPotion"},{"floor":13.0,"key":"DistilledChaos"},{"floor":21.0,"key":"Energy Potion"},{"floor":27.0,"key":"DuplicationPotion"},{"floor":30.0,"key":"Dexterity Potion"},{"floor":31.0,"key":"Fire Potion"},{"floor":39.0,"key":"Block Potion"},{"floor":44.0,"key":"SkillPotion"},{"floor":45.0,"key":"EssenceOfSteel"}],"is_trial":false,"path_per_floor":["M","?","?","M","$","E","R","M","T","M","E","$","M","?","R","B",null,"M","M","$","M","?","R","E","R","T","E","M","R","M","M","R","B",null,"M","$","M","?","M","E","R","$","T","E","M","M","M","$","R","B",null],"character_chosen":"DEFECT","items_purchased":["Panacea","Force Field","Defragment","Kunai","Defragment","Coolheaded","Nunchaku"],"campfire_rested":3,"item_purchase_floors":[12,12,20,36,42,42,48],"current_hp_per_floor":[75,60,60,60,60,67,67,67,67,64,46,46,36,42,42,17,88,83,62,62,51,51,51,18,44,50,30,30,30,29,28,56,46,94,87,87,80,80,79,67,67,67,73,55,55,44,44,44,74,45],"gold":95,"neow_bonus":"THREE_ENEMY_KILL","is_daily":false,"chose_seed":false,"campfire_upgraded":5,"win_rate":0.0,"timestamp":1610078253,"path_taken":["M","?","?","?","$","E","R","M","T","M","E","$","M","?","R","BOSS","M","M","$","M","?","R","E","R","T","E","M","R","M","M","R","BOSS","M","$","M","?","M","E","R","?","T","E","M","?","?","$","R","BOSS"],"items_purchased_type":["Card","Card","Card","Relic","Card","Card","Relic"],"build_version":"2020-12-18","purchased_purges":2,"victory":true,"max_hp_per_floor":[75,75,75,75,75,82,82,82,82,82,82,82,82,88,88,88,88,88,88,88,88,88,88,88,88,94,94,94,94,94,94,94,94,94,94,94,94,94,94,94,94,94,100,100,100,100,100,100,100,100],"relic_stats":{"Darkstone Periapt":18,"Nunchaku":[3],"Torii":31,"counters":[26,124],"Mummified Hand":[105],"Kunai":[14],"Cursed Key":2,"Question Card":4,"obtain_stats":[{"Darkstone Periapt":3,"Potion Belt":11,"NeowsBlessing":0,"Torii":24,"Cursed Key":17,"Question Card":40,"Ancient Tea Set":43,"Mercury Hourglass":27,"FrozenCore":34,"Nunchaku":48,"HornCleat":26,"Mummified Hand":9,"Strawberry":6,"Kunai":36,"Cracked Core":0,"FossilizedHelix":44},{"Darkstone Periapt":1,"Potion Belt":6,"NeowsBlessing":0,"Torii":12,"Cursed Key":8,"Question Card":21,"Ancient Tea Set":21,"Mercury Hourglass":13,"FrozenCore":17,"Nunchaku":25,"HornCleat":12,"Mummified Hand":4,"Strawberry":3,"Kunai":18,"Cracked Core":0,"FossilizedHelix":22},{"Darkstone Periapt":1,"Potion Belt":12,"NeowsBlessing":0,"Torii":42,"Cursed Key":24,"Question Card":85,"Ancient Tea Set":85,"Mercury Hourglass":47,"FrozenCore":65,"Nunchaku":109,"HornCleat":42,"Mummified Hand":5,"Strawberry":3,"Kunai":70,"Cracked Core":0,"FossilizedHelix":94}],"FrozenCore":[20],"Mercury Hourglass":[337]},"card_choices":[{"not_picked":["Scrape","Steam","Beam Cell"],"picked":"SKIP","floor":1.0},{"not_picked":["Turbo","Ball Lightning"],"picked":"Rebound","floor":4.0},{"not_picked":["Cold Snap","Compile Driver"],"picked":"Sweeping Beam","floor":6.0},{"not_picked":["Coolheaded","Gash"],"picked":"Sweeping Beam","floor":8.0},{"not_picked":["Cold Snap","Steam Power"],"picked":"Conserve Battery","floor":10.0},{"not_picked":["Rebound","Rip and Tear"],"picked":"Rainbow","floor":11.0},{"not_picked":["Steam","Turbo"],"picked":"Hologram","floor":13.0},{"not_picked":["Reboot","Thunder Strike"],"picked":"Echo Form","floor":16.0},{"not_picked":["Stack","Streamline+1"],"picked":"FTL+1","floor":18.0},{"not_picked":["Cold Snap+1","Doom and Gloom"],"picked":"Barrage+1","floor":19.0},{"not_picked":["Chaos+1","Hologram+1"],"picked":"Defragment","floor":21.0},{"not_picked":["Stack","Beam Cell+1","Conserve Battery"],"picked":"SKIP","floor":24.0},{"not_picked":["Reboot","Beam Cell"],"picked":"Coolheaded","floor":27.0},{"not_picked":["Steam","Static Discharge"],"picked":"Storm+1","floor":28.0},{"not_picked":["Ball Lightning","Darkness"],"picked":"Heatsinks","floor":30.0},{"not_picked":["Beam Cell+1","Scrape"],"picked":"Force Field","floor":31.0},{"not_picked":["Seek","Echo Form"],"picked":"Buffer","floor":33.0},{"not_picked":["Scrape+1","Fusion","Sweeping Beam+1"],"picked":"SKIP","floor":35.0},{"not_picked":["Sunder+1","Scrape"],"picked":"Coolheaded+1","floor":37.0},{"not_picked":["Undo","Redo","Rebound+1"],"picked":"SKIP","floor":39.0},{"not_picked":["Heatsinks+1","Leap+1"],"picked":"Capacitor","floor":40.0},{"not_picked":["Go for the Eyes","Stack+1","Beam Cell+1"],"picked":"FTL","floor":44.0},{"not_picked":["Scrape+1","Tempest","Rebound+1"],"picked":"Defragment","floor":45.0},{"not_picked":["Reinforced Body+1","Cold Snap","Redo"],"picked":"Coolheaded","floor":46.0},{"not_picked":["Storm+1","Hologram+1","Ball Lightning+1","Capacitor"],"picked":"SKIP","floor":47.0}],"player_experience":108862,"relics_obtained":[{"floor":3.0,"key":"Darkstone Periapt"},{"floor":6.0,"key":"Strawberry"},{"floor":9.0,"key":"Mummified Hand"},{"floor":11.0,"key":"Potion Belt"},{"floor":24.0,"key":"Torii"},{"floor":26.0,"key":"HornCleat"},{"floor":27.0,"key":"Mercury Hourglass"},{"floor":40.0,"key":"Question Card"},{"floor":43.0,"key":"Ancient Tea Set"},{"floor":44.0,"key":"FossilizedHelix"}],"event_choices":[{"damage_healed":0.0,"max_hp_gain":0.0,"max_hp_loss":0.0,"gold_gain":0.0,"event_name":"Shining Light","player_choice":"Entered Light","floor":2.0,"gold_loss":0.0,"damage_taken":15.0,"cards_upgraded":["Dualcast","Strike_B"]},{"damage_healed":0.0,"max_hp_gain":0.0,"max_hp_loss":0.0,"gold_gain":0.0,"event_name":"Wheel of Change","player_choice":"Relic","floor":3.0,"gold_loss":0.0,"damage_taken":0.0},{"damage_healed":0.0,"max_hp_gain":0.0,"max_hp_loss":0.0,"gold_gain":175.0,"event_name":"Liars Game","player_choice":"AGREE","floor":14.0,"gold_loss":0.0,"damage_taken":0.0,"cards_obtained":["Doubt"]},{"damage_healed":0.0,"max_hp_gain":0.0,"max_hp_loss":0.0,"gold_gain":99.0,"event_name":"Nest","player_choice":"Stole From Cult","floor":22.0,"gold_loss":0.0,"damage_taken":0.0},{"damage_healed":0.0,"max_hp_gain":0.0,"max_hp_loss":0.0,"gold_gain":0.0,"cards_transformed":["Defend_B"],"event_name":"Transmorgrifier","player_choice":"Transformed","floor":38.0,"gold_loss":0.0,"damage_taken":0.0,"cards_obtained":["Rip and Tear"]}],"is_beta":true,"boss_relics":[{"not_picked":["Runic Pyramid","Pandora\u0027s Box"],"picked":"Cursed Key"},{"not_picked":["SlaversCollar","Fusion Hammer"],"picked":"FrozenCore"}],"items_purged_floors":[20,48],"is_endless":false,"potions_floor_spawned":[1,6,10,13,21,27,30,31,39,44,45],"ascension_level":4}}