{"host":"y3h3n3f7seyagppx","time":1610142924,"event":{"mods":["AlwaysNeverKeys","BaseMod","Better Vampires","Colored Powertips","DeckTracker","Emptier Cage","Minty Spire (QoL Compilation)","Permanent Neow","Quick Restart","Rare Cards Sparkle","Relic Sorter","Relic Stats","StSLib","Transform Curses"],"gold_per_floor":[116,134,134,145,156,190,190,220,288,305,305,332,348,363,363,434,434,452,219,239,239,239,256,282,297,324,324,350,368,378,392,392,466,466,480,499,511,253,253,284,284,318,341,376,428,461,480,480,480,480,480,480,480,11,46,46],"floor_reached":57,"playtime":11836,"items_purged":["Defend_P","Defend_P+1"],"score":3072,"play_id":"27c23592-4026-4a82-b0e6-60b4fc589761","local_time":"20210108165524","is_ascension_mode":true,"campfire_choices":[{"data":"Sanctity","floor":7,"key":"SMITH"},{"data":"Vigilance","floor":11,"key":"SMITH"},{"data":"SpiritShield","floor":15,"key":"SMITH"},{"data":"Swivel","floor":27,"key":"SMITH"},{"floor":32,"key":"REST"},{"floor":41,"key":"REST"},{"data":"Vault","floor":49,"key":"SMITH"},{"floor":53,"key":"REST"}],"circlet_count":0,"master_deck":["AscendersBane","Strike_P+1","Strike_P+1","Strike_P+1","Strike_P+1","Defend_P+1","Defend_P+1","Eruption+1","Vigilance+1","CurseOfTheBell","EmptyFist+1","JustLucky+1","Wallop+1","JustLucky+1","Sanctity+1","Indignation+1","CutThroughFate+1","Wallop+1","SpiritShield+1","LessonLearned+1","Swivel+1","MentalFortress+1","Meditate+1","DeusExMachina+1","EmptyBody+1","DeceiveReality+1","Ragnarok+1","TalkToTheHand+1","Vault+1","CrushJoints+1","SandsOfTime+1"],"relics":["Calling Bell","Strawberry","Molten Egg 2","Unceasing Top","Oddly Smooth Stone","Pocketwatch","Question Card","Akabeko","Snecko Eye","Lee\u0027s Waffle","Anchor","Whetstone","Gremlin Horn","Philosopher\u0027s Stone","Strange Spoon","StrikeDummy","Gambling Chip","Bronze Scales","Potion Belt","Turnip","Shuriken","Membership Card","Bag of Preparation","Sundial","Bottled Lightning"],"acts_visited":["Exordium","TheCity","TheBeyond","TheEnding"],"potions_floor_usage":[8,24,25,28,33,37,42,45,51,56,56,56,56,56,56,56,56,56,56],"damage_taken":[{"damage":8,"enemies":"Small Slimes","floor":1,"turns":5},{"damage":0,"enemies":"2 Louse","floor":2,"turns":2},{"damage":0,"enemies":"Jaw Worm","floor":4,"turns":2},{"damage":17,"enemies":"3 Louse","floor":5,"turns":3},{"damage":17,"enemies":"3 Sentries","floor":6,"turns":11},{"damage":33,"enemies":"Gremlin Nob","floor":8,"turns":4},{"damage":0,"enemies":"2 Fungi Beasts","floor":10,"turns":3},{"damage":8,"enemies":"Lagavulin","floor":12,"turns":6},{"damage":0,"enemies":"Gremlin Gang","floor":13,"turns":3},{"damage":0,"enemies":"Blue Slaver","floor":14,"turns":3},{"damage":0,"enemies":"Hexaghost","floor":16,"turns":6},{"damage":1,"enemies":"Shell Parasite","floor":18,"turns":5},{"damage":0,"enemies":"Spheric Guardian","floor":20,"turns":1},{"damage":1,"enemies":"Centurion and Healer","floor":23,"turns":6},{"damage":0,"enemies":"Book of Stabbing","floor":24,"turns":3},{"damage":0,"enemies":"3 Cultists","floor":25,"turns":5},{"damage":9,"enemies":"Slavers","floor":28,"turns":5},{"damage":5,"enemies":"Cultist and Chosen","floor":29,"turns":9},{"damage":0,"enemies":"Sentry and Sphere","floor":30,"turns":3},{"damage":8,"enemies":"Snecko","floor":31,"turns":8},{"damage":69,"enemies":"Automaton","floor":33,"turns":14},{"damage":0,"enemies":"3 Shapes","floor":35,"turns":7},{"damage":0,"enemies":"3 Darklings","floor":36,"turns":4},{"damage":0,"enemies":"Maw","floor":37,"turns":5},{"damage":9,"enemies":"Nemesis","floor":40,"turns":5},{"damage":0,"enemies":"Giant Head","floor":42,"turns":4},{"damage":0,"enemies":"Reptomancer","floor":44,"turns":5},{"damage":0,"enemies":"2 Orb Walkers","floor":45,"turns":3},{"damage":5,"enemies":"Giant Head","floor":46,"turns":7},{"damage":0,"enemies":"Transient","floor":47,"turns":6},{"damage":20,"enemies":"Awakened One","floor":50,"turns":12},{"damage":3,"enemies":"Time Eater","floor":51,"turns":7},{"damage":12,"enemies":"Shield and Spear","floor":55,"turns":7},{"damage":12,"enemies":"The Heart","floor":56,"turns":9}],"seed_played":"-2409899448448724751","potions_obtained":[{"floor":1,"key":"FairyPotion"},{"floor":5,"key":"SpeedPotion"},{"floor":10,"key":"FearPotion"},{"floor":13,"key":"Explosive Potion"},{"floor":24,"key":"Regen Potion"},{"floor":28,"key":"ColorlessPotion"},{"floor":30,"key":"SteroidPotion"},{"floor":31,"key":"Block Potion"},{"floor":33,"key":"BottledMiracle"},{"floor":36,"key":"EntropicBrew"},{"floor":37,"key":"SteroidPotion"},{"floor":42,"key":"Swift Potion"},{"floor":44,"key":"Fire Potion"},{"floor":45,"key":"GamblersBrew"},{"floor":55,"key":"EntropicBrew"}],"is_trial":false,"path_per_floor":["M","M","?","M","M","E","R","E","T","M","R","E","M","M","R","B",null,"M","$","M","?","?","M","E","M","T","R","E","M","M","M","R","B",null,"M","M","M","$","?","E","R","E","T","E","?","E","M","?","R","B","B",null,"R","$","E","B",null],"character_chosen":"WATCHER","items_purchased":["Lee\u0027s Waffle","Strange Spoon","Membership Card","Bag of Preparation","SneckoOil","Block Potion","Sundial"],"campfire_rested":3,"item_purchase_floors":[19,38,54,54,54,54,54],"current_hp_per_floor":[60,60,37,37,20,3,3,22,22,22,22,14,14,14,14,14,60,59,82,82,58,58,57,57,69,69,69,60,55,55,47,73,4,66,66,66,66,66,66,57,81,81,81,81,81,76,76,83,83,63,60,77,83,83,71,59],"gold":46,"neow_bonus":"BOSS_RELIC","is_daily":false,"chose_seed":false,"campfire_upgraded":5,"win_rate":0.0,"timestamp":1610142924,"path_taken":["M","M","?","M","M","E","R","E","T","M","R","E","M","M","R","BOSS","M","$","M","?","?","M","E","M","T","R","E","M","M","M","R","BOSS","M","M","M","$","?","E","R","E","T","E","?","E","M","?","R","BOSS","BOSS","R","$","E","BOSS"],"items_purchased_type":["Relic","Relic","Relic","Relic","Potion","Potion","Relic"],"build_version":"2020-12-22","purchased_purges":2,"victory":true,"max_hp_per_floor":[75,75,75,75,75,75,75,75,75,75,75,75,75,75,75,75,75,75,82,82,87,87,87,87,87,87,87,87,87,87,87,87,87,87,87,87,87,87,83,83,83,83,83,83,83,83,83,83,83,83,83,83,83,83,83,83],"relic_stats":{"Lee\u0027s Waffle":23,"Gremlin Horn":[19,18],"counters":[34,188],"Bag of Preparation":[4],"Whetstone":["Strike_P"],"Question Card":25,"Strange Spoon":[32],"Shuriken":[20],"Sundial":[2],"Gambling Chip":[43],"Bronze Scales":[232],"Snecko Eye":[283,247,288,262],"Turnip":[3],"obtain_stats":[{"Gremlin Horn":28,"Bag of Preparation":54,"Whetstone":26,"Sundial":54,"Strawberry":0,"Gambling Chip":42,"Philosopher\u0027s Stone":34,"Potion Belt":44,"Lee\u0027s Waffle":19,"Oddly Smooth Stone":6,"Question Card":9,"Akabeko":12,"Calling Bell":0,"Strange Spoon":38,"Anchor":24,"Shuriken":46,"Bronze Scales":43,"Snecko Eye":17,"Molten Egg 2":0,"Turnip":45,"Membership Card":54,"Bottled Lightning":55,"PureWater":0,"StrikeDummy":40,"Unceasing Top":0,"Pocketwatch":8},{"Gremlin Horn":17,"Bag of Preparation":32,"Whetstone":16,"Sundial":32,"Strawberry":0,"Gambling Chip":26,"Philosopher\u0027s Stone":21,"Potion Belt":27,"Lee\u0027s Waffle":12,"Oddly Smooth Stone":5,"Question Card":6,"Akabeko":8,"Calling Bell":0,"Strange Spoon":24,"Anchor":15,"Shuriken":29,"Bronze Scales":26,"Snecko Eye":11,"Molten Egg 2":0,"Turnip":28,"Membership Card":32,"Bottled Lightning":33,"PureWater":0,"StrikeDummy":25,"Unceasing Top":0,"Pocketwatch":6},{"Gremlin Horn":73,"Bag of Preparation":172,"Whetstone":68,"Sundial":172,"Strawberry":0,"Gambling Chip":132,"Philosopher\u0027s Stone":107,"Potion Belt":137,"Lee\u0027s Waffle":53,"Oddly Smooth Stone":23,"Question Card":27,"Akabeko":36,"Calling Bell":0,"Strange Spoon":123,"Anchor":63,"Shuriken":147,"Bronze Scales":132,"Snecko Eye":48,"Molten Egg 2":0,"Turnip":140,"Membership Card":172,"Bottled Lightning":179,"PureWater":0,"StrikeDummy":128,"Unceasing Top":0,"Pocketwatch":27}],"Unceasing Top":[1],"Pocketwatch":[140]},"card_choices":[{"not_picked":["CrushJoints+1","EmptyBody"],"picked":"EmptyFist+1","floor":1},{"not_picked":["Indignation","FollowUp+1"],"picked":"JustLucky+1","floor":2},{"not_picked":["CutThroughFate+1","Indignation"],"picked":"Wallop+1","floor":4},{"not_picked":["ClearTheMind","Swivel"],"picked":"JustLucky+1","floor":5},{"not_picked":["ThirdEye","Perseverance"],"picked":"Sanctity","floor":6},{"not_picked":["SandsOfTime+1","Establishment"],"picked":"Indignation","floor":8},{"not_picked":["JustLucky+1","Protect","Fasting2","EmptyFist+1"],"picked":"SKIP","floor":10},{"not_picked":["Evaluate","Wireheading","ForeignInfluence"],"picked":"CutThroughFate+1","floor":12},{"not_picked":["Worship","FollowUp+1","Nirvana"],"picked":"Wallop+1","floor":13},{"not_picked":["Pray","WheelKick+1","CutThroughFate+1"],"picked":"SpiritShield","floor":14},{"not_picked":["Blasphemy","Brilliance+1","DeusExMachina"],"picked":"LessonLearned+1","floor":16},{"not_picked":["CutThroughFate+1","JustLucky+1","Nirvana"],"picked":"Swivel","floor":18},{"not_picked":["Fasting2","FlyingSleeves+1","CarveReality+1","PathToVictory"],"picked":"SKIP","floor":20},{"not_picked":["Nirvana","Vengeance","CutThroughFate+1"],"picked":"MentalFortress","floor":23},{"not_picked":["ForeignInfluence+1","Conclude+1","FlyingSleeves+1","Fasting2"],"picked":"SKIP","floor":24},{"not_picked":["FlyingSleeves+1","WreathOfFlame","FlurryOfBlows+1"],"picked":"Meditate","floor":25},{"not_picked":["SashWhip+1","FlurryOfBlows+1","EmptyBody"],"picked":"DeusExMachina","floor":28},{"not_picked":["Crescendo","MentalFortress","FlurryOfBlows+1"],"picked":"EmptyBody+1","floor":29},{"not_picked":["EmptyBody","EmptyMind+1","BowlingBash+1"],"picked":"DeceiveReality+1","floor":30},{"not_picked":["Weave+1","CutThroughFate+1","Collect","PathToVictory"],"picked":"SKIP","floor":31},{"not_picked":["Weave+1","CutThroughFate+1","Collect","PathToVictory"],"picked":"SKIP","floor":31},{"not_picked":["DeusExMachina","MasterReality","ConjureBlade"],"picked":"Ragnarok+1","floor":33},{"not_picked":["Tantrum+1","BattleHymn","EmptyBody+1"],"picked":"TalkToTheHand+1","floor":35},{"not_picked":["BowlingBash+1","JustLucky+1","Meditate+1","EmptyFist+1"],"picked":"SKIP","floor":36},{"not_picked":["EmptyBody","FollowUp+1","JustLucky+1","FlyingSleeves+1"],"picked":"SKIP","floor":37},{"not_picked":["Prostrate","EmptyFist+1","Adaptation"],"picked":"Vault","floor":40},{"not_picked":["SandsOfTime+1","EmptyMind","Crescendo","Consecrate+1"],"picked":"SKIP","floor":42},{"not_picked":["Perseverance","Halt","FlyingSleeves+1"],"picked":"CrushJoints+1","floor":44},{"not_picked":["Evaluate","JustLucky+1","SignatureMove+1"],"picked":"SandsOfTime+1","floor":46},{"not_picked":["Crescendo","EmptyFist+1","CutThroughFate+1","Nirvana+1"],"picked":"SKIP","floor":47},{"not_picked":["WindmillStrike+1","Halt+1","WreathOfFlame","InnerPeace"],"picked":"SKIP","floor":55}],"player_experience":20494840,"relics_obtained":[{"floor":0,"key":"Strawberry"},{"floor":0,"key":"Molten Egg 2"},{"floor":0,"key":"Unceasing Top"},{"floor":6,"key":"Oddly Smooth Stone"},{"floor":8,"key":"Pocketwatch"},{"floor":9,"key":"Question Card"},{"floor":12,"key":"Akabeko"},{"floor":24,"key":"Anchor"},{"floor":26,"key":"Whetstone"},{"floor":28,"key":"Gremlin Horn"},{"floor":40,"key":"StrikeDummy"},{"floor":42,"key":"Gambling Chip"},{"floor":43,"key":"Bronze Scales"},{"floor":44,"key":"Potion Belt"},{"floor":45,"key":"Turnip"},{"floor":46,"key":"Shuriken"},{"floor":55,"key":"Bottled Lightning"}],"event_choices":[{"damage_healed":0,"gold_gain":0,"player_choice":"Entered Light","damage_taken":23,"max_hp_gain":0,"max_hp_loss":0,"event_name":"Shining Light","floor":3,"gold_loss":0,"cards_upgraded":["Strike_P","Eruption"]},{"damage_healed":0,"gold_gain":0,"player_choice":"Shed Blood","damage_taken":29,"max_hp_gain":5,"max_hp_loss":0,"event_name":"Forgotten Altar","floor":21,"gold_loss":0},{"damage_healed":0,"gold_gain":0,"player_choice":"Ignored","damage_taken":0,"max_hp_gain":0,"max_hp_loss":0,"event_name":"The Mausoleum","floor":22,"gold_loss":0},{"damage_healed":0,"gold_gain":0,"player_choice":"Max HP","damage_taken":0,"max_hp_gain":0,"max_hp_loss":4,"event_name":"Winding Halls","floor":39,"gold_loss":0},{"damage_healed":0,"gold_gain":0,"player_choice":"Fight","damage_taken":0,"max_hp_gain":0,"max_hp_loss":0,"event_name":"Mysterious Sphere","floor":45,"gold_loss":0},{"damage_healed":7,"gold_gain":0,"player_choice":"Full Heal","damage_taken":0,"max_hp_gain":0,"max_hp_loss":0,"event_name":"Wheel of Change","floor":48,"gold_loss":0}],"is_beta":false,"boss_relics":[{"not_picked":["SacredBark","Astrolabe"],"picked":"Snecko Eye"},{"not_picked":["Black Star","Tiny House"],"picked":"Philosopher\u0027s Stone"}],"items_purged_floors":[19,38],"is_endless":false,"potions_floor_spawned":[1,5,10,13,16,24,28,30,31,33,36,37,42,44,45,55],"ascension_level":20}}