{"host":"19tvufa8xx4wr4o1","time":1610077010,"event":{"mods":["AchievementEnabler","BaseMod","Better Sensory Stone","Better Third Choice","Highlight Path","Minty Spire (QoL Compilation)","Relic Stats","StSLib"],"gold_per_floor":[116,130,130,80,80,80,123,136,136,136,155,10,44,57,57,57,57],"floor_reached":16,"playtime":496,"items_purged":[],"score":193,"play_id":"c0860d42-6d4c-4aea-b152-b9b8526bfe5c","local_time":"20210107213650","is_ascension_mode":true,"campfire_choices":[{"data":"Neutralize","floor":6,"key":"SMITH"},{"floor":10,"key":"REST"},{"floor":15,"key":"REST"}],"circlet_count":0,"master_deck":["AscendersBane","Strike_G","Strike_G","Strike_G","Strike_G","Strike_G","Defend_G","Defend_G","Defend_G","Defend_G","Defend_G","Survivor","Neutralize+1","Flechettes","PiercingWail","Blade Dance","All Out Attack","Choke","Blur","PiercingWail"],"relics":["Busted Crown","Golden Idol","Torii","Blue Candle","Sling","Dream Catcher"],"acts_visited":["Exordium"],"potions_floor_usage":[7,14],"damage_taken":[{"damage":6,"enemies":"Jaw Worm","floor":1,"turns":4},{"damage":3,"enemies":"2 Louse","floor":2,"turns":3},{"damage":26,"enemies":"Gremlin Nob","floor":7,"turns":4},{"damage":10,"enemies":"Cultist","floor":8,"turns":4},{"damage":0,"enemies":"Exordium Wildlife","floor":11,"turns":4},{"damage":16,"enemies":"Lagavulin","floor":13,"turns":7},{"damage":9,"enemies":"Exordium Thugs","floor":14,"turns":4},{"damage":25,"enemies":"Hexaghost","floor":16,"turns":11}],"seed_played":"-3209207118095934797","potions_obtained":[{"floor":1,"key":"FearPotion"},{"floor":2,"key":"CultistPotion"},{"floor":8,"key":"Dexterity Potion"},{"floor":14,"key":"SteroidPotion"}],"is_trial":false,"path_per_floor":["M","M","?","$","?","R","E","M","T","R","M","$","E","M","R","B"],"character_chosen":"THE_SILENT","items_purchased":["Blade Dance","Sling"],"campfire_rested":2,"item_purchase_floors":[4,12],"current_hp_per_floor":[53,50,50,50,50,50,24,14,14,32,32,32,16,7,25,0,0],"gold":57,"neow_bonus":"BOSS_RELIC","is_daily":false,"chose_seed":false,"campfire_upgraded":1,"win_rate":0.0,"timestamp":1610077010,"path_taken":["M","M","?","$","?","R","E","M","T","R","M","$","E","M","R","BOSS"],"items_purchased_type":["Card","Relic"],"build_version":"2020-12-22","purchased_purges":0,"victory":false,"max_hp_per_floor":[66,66,66,66,60,60,60,60,60,60,60,60,60,60,60,60,60],"relic_stats":{"Dream Catcher":1,"Busted Crown":16,"Torii":8,"counters":[8,41],"Golden Idol":26,"Blue Candle":[0],"obtain_stats":[{"Dream Catcher":13,"Busted Crown":0,"Torii":7,"Golden Idol":5,"Blue Candle":9,"Sling":12,"Ring of the Snake":0},{"Dream Catcher":6,"Busted Crown":0,"Torii":3,"Golden Idol":2,"Blue Candle":4,"Sling":5,"Ring of the Snake":0},{"Dream Catcher":26,"Busted Crown":0,"Torii":11,"Golden Idol":7,"Blue Candle":15,"Sling":19,"Ring of the Snake":0}]},"card_choices":[{"not_picked":[],"picked":"Flechettes","floor":1},{"not_picked":[],"picked":"PiercingWail","floor":2},{"not_picked":[],"picked":"All Out Attack","floor":7},{"not_picked":[],"picked":"Choke","floor":8},{"not_picked":["Escape Plan"],"picked":"SKIP","floor":11},{"not_picked":[],"picked":"Blur","floor":13},{"not_picked":[],"picked":"PiercingWail","floor":14}],"player_experience":561125,"relics_obtained":[{"floor":7,"key":"Torii"},{"floor":9,"key":"Blue Candle"},{"floor":13,"key":"Dream Catcher"}],"event_choices":[{"damage_healed":50,"gold_gain":0,"player_choice":"Leave","damage_taken":0,"max_hp_gain":0,"max_hp_loss":66,"event_name":"betterThird:BetterShining","floor":3,"gold_loss":0},{"damage_healed":0,"gold_gain":0,"player_choice":"Lose Max HP","damage_taken":0,"relics_obtained":["Golden Idol"],"max_hp_gain":0,"max_hp_loss":6,"event_name":"Golden Idol","floor":5,"gold_loss":0}],"is_beta":false,"boss_relics":[],"items_purged_floors":[],"is_endless":false,"potions_floor_spawned":[1,2,8,14],"killed_by":"Hexaghost","ascension_level":15}}