{"host":"c6u7e77myxvw4d0m","time":1610123553,"event":{"mods":["AchievementEnabler","BaseMod","Bestiary","Colored Map","Colored Powertips","Minty Spire (QoL Compilation)","Rare Cards Sparkle","Relic Stats","everything is the same but u backflip on backflip"],"gold_per_floor":[109,8,8,8,22,53,53,53,53,84,6,24,24,49,49,49,49],"floor_reached":16,"playtime":831,"items_purged":["Strike_G"],"score":212,"play_id":"4fb0b200-705b-4144-9a4d-169b6a4eea9e","local_time":"20210108183233","is_ascension_mode":true,"campfire_choices":[{"data":"Quick Slash","floor":8,"key":"SMITH"},{"data":"Poisoned Stab","floor":15,"key":"SMITH"}],"circlet_count":0,"master_deck":["AscendersBane","Strike_G+1","Strike_G","Strike_G","Defend_G","Defend_G","Defend_G","Defend_G","Defend_G","Survivor+1","Neutralize","Acrobatics","Quick Slash+1","Skewer+1","Grand Finale","Backflip","Poisoned Stab+1","Backflip","Dagger Spray"],"relics":["Ring of the Snake","NeowsBlessing","Potion Belt","Question Card","Meat on the Bone","MealTicket"],"acts_visited":["Exordium"],"potions_floor_usage":[12],"damage_taken":[{"damage":0,"enemies":"Small Slimes","floor":1,"turns":1},{"damage":0,"enemies":"Cultist","floor":5,"turns":1},{"damage":0,"enemies":"3 Sentries","floor":6,"turns":1},{"damage":38,"enemies":"Gremlin Nob","floor":10,"turns":5},{"damage":2,"enemies":"Jaw Worm","floor":12,"turns":4},{"damage":4,"enemies":"3 Sentries","floor":14,"turns":3},{"damage":47,"enemies":"The Guardian","floor":16,"turns":14}],"seed_played":"4888879178678608363","potions_obtained":[{"floor":1,"key":"SpeedPotion"},{"floor":10,"key":"SmokeBomb"}],"is_trial":false,"path_per_floor":["M","$","?","?","M","E","?","R","T","E","$","M","?","E","R","B"],"character_chosen":"THE_SILENT","items_purchased":["Quick Slash","Fire Potion","Poisoned Stab"],"campfire_rested":0,"item_purchase_floors":[2,11,11],"current_hp_per_floor":[63,63,49,42,42,42,65,65,65,27,27,37,37,45,45,0,0],"gold":49,"neow_bonus":"THREE_ENEMY_KILL","is_daily":false,"chose_seed":false,"campfire_upgraded":2,"win_rate":0.0,"timestamp":1610123553,"path_taken":["M","$","?","?","M","E","?","R","T","E","$","M","?","E","R","BOSS"],"items_purchased_type":["Card","Potion","Card"],"build_version":"2020-12-22","purchased_purges":1,"victory":false,"max_hp_per_floor":[70,70,70,70,70,70,70,70,70,70,70,70,70,70,70,70,70],"relic_stats":{"counters":[7,29],"MealTicket":0,"Question Card":3,"obtain_stats":[{"Potion Belt":6,"NeowsBlessing":0,"MealTicket":14,"Question Card":9,"Ring of the Snake":0,"Meat on the Bone":10},{"Potion Belt":3,"NeowsBlessing":0,"MealTicket":6,"Question Card":3,"Ring of the Snake":0,"Meat on the Bone":4},{"Potion Belt":3,"NeowsBlessing":0,"MealTicket":15,"Question Card":3,"Ring of the Snake":0,"Meat on the Bone":8}],"Ring of the Snake":[14],"Meat on the Bone":24},"card_choices":[{"not_picked":["Flechettes","Outmaneuver"],"picked":"Acrobatics","floor":1},{"not_picked":["All Out Attack","Outmaneuver"],"picked":"Skewer","floor":5},{"not_picked":["Heel Hook","Flying Knee"],"picked":"Grand Finale","floor":6},{"not_picked":["Slice","Flying Knee","Dodge and Roll"],"picked":"Backflip","floor":10},{"not_picked":["Poisoned Stab","Wraith Form v2","Cloak And Dagger"],"picked":"Backflip","floor":12},{"not_picked":["Backflip","Poisoned Stab","Acrobatics"],"picked":"Dagger Spray","floor":14}],"player_experience":290853,"relics_obtained":[{"floor":6,"key":"Potion Belt"},{"floor":9,"key":"Question Card"},{"floor":10,"key":"Meat on the Bone"},{"floor":14,"key":"MealTicket"}],"event_choices":[{"damage_healed":0,"gold_gain":0,"player_choice":"Entered Light","damage_taken":14,"max_hp_gain":0,"max_hp_loss":0,"event_name":"Shining Light","floor":3,"gold_loss":0,"cards_upgraded":["Survivor","Strike_G"]},{"cards_removed":["Strike_G"],"damage_healed":0,"gold_gain":0,"player_choice":"Card Removal","damage_taken":7,"max_hp_gain":0,"max_hp_loss":0,"event_name":"Golden Wing","floor":4,"gold_loss":0},{"damage_healed":23,"gold_gain":0,"player_choice":"Banana","damage_taken":0,"max_hp_gain":0,"max_hp_loss":0,"event_name":"Big Fish","floor":7,"gold_loss":0},{"damage_healed":0,"gold_gain":0,"player_choice":"Forge","damage_taken":0,"max_hp_gain":0,"max_hp_loss":0,"event_name":"Accursed Blacksmith","floor":13,"gold_loss":0,"cards_upgraded":["Skewer"]}],"is_beta":false,"boss_relics":[],"items_purged_floors":[2],"is_endless":false,"potions_floor_spawned":[1,10],"killed_by":"The Guardian","ascension_level":10}}