{"host":"f5gffvlv6a66yqkd","time":1610065271,"event":{"mods":["2.2 Compatiblity","BaseMod","Colored Map","DeckTracker","Keyboard Shortcuts","Minty Spire (QoL Compilation)","Permanent Neow","Quick Restart","Relic Stats","StSLib","SuperFastMode"],"gold_per_floor":[117,131,131,131,143,143,173,173,173,173,173],"floor_reached":10,"playtime":164,"items_purged":[],"score":132,"play_id":"cbcd9476-a4bf-48ec-8df1-9ffcbde22831","local_time":"20210108092111","is_ascension_mode":true,"campfire_choices":[{"floor":6,"key":"REST"},{"floor":8,"key":"REST"}],"circlet_count":0,"master_deck":["AscendersBane","Strike_B","Strike_B","Strike_B","Defend_B","Defend_B","Defend_B","Defend_B","Zap","Dualcast","Thunder Strike","Sweeping Beam","Rebound","Defragment","Gash","Reboot"],"relics":["Cracked Core","Girya","Pantograph","Shovel"],"acts_visited":["Exordium"],"potions_floor_usage":[7],"damage_taken":[{"damage":1,"enemies":"Cultist","floor":1,"turns":3},{"damage":7,"enemies":"Small Slimes","floor":2,"turns":4},{"damage":14,"enemies":"2 Louse","floor":5,"turns":3},{"damage":35,"enemies":"Lagavulin","floor":7,"turns":6},{"damage":25,"enemies":"3 Sentries","floor":10,"turns":4}],"seed_played":"4609523643600514859","potions_obtained":[{"floor":2,"key":"Energy Potion"}],"is_trial":false,"path_per_floor":["M","M","?","?","M","R","E","R","T","E"],"character_chosen":"DEFECT","items_purchased":[],"campfire_rested":2,"item_purchase_floors":[],"current_hp_per_floor":[63,56,56,30,16,37,2,23,23,0,0],"gold":173,"neow_bonus":"ONE_RANDOM_RARE_CARD","is_daily":false,"chose_seed":false,"campfire_upgraded":0,"win_rate":0.0,"timestamp":1610065271,"path_taken":["M","M","?","?","M","R","E","R","T","E"],"items_purchased_type":[],"build_version":"2020-12-22","purchased_purges":0,"victory":false,"max_hp_per_floor":[71,71,71,71,71,71,71,71,71,71,71],"relic_stats":{"Shovel":0,"counters":[5,20],"Pantograph":0,"obtain_stats":[{"Girya":4,"Shovel":9,"Pantograph":7,"Cracked Core":0},{"Girya":2,"Shovel":4,"Pantograph":4,"Cracked Core":0},{"Girya":7,"Shovel":16,"Pantograph":16,"Cracked Core":0}]},"card_choices":[{"not_picked":["Streamline","Steam Power"],"picked":"Sweeping Beam","floor":1},{"not_picked":["Blizzard","Beam Cell"],"picked":"Rebound","floor":2},{"not_picked":["Hologram","Capacitor"],"picked":"Gash","floor":5},{"not_picked":["Streamline","Rainbow"],"picked":"Reboot","floor":7}],"player_experience":1526433,"relics_obtained":[{"floor":7,"key":"Pantograph"},{"floor":9,"key":"Shovel"}],"event_choices":[{"damage_healed":0,"gold_gain":0,"cards_transformed":["Strike_B"],"player_choice":"Change","damage_taken":0,"max_hp_gain":0,"max_hp_loss":0,"event_name":"Living Wall","floor":3,"gold_loss":0,"cards_obtained":["Defragment"]},{"damage_healed":0,"gold_gain":0,"player_choice":"Success","damage_taken":26,"relics_obtained":["Girya"],"max_hp_gain":0,"max_hp_loss":0,"event_name":"Scrap Ooze","floor":4,"gold_loss":0}],"is_beta":false,"boss_relics":[],"items_purged_floors":[],"is_endless":false,"potions_floor_spawned":[2],"killed_by":"3 Sentries","ascension_level":20}}