{"host":"11728qvdvolffudn","time":1610116182,"event":{"mods":["BaseMod","Block Reminder","Colored Powertips","Curses Come First","Custom Start","Displayed Cursed Tome","Highlight Path","Minty Spire (QoL Compilation)","Permanent Neow","Quick Restart","Rare Cards Sparkle","Relic Stats","StSLib"],"gold_per_floor":[110,120,131,51,67,67,80,80,80,92,92,192,44,64,64,166,166,179,192,192,204,204,204,204,221,221,240,240,240],"floor_reached":28,"playtime":1975,"items_purged":[],"score":214,"play_id":"8536eb79-d62c-4ee9-ab80-61212b521ed4","local_time":"20210108142942","is_ascension_mode":false,"campfire_choices":[{"data":"Capacitor","floor":6,"key":"SMITH"},{"data":"Darkness","floor":8,"key":"SMITH"},{"floor":11,"key":"REST"},{"floor":15,"key":"REST"},{"data":"Chill","floor":23,"key":"SMITH"}],"circlet_count":0,"master_deck":["Strike_B+1","Strike_B+1","Strike_B+1","Strike_B+1","Defend_B+1","Defend_B+1","Defend_B+1","Defend_B+1","Zap","Dualcast","Darkness","Capacitor+1","Gash","Darkness+1","Self Repair","Ball Lightning","Chill+1","Amplify","Defragment+1","Normality","Redo"],"relics":["Cracked Core","Nunchaku","Oddly Smooth Stone","Cursed Key","MutagenicStrength","Bag of Marbles","FossilizedHelix"],"acts_visited":["Exordium","TheCity"],"potions_floor_usage":[14,16,18,25,27],"damage_taken":[{"damage":5,"enemies":"Jaw Worm","floor":1,"turns":4},{"damage":1,"enemies":"Cultist","floor":2,"turns":4},{"damage":3,"enemies":"2 Louse","floor":3,"turns":3},{"damage":21,"enemies":"2 Fungi Beasts","floor":5,"turns":6},{"damage":17,"enemies":"Looter","floor":7,"turns":4},{"damage":29,"enemies":"Exordium Thugs","floor":10,"turns":5},{"damage":17,"enemies":"Gremlin Gang","floor":14,"turns":4},{"damage":40,"enemies":"Slime Boss","floor":16,"turns":6},{"damage":16,"enemies":"Chosen","floor":18,"turns":7},{"damage":18,"enemies":"3 Byrds","floor":19,"turns":7},{"damage":21,"enemies":"Shelled Parasite and Fungi","floor":21,"turns":6},{"damage":14,"enemies":"Snake Plant","floor":25,"turns":5},{"damage":10,"enemies":"Centurion and Healer","floor":27,"turns":6},{"damage":41,"enemies":"Gremlin Leader","floor":28,"turns":6}],"seed_played":"6109780104005079391","potions_obtained":[{"floor":3,"key":"Block Potion"},{"floor":10,"key":"Block Potion"},{"floor":14,"key":"PowerPotion"},{"floor":18,"key":"SkillPotion"},{"floor":27,"key":"EntropicBrew"}],"is_trial":false,"path_per_floor":["M","M","M","$","M","R","M","R","T","M","R","?","$","M","R","B",null,"M","M","?","M","?","R","?","M","T","M","E"],"character_chosen":"DEFECT","items_purchased":["Self Repair","Oddly Smooth Stone"],"campfire_rested":2,"item_purchase_floors":[4,13],"current_hp_per_floor":[70,69,66,66,52,52,42,42,42,20,42,42,42,32,54,14,75,66,55,55,41,41,41,41,34,34,31,0,0],"gold":240,"neow_bonus":"THREE_CARDS","is_daily":false,"chose_seed":false,"campfire_upgraded":3,"win_rate":0.0,"timestamp":1610116182,"path_taken":["M","M","M","$","M","R","M","R","T","M","R","?","$","M","R","BOSS","M","?","?","M","?","R","?","M","T","M","E"],"items_purchased_type":["Card","Relic"],"build_version":"2020-12-22","purchased_purges":0,"victory":false,"max_hp_per_floor":[75,75,75,75,75,75,75,75,75,75,75,75,75,75,75,75,75,75,75,75,75,75,75,75,75,75,75,75,75],"relic_stats":{"Nunchaku":[7],"counters":[14,73],"Cursed Key":1,"obtain_stats":[{"Nunchaku":9,"MutagenicStrength":22,"Oddly Smooth Stone":13,"Bag of Marbles":24,"Cracked Core":0,"Cursed Key":17,"FossilizedHelix":26},{"Nunchaku":5,"MutagenicStrength":11,"Oddly Smooth Stone":6,"Bag of Marbles":11,"Cracked Core":0,"Cursed Key":8,"FossilizedHelix":12},{"Nunchaku":21,"MutagenicStrength":56,"Oddly Smooth Stone":26,"Bag of Marbles":56,"Cracked Core":0,"Cursed Key":36,"FossilizedHelix":61}]},"card_choices":[{"not_picked":["Turbo","Redo"],"picked":"Darkness","floor":0},{"not_picked":["Go for the Eyes","Steam"],"picked":"Capacitor","floor":1},{"not_picked":["Barrage","Skim"],"picked":"Gash","floor":2},{"not_picked":["Leap","Static Discharge"],"picked":"Darkness","floor":3},{"not_picked":["Turbo","Self Repair","Static Discharge"],"picked":"SKIP","floor":5},{"not_picked":["Streamline","Barrage"],"picked":"Ball Lightning","floor":7},{"not_picked":["Melter","Rebound","Hologram"],"picked":"SKIP","floor":10},{"not_picked":["FTL","Force Field"],"picked":"Chill","floor":14},{"not_picked":["Fission","All For One"],"picked":"Amplify","floor":16},{"not_picked":["Turbo+1","Compile Driver+1","Rebound"],"picked":"SKIP","floor":18},{"not_picked":["Barrage","Conserve Battery","Stack"],"picked":"SKIP","floor":19},{"not_picked":["Auto Shields+1","Tempest","Recycle"],"picked":"SKIP","floor":21},{"not_picked":["Gash+1","Static Discharge+1"],"picked":"Defragment+1","floor":25},{"not_picked":["Steam","Stack"],"picked":"Redo","floor":27}],"player_experience":92171,"relics_obtained":[{"floor":9,"key":"Nunchaku"},{"floor":26,"key":"FossilizedHelix"}],"event_choices":[{"damage_healed":0,"gold_gain":100,"player_choice":"Pray","damage_taken":0,"max_hp_gain":0,"max_hp_loss":0,"event_name":"Golden Shrine","floor":12,"gold_loss":0},{"damage_healed":0,"gold_gain":0,"player_choice":"Simplicity","damage_taken":0,"max_hp_gain":0,"max_hp_loss":0,"event_name":"Back to Basics","floor":20,"gold_loss":0,"cards_upgraded":["Strike_B","Strike_B","Strike_B","Strike_B","Defend_B","Defend_B","Defend_B","Defend_B"]},{"damage_healed":0,"gold_gain":0,"player_choice":"Inject Mutagens","damage_taken":0,"relics_obtained":["MutagenicStrength"],"max_hp_gain":0,"max_hp_loss":0,"event_name":"Drug Dealer","floor":22,"gold_loss":0},{"damage_healed":0,"gold_gain":0,"player_choice":"Opened","damage_taken":0,"relics_obtained":["Bag of Marbles"],"max_hp_gain":0,"max_hp_loss":0,"event_name":"The Mausoleum","floor":24,"gold_loss":0}],"is_beta":false,"boss_relics":[{"not_picked":["Velvet Choker","SacredBark"],"picked":"Cursed Key"}],"items_purged_floors":[],"is_endless":false,"potions_floor_spawned":[3,10,14,18,27],"killed_by":"Gremlin Leader","ascension_level":0}}