{"host":"ig7tc0uedzltt2sr","time":1610069653,"event":{"mods":["BaseMod","Better Twitch Integration","Block Reminder","Colored Map","Colored Powertips","Communication Mod","Current Relic Mod","GifTheSpireLib","HexUI Lib","Minty Spire (QoL Compilation)","Quick Restart","Random Character Button","Rare Cards Sparkle","Relic Sorter","Relic Stats","Slay the Relics Exporter","StSLib","SuperFastMode","Synergy Search","Twitch Decklist","Twitch Utils","everything is the same but u backflip on backflip","slay the spire mod where everything is the same but ironclad has a cowboy hat"],"gold_per_floor":[111,124,124,124,139,139,139,109,163,177,177,177,187,187,187,187,187],"floor_reached":16,"playtime":62,"items_purged":[],"score":90,"play_id":"18aa9235-f870-4174-904f-d4789210b014","local_time":"20210107173413","is_ascension_mode":false,"campfire_choices":[{"data":"Strike_R","floor":6,"key":"SMITH"},{"data":"Twin Strike","floor":11,"key":"SMITH"},{"data":"Warcry","floor":15,"key":"SMITH"}],"circlet_count":0,"master_deck":["Strike_R+1","Strike_R","Strike_R","Strike_R+1","Strike_R","Defend_R","Defend_R","Defend_R+1","Bash","Feel No Pain","Dropkick","Warcry+1","Body Slam","Twin Strike+1","Cleave","Feel No Pain"],"relics":["Burning Blood","NeowsBlessing"],"acts_visited":["Exordium"],"potions_floor_usage":[],"damage_taken":[{"damage":0,"enemies":"Small Slimes","floor":1,"turns":1},{"damage":0,"enemies":"Cultist","floor":2,"turns":1},{"damage":0,"enemies":"2 Louse","floor":5,"turns":2},{"damage":10,"enemies":"Looter","floor":8,"turns":4},{"damage":18,"enemies":"Blue Slaver","floor":10,"turns":5},{"damage":11,"enemies":"3 Louse","floor":13,"turns":4},{"damage":48,"enemies":"The Guardian","floor":16,"turns":5}],"seed_played":"-4727385318431581099","potions_obtained":[{"floor":2,"key":"DuplicationPotion"},{"floor":10,"key":"Fire Potion"}],"is_trial":false,"path_per_floor":["M","M","$","?","M","R","?","M","T","M","R","?","M","$","R","B"],"character_chosen":"IRONCLAD","items_purchased":[],"campfire_rested":0,"item_purchase_floors":[],"current_hp_per_floor":[80,80,80,80,80,80,80,76,76,64,64,48,43,43,43,0,0],"gold":187,"neow_bonus":"THREE_ENEMY_KILL","is_daily":false,"chose_seed":false,"campfire_upgraded":3,"win_rate":0.0,"timestamp":1610069653,"path_taken":["M","M","$","?","?","R","?","M","T","M","R","?","M","$","R","BOSS"],"items_purchased_type":[],"build_version":"2020-12-22","purchased_purges":0,"victory":false,"max_hp_per_floor":[80,80,80,80,80,80,80,80,80,80,80,80,80,80,80,80,80],"relic_stats":{"counters":[7,22],"obtain_stats":[{"NeowsBlessing":0,"Burning Blood":0},{"NeowsBlessing":0,"Burning Blood":0},{"NeowsBlessing":0,"Burning Blood":0}],"Burning Blood":18},"card_choices":[{"not_picked":["Wild Strike","Havoc"],"picked":"Feel No Pain","floor":1},{"not_picked":["Thunderclap","Heavy Blade"],"picked":"Dropkick","floor":2},{"not_picked":["Pommel Strike","Cleave"],"picked":"Warcry","floor":5},{"not_picked":["Warcry","Power Through"],"picked":"Twin Strike","floor":8},{"not_picked":["Havoc","Clash"],"picked":"Cleave","floor":10},{"not_picked":["Iron Wave","Perfected Strike"],"picked":"Feel No Pain","floor":13}],"player_experience":1466912,"relics_obtained":[],"event_choices":[{"damage_healed":0,"gold_gain":0,"player_choice":"Leave","damage_taken":0,"max_hp_gain":0,"max_hp_loss":0,"event_name":"FaceTrader","floor":4,"gold_loss":0},{"damage_healed":0,"gold_gain":0,"cards_transformed":["Defend_R"],"player_choice":"Change","damage_taken":0,"max_hp_gain":0,"max_hp_loss":0,"event_name":"Living Wall","floor":7,"gold_loss":0,"cards_obtained":["Body Slam"]},{"damage_healed":0,"gold_gain":0,"player_choice":"Entered Light","damage_taken":16,"max_hp_gain":0,"max_hp_loss":0,"event_name":"Shining Light","floor":12,"gold_loss":0,"cards_upgraded":["Defend_R","Strike_R"]}],"is_beta":false,"boss_relics":[],"items_purged_floors":[],"is_endless":false,"potions_floor_spawned":[2,10],"killed_by":"The Guardian","ascension_level":0}}