{"host":"0mywbdtsrkvoq3rn","time":1610098306,"event":{"mods":["BaseMod","Lobotomy","Minty Spire (QoL Compilation)","Relic Stats","Replay The Spire","Shop Mod","Spicy Shops","StSLib","¡¾ÒÅÎï¿¨ÅÆ¡¿REMEMod"],"gold_per_floor":[116,116,116,41,55,98,110,154,181,181,181,200,233,272,272,396,396,417,332,379,392,407,448,464,497,497,533,533,533,546,114,114,315,315,338,68,68,91,107,142,142,142,142,178,194,194,207,228,228,228,228],"floor_reached":50,"playtime":3409,"items_purged":["Pain","Languid","Amnesia"],"score":784,"play_id":"6c6d79a5-a2fb-4d05-8817-d2f009255019","local_time":"20210108173146","is_ascension_mode":true,"campfire_choices":[{"data":"REME_WheelOfFate","floor":10.0,"key":"SMITH"},{"data":"Uppercut","floor":15.0,"key":"SMITH"},{"floor":28.0,"key":"RECALL"},{"floor":32.0,"key":"REST"},{"floor":42,"key":"REST"}],"circlet_count":0,"master_deck":["Apo_SoulSlash","Apo_Charge","Apo_Charge","Apo_Charge","Apo_Charge","Apo_Beam","Apo_Beam","Apo_Beam","Apo_Execute","Apo_Slash","Apo_Slash","Apo_SoulSlash","Regret","Midas Touch","ReplayTheSpireMod:Trickstab+1","Amnesia","Heavy Blade+1"],"relics":["Burning Blood","REME_ComplimentaryCards","CogitoBucket","Golden Idol","WarpedTongs","BargainBundle","Oddly Smooth Stone","Tiny Chest","OrangePellets","ReplayFunnel","PreservedInsect","Odd Mushroom","Vajra","War Paint","Replay:Grab Bag","Fusion Hammer","Cursed Key","Ring of Chaos","Bag of Marbles","Toy Ornithopter","Onion Ring","Centennial Puzzle","ResearcherNote","MerchantsRug","ReplayTheSpireMod:TigerMarble","REME_HandOfSuture","REME_LowDesire","Orichalcum","Happy Flower","ReplayTheSpireMod:CursedCoin","Calipers","Replay:Mystery Machine","Nunchaku","ReplayTheSpireMod:Spearhead","ApostleMask","Chameleon Ring","Replay:Wax Seal","Ring of Peace","ReplayTheSpireMod:Ring of Addiction","Potion Belt","White Beast Statue"],"acts_visited":["Exordium","TheCity","TheBeyond"],"potions_floor_usage":[40,50,50],"damage_taken":[{"damage":6.0,"enemies":"Cultist","floor":1.0,"turns":3.0},{"damage":0.0,"enemies":"2 Louse","floor":5.0,"turns":3.0},{"damage":31.0,"enemies":"Gremlin Nob","floor":6.0,"turns":5.0},{"damage":41.0,"enemies":"Lagavulin","floor":8.0,"turns":5.0},{"damage":0.0,"enemies":"Jaw Worm","floor":12.0,"turns":2.0},{"damage":8.0,"enemies":"The Mushroom Lair","floor":13.0,"turns":2.0},{"damage":4.0,"enemies":"Gremlin Nob","floor":14.0,"turns":3.0},{"damage":16.0,"enemies":"The Guardian","floor":16.0,"turns":11.0},{"damage":5.0,"enemies":"Chosen","floor":18.0,"turns":3.0},{"damage":5.0,"enemies":"Shell Parasite","floor":21.0,"turns":4.0},{"damage":9.0,"enemies":"Snake Plant","floor":22.0,"turns":3.0},{"damage":6.0,"enemies":"Replay:Snechameleon","floor":23.0,"turns":2.0},{"damage":3.0,"enemies":"Cultist and Chosen","floor":24.0,"turns":3.0},{"damage":34.0,"enemies":"REME_1_Revenger","floor":25.0,"turns":3.0},{"damage":0.0,"enemies":"Replay:Snechameleon","floor":27.0,"turns":1.0},{"damage":0.0,"enemies":"Centurion and Healer","floor":30.0,"turns":1.0},{"damage":33.0,"enemies":"Champ","floor":33.0,"turns":4.0},{"damage":23,"enemies":"Orb Walker","floor":35,"turns":2},{"damage":6,"enemies":"3 Shapes","floor":39,"turns":2},{"damage":9,"enemies":"Nemesis","floor":40,"turns":1},{"damage":8,"enemies":"R_Hoarder","floor":44,"turns":5},{"damage":0,"enemies":"Maw","floor":45,"turns":4},{"damage":0,"enemies":"Spire Growth","floor":47,"turns":2},{"damage":0,"enemies":"4 Shapes","floor":48,"turns":3},{"damage":52,"enemies":"Awakened One","floor":50,"turns":7}],"seed_played":"6782375009042830192","potions_obtained":[{"floor":6.0,"key":"Strength Potion"},{"floor":8.0,"key":"Explosive Potion"},{"floor":13.0,"key":"Fruit Juice"},{"floor":23.0,"key":"ColorlessPotion"},{"floor":37,"key":"SmokeBomb"},{"floor":37,"key":"DuplicationPotion"},{"floor":39,"key":"EntropicBrew"},{"floor":44,"key":"Swift Potion"},{"floor":46,"key":"DistilledChaos"},{"floor":46,"key":"Block Potion"},{"floor":49,"key":"CultistPotion"}],"is_trial":false,"path_per_floor":["M","?","?","$","M","E","$","E","T","R","?","M","?","E","R","B",null,"M","?","T","M","M","E","M","E","T","E","R","?","M","$","R","B",null,"M","$","?","T","M","E","M","R","T","E","M","?","M","M","R","B"],"character_chosen":"IRONCLAD","items_purchased":["BargainBundle","REME_WheelOfFate","Omamori","Oddly Smooth Stone","Tiny Chest","OrangePellets","ReplayFunnel","Rupture","LiquidMemories","Dexterity Potion","MerchantsRug","ReplayTheSpireMod:TigerMarble","REME_HandOfSuture","ReplayTheSpireMod:CursedCoin","Calipers"],"campfire_rested":2,"item_purchase_floors":[7,7,7,7,7,7,7,7,7,7,31,31,31,36,36],"current_hp_per_floor":[80,60,60,60,66,41,41,85,85,85,85,87,85,92,92,84,92,92,92,92,92,90,92,92,64,64,70,70,70,80,80,92,75,92,78,78,78,78,78,84,83,83,83,75,94,94,94,94,94,40,40],"gold":228,"neow_bonus":"","is_daily":false,"chose_seed":false,"campfire_upgraded":2,"win_rate":0.0,"timestamp":1610098306,"path_taken":["M","?","?","$","?","E","$","E","T","R","?","M","?","E","R","BOSS","M","?","?","M","M","E","M","E","T","E","R","?","M","?","R","BOSS","M","$","?","?","M","E","M","R","T","E","M","?","M","M","R","BOSS"],"items_purchased_type":["Relic","Card","Relic","Relic","Relic","Relic","Relic","Card","Potion","Potion","Relic","Relic","Relic","Relic","Relic"],"build_version":"2020-12-22","purchased_purges":3,"victory":false,"max_hp_per_floor":[80,80,80,80,80,80,80,87,87,87,87,87,87,92,92,92,92,92,92,92,92,92,92,92,92,92,92,92,92,92,92,92,92,92,92,92,92,92,92,92,92,92,92,94,94,94,94,94,94,92,92],"relic_stats":{"Happy Flower":[10],"counters":[28,89],"Golden Idol":163,"PreservedInsect":262,"War Paint":["Defend_R","Defend_R"],"Orichalcum":[78],"Cursed Key":4,"Burning Blood":101,"WarpedTongs":[70],"OrangePellets":[5],"Centennial Puzzle":[21],"Nunchaku":[6],"Tiny Chest":2,"obtain_stats":[{"ReplayFunnel":7,"Calipers":36,"Vajra":14,"ResearcherNote":30,"Whetstone":20,"Replay:Mystery Machine":38,"Cursed Key":17,"Burning Blood":0,"Yang_Lob":6,"CogitoBucket":0,"Centennial Puzzle":27,"Nunchaku":39,"Chameleon Ring":43,"Strawberry":8,"Ring of Peace":46,"Tiny Chest":7,"Fusion Hammer":17,"REME_LowDesire":34,"Replay:Wax Seal":44,"Potion Belt":46,"MerchantsRug":31,"BargainBundle":7,"Happy Flower":34,"Golden Idol":2,"ReplayTheSpireMod:CursedCoin":36,"Replay:Grab Bag":17,"ReplayTheSpireMod:Ring of Addiction":46,"Oddly Smooth Stone":7,"PreservedInsect":9,"Ring of Chaos":17,"Omamori":7,"Odd Mushroom":13,"War Paint":16,"Orichalcum":34,"MawBank":6,"White Beast Statue":46,"WarpedTongs":3,"OrangePellets":7,"ReplayTheSpireMod:Spearhead":40,"Onion Ring":25,"REME_HandOfSuture":31,"Bag of Marbles":19,"ReplayTheSpireMod:TigerMarble":31,"Toy Ornithopter":23,"ApostleMask":41,"REME_ComplimentaryCards":0},{"ReplayFunnel":3,"Calipers":19,"Vajra":7,"ResearcherNote":17,"Whetstone":9,"Replay:Mystery Machine":19,"Cursed Key":8,"Burning Blood":0,"Yang_Lob":3,"CogitoBucket":0,"Centennial Puzzle":15,"Nunchaku":20,"Chameleon Ring":23,"Strawberry":4,"Ring of Peace":25,"Tiny Chest":3,"Fusion Hammer":8,"REME_LowDesire":18,"Replay:Wax Seal":24,"Potion Belt":25,"MerchantsRug":17,"BargainBundle":3,"Happy Flower":18,"Golden Idol":1,"ReplayTheSpireMod:CursedCoin":19,"Replay:Grab Bag":8,"ReplayTheSpireMod:Ring of Addiction":25,"Oddly Smooth Stone":3,"PreservedInsect":4,"Ring of Chaos":8,"Omamori":3,"Odd Mushroom":6,"War Paint":8,"Orichalcum":18,"MawBank":3,"White Beast Statue":25,"WarpedTongs":1,"OrangePellets":3,"ReplayTheSpireMod:Spearhead":21,"Onion Ring":14,"REME_HandOfSuture":17,"Bag of Marbles":9,"ReplayTheSpireMod:TigerMarble":17,"Toy Ornithopter":12,"ApostleMask":23,"REME_ComplimentaryCards":0},{"ReplayFunnel":11,"Calipers":61,"Vajra":23,"ResearcherNote":55,"Whetstone":37,"Replay:Mystery Machine":61,"Cursed Key":34,"Burning Blood":0,"Yang_Lob":11,"CogitoBucket":0,"Centennial Puzzle":53,"Nunchaku":63,"Chameleon Ring":68,"Strawberry":16,"Ring of Peace":77,"Tiny Chest":11,"Fusion Hammer":34,"REME_LowDesire":59,"Replay:Wax Seal":73,"Potion Belt":77,"MerchantsRug":55,"BargainBundle":11,"Happy Flower":59,"Golden Idol":3,"ReplayTheSpireMod:CursedCoin":61,"Replay:Grab Bag":34,"ReplayTheSpireMod:Ring of Addiction":77,"Oddly Smooth Stone":11,"PreservedInsect":16,"Ring of Chaos":34,"Omamori":11,"Odd Mushroom":20,"War Paint":24,"Orichalcum":59,"MawBank":11,"White Beast Statue":77,"WarpedTongs":3,"OrangePellets":11,"ReplayTheSpireMod:Spearhead":64,"Onion Ring":52,"REME_HandOfSuture":55,"Bag of Marbles":37,"ReplayTheSpireMod:TigerMarble":55,"Toy Ornithopter":46,"ApostleMask":68,"REME_ComplimentaryCards":0}],"Toy Ornithopter":5},"card_choices":[{"not_picked":["WallGazer","OSAHOGD"],"picked":"MeatLantern","floor":1.0},{"not_picked":["Replay:Undeath\u0027s Touch","Shrug It Off","Feel No Pain"],"picked":"SKIP","floor":1.0},{"not_picked":["ShyLook","UniverseFragment"],"picked":"Yin","floor":5.0},{"not_picked":["Shrug It Off","Reckless Charge"],"picked":"Combust","floor":5.0},{"not_picked":["Flex","Pommel Strike","ReplayTheSpireMod:Strike From Hell"],"picked":"SKIP","floor":6.0},{"not_picked":["UniverseFragment","MHz"],"picked":"CherryBlossoms","floor":8.0},{"not_picked":["Warcry","Clash","Fiend Fire"],"picked":"SKIP","floor":8.0},{"not_picked":["Thunderclap","Abandon","Replay:Undeath\u0027s Touch"],"picked":"SKIP","floor":12.0},{"not_picked":["BeautyBeast","FairyFestival"],"picked":"OSAHOGD","floor":13.0},{"not_picked":["Porccubus","Murderer"],"picked":"Scarecrow","floor":14.0},{"not_picked":["Searing Blow","Hemokinesis"],"picked":"Uppercut","floor":14.0},{"not_picked":["BeautyBeast","MHz"],"picked":"FairyFestival","floor":16.0},{"not_picked":["Impervious","Replay:Many Hands"],"picked":"Brutality","floor":16.0},{"not_picked":["WhitesApple","PunishingBird"],"picked":"GalaxyChild","floor":18.0},{"not_picked":["Iron Wave","Havoc","Anger"],"picked":"SKIP","floor":18.0},{"not_picked":["GreedKing","Funeral"],"picked":"QueenBee","floor":21.0},{"not_picked":["Havoc","Heavy Blade"],"picked":"Perfected Strike","floor":21.0},{"not_picked":["Clothesline","Cleave+1"],"picked":"Anger","floor":22.0},{"not_picked":["DreamingCurrent","LittlePrince"],"picked":"QueenOfHatred","floor":23.0},{"not_picked":["Intimidate","Warcry"],"picked":"Perfected Strike","floor":23.0},{"not_picked":["Iron Wave","Thunderclap","Cleave"],"picked":"SKIP","floor":24.0},{"not_picked":["Iron Wave","Thunderclap","Cleave"],"picked":"SKIP","floor":24.0},{"not_picked":["Fiend Fire","Warcry"],"picked":"Replay:Undeath\u0027s Touch","floor":25.0},{"not_picked":["Scorched","LittleHelper"],"picked":"SingingMachine","floor":27.0},{"not_picked":["Headbutt","Shrug It Off+1","Sword Boomerang"],"picked":"SKIP","floor":27.0},{"not_picked":["Flex","Clothesline"],"picked":"Rupture+1","floor":30.0},{"not_picked":["PunishingBird","Mercenary"],"picked":"RedShoes","floor":33.0},{"not_picked":["REME_ACTH","Eclipse"],"picked":"Exhume","floor":33.0},{"not_picked":["LittlePrince","NothingThere"],"picked":"WhitesApple","floor":35},{"not_picked":["Defy Death+1","Body Slam+1","ReplayTheSpireMod:Muscle Training"],"picked":"Thinking Ahead","floor":35},{"not_picked":["Variant","NakedNest"],"picked":"DreamingCurrent","floor":39},{"not_picked":["Thunderclap+1","Searing Blow+1","Heavy Blade"],"picked":"Survey Options+1","floor":39},{"not_picked":["UniverseFragment","Laetitia"],"picked":"PlagueDoctor","floor":40},{"not_picked":["Wild Strike+1","Clash+1","Twin Strike","ReplayTheSpireMod:Uncanny Aura+1"],"picked":"SKIP","floor":40},{"not_picked":["Uppercut","Havoc+1","Iron Wave+1"],"picked":"Midas Touch","floor":44},{"not_picked":["Body Slam","Anger+1","Flex+1"],"picked":"ReplayTheSpireMod:Trickstab+1","floor":45},{"not_picked":["Searing Blow","Brutality","Master of Strategy"],"picked":"Heavy Blade+1","floor":47},{"not_picked":["Flex","ReplayTheSpireMod:Strike From Hell","Clothesline","Master of Strategy"],"picked":"SKIP","floor":48}],"player_experience":127299,"relics_obtained":[{"floor":6.0,"key":"MawBank"},{"floor":8.0,"key":"Strawberry"},{"floor":9.0,"key":"PreservedInsect"},{"floor":13.0,"key":"Odd Mushroom"},{"floor":14.0,"key":"Vajra"},{"floor":20.0,"key":"Whetstone"},{"floor":23.0,"key":"Toy Ornithopter"},{"floor":25.0,"key":"Onion Ring"},{"floor":27.0,"key":"Centennial Puzzle"},{"floor":34.0,"key":"Orichalcum"},{"floor":34.0,"key":"Happy Flower"},{"floor":38,"key":"Replay:Mystery Machine"},{"floor":40,"key":"ReplayTheSpireMod:Spearhead"},{"floor":43,"key":"Chameleon Ring"},{"floor":44,"key":"Replay:Wax Seal"},{"floor":46,"key":"Ring of Peace"},{"floor":46,"key":"ReplayTheSpireMod:Ring of Addiction"},{"floor":46,"key":"Potion Belt"},{"floor":46,"key":"White Beast Statue"}],"event_choices":[{"damage_healed":0.0,"max_hp_gain":0.0,"max_hp_loss":0.0,"gold_gain":0.0,"event_name":"Golden Idol","player_choice":"Take Damage","floor":2.0,"gold_loss":0.0,"damage_taken":20.0,"relics_obtained":["Golden Idol"]},{"damage_healed":0.0,"max_hp_gain":0.0,"max_hp_loss":0.0,"gold_gain":0.0,"event_name":"Accursed Blacksmith","player_choice":"Rummage","floor":3.0,"gold_loss":0.0,"damage_taken":0.0,"relics_obtained":["WarpedTongs"],"cards_obtained":["Pain"]},{"damage_healed":0.0,"max_hp_gain":0.0,"max_hp_loss":0.0,"gold_gain":0.0,"event_name":"Mushrooms","player_choice":"Fought Mushrooms","floor":13.0,"gold_loss":0.0,"damage_taken":0.0},{"damage_healed":0.0,"max_hp_gain":0.0,"max_hp_loss":0.0,"gold_gain":0.0,"event_name":"Addict","player_choice":"Obtained Relic","floor":19.0,"gold_loss":85.0,"damage_taken":0.0,"relics_obtained":["Bag of Marbles"]},{"damage_healed":0.0,"max_hp_gain":0.0,"max_hp_loss":0.0,"gold_gain":0.0,"event_name":"The Library","player_choice":"Read","floor":29.0,"gold_loss":0.0,"damage_taken":0.0,"cards_obtained":["Rupture"]},{"damage_healed":0,"gold_gain":0,"player_choice":"Got Potions","damage_taken":0,"max_hp_gain":0,"max_hp_loss":0,"event_name":"Lab","floor":37,"gold_loss":0}],"is_beta":false,"boss_relics":[{"not_picked":["Ectoplasm","Busted Crown"],"picked":"Replay:Grab Bag"},{"not_picked":["Philosopher\u0027s Stone","Velvet Choker"],"picked":"Fusion Hammer"},{"not_picked":["Sozu","ChewingGum"],"picked":"Cursed Key"},{"not_picked":["Snecko Heart","Astrolabe"],"picked":"Ring of Chaos"},{"not_picked":["Replay:Drink Me","Replay:Wanted Poster"],"picked":"REME_LowDesire"}],"items_purged_floors":[4,31,36],"is_endless":false,"potions_floor_spawned":[6,8,13,23,27,30,33,35,39,44,47,48],"killed_by":"Awakened One","ascension_level":1}}