{"host":"w029btg0lk3znwbc","time":1610146018,"event":{"mods":["AchievementEnabler","Act Like it!","BaseMod","Colored Map","Colored Powertips","Downfall","Energized Spire","Evolution","Hermit","Infinite Spire","Minty Spire (QoL Compilation)","Prisma Mod","Replay The Spire","StSLib","SuperFastMode","The Blue Laboratory","The Fake Hero"],"gold_per_floor":[113,113,126,326,326,352,369,369,369,402,415,415,441,463,475,587,599,621,633,656,684,696,708,750,777,813,825,867,804,830,345,345,446,446,466,466,516,416,416,442,442,442,442,0,0,19,49,67,67,172,172,172],"floor_reached":51,"playtime":5641,"items_purged":["Hallucinations","PrismaMod:MiyuCommonAttack","PrismaMod:MiyuCommonAttack"],"score":736,"play_id":"bf434adf-8911-4024-9980-3898b235a7d0","local_time":"20210108234658","is_ascension_mode":false,"campfire_choices":[{"data":"PrismaMod:MiyuCheapChannelDefend","floor":8.0,"key":"SMITH"},{"data":"PrismaMod:MiyuCheapChannelDefend","floor":12.0,"key":"SMITH"},{"floor":15.0,"key":"REST"},{"data":"PrismaMod:MiyuDefendChannelDefend","floor":23.0,"key":"SMITH"},{"floor":32.0,"key":"RECALL"},{"floor":42.0,"key":"REST"},{"floor":49.0,"key":"REST"}],"circlet_count":0,"master_deck":["PrismaMod:MiyuCommonDefend+1","PrismaMod:MiyuCommonDefend","PrismaMod:MiyuCommonDefend","PrismaMod:MiyuCommonDefend","PrismaMod:MiyuCommonDefend","PrismaMod:MiyuCommonAttack+1","PrismaMod:MiyuCommonAttack","PrismaMod:MiyuCheapChannelAttack","PrismaMod:MiyuCheapChannelDefend+1","PrismaMod:MiyuCheapChannelDefend+1","PrismaMod:MiyuUncommonAOEAttack","PrismaMod:MiyuUberAOEAttack","PrismaMod:MiyuEvokeAllAttack","PrismaMod:MiyuCheapChannelAttack","PrismaMod:MiyuCheapChannelDefend","PrismaMod:MiyuCheapChannelHeal+1","PrismaMod:MiyuUberAttack","PrismaMod:MiyuDefendChannelDefend+1","PrismaMod:MiyuUncommonStrBuff+1","Necronomicurse","PrismaMod:MiyuCheapPlate","PrismaMod:MiyuUncommonStrBuff+1","PrismaMod:MiyuUberAOEAttack","infinitespire:Oblivion","PrismaMod:MiyuBride+1","ReplayTheSpireMod:Brewmster","PrismaMod:MiyuUncommonStrBuff","PrismaMod:MiyuCheapChannelRandom+1","PrismaMod:MiyuUncommonDexBuff+1","PrismaMod:MiyuOrbIncreasePerm","PrismaMod:MiyuUncommonDexBuff","PrismaMod:MiyuOrbIncreasePerm"],"relics":["PrismaMod:PrismaSapphire","EVO:Axolotl","Ring of Hypnosis","Ring of Fangs","infinitespire:Joker Card","Replay:Mystery Machine","Bronze Scales","MawBank","Black Star","Necronomicon","Dream Catcher","War Paint","Juzu Bracelet","Replay:Rubber Ducky","Garlic","Gremlin Food","Fusion Hammer","Pondfish Scales","Chameleon Ring","Letter Opener","Durian","Replay:Wax Seal","Red Mask","Centennial Puzzle","Bottled Flame","energizedSpire:OgreHead"],"acts_visited":["Exordium","TheCity","TheBeyond"],"potions_floor_usage":[],"damage_taken":[{"damage":7.0,"enemies":"Jaw Worm","floor":1.0,"turns":4.0},{"damage":0.0,"enemies":"2 Louse","floor":3.0,"turns":4.0},{"damage":14.0,"enemies":"3 Sentries","floor":6.0,"turns":4.0},{"damage":0.0,"enemies":"Small Slimes","floor":7.0,"turns":2.0},{"damage":20.0,"enemies":"Lagavulin","floor":10.0,"turns":8.0},{"damage":0.0,"enemies":"Gremlin Gang","floor":11.0,"turns":6.0},{"damage":12.0,"enemies":"Gremlin Nob","floor":13.0,"turns":7.0},{"damage":1.0,"enemies":"Looter","floor":14.0,"turns":3.0},{"damage":61.0,"enemies":"Fading Forest","floor":16.0,"turns":11.0},{"damage":15.0,"enemies":"3 Byrds","floor":18.0,"turns":2.0},{"damage":0.0,"enemies":"Spheric Guardian","floor":20.0,"turns":3.0},{"damage":11.0,"enemies":"Snecko","floor":21.0,"turns":10.0},{"damage":17.0,"enemies":"Book of Stabbing","floor":24.0,"turns":8.0},{"damage":10.0,"enemies":"Centurion and Healer","floor":25.0,"turns":10.0},{"damage":5.0,"enemies":"Nightmare","floor":28.0,"turns":11.0},{"damage":0.0,"enemies":"Sentry and Sphere","floor":30.0,"turns":3.0},{"damage":0.0,"enemies":"Automaton","floor":33.0,"turns":17.0},{"damage":7.0,"enemies":"Orb Walker","floor":35.0,"turns":5.0},{"damage":0.0,"enemies":"Mind Bloom Boss Battle","floor":37.0,"turns":11.0},{"damage":0.0,"enemies":"Giant Head","floor":40.0,"turns":14.0},{"damage":0.0,"enemies":"3 Darklings","floor":46.0,"turns":5.0},{"damage":0.0,"enemies":"Reptomancer","floor":47.0,"turns":8.0},{"damage":11.0,"enemies":"4 Shapes","floor":48.0,"turns":5.0},{"damage":9.0,"enemies":"Replay:Hell Engine","floor":50.0,"turns":22.0}],"seed_played":"8461736145465689260","potions_obtained":[{"floor":3.0,"key":"blueLaboratory:BubblePotion"},{"floor":10.0,"key":"Block Potion"},{"floor":11.0,"key":"Strength Potion"},{"floor":14.0,"key":"sneckomod:MuddlingPotion"},{"floor":18.0,"key":"blueLaboratory:FruitPunch"},{"floor":20.0,"key":"FairyPotion"},{"floor":35.0,"key":"blueLaboratory:TrueEctoplasm"}],"is_trial":false,"path_per_floor":["M","?","M","?","?","E","M","R","T","E","M","R","E","M","R","B",null,"M","?","M","M","?","R","E","M","T","?","NM","?","M","$","R","B",null,"M","?","?","$","?","E","AVR","R","T","?","?","M","E","M","R","B",null],"character_chosen":"MIYU","items_purchased":["Gremlin Food","ReplayTheSpireMod:Brewmster","PrismaMod:MiyuUncommonStrBuff"],"campfire_rested":3,"item_purchase_floors":[31,31,31],"current_hp_per_floor":[75,75,75,75,75,61,61,61,61,41,41,41,29,28,52,15,82,67,51,55,44,44,44,51,65,65,46,45,45,65,65,65,84,84,84,84,84,84,80,80,85,85,85,85,85,85,85,74,85,85,85,85],"gold":172,"neow_bonus":"TEN_PERCENT_HP_BONUS","is_daily":false,"chose_seed":false,"campfire_upgraded":3,"win_rate":0.0,"timestamp":1610146018,"path_taken":["M","?","M","?","?","E","M","R","T","E","?","R","E","M","R","BOSS","M","?","M","M","?","R","E","M","T","?","NM","?","M","$","R","BOSS","M","?","?","$","?","E","AVR","R","T","?","?","M","E","M","R","BOSS"],"items_purchased_type":["Relic","Card","Card"],"build_version":"2020-12-22","purchased_purges":3,"victory":false,"max_hp_per_floor":[82,82,82,82,82,82,82,82,82,82,82,82,82,82,82,82,82,82,82,82,82,82,82,82,82,82,82,82,82,82,82,82,84,84,84,84,84,84,80,80,85,85,85,85,85,85,85,85,85,85,85,85],"card_choices":[{"not_picked":["PrismaMod:MiyuCarnivalAttack","PrismaMod:MiyuCheapPlate"],"picked":"PrismaMod:MiyuCheapChannelDefend","floor":1.0},{"not_picked":["PrismaMod:MiyuEvokeAll","PrismaMod:MiyuAttackChannelVul"],"picked":"PrismaMod:MiyuUncommonAOEAttack","floor":3.0},{"not_picked":["PrismaMod:MiyuEvokeCheapAttack","PrismaMod:MiyuChristmas"],"picked":"PrismaMod:MiyuUberAOEAttack","floor":4.0},{"not_picked":["PrismaMod:MiyuCheapDexBuff","PrismaMod:MiyuUncommonPlate"],"picked":"PrismaMod:MiyuEvokeAllAttack","floor":6.0},{"not_picked":["PrismaMod:MiyuDevil","PrismaMod:MiyuCheapAttack1"],"picked":"PrismaMod:MiyuCheapChannelAttack","floor":7.0},{"not_picked":["PrismaMod:MiyuCarnivalAttack","PrismaMod:MiyuEvokeCheapAttack"],"picked":"PrismaMod:MiyuCheapChannelDefend","floor":10.0},{"not_picked":["PrismaMod:MiyuEvokeCheapDefend","PrismaMod:MiyuEvokeAllDefend","PrismaMod:MiyuEvokeBuffStr"],"picked":"SKIP","floor":11.0},{"not_picked":["PrismaMod:MiyuCommonAOEAttack","PrismaMod:MiyuEvokeAll"],"picked":"PrismaMod:MiyuCheapChannelHeal","floor":13.0},{"not_picked":["PrismaMod:MiyuEvokeCheapDefend","PrismaMod:MiyuEvokeBuffStr"],"picked":"PrismaMod:MiyuUberAttack","floor":14.0},{"not_picked":["PrismaMod:MiyuEvokeAllAttack","PrismaMod:MiyuEvokeAllDefend"],"picked":"PrismaMod:MiyuDefendChannelDefend","floor":16.0},{"not_picked":["PrismaMod:MiyuAttackChannelWeak","PrismaMod:MiyuMaid+1"],"picked":"PrismaMod:MiyuUncommonStrBuff+1","floor":18.0},{"not_picked":["PrismaMod:MiyuEvokeCheapAttack","PrismaMod:MiyuCheapDexBuff"],"picked":"PrismaMod:MiyuCheapPlate","floor":20.0},{"not_picked":["PrismaMod:MiyuEvokeCheapDefend+1","PrismaMod:MiyuUberAOEAttack"],"picked":"PrismaMod:MiyuCheapChannelHeal+1","floor":21.0},{"not_picked":["PrismaMod:MiyuEvokeBuffStr","PrismaMod:MiyuUberDefend"],"picked":"PrismaMod:MiyuUberAOEAttack","floor":24.0},{"not_picked":["PrismaMod:MiyuCheapAttack1","PrismaMod:MiyuEvokeBuffStr","PrismaMod:MiyuEvokeCheapAttack"],"picked":"SKIP","floor":25.0},{"not_picked":["infinitespire:Execution","ReplayTheSpireMod:Chaos Vortex"],"picked":"infinitespire:Oblivion","floor":27.0},{"not_picked":["PrismaMod:MiyuMaid","PrismaMod:MiyuUncommonDefend"],"picked":"PrismaMod:MiyuBride","floor":28.0},{"not_picked":["PrismaMod:MiyuCommonAOEAttack+1","PrismaMod:MiyuEvokeCheapAttack","PrismaMod:MiyuCheapAttack2+1"],"picked":"SKIP","floor":30.0},{"not_picked":["PrismaMod:MiyuCheapDefend1","PrismaMod:MiyuCheapChannelVul"],"picked":"PrismaMod:MiyuCheapChannelRandom+1","floor":35.0},{"not_picked":["PrismaMod:MiyuCarnivalDefend","PrismaMod:MiyuCarnivalAttack"],"picked":"PrismaMod:MiyuUncommonDexBuff+1","floor":40.0},{"not_picked":["PrismaMod:MiyuUncommonAttack+1","PrismaMod:MiyuCheapAttack1+1"],"picked":"PrismaMod:MiyuOrbIncreasePerm","floor":42.0},{"not_picked":["PrismaMod:MiyuMaid+1","PrismaMod:MiyuCheapChannelAttack","PrismaMod:MiyuDevil+1"],"picked":"SKIP","floor":46.0},{"not_picked":["PrismaMod:MiyuUberDefend","PrismaMod:MiyuChristmas"],"picked":"PrismaMod:MiyuUncommonDexBuff","floor":47.0},{"not_picked":["PrismaMod:MiyuCommonAOEAttack+1","PrismaMod:MiyuCheapStrBuff+1","PrismaMod:MiyuCheapAttack2+1"],"picked":"SKIP","floor":48.0},{"not_picked":["PrismaMod:MiyuCheapChannelVul","PrismaMod:MiyuCheapDexBuff"],"picked":"PrismaMod:MiyuOrbIncreasePerm","floor":49.0}],"player_experience":13338,"relics_obtained":[{"floor":2.0,"key":"Ring of Hypnosis"},{"floor":2.0,"key":"Ring of Fangs"},{"floor":6.0,"key":"Replay:Mystery Machine"},{"floor":10.0,"key":"Bronze Scales"},{"floor":13.0,"key":"MawBank"},{"floor":19.0,"key":"Necronomicon"},{"floor":24.0,"key":"Dream Catcher"},{"floor":24.0,"key":"War Paint"},{"floor":26.0,"key":"Juzu Bracelet"},{"floor":28.0,"key":"Replay:Rubber Ducky"},{"floor":28.0,"key":"Garlic"},{"floor":37.0,"key":"Pondfish Scales"},{"floor":40.0,"key":"Chameleon Ring"},{"floor":40.0,"key":"Letter Opener"},{"floor":43.0,"key":"Replay:Wax Seal"},{"floor":47.0,"key":"Centennial Puzzle"},{"floor":47.0,"key":"Bottled Flame"}],"event_choices":[{"damage_healed":0.0,"max_hp_gain":0.0,"max_hp_loss":0.0,"gold_gain":0.0,"event_name":"WeMeetAgain","player_choice":"Gave Potion","floor":5.0,"gold_loss":0.0,"damage_taken":0.0,"relics_obtained":["infinitespire:Joker Card"]},{"damage_healed":0.0,"max_hp_gain":0.0,"max_hp_loss":0.0,"gold_gain":0.0,"event_name":"Cursed Tome","player_choice":"Obtained Book","floor":19.0,"gold_loss":0.0,"damage_taken":16.0},{"damage_healed":0.0,"max_hp_gain":0.0,"max_hp_loss":0.0,"gold_gain":0.0,"event_name":"Duplicator","player_choice":"Copied","floor":22.0,"gold_loss":0.0,"damage_taken":0.0,"cards_obtained":["PrismaMod:MiyuUncommonStrBuff"]},{"cards_removed":["PrismaMod:MiyuCommonAttack"],"damage_healed":0.0,"max_hp_gain":0.0,"max_hp_loss":0.0,"gold_gain":0.0,"event_name":"Beggar","player_choice":"Gave Gold","floor":29.0,"gold_loss":75.0,"damage_taken":0.0},{"damage_healed":0.0,"max_hp_gain":0.0,"max_hp_loss":0.0,"gold_gain":0.0,"event_name":"Lab","player_choice":"Got Potions","floor":36.0,"gold_loss":0.0,"damage_taken":0.0},{"damage_healed":0.0,"max_hp_gain":0.0,"max_hp_loss":0.0,"gold_gain":0.0,"event_name":"MindBloom","player_choice":"Fight","floor":37.0,"gold_loss":0.0,"damage_taken":0.0},{"damage_healed":0.0,"max_hp_gain":0.0,"max_hp_loss":4.0,"gold_gain":0.0,"event_name":"Winding Halls","player_choice":"Max HP","floor":39.0,"gold_loss":0.0,"damage_taken":0.0},{"damage_healed":0.0,"max_hp_gain":0.0,"max_hp_loss":0.0,"gold_gain":0.0,"event_name":"Tomb of Lord Red Mask","player_choice":"Paid","floor":44.0,"gold_loss":442.0,"damage_taken":0.0,"relics_obtained":["Red Mask"]},{"cards_removed":["PrismaMod:MiyuCheapChannelHeal"],"damage_healed":0.0,"max_hp_gain":0.0,"max_hp_loss":0.0,"gold_gain":0.0,"event_name":"Falling","player_choice":"Removed Skill","floor":45.0,"gold_loss":0.0,"damage_taken":0.0}],"is_beta":false,"boss_relics":[{"not_picked":["energizedSpire:MagnifyingGlass","Coffee Dripper"],"picked":"Black Star"},{"not_picked":["Runic Dome","Calling Bell"],"picked":"Fusion Hammer"},{"not_picked":["energizedSpire:EnergizedDie","Replay:Wanted Poster"],"picked":"energizedSpire:OgreHead"}],"items_purged_floors":[31,38,41],"is_endless":true,"potions_floor_spawned":[3,10,11,14,18,20,24,35,46,47,50],"ascension_level":0}}