{"host":"i0avyit1s6jb1siw","time":1610141270,"event":{"mods":["BaseMod","DeckTracker","Dota2Spire","Highlight Path","Minty Spire (QoL Compilation)","Quick Restart","StSLib","SuperFastMode"],"gold_per_floor":[122,122,122,141,141,141,178,188,188,211,248,276,292,25,25,25,25],"floor_reached":16,"playtime":266,"items_purged":[],"score":224,"play_id":"03f27745-13d0-4b4e-99b0-54b5decd7505","local_time":"20210108222750","is_ascension_mode":true,"campfire_choices":[{"data":"Cleave","floor":6.0,"key":"SMITH"},{"data":"Pommel Strike","floor":15,"key":"SMITH"}],"circlet_count":0,"master_deck":["AscendersBane","Strike_R","Strike_R","Strike_R","Strike_R","Strike_R","Defend_R","Defend_R","Defend_R","Defend_R","Bash+1","Cleave+1","Pommel Strike+1","Pommel Strike+1","Seeing Red","Bloodletting","Havoc"],"relics":["Burning Blood","CeramicFish","Dota2Spire:BattleFury","Dota2Spire:MaskOfMadness","Dota2Spire:PowerTreads","Pantograph"],"acts_visited":["Exordium"],"potions_floor_usage":[7,11],"damage_taken":[{"damage":24.0,"enemies":"Jaw Worm","floor":1.0,"turns":5.0},{"damage":11.0,"enemies":"Small Slimes","floor":4.0,"turns":4.0},{"damage":8,"enemies":"Gremlin Nob","floor":7,"turns":3},{"damage":0,"enemies":"Cultist","floor":8,"turns":2},{"damage":2,"enemies":"Looter","floor":10,"turns":3},{"damage":25,"enemies":"Lagavulin","floor":11,"turns":6},{"damage":16,"enemies":"Blue Slaver","floor":12,"turns":4},{"damage":21,"enemies":"Exordium Thugs","floor":13,"turns":3},{"damage":53,"enemies":"The Guardian","floor":16,"turns":9}],"seed_played":"-3211851879063466096","potions_obtained":[{"floor":1.0,"key":"Regen Potion"},{"floor":4.0,"key":"FearPotion"},{"floor":7,"key":"PowerPotion"}],"is_trial":false,"path_per_floor":["M","?","?","M","?","R","E","M","T","M","E","M","M","$","R","B"],"character_chosen":"IRONCLAD","items_purchased":["Pantograph"],"campfire_rested":0,"item_purchase_floors":[14],"current_hp_per_floor":[50,50,50,45,45,45,43,49,49,53,49,39,24,24,24,0,0],"gold":25,"neow_bonus":"RANDOM_COMMON_RELIC","is_daily":false,"chose_seed":false,"campfire_upgraded":2,"win_rate":0.0,"timestamp":1610141270,"path_taken":["M","?","?","M","?","R","E","M","T","M","E","M","M","$","R","BOSS"],"items_purchased_type":["Relic"],"build_version":"2020-12-22","purchased_purges":0,"victory":false,"max_hp_per_floor":[75,75,75,75,75,75,75,75,75,75,75,75,75,75,75,75,75],"card_choices":[{"not_picked":["Armaments","Thunderclap"],"picked":"Cleave","floor":1.0},{"not_picked":["Dark Embrace","Sever Soul"],"picked":"Pommel Strike","floor":4.0},{"not_picked":["Sentinel","Berserk"],"picked":"Pommel Strike","floor":7},{"not_picked":["Clash","Clothesline","Heavy Blade"],"picked":"SKIP","floor":8},{"not_picked":["Headbutt","Twin Strike"],"picked":"Seeing Red","floor":10},{"not_picked":["Entrench","Clothesline"],"picked":"Bloodletting","floor":11},{"not_picked":["Warcry","Seeing Red"],"picked":"Havoc","floor":12},{"not_picked":["Twin Strike","True Grit","Feel No Pain"],"picked":"SKIP","floor":13}],"player_experience":2190187,"relics_obtained":[{"floor":7,"key":"Dota2Spire:BattleFury"},{"floor":9,"key":"Dota2Spire:MaskOfMadness"},{"floor":11,"key":"Dota2Spire:PowerTreads"}],"event_choices":[{"damage_healed":0.0,"max_hp_gain":0.0,"max_hp_loss":0.0,"gold_gain":0.0,"event_name":"Living Wall","player_choice":"Grow","floor":2.0,"gold_loss":0.0,"damage_taken":0.0,"cards_upgraded":["Bash"]},{"damage_healed":0.0,"max_hp_gain":0.0,"max_hp_loss":0.0,"gold_gain":0.0,"event_name":"Liars Game","player_choice":"Ignored","floor":3.0,"gold_loss":0.0,"damage_taken":0.0},{"damage_healed":0.0,"max_hp_gain":0.0,"max_hp_loss":0.0,"gold_gain":0.0,"event_name":"Upgrade Shrine","player_choice":"Upgraded","floor":5.0,"gold_loss":0.0,"damage_taken":0.0,"cards_upgraded":["Pommel Strike"]}],"is_beta":false,"boss_relics":[],"items_purged_floors":[],"is_endless":false,"potions_floor_spawned":[1,4,7,10],"killed_by":"The Guardian","ascension_level":20}}