{"host":"qfskrnw3pl1q86j0","time":1610099988,"event":{"mods":["BaseMod","Block Reminder","Hermit","Marisa????????","Minty Spire (QoL Compilation)","Quick Restart","Random Character Button","Relic Stats","StSLib","The Poker Player","slay the spire mod where everything is the same but ironclad has a cowboy hat"],"gold_per_floor":[117,41,41,53,72,72,72,72,72,72,91,119,139,151,151,253,253,263,273,273,283,198,198,198,198,223,223,248,173,184,211,223,336,348,370,382,408,434,446,458,470,470],"floor_reached":41,"playtime":1416,"items_purged":["Strike_G"],"score":461,"play_id":"879079d0-ef5d-4886-b9db-5d96fde7c307","local_time":"20210108105948","is_ascension_mode":false,"campfire_choices":[{"data":"Poisoned Stab","floor":6.0,"key":"SMITH"},{"data":"Sucker Punch","floor":8.0,"key":"SMITH"},{"data":"Leg Sweep","floor":10.0,"key":"SMITH"},{"data":"Flying Knee","floor":15.0,"key":"SMITH"},{"data":"Poisoned Stab","floor":23.0,"key":"SMITH"},{"data":"Quick Slash","floor":25.0,"key":"SMITH"},{"data":"PiercingWail","floor":27.0,"key":"SMITH"},{"data":"Deflect","floor":32.0,"key":"SMITH"},{"data":"Phantasmal Killer","floor":40,"key":"SMITH"}],"circlet_count":0,"master_deck":["Strike_G","Strike_G","Strike_G","Defend_G","Defend_G","Defend_G","Defend_G","Survivor","Neutralize+1","Poisoned Stab+1","Leg Sweep+1","Sucker Punch+1","Flying Knee+1","PiercingWail+1","Malaise+1","Quick Slash+1","Poisoned Stab+1","Footwork+1","Phantasmal Killer+1","Dagger Spray","Dash"],"relics":["Ring of the Snake","FaceOfCleric","Mercury Hourglass","Pantograph","Coffee Dripper","Ornamental Fan","Vajra","Juzu Bracelet","MawBank","Empty Cage"],"acts_visited":["Exordium","TheCity","TheBeyond"],"potions_floor_usage":[38],"damage_taken":[{"damage":0.0,"enemies":"Small Slimes","floor":1.0,"turns":3.0},{"damage":0.0,"enemies":"Cultist","floor":4.0,"turns":3.0},{"damage":1.0,"enemies":"2 Louse","floor":5.0,"turns":3.0},{"damage":3.0,"enemies":"Lots of Slimes","floor":11.0,"turns":3.0},{"damage":9.0,"enemies":"Gremlin Nob","floor":12.0,"turns":4.0},{"damage":5.0,"enemies":"Exordium Wildlife","floor":13.0,"turns":4.0},{"damage":0.0,"enemies":"Looter","floor":14.0,"turns":3.0},{"damage":0.0,"enemies":"Slime Boss","floor":16.0,"turns":7.0},{"damage":0.0,"enemies":"2 Thieves","floor":18.0,"turns":4.0},{"damage":1.0,"enemies":"3 Byrds","floor":19.0,"turns":5.0},{"damage":1.0,"enemies":"Centurion and Healer","floor":21.0,"turns":9.0},{"damage":16.0,"enemies":"Slavers","floor":28.0,"turns":8.0},{"damage":6.0,"enemies":"Sentry and Sphere","floor":30.0,"turns":6.0},{"damage":49.0,"enemies":"Automaton","floor":33.0,"turns":15.0},{"damage":0,"enemies":"3 Shapes","floor":35,"turns":7},{"damage":0,"enemies":"Orb Walker","floor":37,"turns":4},{"damage":0,"enemies":"Jaw Worm Horde","floor":38,"turns":5},{"damage":5,"enemies":"Orin","floor":41,"turns":5}],"seed_played":"-3006585811339331058","potions_obtained":[{"floor":1.0,"key":"Poison Potion"},{"floor":4.0,"key":"AttackPotion"},{"floor":12.0,"key":"FearPotion"},{"floor":13.0,"key":"Ancient Potion"},{"floor":21.0,"key":"SkillPotion"},{"floor":28.0,"key":"Swift Potion"},{"floor":30.0,"key":"Block Potion"},{"floor":38,"key":"SteroidPotion"}],"is_trial":false,"path_per_floor":["M","$","?","M","M","R","?","R","T","R","M","E","M","M","R","B",null,"M","M","?","M","?","R","?","R","T","R","E","$","M","T","R","B",null,"M","?","M","M","?","R","?"],"character_chosen":"THE_SILENT","items_purchased":["Leg Sweep"],"campfire_rested":0,"item_purchase_floors":[2],"current_hp_per_floor":[70,70,70,70,69,69,69,69,69,69,67,59,55,56,56,75,75,76,76,76,76,76,76,60,60,60,60,45,45,40,40,40,17,81,82,82,83,84,84,84,79,79],"gold":470,"neow_bonus":"UPGRADE_CARD","is_daily":false,"chose_seed":false,"campfire_upgraded":9,"win_rate":0.0,"timestamp":1610099988,"path_taken":["M","$","?","M","M","R","?","R","T","R","?","E","M","M","R","BOSS","M","M","?","?","?","R","?","R","T","R","E","$","M","?","R","BOSS","M","?","M","M","?","R","?"],"items_purchased_type":["Card"],"build_version":"2020-12-22","purchased_purges":1,"victory":false,"max_hp_per_floor":[70,70,70,70,70,70,70,70,70,70,71,72,73,74,74,75,75,76,77,77,78,78,78,78,78,78,78,79,79,80,80,80,81,81,82,82,83,84,84,84,84,84],"relic_stats":{"FaceOfCleric":14,"counters":[18,96],"Ornamental Fan":[64],"Pantograph":43,"Juzu Bracelet":1,"MawBank":120,"obtain_stats":[{"FaceOfCleric":7,"Ornamental Fan":22,"Pantograph":12,"Vajra":26,"Coffee Dripper":17,"Juzu Bracelet":28,"MawBank":31,"Empty Cage":34,"Ring of the Snake":0,"Mercury Hourglass":9},{"FaceOfCleric":3,"Ornamental Fan":11,"Pantograph":5,"Vajra":11,"Coffee Dripper":8,"Juzu Bracelet":12,"MawBank":13,"Empty Cage":14,"Ring of the Snake":0,"Mercury Hourglass":3},{"FaceOfCleric":9,"Ornamental Fan":47,"Pantograph":16,"Vajra":47,"Coffee Dripper":29,"Juzu Bracelet":55,"MawBank":61,"Empty Cage":76,"Ring of the Snake":0,"Mercury Hourglass":9}],"Ring of the Snake":[36],"Mercury Hourglass":[408]},"card_choices":[{"not_picked":["Finisher","Catalyst"],"picked":"Poisoned Stab","floor":1.0},{"not_picked":["Crippling Poison","Setup"],"picked":"Sucker Punch","floor":4.0},{"not_picked":["Sucker Punch","Deflect","Cloak And Dagger"],"picked":"SKIP","floor":5.0},{"not_picked":["Bane","Choke"],"picked":"Flying Knee","floor":11.0},{"not_picked":["Eviscerate","Riddle With Holes"],"picked":"Deflect","floor":12.0},{"not_picked":["Flying Knee","Slice","Cloak And Dagger"],"picked":"SKIP","floor":13.0},{"not_picked":["Cloak And Dagger","Dodge and Roll"],"picked":"PiercingWail","floor":14.0},{"not_picked":["Die Die Die","Storm of Steel"],"picked":"Malaise","floor":16.0},{"not_picked":["Outmaneuver+1","Predator+1","Sucker Punch"],"picked":"SKIP","floor":18.0},{"not_picked":["Distraction","Dodge and Roll"],"picked":"Quick Slash","floor":19.0},{"not_picked":["Cloak And Dagger","Dodge and Roll"],"picked":"Poisoned Stab","floor":21.0},{"not_picked":["Concentrate","Bane","Skewer"],"picked":"SKIP","floor":28.0},{"not_picked":["Sucker Punch","Malaise"],"picked":"Footwork+1","floor":30.0},{"not_picked":["Corpse Explosion","Burst"],"picked":"Phantasmal Killer","floor":33.0},{"not_picked":["Flying Knee+1","Sucker Punch"],"picked":"Dagger Spray","floor":35},{"not_picked":["Dagger Spray","Poisoned Stab+1"],"picked":"Dash","floor":37},{"not_picked":["Bane+1","Crippling Poison","Cloak And Dagger"],"picked":"SKIP","floor":38}],"player_experience":930071,"relics_obtained":[{"floor":9.0,"key":"Mercury Hourglass"},{"floor":12.0,"key":"Pantograph"},{"floor":26.0,"key":"Vajra"},{"floor":28.0,"key":"Juzu Bracelet"},{"floor":31.0,"key":"MawBank"}],"event_choices":[{"damage_healed":0.0,"max_hp_gain":0.0,"max_hp_loss":0.0,"gold_gain":0.0,"event_name":"The Cleric","player_choice":"Leave","floor":3.0,"gold_loss":0.0,"damage_taken":0.0},{"damage_healed":0.0,"max_hp_gain":0.0,"max_hp_loss":0.0,"gold_gain":0.0,"event_name":"FaceTrader","player_choice":"Trade","floor":7.0,"gold_loss":0.0,"damage_taken":0.0,"relics_obtained":["FaceOfCleric"]},{"damage_healed":0.0,"max_hp_gain":0.0,"max_hp_loss":0.0,"gold_gain":0.0,"event_name":"Accursed Blacksmith","player_choice":"Forge","floor":20.0,"gold_loss":0.0,"damage_taken":0.0,"cards_upgraded":["Malaise"]},{"damage_healed":0.0,"max_hp_gain":0.0,"max_hp_loss":0.0,"gold_gain":0.0,"event_name":"Addict","player_choice":"Obtained Relic","floor":22.0,"gold_loss":85.0,"damage_taken":0.0,"relics_obtained":["Ornamental Fan"]},{"damage_healed":0.0,"max_hp_gain":0.0,"max_hp_loss":0.0,"gold_gain":0.0,"event_name":"Cursed Tome","player_choice":"Obtained Book","floor":24.0,"gold_loss":0.0,"damage_taken":16.0},{"damage_healed":0,"gold_gain":0,"player_choice":"0 cards matched","damage_taken":0,"max_hp_gain":0,"max_hp_loss":0,"event_name":"Match and Keep!","floor":36,"gold_loss":0,"cards_obtained":[]},{"cards_removed":["Deflect"],"damage_healed":0,"gold_gain":0,"player_choice":"Removed Skill","damage_taken":0,"max_hp_gain":0,"max_hp_loss":0,"event_name":"Falling","floor":39,"gold_loss":0},{"damage_healed":0,"gold_gain":0,"player_choice":"Fight","damage_taken":0,"max_hp_gain":0,"max_hp_loss":0,"event_name":"OrinTheCat","floor":41,"gold_loss":0}],"is_beta":false,"boss_relics":[{"not_picked":["HoveringKite","Velvet Choker"],"picked":"Coffee Dripper"},{"not_picked":["WristBlade","Calling Bell"],"picked":"Empty Cage"}],"items_purged_floors":[29],"is_endless":false,"potions_floor_spawned":[1,4,12,13,21,28,30,38],"killed_by":"Orin","ascension_level":0}}