{"host":"7sni158j623xchr2","time":1610079054,"event":{"mods":["BaseMod","Colored Map","Highlight Path","Minty Spire (QoL Compilation)","Permanent Neow","Potion Indicator Mod","Rare Cards Sparkle","Relic Sorter","Relic Stats","StSLib","everything is the same but u backflip on backflip"],"gold_per_floor":[118,118,143,43,93,127,139,184,223,276,288,314,360,397,409,514,526,556,591,0,0,13,13,54,68,116,116,116],"floor_reached":27,"playtime":688,"items_purged":["Defend_G","Strike_G"],"score":572,"play_id":"a988a864-745a-45fa-b5a8-ab36cee6d44e","local_time":"20210107221054","is_ascension_mode":true,"campfire_choices":[{"data":"Glass Knife","floor":7,"key":"SMITH"},{"data":"Dagger Spray","floor":11,"key":"SMITH"},{"data":"Crippling Poison","floor":15,"key":"SMITH"},{"data":"Malaise","floor":23,"key":"SMITH"}],"circlet_count":0,"master_deck":["AscendersBane","Strike_G","Strike_G","Defend_G","Defend_G","Defend_G","Defend_G","Survivor","Neutralize","Riddle With Holes","Dagger Spray+1","Backflip","Glass Knife+1","Catalyst","Dodge and Roll","Cloak And Dagger","Die Die Die","Crippling Poison+1","Malaise+1","Acrobatics","Backflip+1","Catalyst","PiercingWail"],"relics":["Ring of the Snake","NeowsBlessing","Golden Idol","MawBank","Tough Bandages","Bronze Scales","Mango","Blood Vial","Empty Cage","CaptainsWheel","Toolbox","Molten Egg 2","Orichalcum"],"acts_visited":["Exordium","TheCity"],"potions_floor_usage":[8,10,10,19,19,22],"damage_taken":[{"damage":0,"enemies":"Small Slimes","floor":1,"turns":1},{"damage":0,"enemies":"2 Louse","floor":3,"turns":1},{"damage":0,"enemies":"3 Sentries","floor":6,"turns":1},{"damage":10,"enemies":"Gremlin Nob","floor":8,"turns":3},{"damage":30,"enemies":"Lagavulin","floor":10,"turns":4},{"damage":0,"enemies":"Cultist","floor":12,"turns":2},{"damage":6,"enemies":"3 Sentries","floor":13,"turns":5},{"damage":0,"enemies":"Red Slaver","floor":14,"turns":4},{"damage":36,"enemies":"Hexaghost","floor":16,"turns":11},{"damage":9,"enemies":"3 Byrds","floor":18,"turns":3},{"damage":7,"enemies":"Spheric Guardian","floor":19,"turns":6},{"damage":6,"enemies":"Cultist and Chosen","floor":22,"turns":7},{"damage":20,"enemies":"Slavers","floor":24,"turns":3},{"damage":17,"enemies":"Snake Plant","floor":25,"turns":4},{"damage":30,"enemies":"Book of Stabbing","floor":27,"turns":5}],"seed_played":"-2290970180859781608","potions_obtained":[{"floor":1,"key":"FearPotion"},{"floor":3,"key":"Regen Potion"},{"floor":8,"key":"Strength Potion"},{"floor":16,"key":"Regen Potion"},{"floor":18,"key":"Block Potion"},{"floor":21,"key":"Fire Potion"},{"floor":21,"key":"Ancient Potion"}],"is_trial":false,"path_per_floor":["M","?","M","$","?","E","R","E","T","E","R","M","E","M","R","B",null,"M","M","$","?","M","R","E","M","T","E"],"character_chosen":"THE_SILENT","items_purchased":["Backflip","CaptainsWheel","Toolbox"],"campfire_rested":0,"item_purchase_floors":[4,20,20],"current_hp_per_floor":[59,59,59,59,59,59,59,49,49,45,45,45,39,41,41,7,57,50,57,57,57,53,53,35,20,20,0,0],"gold":116,"neow_bonus":"THREE_ENEMY_KILL","is_daily":false,"chose_seed":false,"campfire_upgraded":4,"win_rate":0.0,"timestamp":1610079054,"path_taken":["M","?","M","$","?","E","R","E","T","E","R","M","E","M","R","BOSS","M","?","?","?","M","R","E","M","T","E"],"items_purchased_type":["Card","Relic","Relic"],"build_version":"2020-12-22","purchased_purges":2,"victory":false,"max_hp_per_floor":[66,60,60,60,60,60,60,60,60,74,74,74,74,74,74,74,74,74,74,74,74,74,74,74,74,74,74,74],"relic_stats":{"Blood Vial":16,"Tough Bandages":[36],"counters":[15,60],"Golden Idol":84,"Bronze Scales":[208],"Orichalcum":[0],"MawBank":168,"obtain_stats":[{"NeowsBlessing":0,"Golden Idol":2,"Mango":10,"Orichalcum":26,"MawBank":6,"Empty Cage":17,"Blood Vial":13,"Tough Bandages":8,"CaptainsWheel":20,"Bronze Scales":9,"Toolbox":20,"Molten Egg 2":24,"Ring of the Snake":0},{"NeowsBlessing":0,"Golden Idol":1,"Mango":5,"Orichalcum":14,"MawBank":3,"Empty Cage":9,"Blood Vial":7,"Tough Bandages":4,"CaptainsWheel":11,"Bronze Scales":4,"Toolbox":11,"Molten Egg 2":13,"Ring of the Snake":0},{"NeowsBlessing":0,"Golden Idol":1,"Mango":10,"Orichalcum":55,"MawBank":3,"Empty Cage":32,"Blood Vial":17,"Tough Bandages":6,"CaptainsWheel":41,"Bronze Scales":6,"Toolbox":41,"Molten Egg 2":51,"Ring of the Snake":0}],"Ring of the Snake":[30]},"card_choices":[{"not_picked":["Slice","Flechettes"],"picked":"Riddle With Holes","floor":1},{"not_picked":["Blade Dance","Setup"],"picked":"Dagger Spray","floor":3},{"not_picked":["Bullet Time","Heel Hook"],"picked":"Glass Knife","floor":6},{"not_picked":["Reflex","Dagger Spray"],"picked":"Catalyst","floor":8},{"not_picked":["Flechettes","Slice"],"picked":"Dodge and Roll","floor":10},{"not_picked":["Reflex","Bane"],"picked":"Cloak And Dagger","floor":12},{"not_picked":["Concentrate","Bane"],"picked":"Die Die Die","floor":13},{"not_picked":["Expertise","Distraction"],"picked":"Crippling Poison","floor":14},{"not_picked":["Wraith Form v2","Burst"],"picked":"Malaise","floor":16},{"not_picked":["Sucker Punch","Slice"],"picked":"Acrobatics","floor":18},{"not_picked":["Quick Slash+1","Dodge and Roll"],"picked":"Backflip+1","floor":19},{"not_picked":["Poisoned Stab","Footwork"],"picked":"Catalyst","floor":22},{"not_picked":["Dagger Throw+1","Endless Agony+1","Dodge and Roll"],"picked":"SKIP","floor":24},{"not_picked":["Masterful Stab+1","Flechettes+1"],"picked":"PiercingWail","floor":25}],"player_experience":1605508,"relics_obtained":[{"floor":6,"key":"MawBank"},{"floor":8,"key":"Tough Bandages"},{"floor":9,"key":"Bronze Scales"},{"floor":10,"key":"Mango"},{"floor":13,"key":"Blood Vial"},{"floor":24,"key":"Molten Egg 2"},{"floor":26,"key":"Orichalcum"}],"event_choices":[{"damage_healed":0,"gold_gain":0,"player_choice":"Lose Max HP","damage_taken":0,"relics_obtained":["Golden Idol"],"max_hp_gain":0,"max_hp_loss":6,"event_name":"Golden Idol","floor":2,"gold_loss":0},{"damage_healed":0,"gold_gain":50,"player_choice":"Pray","damage_taken":0,"max_hp_gain":0,"max_hp_loss":0,"event_name":"Golden Shrine","floor":5,"gold_loss":0},{"damage_healed":0,"gold_gain":0,"player_choice":"Got Potions","damage_taken":0,"max_hp_gain":0,"max_hp_loss":0,"event_name":"Lab","floor":21,"gold_loss":0}],"is_beta":false,"boss_relics":[{"not_picked":["Tiny House","Black Star"],"picked":"Empty Cage"}],"items_purged_floors":[4,20],"is_endless":false,"potions_floor_spawned":[1,3,6,8,16,18],"killed_by":"Book of Stabbing","ascension_level":20}}