{"host":"vlqejv0notyktumz","time":1610137947,"event":{"mods":["AchievementEnabler","BaseMod","Googly Eyes","Minty Spire (QoL Compilation)"],"gold_per_floor":[115,62,73,2,2,2,35,55,55,55,69,95,110,110,110,210,210,222,99,116,16,16,16,34,34,34,61,61,38,48,60,60,160,160,173,185,12,12,12,12,12,12],"floor_reached":41,"playtime":1405,"items_purged":["Strike_B","Strike_B","Strike_B"],"score":557,"play_id":"02dcf19c-3e38-4600-b502-a26a440f150a","local_time":"20210108143227","is_ascension_mode":true,"campfire_choices":[{"data":"Zap","floor":6,"key":"SMITH"},{"data":"Conserve Battery","floor":10,"key":"SMITH"},{"data":"Redo","floor":15,"key":"SMITH"},{"data":"Redo","floor":23,"key":"SMITH"},{"floor":25,"key":"REST"},{"floor":32,"key":"REST"},{"data":"Creative AI","floor":40,"key":"SMITH"}],"circlet_count":0,"master_deck":["Defend_B","Defend_B","Defend_B","Zap+1","Dualcast","Coolheaded","Redo+1","Go for the Eyes","Lockon","Creative AI+1","Conserve Battery+1","Conserve Battery","Defragment","Coolheaded","Redo+1","BootSequence+1","Cold Snap","Static Discharge","All For One","Ball Lightning"],"relics":["Cracked Core","FaceOfCleric","HornCleat","Pantograph","Odd Mushroom","Sozu","Bottled Tornado","Pen Nib","Letter Opener","Runic Pyramid"],"acts_visited":["Exordium","TheCity","TheBeyond"],"potions_floor_usage":[12,16,24],"damage_taken":[{"damage":1,"enemies":"2 Louse","floor":1,"turns":2},{"damage":0,"enemies":"Cultist","floor":3,"turns":3},{"damage":20,"enemies":"Lagavulin","floor":7,"turns":6},{"damage":2,"enemies":"Jaw Worm","floor":8,"turns":4},{"damage":5,"enemies":"3 Louse","floor":11,"turns":3},{"damage":0,"enemies":"The Mushroom Lair","floor":12,"turns":5},{"damage":11,"enemies":"Lots of Slimes","floor":13,"turns":6},{"damage":5,"enemies":"Hexaghost","floor":16,"turns":10},{"damage":5,"enemies":"Spheric Guardian","floor":18,"turns":6},{"damage":13,"enemies":"Chosen","floor":20,"turns":6},{"damage":57,"enemies":"3 Cultists","floor":24,"turns":7},{"damage":40,"enemies":"Gremlin Leader","floor":27,"turns":8},{"damage":11,"enemies":"Cultist and Chosen","floor":30,"turns":6},{"damage":15,"enemies":"Chosen and Byrds","floor":31,"turns":9},{"damage":24,"enemies":"Automaton","floor":33,"turns":10},{"damage":17,"enemies":"3 Shapes","floor":35,"turns":3},{"damage":7,"enemies":"3 Darklings","floor":36,"turns":7},{"damage":98,"enemies":"Giant Head","floor":41,"turns":10}],"seed_played":"-2130369688793774061","potions_obtained":[{"floor":1,"key":"FairyPotion"},{"floor":11,"key":"Dexterity Potion"},{"floor":12,"key":"Block Potion"},{"floor":16,"key":"FocusPotion"}],"is_trial":false,"path_per_floor":["M","$","M","$","?","R","E","M","T","R","M","?","M","?","R","B",null,"M","$","M","$","?","R","M","R","T","E","T","$","M","M","R","B",null,"M","M","$","$","?","R","E"],"character_chosen":"DEFECT","items_purchased":["Redo","Lockon","Redo","Cold Snap","Ball Lightning"],"campfire_rested":2,"item_purchase_floors":[2,4,19,29,37],"current_hp_per_floor":[67,67,67,67,67,67,48,47,47,47,43,44,34,34,34,55,75,71,71,59,59,59,59,3,28,28,26,26,26,16,2,28,30,74,58,52,52,52,52,52,0,0],"gold":12,"neow_bonus":"REMOVE_CARD","is_daily":false,"chose_seed":false,"campfire_upgraded":5,"win_rate":0.0,"timestamp":1610137947,"path_taken":["M","$","M","$","?","R","E","M","T","R","?","?","M","?","R","BOSS","M","$","?","$","?","R","M","R","T","E","?","$","M","M","R","BOSS","M","?","?","$","?","R","E"],"items_purchased_type":["Card","Card","Card","Card","Card"],"build_version":"2020-12-22","purchased_purges":3,"victory":false,"max_hp_per_floor":[75,75,75,75,75,75,76,77,77,77,78,79,80,80,80,81,81,82,82,83,83,83,83,84,84,84,85,85,85,86,87,87,88,88,89,90,90,90,90,90,90,90],"card_choices":[{"not_picked":["FTL","Streamline"],"picked":"Coolheaded","floor":1},{"not_picked":["Rebound","Blizzard"],"picked":"Go for the Eyes","floor":3},{"not_picked":["Seek","Gash"],"picked":"Creative AI","floor":7},{"not_picked":["Loop","Leap"],"picked":"Conserve Battery","floor":8},{"not_picked":["Steam Power","Reinforced Body"],"picked":"Conserve Battery","floor":11},{"not_picked":["Force Field","Go for the Eyes"],"picked":"Defragment","floor":12},{"not_picked":["Melter","Turbo","Static Discharge"],"picked":"SKIP","floor":13},{"not_picked":["Conserve Battery","Leap+1","Consume"],"picked":"SKIP","floor":18},{"not_picked":["Sunder","Chill","Steam Power+1"],"picked":"SKIP","floor":20},{"not_picked":["Turbo+1","Recycle"],"picked":"BootSequence+1","floor":24},{"not_picked":["Blizzard","Loop","BootSequence+1"],"picked":"SKIP","floor":27},{"not_picked":["Skim","Beam Cell","Rebound"],"picked":"SKIP","floor":30},{"not_picked":["Streamline","Barrage+1"],"picked":"Static Discharge","floor":31},{"not_picked":["Buffer","Biased Cognition"],"picked":"All For One","floor":33},{"not_picked":["Leap","Gash","Self Repair"],"picked":"SKIP","floor":35},{"not_picked":["Redo","Stack+1","Streamline"],"picked":"SKIP","floor":36}],"player_experience":304253,"relics_obtained":[{"floor":7,"key":"HornCleat"},{"floor":9,"key":"Pantograph"},{"floor":12,"key":"Odd Mushroom"},{"floor":26,"key":"Bottled Tornado"},{"floor":27,"key":"Pen Nib"},{"floor":28,"key":"Letter Opener"}],"event_choices":[{"damage_healed":0,"gold_gain":0,"player_choice":"Trade","damage_taken":0,"relics_obtained":["FaceOfCleric"],"max_hp_gain":0,"max_hp_loss":0,"event_name":"FaceTrader","floor":5,"gold_loss":0},{"damage_healed":0,"gold_gain":0,"player_choice":"Fought Mushrooms","damage_taken":0,"max_hp_gain":0,"max_hp_loss":0,"event_name":"Mushrooms","floor":12,"gold_loss":0},{"damage_healed":0,"gold_gain":0,"cards_transformed":["Defend_B"],"player_choice":"Transformed","damage_taken":0,"max_hp_gain":0,"max_hp_loss":0,"event_name":"Transmorgrifier","floor":14,"gold_loss":0,"cards_obtained":["Coolheaded"]},{"damage_healed":0,"gold_gain":0,"player_choice":"Ignored","damage_taken":0,"max_hp_gain":0,"max_hp_loss":0,"event_name":"Ghosts","floor":22,"gold_loss":0},{"damage_healed":0,"gold_gain":0,"player_choice":"Ignored","damage_taken":0,"max_hp_gain":0,"max_hp_loss":0,"event_name":"Mysterious Sphere","floor":39,"gold_loss":0}],"is_beta":false,"boss_relics":[{"not_picked":["SacredBark","Calling Bell"],"picked":"Sozu"},{"not_picked":["Runic Dome","Tiny House"],"picked":"Runic Pyramid"}],"items_purged_floors":[19,21,37],"is_endless":false,"potions_floor_spawned":[1,11,12,16,27,33,35],"killed_by":"Giant Head","ascension_level":6}}