{"host":"36ls4ricihodphgx","time":1610084867,"event":{"mods":["AchievementEnabler","BaseMod","Colored Map","Downfall","Hermit","HololiveMod","Jorbs\u0027s Wanderer Trilogy","Koishi","Marisa????????","Minty Spire (QoL Compilation)","Replay The Spire","Shop Mod","StSLib","SuperFastMode","The Animator","The Bug Knight","The Cursed","The Hierophant","The Servant 0.9.4"],"gold_per_floor":[27,55,55,86,106,106,19,31,31,63,63,63,63,76,76,181,181,192,107,136,150,150,150,167,167,220,232,245,256,256,286,286,389,439,452,452,470,314,327,327,327,327,327,377,229,261,23,36,36,36],"floor_reached":51,"playtime":3037,"items_purged":[],"score":628,"play_id":"9f136855-b6b7-41b4-9562-78b9bcfb7f1f","local_time":"20210107224747","is_ascension_mode":true,"campfire_choices":[{"data":"animator:Witch","floor":6.0,"key":"SMITH"},{"data":"animator:DwarfShaman","floor":12.0,"key":"SMITH"},{"data":"animator:Evileye","floor":12.0,"key":"SMITH"},{"floor":15.0,"key":"REST"},{"data":"animator:Arpeggio","floor":23.0,"key":"SMITH"},{"data":"animator:ChaikaTrabant","floor":23.0,"key":"SMITH"},{"data":"animator:YaoHaDucy","floor":25.0,"key":"SMITH"},{"data":"animator:LizardPriest","floor":25.0,"key":"SMITH"},{"floor":32.0,"key":"REST"},{"data":"animator:Ainz","floor":40,"key":"SMITH"},{"data":"animator:Shalltear","floor":40,"key":"SMITH"},{"floor":49,"key":"REST"}],"circlet_count":0,"master_deck":["animator:Strike_GoblinSlayer+1","animator:Defend_GoblinSlayer+1","animator:Strike+1","animator:Strike+1","animator:Defend+1","animator:Defend+1","animator:LizardPriest+1","animator:DwarfShaman+1","animator:LeleiLaLalena+1","animator:SayakaMiki+1","animator:CowGirl","animator:Witch+1","animator:Cirno","animator:Evileye+1","animator:YaoHaDucy+1","animator:NarberalGamma+1","animator:ChaikaTrabant+1","animator:LizardPriest+1","animator:Arpeggio+1","animator:RinTohsaka+1","animator:LizardPriest+1","animator:Witch+1","animator:Shalltear+1","animator:Evileye+1","animator:NarberalGamma+1","animator:Ainz+1","animator:TukaLunaMarceau+1","animator:CowGirl+1","Wraith","animator:Kuroyukihime+1","animator:PandorasActor+1"],"relics":["animator:LivingPicture","animator:TheMissingPiece","animator:PurgingStone","Toxic Egg 2","Happy Flower","Replay:Arrowhead","Honey Jar","Bronze Scales","Anchor","Strawberry","Tiny House","Gremlin Food","Bag of Preparation","animator:AlchemistGlove","Vajra","Ginger","Chameleon Ring"],"acts_visited":["Exordium","TheCity","TheBeyond"],"potions_floor_usage":[39,46,48,50,50,50],"damage_taken":[{"damage":8.0,"enemies":"Jaw Worm","floor":1.0,"turns":4.0},{"damage":0.0,"enemies":"Cultist","floor":2.0,"turns":4.0},{"damage":0.0,"enemies":"Small Slimes","floor":4.0,"turns":4.0},{"damage":2.0,"enemies":"Exordium Wildlife","floor":5.0,"turns":4.0},{"damage":0.0,"enemies":"Looter","floor":8.0,"turns":5.0},{"damage":10.0,"enemies":"3 Sentries","floor":10.0,"turns":10.0},{"damage":4.0,"enemies":"Gremlin Gang","floor":14.0,"turns":6.0},{"damage":0.0,"enemies":"Hexaghost","floor":16.0,"turns":8.0},{"damage":0.0,"enemies":"Shell Parasite","floor":18.0,"turns":4.0},{"damage":2.0,"enemies":"Chosen","floor":20.0,"turns":4.0},{"damage":2.0,"enemies":"Snake Plant","floor":21.0,"turns":3.0},{"damage":3.0,"enemies":"3 Cultists","floor":24.0,"turns":4.0},{"damage":8.0,"enemies":"Centurion and Healer","floor":27.0,"turns":5.0},{"damage":0.0,"enemies":"Shelled Parasite and Fungi","floor":28.0,"turns":3.0},{"damage":3.0,"enemies":"Sentry and Sphere","floor":29.0,"turns":7.0},{"damage":34.0,"enemies":"Gremlin Leader","floor":31.0,"turns":6.0},{"damage":15.0,"enemies":"Collector","floor":33.0,"turns":10.0},{"damage":0,"enemies":"3 Shapes","floor":35,"turns":4},{"damage":11,"enemies":"3 Darklings","floor":37,"turns":4},{"damage":19,"enemies":"Spire Growth","floor":39,"turns":7},{"damage":0,"enemies":"Mind Bloom Boss Battle","floor":44,"turns":8},{"damage":30,"enemies":"HollowMod:StalkingDevout","floor":46,"turns":9},{"damage":17,"enemies":"Jaw Worm Horde","floor":48,"turns":4},{"damage":6,"enemies":"Replay:Hell Engine","floor":50,"turns":9}],"seed_played":"-1625259697372817361","potions_obtained":[{"floor":4.0,"key":"SneckoOil"},{"floor":10.0,"key":"sneckomod:MuddlingPotion"},{"floor":24.0,"key":"Flashbang"},{"floor":28.0,"key":"Doom Potion"},{"floor":29.0,"key":"PowerPotion"},{"floor":33.0,"key":"Fire Potion"},{"floor":34,"key":"ColorlessPotion"},{"floor":35,"key":"Weak Potion"},{"floor":44,"key":"CultistPotion"},{"floor":48,"key":"Slimebound:ThreeZeroPotion"}],"is_trial":false,"path_per_floor":["M","M","?","M","M","R","$","M","T","E","?","R","?","M","R","B",null,"M","?","M","M","?","R","M","R","T","M","M","M","?","E","R","B",null,"M","?","M","$","M","R","?","?","T","?","$","E","$","M","R","B",null],"character_chosen":"THE_ANIMATOR","items_purchased":["animator:Cirno","Gremlin Food","Vajra","Chameleon Ring"],"campfire_rested":3,"item_purchase_floors":[7,38,45,47],"current_hp_per_floor":[58,58,66,66,65,65,65,65,65,56,31,31,31,27,47,47,68,68,68,66,64,58,58,55,55,55,47,47,44,44,17,39,24,81,81,81,70,70,51,51,51,51,51,51,51,21,21,4,27,21],"gold":36,"neow_bonus":"REMOVE_TWO","is_daily":false,"chose_seed":false,"campfire_upgraded":9,"win_rate":0.0,"timestamp":1610084867,"path_taken":["M","M","?","?","M","R","?","M","T","E","?","R","?","?","R","BOSS","M","?","M","M","?","R","?","R","T","M","M","M","?","E","R","BOSS","M","?","M","$","M","R","?","?","T","?","$","E","$","M","R","BOSS"],"items_purchased_type":["Card","Relic","Relic","Relic"],"build_version":"2020-12-22","purchased_purges":0,"victory":true,"max_hp_per_floor":[66,66,66,66,67,67,67,67,67,68,68,68,68,68,68,68,68,68,68,68,68,68,68,68,68,68,68,68,68,68,75,75,75,81,81,81,81,81,81,81,81,77,77,77,77,77,77,77,77,77],"card_choices":[{"not_picked":["animator:Hakurou","animator:RinTohsaka"],"picked":"animator:LeleiLaLalena","floor":1.0},{"not_picked":["animator:Genos","animator:Kaijin"],"picked":"animator:SayakaMiki","floor":2.0},{"not_picked":["animator:Illya","animator:Ciel"],"picked":"animator:CowGirl","floor":4.0},{"not_picked":["animator:Spearman","animator:Priestess"],"picked":"animator:Witch","floor":5.0},{"not_picked":["animator:ChaikaTrabant","animator:Ciel"],"picked":"animator:Evileye","floor":8.0},{"not_picked":["animator:SakuraMatou+1","animator:MamiTomoe"],"picked":"animator:YaoHaDucy","floor":10.0},{"not_picked":["animator:Millim","animator:SakuraMatou+1"],"picked":"animator:NarberalGamma+1","floor":14.0},{"not_picked":["animator:AcuraShin","animator:Saitama+1"],"picked":"animator:ChaikaTrabant","floor":16.0},{"not_picked":["animator:GuildGirl","animator:DwarfShaman","animator:Priestess+1"],"picked":"animator:LizardPriest+1","floor":18.0},{"not_picked":["animator:Berserker","animator:ShinjiMatou+1","animator:Shion"],"picked":"animator:Arpeggio","floor":20.0},{"not_picked":["animator:Alexander","animator:MetalKnight+1","animator:Millim+1"],"picked":"animator:RinTohsaka+1","floor":21.0},{"not_picked":["animator:Shuna+1","animator:HighElfArcher+1","animator:Kuribayashi+1"],"picked":"animator:LizardPriest+1","floor":24.0},{"not_picked":["animator:HighElfArcher","animator:Priestess+1","animator:GoblinSlayer"],"picked":"animator:Witch+1","floor":27.0},{"not_picked":["animator:Viivi","animator:SilverFang+1","animator:GazelDwargon"],"picked":"animator:Shalltear","floor":28.0},{"not_picked":["animator:Witch+1","animator:Sonic+1","animator:Guy+1"],"picked":"animator:Evileye+1","floor":29.0},{"not_picked":["animator:CowGirl+1","animator:YaoHaDucy","animator:Hakurou"],"picked":"animator:NarberalGamma+1","floor":31.0},{"not_picked":["animator:Elesis","animator:Boros","animator:AcuraShin"],"picked":"animator:Ainz","floor":33.0},{"not_picked":["animator:Berserker","animator:IrohaTamaki","animator:DwarfShaman"],"picked":"animator:TukaLunaMarceau+1","floor":34},{"not_picked":["animator:GuildGirl","animator:LizardPriest+1","animator:Witch+1"],"picked":"animator:CowGirl+1","floor":35},{"not_picked":["animator:Hakurou","animator:DwarfShaman+1","animator:Alexander+1","animator:AcuraAkari+1"],"picked":"SKIP","floor":37},{"not_picked":["animator:Spearman","animator:OrikoMikuni+1","animator:GuildGirl","animator:DwarfShaman+1"],"picked":"SKIP","floor":39},{"not_picked":["animator:Kagari","animator:TakanashiRikka+1","animator:LimeBell+1"],"picked":"animator:Kuroyukihime+1","floor":41},{"not_picked":["animator:Ara+1","animator:SuzuneAmano+1","animator:Add+1"],"picked":"animator:PandorasActor+1","floor":44},{"not_picked":["animator:YuiTsuruno+1","animator:Berserker","animator:IrohaTamaki+1","animator:Priestess+1"],"picked":"SKIP","floor":46}],"player_experience":57063,"relics_obtained":[{"floor":9.0,"key":"Toxic Egg 2"},{"floor":10.0,"key":"Happy Flower"},{"floor":26.0,"key":"Anchor"},{"floor":31.0,"key":"Strawberry"},{"floor":43,"key":"Bag of Preparation"},{"floor":44,"key":"animator:AlchemistGlove"},{"floor":46,"key":"Ginger"}],"event_choices":[{"damage_healed":8.0,"max_hp_gain":0.0,"max_hp_loss":0.0,"gold_gain":0.0,"event_name":"Wheel of Change","player_choice":"Full Heal","floor":3.0,"gold_loss":0.0,"damage_taken":0.0},{"damage_healed":0.0,"max_hp_gain":0.0,"max_hp_loss":0.0,"gold_gain":0.0,"event_name":"Scrap Ooze","player_choice":"Success","floor":11.0,"gold_loss":0.0,"damage_taken":25.0,"relics_obtained":["Replay:Arrowhead"]},{"damage_healed":0.0,"max_hp_gain":0.0,"max_hp_loss":0.0,"gold_gain":0.0,"event_name":"Addict","player_choice":"Obtained Relic","floor":19.0,"gold_loss":85.0,"damage_taken":0.0,"relics_obtained":["Bronze Scales"]},{"damage_healed":0.0,"max_hp_gain":0.0,"max_hp_loss":0.0,"gold_gain":0.0,"event_name":"Knowing Skull","player_choice":"","floor":22.0,"potions_obtained":[],"gold_loss":0.0,"damage_taken":6.0,"cards_obtained":[]},{"damage_healed":0.0,"max_hp_gain":0.0,"max_hp_loss":0.0,"gold_gain":0.0,"event_name":"Back to Basics","player_choice":"Simplicity","floor":30.0,"gold_loss":0.0,"damage_taken":0.0,"cards_upgraded":["animator:Strike_GoblinSlayer","animator:Defend_GoblinSlayer","animator:Strike","animator:Strike","animator:Defend","animator:Defend"]},{"damage_healed":0,"gold_gain":0,"player_choice":"Ignored","damage_taken":0,"max_hp_gain":0,"max_hp_loss":0,"event_name":"OrinTheCat","floor":36,"gold_loss":0},{"damage_healed":0,"gold_gain":0,"player_choice":"Memory 1","damage_taken":0,"max_hp_gain":0,"max_hp_loss":0,"event_name":"SensoryStone","floor":41,"gold_loss":0},{"damage_healed":0,"gold_gain":0,"player_choice":"Max HP","damage_taken":0,"max_hp_gain":0,"max_hp_loss":4,"event_name":"Winding Halls","floor":42,"gold_loss":0},{"damage_healed":0,"gold_gain":0,"player_choice":"Fight","damage_taken":0,"max_hp_gain":0,"max_hp_loss":0,"event_name":"MindBloom","floor":44,"gold_loss":0}],"is_beta":false,"boss_relics":[{"not_picked":["Fusion Hammer","Hololive_TopUpMoneyS"],"picked":"Honey Jar"},{"not_picked":["ReplayTheSpireMod:DimensionalGlitch","Replay:Grab Bag"],"picked":"Tiny House"}],"items_purged_floors":[],"is_endless":false,"potions_floor_spawned":[4,10,14,24,28,29,33,35,44,48],"ascension_level":1}}