{"host":"Fun","time":1610146046,"event":{"mods":["BaseMod","Colored Map","Minty Spire (QoL Compilation)","Relic Stats","StSLib"],"gold_per_floor":[119,119,194,194,214,214,257,257,257,31,31,46,59,95,95,191,191,216,236,20,20,20,20,20,20,68,68,102,102,121,141,141,141,141],"floor_reached":33,"playtime":797,"items_purged":[],"score":540,"play_id":"0cb4da08-0818-411b-aca9-6995a7474456","local_time":"20210108174726","is_ascension_mode":true,"campfire_choices":[{"data":"Combust","floor":6,"key":"SMITH"},{"data":"Anger","floor":8,"key":"SMITH"},{"data":"Feel No Pain","floor":11,"key":"SMITH"},{"data":"Spot Weakness","floor":15,"key":"SMITH"},{"data":"Limit Break","floor":23,"key":"SMITH"},{"data":"Disarm","floor":25,"key":"SMITH"},{"data":"Juggernaut","floor":27,"key":"SMITH"},{"data":"Evolve","floor":32,"key":"SMITH"}],"circlet_count":0,"master_deck":["AscendersBane","Defend_R+1","Defend_R+1","Defend_R+1","Bash","Combust+1","Power Through","Anger+1","Evolve+1","Cleave","Feel No Pain+1","Spot Weakness+1","Shrug It Off","Twin Strike","Clothesline","Juggernaut+1","Limit Break+1","Disarm+1","Bite","Bite","Bite","Bite","Bite"],"relics":["Burning Blood","WarpedTongs","Paper Frog","Golden Idol","Orichalcum","Sundial","Peace Pipe","Busted Crown","Vajra","Ancient Tea Set","Self Forming Clay","Letter Opener"],"acts_visited":["Exordium","TheCity"],"potions_floor_usage":[14,28,28],"damage_taken":[{"damage":1,"enemies":"Cultist","floor":1,"turns":4},{"damage":1,"enemies":"2 Louse","floor":5,"turns":2},{"damage":18,"enemies":"Gremlin Nob","floor":7,"turns":4},{"damage":3,"enemies":"Small Slimes","floor":12,"turns":4},{"damage":12,"enemies":"Exordium Wildlife","floor":13,"turns":3},{"damage":5,"enemies":"3 Sentries","floor":14,"turns":8},{"damage":11,"enemies":"Hexaghost","floor":16,"turns":9},{"damage":12,"enemies":"Chosen","floor":18,"turns":5},{"damage":14,"enemies":"Shell Parasite","floor":19,"turns":6},{"damage":29,"enemies":"Slavers","floor":28,"turns":4},{"damage":26,"enemies":"Shelled Parasite and Fungi","floor":30,"turns":5},{"damage":9,"enemies":"Snake Plant","floor":31,"turns":4},{"damage":57,"enemies":"Automaton","floor":33,"turns":6}],"seed_played":"2427846503064059610","potions_obtained":[{"floor":1,"key":"Ancient Potion"},{"floor":12,"key":"SteroidPotion"},{"floor":13,"key":"Block Potion"},{"floor":14,"key":"EssenceOfSteel"},{"floor":31,"key":"Fire Potion"}],"is_trial":false,"path_per_floor":["M","T","?","?","M","R","E","R","T","$","R","M","M","E","R","B",null,"M","M","$","?","?","R","?","R","T","R","E","T","M","M","R","B"],"character_chosen":"IRONCLAD","items_purchased":["Feel No Pain","Spot Weakness","Shrug It Off","Vajra","Disarm"],"campfire_rested":0,"item_purchase_floors":[10,10,10,20,20],"current_hp_per_floor":[55,55,44,44,49,49,37,37,37,37,37,40,34,35,35,30,59,53,45,45,45,45,45,45,45,45,45,31,31,27,35,35,0,0],"gold":141,"neow_bonus":"TRANSFORM_TWO_CARDS","is_daily":false,"chose_seed":false,"campfire_upgraded":8,"win_rate":0.0,"timestamp":1610146046,"path_taken":["M","?","?","?","M","R","E","R","T","$","R","M","M","E","R","BOSS","M","M","$","?","?","R","?","R","T","R","E","?","M","?","R","BOSS"],"items_purchased_type":["Card","Card","Card","Relic","Card"],"build_version":"2020-12-18","purchased_purges":0,"victory":false,"max_hp_per_floor":[75,75,75,68,68,68,68,68,68,68,68,68,68,68,68,68,68,68,68,68,68,47,47,47,47,47,47,47,47,47,47,47,47,47],"relic_stats":{"Peace Pipe":0,"Busted Crown":10,"counters":[13,64],"Golden Idol":69,"Sundial":[6],"Self Forming Clay":[33],"Letter Opener":[15],"Orichalcum":[90],"obtain_stats":[{"Peace Pipe":14,"Busted Crown":17,"Golden Idol":4,"Sundial":9,"Self Forming Clay":28,"Vajra":20,"Letter Opener":29,"Orichalcum":7,"Ancient Tea Set":26,"Burning Blood":0,"WarpedTongs":1,"Paper Frog":2},{"Peace Pipe":6,"Busted Crown":7,"Golden Idol":1,"Sundial":3,"Self Forming Clay":10,"Vajra":9,"Letter Opener":10,"Orichalcum":3,"Ancient Tea Set":9,"Burning Blood":0,"WarpedTongs":1,"Paper Frog":1},{"Peace Pipe":25,"Busted Crown":34,"Golden Idol":4,"Sundial":10,"Self Forming Clay":49,"Vajra":45,"Letter Opener":49,"Orichalcum":10,"Ancient Tea Set":45,"Burning Blood":0,"WarpedTongs":1,"Paper Frog":4}],"Burning Blood":72,"WarpedTongs":[62]},"card_choices":[{"not_picked":["Shrug It Off","Power Through"],"picked":"Anger","floor":1},{"not_picked":["Warcry","Reckless Charge"],"picked":"Evolve","floor":5},{"not_picked":["Havoc","Pummel"],"picked":"Cleave","floor":7},{"not_picked":["Body Slam","Flex"],"picked":"Twin Strike","floor":12},{"not_picked":["Headbutt","Body Slam"],"picked":"Clothesline","floor":13},{"not_picked":["Battle Trance","Reckless Charge"],"picked":"Juggernaut","floor":14},{"not_picked":["Berserk","Barricade"],"picked":"Limit Break","floor":16},{"not_picked":["Warcry"],"picked":"SKIP","floor":18},{"not_picked":["Clothesline"],"picked":"SKIP","floor":19},{"not_picked":["Clothesline"],"picked":"SKIP","floor":28},{"not_picked":["Warcry"],"picked":"SKIP","floor":30},{"not_picked":["Evolve"],"picked":"SKIP","floor":31}],"player_experience":157452,"relics_obtained":[{"floor":2,"key":"Paper Frog"},{"floor":7,"key":"Orichalcum"},{"floor":9,"key":"Sundial"},{"floor":14,"key":"Peace Pipe"},{"floor":26,"key":"Ancient Tea Set"},{"floor":28,"key":"Self Forming Clay"},{"floor":29,"key":"Letter Opener"}],"event_choices":[{"damage_healed":0,"gold_gain":75,"player_choice":"Gather Gold","damage_taken":11,"max_hp_gain":0,"max_hp_loss":0,"event_name":"World of Goop","floor":3,"gold_loss":0},{"damage_healed":0,"gold_gain":0,"player_choice":"Lose Max HP","damage_taken":0,"relics_obtained":["Golden Idol"],"max_hp_gain":0,"max_hp_loss":7,"event_name":"Golden Idol","floor":4,"gold_loss":0},{"damage_healed":0,"gold_gain":0,"player_choice":"Ignored","damage_taken":0,"max_hp_gain":0,"max_hp_loss":0,"event_name":"The Mausoleum","floor":21,"gold_loss":0},{"damage_healed":0,"gold_gain":0,"player_choice":"Became a vampire","damage_taken":0,"max_hp_gain":0,"max_hp_loss":21,"event_name":"Vampires","floor":22,"gold_loss":0,"cards_obtained":["Bite","Bite","Bite","Bite","Bite"]},{"damage_healed":0,"gold_gain":0,"player_choice":"Simplicity","damage_taken":0,"max_hp_gain":0,"max_hp_loss":0,"event_name":"Back to Basics","floor":24,"gold_loss":0,"cards_upgraded":["Defend_R","Defend_R","Defend_R"]}],"is_beta":true,"boss_relics":[{"not_picked":["Ectoplasm","Runic Cube"],"picked":"Busted Crown"}],"items_purged_floors":[],"is_endless":false,"potions_floor_spawned":[1,12,13,14,18,31],"killed_by":"Automaton","ascension_level":18}}