{"host":"dyggtcpod2kd5hqt","time":1610144958,"event":{"mods":["2.2 Compatiblity","AchievementEnabler","BaseMod","Bestiary","Block Reminder","Colored Map","Colored Powertips","Minty Spire (QoL Compilation)","Quick Restart","Rare Cards Sparkle","Relic Stats","Unknown Chances"],"gold_per_floor":[112,43,43,4,4,4,40,61,61,61,77,408,408,408,408,527,527,545,545,470,284,302,302,335,23,46,46,46],"floor_reached":27,"playtime":2377,"items_purged":[],"score":377,"play_id":"204a20f3-a945-4be1-bc8c-5183bcac1a10","local_time":"20210108172918","is_ascension_mode":true,"campfire_choices":[{"data":"White Noise","floor":6,"key":"SMITH"},{"data":"White Noise","floor":10,"key":"SMITH"},{"floor":13,"key":"REST"},{"floor":15,"key":"REST"},{"data":"Fission","floor":23,"key":"SMITH"}],"circlet_count":0,"master_deck":["Strike_B","Strike_B","Strike_B","Defend_B","Defend_B+1","Zap","Dualcast+1","Go for the Eyes","White Noise+1","Self Repair","Steam","Buffer","White Noise+1","Conserve Battery","Scrape","Echo Form","Static Discharge","Capacitor","Fission+1","Go for the Eyes+1","Capacitor+1","Thunder Strike","Machine Learning"],"relics":["Cracked Core","NeowsBlessing","Golden Idol","Art of War","Old Coin","Black Star","War Paint","Sundial","Boot","Toy Ornithopter"],"acts_visited":["Exordium","TheCity"],"potions_floor_usage":[16,22,22],"damage_taken":[{"damage":0,"enemies":"2 Louse","floor":1,"turns":1},{"damage":0,"enemies":"Lagavulin","floor":7,"turns":1},{"damage":0,"enemies":"Small Slimes","floor":8,"turns":1},{"damage":0,"enemies":"Cultist","floor":11,"turns":4},{"damage":53,"enemies":"Gremlin Nob","floor":12,"turns":6},{"damage":7,"enemies":"Slime Boss","floor":16,"turns":11},{"damage":21,"enemies":"Shell Parasite","floor":18,"turns":6},{"damage":0,"enemies":"Spheric Guardian","floor":22,"turns":5},{"damage":51,"enemies":"Book of Stabbing","floor":24,"turns":6},{"damage":37,"enemies":"Gremlin Leader","floor":27,"turns":4}],"seed_played":"1644184539617679997","potions_obtained":[{"floor":1,"key":"DistilledChaos"},{"floor":11,"key":"DistilledChaos"},{"floor":12,"key":"Explosive Potion"}],"is_trial":false,"path_per_floor":["M","$","?","$","?","R","E","M","T","R","M","E","R","?","R","B",null,"M","T","?","$","M","R","E","$","T","E"],"character_chosen":"DEFECT","items_purchased":["White Noise","Self Repair","Capacitor","Fission","Thunder Strike","Machine Learning"],"campfire_rested":2,"item_purchase_floors":[2,4,21,21,25,25],"current_hp_per_floor":[68,68,50,50,50,50,50,50,50,50,57,4,26,26,48,48,68,61,61,61,61,68,68,24,24,24,0,0],"gold":46,"neow_bonus":"THREE_ENEMY_KILL","is_daily":false,"chose_seed":false,"campfire_upgraded":3,"win_rate":0.0,"timestamp":1610144958,"path_taken":["M","$","?","$","?","R","E","M","T","R","M","E","R","?","R","BOSS","M","?","?","?","?","R","E","$","T","E"],"items_purchased_type":["Card","Card","Card","Card","Card","Card"],"build_version":"2020-12-22","purchased_purges":0,"victory":false,"max_hp_per_floor":[75,75,75,75,75,75,75,75,75,75,75,75,75,75,75,75,75,75,75,75,75,75,75,75,75,75,75,75],"relic_stats":{"counters":[10,45],"Golden Idol":59,"Sundial":[0],"Art of War":[4],"Black Star":1,"War Paint":["Dualcast","Defend_B"],"Boot":[8],"obtain_stats":[{"NeowsBlessing":0,"Golden Idol":3,"Sundial":24,"Art of War":7,"Black Star":17,"War Paint":19,"Cracked Core":0,"Boot":24,"Toy Ornithopter":26,"Old Coin":12},{"NeowsBlessing":0,"Golden Idol":1,"Sundial":9,"Art of War":2,"Black Star":6,"War Paint":7,"Cracked Core":0,"Boot":9,"Toy Ornithopter":9,"Old Coin":5},{"NeowsBlessing":0,"Golden Idol":1,"Sundial":41,"Art of War":2,"Black Star":24,"War Paint":30,"Cracked Core":0,"Boot":41,"Toy Ornithopter":41,"Old Coin":13}],"Toy Ornithopter":0},"card_choices":[{"not_picked":["Lockon","Cold Snap"],"picked":"Go for the Eyes","floor":1},{"not_picked":["Cold Snap","Beam Cell"],"picked":"Buffer","floor":7},{"not_picked":["Leap","Redo"],"picked":"White Noise","floor":8},{"not_picked":["Self Repair","Go for the Eyes"],"picked":"Conserve Battery","floor":11},{"not_picked":["Hyperbeam","Steam"],"picked":"Scrape","floor":12},{"not_picked":["Machine Learning","Thunder Strike"],"picked":"Echo Form","floor":16},{"not_picked":["Leap","Sweeping Beam"],"picked":"Static Discharge","floor":18},{"not_picked":["Turbo","Compile Driver+1"],"picked":"Go for the Eyes+1","floor":22},{"not_picked":["Compile Driver","Cold Snap"],"picked":"Capacitor+1","floor":24}],"player_experience":570348,"relics_obtained":[{"floor":7,"key":"Art of War"},{"floor":12,"key":"Old Coin"},{"floor":19,"key":"War Paint"},{"floor":24,"key":"Sundial"},{"floor":24,"key":"Boot"},{"floor":26,"key":"Toy Ornithopter"}],"event_choices":[{"damage_healed":0,"gold_gain":0,"player_choice":"Take Damage","damage_taken":18,"relics_obtained":["Golden Idol"],"max_hp_gain":0,"max_hp_loss":0,"event_name":"Golden Idol","floor":3,"gold_loss":0},{"damage_healed":0,"gold_gain":0,"cards_transformed":["Defend_B"],"player_choice":"Change","damage_taken":0,"max_hp_gain":0,"max_hp_loss":0,"event_name":"Living Wall","floor":5,"gold_loss":0,"cards_obtained":["Steam"]},{"cards_removed":["Defend_B"],"damage_healed":0,"gold_gain":0,"player_choice":"Purged","damage_taken":0,"max_hp_gain":0,"max_hp_loss":0,"event_name":"Purifier","floor":14,"gold_loss":0},{"cards_removed":["Strike_B"],"damage_healed":0,"gold_gain":0,"player_choice":"Gave Gold","damage_taken":0,"max_hp_gain":0,"max_hp_loss":0,"event_name":"Beggar","floor":20,"gold_loss":75}],"is_beta":false,"boss_relics":[{"not_picked":["Velvet Choker","Pandora\u0027s Box"],"picked":"Black Star"}],"items_purged_floors":[],"is_endless":false,"potions_floor_spawned":[1,11,12],"killed_by":"Gremlin Leader","ascension_level":9}}