{"host":"w5vfr18i2ft1pzo2","time":1610142714,"event":{"mods":["AchievementEnabler","Act Like it!","Aspiration","BaseMod","Better Third Choice","BetterRewards","Colored Map","Colored Powertips","Conspire","Curses Come First","DNKmod","Defuse TimeMaze Blight","Dota2Spire","Elementarium","Energized Spire","Evolution","Force Act Four","Friendly Minions","Gensokyo","GifTheSpireLib","Gold Saver","GungeonMod","Halation","Hallownest","Hubris","Hyrulean Relics","Infinite Spire","Jedi Mod","Marisa????????","Minty Spire (QoL Compilation)","MostiFishMod","Poor People Problems","Prisma Mod","Remilia??????","Replay The Spire","SacredBarkPlus","Small Relic Pack","Spicy Shops","Spikes Relics","StSLib","Stuff the Spire","SuperFastMode","Synergy Search","The Blue Laboratory","The Servant 0.9.4","Trackpad","Treasure Hunter","Uncapped","Wandering Minibosses","Yakumo Yukari mod","noobMod","vexMod","??????REMEMod"],"gold_per_floor":[1998,1998,1998,1973,1989,1989,2023,2023,2077,2110,2110,1745,1745,1773,1773,1873,1873,1893,1893,1893,1893,1893,1921,1921,1940,1940,1940,1967,2238,2238,2264,2264,2370,2370,2390,2403,2417,2417,2437,2472,2472,2492,2492,2506,2506,2526,2537,2555,2555,2555,2555,2555,1593,1624,1625],"floor_reached":56,"playtime":1420,"items_purged":["Defend_R","Defend_R","Hallownest:curseDreamersLament","Defend_R"],"score":1872,"play_id":"24a6971c-12c6-4cc2-8985-7043a0b9d988","local_time":"20210109055154","is_ascension_mode":true,"campfire_choices":[{"floor":6,"key":"RECALL"},{"data":"Fiend Fire","floor":8,"key":"SMITH"},{"data":"Pommel Strike","floor":11,"key":"SMITH"},{"data":"Crescendo","floor":13,"key":"SMITH"},{"data":"Abandon","floor":15,"key":"SMITH"},{"data":"Warcry","floor":30,"key":"SMITH"},{"data":"Defend_R","floor":32,"key":"PURGE"},{"floor":49,"key":"DIG"},{"data":"ReplayTheSpireMod:Limb From Limb","floor":52,"key":"SMITH"}],"circlet_count":0,"master_deck":["Strike_R","Strike_R","Strike_R","Strike_R","Strike_R","Bash","Fiend Fire+1","TH:BikiniMail","Abandon+1","TH:DeckOfManyThings","TH:CursedSword","Pommel Strike+1","jedi:forcepush","Crescendo+1","TH:BikiniMail","TH:DeckOfManyThings","hubris:StunningStrike","infinitespire:Neurotoxin","Metallicize","infinitespire:Punishment+1","TH:CopperCoins","Warcry+1","TH:BikiniMail","TH:CopperCoins","TH:CopperCoins","Reaper","TH:TreasureMap","MostiFishMod:KnuckleDown","Pommel Strike+1","Armaments","Invigoration+1","hubris:Fate","TH:BikiniMail","Pommel Strike+1","Invigoration","TH:TreasureMap","hubris:Fate","Pommel Strike","ReplayTheSpireMod:Limb From Limb+1","Heavy Blade+1","MostiFishMod:JungleRules","Body Slam","TH:CursedSword"],"relics":["Burning Blood","EVO:Axolotl","DaveBox","ice","REME_ComplimentaryCards","aspiration:Nostalgia","Replay:M_SmolderingBlood","SynthV:TestCard","relicPack:OneForAll","hubris:Icosahedron","Mercury Hourglass","jedi:crownofsimplicity","halation:QuantumPhysicsTextbook","infinitespire:Burning Sword","BionicSphere","halation:PinkSoulGem","ExusiaiGun","Gremlin Food","trackpad:WondrousWand","RoseTintedShades","hubris:Towel","Boot","Dota2Spire:EchoSabre","DemoMod:GlassGuonStoneRelic","wanderingMiniBosses:OtherGremlinHorn","infinitespire:Beetle Shell","Hallownest:BeastSealRelic","hubris:Metronome","Dota2Spire:MaskOfMadness","REME_CardOfGreed","Dota2Spire:DrumOfEndurance","trackpad:AdjectivePendant","Dota2Spire:MonkeyKingBar","hubris:FunFungus"],"acts_visited":["Hallownest:Greenpath","Hallownest:CityofTears","Hallownest:KingdomsEdge","TheEnding"],"potions_floor_usage":[7,10,16,39,39],"damage_taken":[{"damage":0,"enemies":"Hallownest:monsterHuskGuard","floor":1,"turns":3},{"damage":0,"enemies":"Hallownest:2_MossCreeps","floor":5,"turns":4},{"damage":0,"enemies":"Hallownest:eliteMossKnight","floor":7,"turns":6},{"damage":0,"enemies":"Hallownest:eliteCrystalGuardian","floor":10,"turns":3},{"damage":1,"enemies":"Hallownest:eliteMossKnight","floor":14,"turns":3},{"damage":23,"enemies":"Hallownest:BossHornet","floor":16,"turns":5},{"damage":4,"enemies":"Hallownest:2_Mistakes","floor":18,"turns":2},{"damage":0,"enemies":"Hallownest:Nosk","floor":23,"turns":3},{"damage":0,"enemies":"Hallownest:Guard_and_Sentry","floor":25,"turns":1},{"damage":0,"enemies":"Nightmare","floor":31,"turns":2},{"damage":4,"enemies":"Hallownest:BossMantisLord","floor":33,"turns":3},{"damage":0,"enemies":"Hallownest:Shield_Heavy","floor":35,"turns":1},{"damage":0,"enemies":"Hallownest:2_Littles","floor":36,"turns":1},{"damage":0,"enemies":"Hallownest:Slobbering_and_Violent","floor":37,"turns":2},{"damage":0,"enemies":"Hallownest:2_Wandering_and_1_Horned","floor":39,"turns":2},{"damage":0,"enemies":"Hallownest:StalkingDevout","floor":40,"turns":2},{"damage":1,"enemies":"Hallownest:2_Great","floor":42,"turns":1},{"damage":1,"enemies":"Hallownest:2_Wing_and_1_Kings","floor":44,"turns":1},{"damage":0,"enemies":"Hallownest:2_Soldiers_and_1_Guardian","floor":46,"turns":1},{"damage":0,"enemies":"Hallownest:Slobbering_and_Violent","floor":47,"turns":1},{"damage":0,"enemies":"Hallownest:monsterPrimalAspid","floor":48,"turns":1},{"damage":0,"enemies":"Hallownest:BossGreyPrinceZote","floor":50,"turns":1},{"damage":0,"enemies":"Shield and Spear","floor":54,"turns":1},{"damage":0,"enemies":"The Heart","floor":55,"turns":3}],"seed_played":"-9080535464049921317","potions_obtained":[{"floor":1,"key":"SkillPotion"},{"floor":14,"key":"Energy Potion"},{"floor":16,"key":"blueLaboratory:BottleOfVodka"},{"floor":18,"key":"blueLaboratory:PolymorphPotion"},{"floor":25,"key":"DuplicationPotion"},{"floor":37,"key":"Swift Potion"},{"floor":39,"key":"ElixirPotion"},{"floor":42,"key":"Explosive Potion"}],"is_trial":false,"path_per_floor":["M","?","?","?","M","R","E","R","T","E","R","$","R","E","R","B",null,"M","?","?","AVR","?","E","?","M","T","?","T","?","R","NM","R_BF","B",null,"M","M","M","?","M","E","?","M","T","M","AVR","M","M","M","R_BF","B",null,"R","$","E","B",null],"character_chosen":"IRONCLAD","items_purchased":["jedi:forcepush","jedi:crownofsimplicity","Crescendo","MostiFishMod:JungleRules","REME_CardOfGreed","Dota2Spire:DrumOfEndurance","trackpad:AdjectivePendant","Dota2Spire:MonkeyKingBar"],"campfire_rested":0,"item_purchase_floors":[12,12,12,53,53,53,53,53],"current_hp_per_floor":[80,80,80,80,80,80,80,80,80,80,80,80,80,80,80,80,80,80,80,80,80,80,80,80,80,80,80,80,80,80,80,80,82,85,85,85,85,64,85,85,85,85,85,88,88,88,88,88,88,94,102,102,102,102,120],"gold":1625,"neow_bonus":"NOSTALGIA","is_daily":false,"chose_seed":false,"campfire_upgraded":6,"win_rate":0.0,"timestamp":1610142714,"path_taken":["M","?","?","?","M","R","E","R","T","E","R","?","R","E","R","BOSS","M","?","?","AVR","?","E","?","?","T","?","?","?","R","NM","R_BF","BOSS","M","M","M","?","M","E","?","?","T","M","AVR","?","?","M","R_BF","BOSS","R","$","E","BOSS"],"items_purchased_type":["Card","Relic","Card","Card","Relic","Relic","Relic","Relic"],"build_version":"2020-12-22","purchased_purges":4,"victory":true,"max_hp_per_floor":[80,80,80,80,80,80,80,80,80,80,80,80,80,80,80,80,80,80,80,80,80,80,80,80,80,80,80,80,80,80,80,80,85,85,85,85,85,85,85,85,85,85,85,88,88,88,88,88,88,102,102,102,102,102,137],"card_choices":[{"not_picked":["ReplayTheSpireMod:Strike From Hell","StuffTheSpire:Slingshot","Anger"],"picked":"SKIP","floor":1},{"not_picked":["Halt","jedi:MakeshiftSword","Second Wind","Havoc"],"picked":"Fiend Fire","floor":5},{"not_picked":["TH:ArmorSpikes","TH:Mimic","TH:CursedSword"],"picked":"TH:BikiniMail","floor":7},{"not_picked":["Crescendo","jedi:controlledanger","StuffTheSpire:Slingshot","ReplayTheSpireMod:Strike From Hell"],"picked":"Abandon","floor":7},{"not_picked":["TH:PixieDust","TH:ArmorSpikes","TH:CopperCoins"],"picked":"TH:DeckOfManyThings","floor":9},{"not_picked":["TH:ArmorSpikes","TH:ElvenBoots","TH:Mimic"],"picked":"TH:CursedSword","floor":10},{"not_picked":["conspire:HitWhereItHurts","jedi:collectorstrike","Bloodletting","Dual Wield"],"picked":"Pommel Strike","floor":10},{"not_picked":["TH:Mimic","TH:ElvenBoots","TH:TreasureMap"],"picked":"TH:BikiniMail","floor":14},{"not_picked":["Iron Wave","jedi:collectorstrike","Life Link","Eclipse","jedi:fear"],"picked":"SKIP","floor":14},{"not_picked":["TH:ArmorSpikes","TH:Mimic","TH:EnergyPotion"],"picked":"TH:DeckOfManyThings","floor":16},{"not_picked":["Double Tap","MostiFishMod:UltimateDefense","MostiFishMod:FireWorks","Immolate"],"picked":"hubris:StunningStrike","floor":16},{"not_picked":["StuffTheSpire:RockThrow+1","jedi:collectorstrike","Perfected Strike","Replay:Undeath\u0027s Touch+1"],"picked":"Metallicize","floor":18},{"not_picked":["TH:ArmorSpikes","TH:EnergyPotion","TH:PixieDust"],"picked":"TH:CopperCoins","floor":23},{"not_picked":["Uppercut","MostiFishMod:BrandingRite+1","Warcry","Wild Strike","Second Wind"],"picked":"SKIP","floor":23},{"not_picked":["Uppercut","MostiFishMod:BrandingRite+1","Wild Strike","Second Wind"],"picked":"Warcry","floor":23},{"not_picked":["StuffTheSpire:RockThrow","StuffTheSpire:Incineration","jedi:controlledanger+1","StuffTheSpire:Slingshot","jedi:fear+1"],"picked":"SKIP","floor":25},{"not_picked":["TH:Mimic","TH:ElvenBoots","TH:CursedSword"],"picked":"TH:BikiniMail","floor":26},{"not_picked":["TH:ArmorSpikes","TH:ElvenBoots","TH:PixieDust"],"picked":"TH:CopperCoins","floor":28},{"not_picked":["TH:ArmorSpikes","TH:Mimic","TH:EnergyPotion"],"picked":"TH:CopperCoins","floor":31},{"not_picked":["Searing Blow+1","Anger+1","jedi:controlledanger","Abandon"],"picked":"Reaper","floor":31},{"not_picked":["TH:CursedSword","TH:CopperCoins","TH:PixieDust"],"picked":"TH:TreasureMap","floor":33},{"not_picked":["MostiFishMod:Chiaki","MostiFishMod:FlyOverUtopia","REME_ACTH","Replay:Many Hands"],"picked":"MostiFishMod:KnuckleDown","floor":33},{"not_picked":["Shrug It Off","Intimidate+1","Feel No Pain","hubris:ReadiedAction"],"picked":"Pommel Strike+1","floor":35},{"not_picked":["Thunderclap+1","Replay:Undeath\u0027s Touch","Body Slam+1","jedi:fear"],"picked":"Armaments","floor":36},{"not_picked":["Body Slam+1","StuffTheSpire:Slingshot","Replay:Undeath\u0027s Touch+1","Hemokinesis"],"picked":"Invigoration+1","floor":37},{"not_picked":["ReplayTheSpireMod:Echoes of Time","infinitespire:UltimateForm"],"picked":"hubris:Fate","floor":38},{"not_picked":["StuffTheSpire:RockThrow","Intimidate","conspire:Charge+1","Pummel","ReplayTheSpireMod:Strike From Hell"],"picked":"SKIP","floor":39},{"not_picked":["TH:Mimic","TH:CursedSword","TH:ArmorSpikes"],"picked":"TH:BikiniMail","floor":40},{"not_picked":["MostiFishMod:BrandingRite","Hemogenesis","infinitespire:OneForAll","Clothesline"],"picked":"Pommel Strike+1","floor":40},{"not_picked":["Warcry+1","StuffTheSpire:RockThrow+1","conspire:ExplosiveBarrier+1","Havoc"],"picked":"Invigoration","floor":42},{"not_picked":["TH:DeckOfManyThings","TH:BikiniMail","TH:ArmorSpikes"],"picked":"TH:TreasureMap","floor":43},{"not_picked":["StuffTheSpire:Incineration+1","jedi:controlledanger+1","Burning Pact","Body Slam+1","Abandon"],"picked":"SKIP","floor":44},{"not_picked":["Anger","Twin Strike","Run Through","Body Slam+1"],"picked":"Pommel Strike","floor":46},{"not_picked":["Iron Wave","Cleave+1","Flex+1","Warcry+1"],"picked":"ReplayTheSpireMod:Limb From Limb","floor":47},{"not_picked":["Body Slam+1","hubris:ReadiedAction+1","ReplayTheSpireMod:Strike From Hell","StuffTheSpire:Pyroclast"],"picked":"Heavy Blade+1","floor":48},{"not_picked":["Armaments","Havoc+1","Dual Wield+1","Second Wind"],"picked":"Body Slam","floor":54},{"not_picked":["TH:BikiniMail","TH:DeckOfManyThings","TH:EnergyPotion"],"picked":"TH:CursedSword","floor":54}],"player_experience":267694,"relics_obtained":[{"floor":1,"key":"SynthV:TestCard"},{"floor":7,"key":"Mercury Hourglass"},{"floor":10,"key":"StuffTheSpire:HeavyRock"},{"floor":14,"key":"halation:QuantumPhysicsTextbook"},{"floor":23,"key":"Gremlin Food"},{"floor":26,"key":"RoseTintedShades"},{"floor":28,"key":"Boot"},{"floor":31,"key":"Dota2Spire:EchoSabre"},{"floor":39,"key":"wanderingMiniBosses:OtherGremlinHorn"},{"floor":40,"key":"infinitespire:Beetle Shell"},{"floor":43,"key":"hubris:Metronome"},{"floor":49,"key":"Dota2Spire:MaskOfMadness"},{"floor":54,"key":"hubris:FunFungus"}],"event_choices":[],"is_beta":false,"boss_relics":[{"not_picked":["Runic Dome","vexMod:TanglingVine"],"picked":"infinitespire:Burning Sword"},{"not_picked":["OneHitWonderSystem","trackpad:StolenKidneys","aspiration:FutureDiary"]}],"items_purged_floors":[12,21,45,53],"is_endless":false,"potions_floor_spawned":[1,14,16,18,25,31,37,39,42,48],"ascension_level":3}}