{"host":"v54ek091sdz7ha6h","time":1610135950,"event":{"mods":["BaseMod","Better Vampires","Colored Map","Colored Powertips","Custom Start","Highlight Path","KOR Keyword Fix","Minty Spire (QoL Compilation)","Quick Restart","Rare Cards Sparkle","StSLib","SuperFastMode","The Awakened One except there are too many feathers","everything is the same but u backflip on backflip","slay the spire mod where everything is the same but ironclad has a cowboy hat"],"gold_per_floor":[116,116,134,134,147,190,190,210,262,289,314,314,98,128,128,128,128],"floor_reached":16,"playtime":397,"items_purged":["Strike_B"],"score":224,"play_id":"c24cff66-089a-4556-a3f7-f9fa95f95942","local_time":"20210109045910","is_ascension_mode":true,"campfire_choices":[{"floor":7.0,"key":"REST"},{"floor":12.0,"key":"REST"},{"floor":15.0,"key":"REST"}],"circlet_count":0,"master_deck":["AscendersBane","Strike_B","Strike_B","Strike_B","Defend_B","Defend_B","Defend_B","Defend_B","Zap","Dualcast","Fission","Barrage","Ball Lightning","Streamline","Rebound","Cold Snap","Cold Snap","Go for the Eyes","Defragment"],"relics":["Cracked Core","The Courier","CeramicFish","Anchor","TheAbacus","Kunai"],"acts_visited":["Exordium"],"potions_floor_usage":[16],"damage_taken":[{"damage":4.0,"enemies":"Small Slimes","floor":1.0,"turns":3.0},{"damage":16.0,"enemies":"Jaw Worm","floor":3.0,"turns":6.0},{"damage":0.0,"enemies":"Cultist","floor":5.0,"turns":3.0},{"damage":32.0,"enemies":"3 Sentries","floor":6.0,"turns":8.0},{"damage":20.0,"enemies":"Large Slime","floor":8.0,"turns":5.0},{"damage":10.0,"enemies":"Exordium Wildlife","floor":10.0,"turns":6.0},{"damage":3.0,"enemies":"Lots of Slimes","floor":11.0,"turns":5.0},{"damage":21.0,"enemies":"Gremlin Nob","floor":14.0,"turns":4.0},{"damage":25,"enemies":"Slime Boss","floor":16,"turns":6}],"seed_played":"2452748527490936015","potions_obtained":[{"floor":1.0,"key":"Dexterity Potion"},{"floor":3.0,"key":"Regen Potion"},{"floor":6.0,"key":"PotionOfCapacity"},{"floor":10.0,"key":"Strength Potion"}],"is_trial":false,"path_per_floor":["M","?","M","?","M","E","R","M","T","M","M","R","$","E","R","B"],"character_chosen":"DEFECT","items_purchased":["Defragment","TheAbacus"],"campfire_rested":3,"item_purchase_floors":[13,13],"current_hp_per_floor":[60,49,33,33,33,16,37,17,17,7,4,25,25,4,25,0,0],"gold":128,"neow_bonus":"ONE_RANDOM_RARE_CARD","is_daily":false,"chose_seed":false,"campfire_upgraded":0,"win_rate":0.0,"timestamp":1610135950,"path_taken":["M","?","M","?","M","E","R","M","T","M","M","R","$","E","R","BOSS"],"items_purchased_type":["Card","Relic"],"build_version":"2020-12-22","purchased_purges":1,"victory":false,"max_hp_per_floor":[71,71,71,71,71,71,71,71,71,71,71,71,71,71,71,71,71],"card_choices":[{"not_picked":["Static Discharge","Turbo"],"picked":"Barrage","floor":1.0},{"not_picked":["Stack","Hologram"],"picked":"Ball Lightning","floor":3.0},{"not_picked":["Rip and Tear","Coolheaded"],"picked":"Streamline","floor":5.0},{"not_picked":["Leap","Steam"],"picked":"Rebound","floor":6.0},{"not_picked":["Compile Driver","Conserve Battery"],"picked":"Cold Snap","floor":8.0},{"not_picked":["Leap","Rainbow"],"picked":"Cold Snap","floor":10.0},{"not_picked":["Hello World","Hologram"],"picked":"Go for the Eyes","floor":11.0},{"not_picked":["Barrage","Stack","Cold Snap"],"picked":"SKIP","floor":14.0}],"player_experience":1402970,"relics_obtained":[{"floor":6.0,"key":"CeramicFish"},{"floor":9.0,"key":"Anchor"},{"floor":14.0,"key":"Kunai"}],"event_choices":[{"damage_healed":0.0,"max_hp_gain":0.0,"max_hp_loss":0.0,"gold_gain":0.0,"event_name":"Scrap Ooze","player_choice":"Success","floor":2.0,"gold_loss":0.0,"damage_taken":11.0,"relics_obtained":["The Courier"]},{"damage_healed":0.0,"max_hp_gain":0.0,"max_hp_loss":0.0,"gold_gain":0.0,"event_name":"Liars Game","player_choice":"Ignored","floor":4.0,"gold_loss":0.0,"damage_taken":0.0}],"is_beta":false,"boss_relics":[],"items_purged_floors":[13],"is_endless":false,"potions_floor_spawned":[1,3,6,10],"killed_by":"Slime Boss","ascension_level":20}}