{"host":"18wi9kpcl4eah7pe","time":1610130103,"event":{"mods":["BaseMod","Colored Powertips","Downfall","Minty Spire (QoL Compilation)","StSLib"],"gold_per_floor":[0,19,30,15,15,43,43,43,28,45,64,64,79,79,97,192,242,92,108,108,122,122,3,26,26,52,52,62,110,35,52,67,170,170,170,181,192,140,159,13,88,88,107,138,157,507,507,522,541,541,541,541,541,541],"floor_reached":52,"playtime":3601,"items_purged":[],"score":797,"play_id":"b98e5c35-4859-41c0-b631-e0436697688f","local_time":"20210108122143","is_ascension_mode":true,"campfire_choices":[{"floor":1,"key":"RECALL"},{"data":"expansioncontent:QuickStudy","floor":8,"key":"SMITH"},{"floor":12,"key":"REST"},{"data":"hexamod:TimeOfNeed","floor":18,"key":"SMITH"},{"floor":27,"key":"REST"},{"data":"hexamod:FastForward","floor":30,"key":"SMITH"},{"data":"hexamod:ApocalypticArmor","floor":35,"key":"SMITH"}],"circlet_count":0,"master_deck":["hexamod:Strike+1","hexamod:Strike+1","hexamod:Strike+1","hexamod:Strike+1","hexamod:Defend+1","hexamod:Defend+1","hexamod:Defend+1","hexamod:Defend+1","hexamod:Sear","hexamod:Float","expansioncontent:QuickStudy+1","hexamod:GhostLash","hexamod:SoulSteal","hexamod:HeatMetal","hexamod:GhostShield","hexamod:HauntingEcho","hexamod:CatchUp","hexamod:Toasty","hexamod:GhostOfSpireFuture+1","hexamod:AdvancingGuard","hexamod:TimeOfNeed+1","hexamod:PowerFromBeyond","hexamod:FastForward+1","hexamod:ShieldOfDarkness","hexamod:SwordOfDarkness+1","hexamod:GiftsFromTheDead","hexamod:NightmareGuise","hexamod:NightmareStrike+1","hexamod:SpectersWail+1","hexamod:ApocalypticArmor+1","hexamod:GhostOfSpireFuture+1","hexamod:InspiringFlames","hexamod:AdvancingGuard+1","hexamod:HeatCrush+1","hexamod:RecurringNightmare+1","hexamod:GhostOfSpireFuture+1","hexamod:Hexaguard+1","hexamod:FourthSeal"],"relics":["hexamod:SpiritBrand","Orichalcum","Letter Opener","Tiny House","downfall:HeartBlessingRed","downfall:HeartBlessingGreen","Molten Egg 2","MutagenicStrength","Blood Vial","hexamod:MatchstickCase","downfall:HeartBlessingBlue","SlaversCollar","StrikeDummy","Toy Ornithopter","OrangePellets","Singing Bowl","Bag of Marbles","Old Coin"],"acts_visited":["Exordium","TheCity","TheBeyond","TheEnding"],"potions_floor_usage":[16,16,19,21,23,26,26,26,31,32,33,33,33,36,43,44,48,48,49],"damage_taken":[{"damage":0,"enemies":"2 Louse","floor":2,"turns":1},{"damage":0,"enemies":"Cultist","floor":3,"turns":4},{"damage":0,"enemies":"downfall:FleeingMerchant","floor":4,"turns":4},{"damage":21,"enemies":"3 Sentries","floor":6,"turns":6},{"damage":9,"enemies":"downfall:FleeingMerchant","floor":9,"turns":4},{"damage":1,"enemies":"Jaw Worm","floor":10,"turns":3},{"damage":0,"enemies":"3 Louse","floor":11,"turns":2},{"damage":0,"enemies":"2 Fungi Beasts","floor":13,"turns":2},{"damage":6,"enemies":"Red Slaver","floor":15,"turns":3},{"damage":5,"enemies":"downfall:Watcher","floor":16,"turns":8},{"damage":0,"enemies":"Chosen","floor":19,"turns":4},{"damage":8,"enemies":"Shell Parasite","floor":21,"turns":3},{"damage":0,"enemies":"downfall:FleeingMerchant","floor":23,"turns":4},{"damage":12,"enemies":"Book of Stabbing","floor":26,"turns":4},{"damage":11,"enemies":"Centurion and Healer","floor":28,"turns":5},{"damage":15,"enemies":"Chosen and Byrds","floor":31,"turns":5},{"damage":12,"enemies":"Snecko","floor":32,"turns":3},{"damage":48,"enemies":"downfall:Silent","floor":33,"turns":8},{"damage":7,"enemies":"3 Shapes","floor":36,"turns":2},{"damage":0,"enemies":"Orb Walker","floor":37,"turns":3},{"damage":12,"enemies":"downfall:FleeingMerchant","floor":38,"turns":4},{"damage":6,"enemies":"Sphere and 2 Shapes","floor":39,"turns":4},{"damage":23,"enemies":"3 Darklings","floor":43,"turns":4},{"damage":15,"enemies":"Reptomancer","floor":44,"turns":7},{"damage":34,"enemies":"Writhing Mass","floor":45,"turns":6},{"damage":3,"enemies":"Mind Bloom Boss Battle","floor":46,"turns":6},{"damage":19,"enemies":"Transient","floor":48,"turns":5},{"damage":19,"enemies":"Sphere and 2 Shapes","floor":49,"turns":5},{"damage":20,"enemies":"downfall:Ironclad","floor":50,"turns":13},{"damage":120,"enemies":"downfall:CharBossMerchant","floor":52,"turns":10}],"seed_played":"814591075116189625","potions_obtained":[{"floor":3,"key":"Block Potion"},{"floor":11,"key":"Fire Potion"},{"floor":13,"key":"SpeedPotion"},{"floor":16,"key":"DuplicationPotion"},{"floor":17,"key":"champ:CounterPotion"},{"floor":21,"key":"ColorlessPotion"},{"floor":28,"key":"Explosive Potion"},{"floor":31,"key":"SkillPotion"},{"floor":32,"key":"sneckomod:MuddlingPotion"},{"floor":33,"key":"Weak Potion"},{"floor":37,"key":"Block Potion"},{"floor":39,"key":"Strength Potion"},{"floor":45,"key":"hexamod:DoubleChargePotion"},{"floor":46,"key":"ColorlessPotion"},{"floor":48,"key":"champ:CounterPotion"}],"is_trial":false,"path_per_floor":["R","M","M","$","?","E","T","R","$","M","M","R","M","?","M","B",null,"R","M","?","M","?","$","T","?","E","R","M","T","R","M","M","B",null,"R","M","M","$","M","$","T","?","M","E","M","?","?","M","M","B",null,"E"],"character_chosen":"THE_SPIRIT","items_purchased":["EntropicBrew","StrikeDummy","Toy Ornithopter","OrangePellets"],"campfire_rested":2,"item_purchase_floors":[23,38,38,40],"current_hp_per_floor":[70,70,70,70,70,49,49,49,40,39,39,60,60,60,54,49,75,75,75,75,67,67,67,67,67,55,75,64,64,74,61,51,5,85,85,78,80,70,66,66,66,85,64,56,24,23,23,16,4,2,87,0,0,0],"gold":541,"neow_bonus":"RANDOM_COLORLESS_2","is_daily":false,"chose_seed":false,"campfire_upgraded":4,"win_rate":0.0,"timestamp":1610130103,"path_taken":["R","M","M","$","?","E","T","R","?","M","M","R","M","?","M","BOSS","R","M","?","M","?","$","T","?","E","R","M","?","R","M","M","BOSS","R","M","M","$","M","$","T","?","M","E","?","?","?","M","M","BOSS","E"],"items_purchased_type":["Potion","Relic","Relic","Relic"],"build_version":"2020-12-22","purchased_purges":0,"victory":false,"max_hp_per_floor":[70,70,70,70,70,70,70,70,70,70,70,70,70,70,70,70,75,75,75,75,75,75,75,75,75,75,75,75,75,85,85,85,85,85,85,85,85,85,85,85,85,85,87,87,87,87,87,87,87,87,87,87,87,87],"card_choices":[{"not_picked":["Secret Technique","Apotheosis"],"picked":"expansioncontent:QuickStudy","floor":0},{"not_picked":["hexamod:RainOfEmbers","hexamod:Haunt"],"picked":"hexamod:GhostLash","floor":2},{"not_picked":["hexamod:PhantomFireball","hexamod:Incineration"],"picked":"hexamod:SoulSteal","floor":3},{"not_picked":["hexamod:PhantomFireball","hexamod:NightmareGuise"],"picked":"hexamod:HeatMetal","floor":4},{"not_picked":["hexamod:SoulSteal","hexamod:BacktrackSmack"],"picked":"hexamod:GhostShield","floor":6},{"not_picked":["hexamod:BacktrackSmack","hexamod:SoulSteal"],"picked":"hexamod:HauntingEcho","floor":9},{"not_picked":["hexamod:SpectersWail","hexamod:Incineration"],"picked":"hexamod:CatchUp","floor":10},{"not_picked":["hexamod:BacktrackSmack","hexamod:NecessarySacrifice"],"picked":"hexamod:Toasty","floor":11},{"not_picked":["hexamod:NightmareStrike","hexamod:SwordOfDarkness"],"picked":"hexamod:GhostOfSpireFuture","floor":13},{"not_picked":["hexamod:ShieldOfDarkness","hexamod:ChargedBarrage"],"picked":"hexamod:AdvancingGuard","floor":15},{"not_picked":["hexamod:CrushingStance","hexamod:ApocalypseNow"],"picked":"hexamod:TimeOfNeed","floor":16},{"not_picked":["hexamod:GhostOfSpirePresent","hexamod:GhostLash"],"picked":"hexamod:PowerFromBeyond","floor":17},{"not_picked":["hexamod:PhantomCloak+1","hexamod:SpectersWail"],"picked":"hexamod:FastForward","floor":19},{"not_picked":["hexamod:RainOfEmbers+1","hexamod:GhostOfSpirePresent+1"],"picked":"hexamod:ShieldOfDarkness","floor":21},{"not_picked":["hexamod:Hexaguard","hexamod:SpectersWail+1"],"picked":"hexamod:SwordOfDarkness+1","floor":23},{"not_picked":["hexamod:Again","hexamod:ThermalTransfer+1"],"picked":"hexamod:GiftsFromTheDead","floor":26},{"not_picked":["hexamod:GhostShield","hexamod:EmpoweredFlame"],"picked":"hexamod:NightmareGuise","floor":28},{"not_picked":["hexamod:GhostShield","hexamod:HauntingEcho+1"],"picked":"hexamod:NightmareStrike+1","floor":31},{"not_picked":["hexamod:AdvancingGuard+1","hexamod:GhostOfSpireFuture"],"picked":"hexamod:SpectersWail+1","floor":32},{"not_picked":["hexamod:CrushingStance+1","hexamod:ParanormalForm"],"picked":"hexamod:ApocalypticArmor","floor":33},{"not_picked":["hexamod:RainOfEmbers+1","hexamod:SuperheatedStrike+1"],"picked":"hexamod:GhostOfSpireFuture+1","floor":36},{"not_picked":["hexamod:RadiantFlame+1","hexamod:PhantomCloak+1"],"picked":"hexamod:InspiringFlames","floor":37},{"not_picked":["hexamod:BurningTouch+1","hexamod:SpectersWail+1"],"picked":"hexamod:NecessarySacrifice+1","floor":38},{"not_picked":["hexamod:SecondSeal","hexamod:FirstSeal"],"picked":"hexamod:AdvancingGuard+1","floor":39},{"not_picked":["hexamod:SpectersWail+1","hexamod:NightmareStrike+1","hexamod:Haunt+1"],"picked":"Singing Bowl","floor":43},{"not_picked":["hexamod:BurningTouch","hexamod:PowerFromBeyond"],"picked":"hexamod:HeatCrush+1","floor":44},{"not_picked":["hexamod:ThirdSeal","hexamod:GhostflameInferno"],"picked":"hexamod:RecurringNightmare+1","floor":45},{"not_picked":["hexamod:PhantomCloak+1","hexamod:InspiringFlames+1"],"picked":"hexamod:GhostOfSpireFuture+1","floor":46},{"not_picked":["hexamod:ShieldOfDarkness+1","hexamod:SpectersWail+1"],"picked":"hexamod:Hexaguard+1","floor":48},{"not_picked":["hexamod:BacktrackSmack+1","hexamod:Haunt"],"picked":"hexamod:FourthSeal","floor":49}],"player_experience":888950,"relics_obtained":[{"floor":6,"key":"Orichalcum"},{"floor":7,"key":"Letter Opener"},{"floor":26,"key":"Blood Vial"},{"floor":29,"key":"hexamod:MatchstickCase"},{"floor":41,"key":"Singing Bowl"},{"floor":44,"key":"Bag of Marbles"},{"floor":46,"key":"Old Coin"}],"event_choices":[{"damage_healed":0,"gold_gain":0,"player_choice":"Ignored","damage_taken":0,"max_hp_gain":0,"max_hp_loss":0,"event_name":"Purifier","floor":5,"gold_loss":0},{"damage_healed":0,"gold_gain":0,"player_choice":"Simplicity","damage_taken":0,"max_hp_gain":0,"max_hp_loss":0,"event_name":"Back to Basics","floor":22,"gold_loss":0,"cards_upgraded":["hexamod:Strike","hexamod:Strike","hexamod:Strike","hexamod:Strike","hexamod:Defend","hexamod:Defend","hexamod:Defend","hexamod:Defend"]},{"damage_healed":0,"gold_gain":0,"player_choice":"Inject Mutagens","damage_taken":0,"relics_obtained":["MutagenicStrength"],"max_hp_gain":0,"max_hp_loss":0,"event_name":"Drug Dealer","floor":25,"gold_loss":0},{"cards_removed":["hexamod:NecessarySacrifice"],"damage_healed":19,"gold_gain":0,"player_choice":"Offered Uncommon","damage_taken":0,"max_hp_gain":0,"max_hp_loss":0,"event_name":"Bonfire Elementals","floor":42,"gold_loss":0}],"is_beta":false,"boss_relics":[{"not_picked":["Velvet Choker","Sozu"],"picked":"Tiny House"},{"not_picked":["expansioncontent:StudyCardRelic","Snecko Eye"],"picked":"SlaversCollar"}],"items_purged_floors":[],"is_endless":false,"potions_floor_spawned":[3,11,13,16,21,28,31,32,33,37,39,45,46,48],"killed_by":"downfall:CharBossMerchant","ascension_level":2}}