{"host":"ig7tc0uedzltt2sr","time":1610066172,"event":{"mods":["BaseMod","Better Twitch Integration","Block Reminder","Colored Map","Colored Powertips","Communication Mod","Current Relic Mod","GifTheSpireLib","HexUI Lib","Minty Spire (QoL Compilation)","Quick Restart","Random Character Button","Rare Cards Sparkle","Relic Sorter","Relic Stats","Slay the Relics Exporter","StSLib","SuperFastMode","Synergy Search","Twitch Decklist","Twitch Utils","everything is the same but u backflip on backflip","slay the spire mod where everything is the same but ironclad has a cowboy hat"],"gold_per_floor":[109,126,143,113,131,131,151,151,151,151,162,162,178,196,196,196,196],"floor_reached":16,"playtime":104,"items_purged":[],"score":96,"play_id":"29f80e1e-5065-4241-a8b1-fbf4f2892795","local_time":"20210107163612","is_ascension_mode":false,"campfire_choices":[{"floor":6,"key":"REST"},{"floor":10,"key":"REST"},{"floor":12,"key":"REST"},{"floor":15,"key":"REST"}],"circlet_count":0,"master_deck":["Strike_R","Strike_R","Strike_R","Strike_R","Strike_R","Defend_R+1","Defend_R","Defend_R","Defend_R","Bash","Iron Wave","Anger","Iron Wave","Twin Strike","Juggernaut","Power Through","Spot Weakness","Power Through","Wild Strike"],"relics":["Burning Blood","NeowsBlessing"],"acts_visited":["Exordium"],"potions_floor_usage":[],"damage_taken":[{"damage":0,"enemies":"Small Slimes","floor":1,"turns":2},{"damage":0,"enemies":"2 Louse","floor":2,"turns":2},{"damage":0,"enemies":"Jaw Worm","floor":3,"turns":1},{"damage":5,"enemies":"Looter","floor":4,"turns":4},{"damage":13,"enemies":"Exordium Wildlife","floor":5,"turns":5},{"damage":11,"enemies":"Blue Slaver","floor":7,"turns":4},{"damage":8,"enemies":"3 Louse","floor":11,"turns":5},{"damage":6,"enemies":"2 Fungi Beasts","floor":13,"turns":5},{"damage":7,"enemies":"Looter","floor":14,"turns":4},{"damage":83,"enemies":"The Guardian","floor":16,"turns":7}],"seed_played":"1599878911368818677","potions_obtained":[{"floor":1,"key":"Weak Potion"},{"floor":7,"key":"ColorlessPotion"},{"floor":13,"key":"LiquidBronze"},{"floor":14,"key":"SteroidPotion"}],"is_trial":false,"path_per_floor":["M","M","M","M","M","R","M","?","T","R","M","R","M","M","R","B"],"character_chosen":"IRONCLAD","items_purchased":[],"campfire_rested":4,"item_purchase_floors":[],"current_hp_per_floor":[80,80,80,80,73,80,75,75,75,80,78,80,80,79,80,0,0],"gold":196,"neow_bonus":"THREE_ENEMY_KILL","is_daily":false,"chose_seed":false,"campfire_upgraded":0,"win_rate":0.0,"timestamp":1610066172,"path_taken":["M","M","M","M","M","R","M","?","T","R","M","R","M","M","R","BOSS"],"items_purchased_type":[],"build_version":"2020-12-22","purchased_purges":0,"victory":false,"max_hp_per_floor":[80,80,80,80,80,80,80,80,80,80,80,80,80,80,80,80,80],"relic_stats":{"counters":[10,39],"obtain_stats":[{"NeowsBlessing":0,"Burning Blood":0},{"NeowsBlessing":0,"Burning Blood":0},{"NeowsBlessing":0,"Burning Blood":0}],"Burning Blood":35},"card_choices":[{"not_picked":["Dark Embrace","Pommel Strike"],"picked":"Iron Wave","floor":1},{"not_picked":["Heavy Blade","Sword Boomerang"],"picked":"Anger","floor":2},{"not_picked":["Twin Strike","Perfected Strike"],"picked":"Iron Wave","floor":3},{"not_picked":["Wild Strike","Cleave"],"picked":"Twin Strike","floor":4},{"not_picked":["Wild Strike","Dropkick"],"picked":"Juggernaut","floor":5},{"not_picked":["Seeing Red","Anger"],"picked":"Power Through","floor":7},{"not_picked":["Iron Wave","Cleave"],"picked":"Spot Weakness","floor":11},{"not_picked":["True Grit","Pommel Strike"],"picked":"Power Through","floor":13},{"not_picked":["Twin Strike","Body Slam"],"picked":"Wild Strike","floor":14}],"player_experience":1464231,"relics_obtained":[],"event_choices":[{"damage_healed":0,"gold_gain":0,"player_choice":"Grow","damage_taken":0,"max_hp_gain":0,"max_hp_loss":0,"event_name":"Living Wall","floor":8,"gold_loss":0,"cards_upgraded":["Defend_R"]}],"is_beta":false,"boss_relics":[],"items_purged_floors":[],"is_endless":false,"potions_floor_spawned":[1,7,13,14],"killed_by":"The Guardian","ascension_level":0}}