{"host":"vrsxkkch9ccrec7k","time":1610137635,"event":{"mods":["Act Like it!","BaseMod","Bestiary","Better Third Choice","Better Vampires","Downfall","Minty Spire (QoL Compilation)","Permanent Neow","Relic Stats","Spicy Shops","StSLib"],"gold_per_floor":[99,109,120,136,155,175,175,193,213,213,231,247,247,282,293,393,393,393,393,393,393,30,30,30,30,30,30,30,30,30,30,30,30,30,30,30,30,30,30,30,30,30,30,30,30,15,15,15,15,15],"floor_reached":51,"playtime":6060,"items_purged":[],"score":813,"play_id":"3beae886-4d54-4fba-8021-53cae5354746","local_time":"20210108152715","is_ascension_mode":false,"campfire_choices":[{"data":"champ:Execute","floor":1,"key":"SMITH"},{"data":"champ:Taunt","floor":10,"key":"SMITH"},{"data":"champ:ViciousMockery","floor":13,"key":"SMITH"},{"data":"champ:HoldFirm","floor":18,"key":"SMITH"},{"data":"champ:ShieldWall","floor":25,"key":"SMITH"},{"floor":35,"key":"RECALL"},{"data":"expansioncontent:Flail","floor":40,"key":"SMITH"},{"data":"champ:FocusedDefense","floor":42,"key":"SMITH"},{"data":"champ:PerfectForm","floor":44,"key":"SMITH"},{"data":"champ:EnGarde","floor":47,"key":"SMITH"}],"circlet_count":0,"master_deck":["champ:Strike","champ:Defend","champ:Defend","champ:Defend","champ:Defend","champ:Execute+1","champ:Taunt+1","champ:FlashCut","champ:CrookedStrike","champ:ShieldSigil","champ:DefensiveShout","champ:TornadoPunch","champ:BringItOn","champ:ShieldWall+1","champ:EnGarde+1","champ:ViciousMockery+1","champ:Haymaker","champ:HoldFirm+1","champ:DefensiveShout","expansioncontent:Flail+1","champ:Circumvent","champ:HoldFirm+1","champ:Circumvent","champ:LastStand","champ:FocusedDefense+1","champ:ShieldThrow","champ:BringItOn+1","champ:PerfectForm+1","champ:FalseCounter+1","champ:DefensiveShout+1","champ:MurderStrike"],"relics":["champ:ChampionCrown","Orichalcum","Oddly Smooth Stone","downfall:Hecktoplasm","Mummified Hand","Question Card","Pear","Velvet Choker","champ:DefensiveTrainingManual","downfall:HeartBlessingGreen","downfall:HeartBlessingRed","Ornamental Fan"],"acts_visited":["Exordium","TheCity","TheBeyond"],"potions_floor_usage":[11,12,14,14,43,50,50,50,50,50],"damage_taken":[{"damage":10,"enemies":"Cultist","floor":2,"turns":3},{"damage":5,"enemies":"2 Louse","floor":3,"turns":2},{"damage":6,"enemies":"Jaw Worm","floor":4,"turns":5},{"damage":16,"enemies":"Red Slaver","floor":5,"turns":4},{"damage":5,"enemies":"Lots of Slimes","floor":6,"turns":5},{"damage":0,"enemies":"Exordium Thugs","floor":8,"turns":3},{"damage":17,"enemies":"2 Fungi Beasts","floor":9,"turns":4},{"damage":5,"enemies":"Gremlin Gang","floor":11,"turns":3},{"damage":7,"enemies":"Exordium Wildlife","floor":12,"turns":4},{"damage":8,"enemies":"Gremlin Nob","floor":14,"turns":3},{"damage":5,"enemies":"Red Slaver","floor":15,"turns":5},{"damage":15,"enemies":"downfall:Ironclad","floor":16,"turns":11},{"damage":0,"enemies":"Shell Parasite","floor":19,"turns":7},{"damage":14,"enemies":"Spheric Guardian","floor":20,"turns":5},{"damage":27,"enemies":"downfall:FleeingMerchant","floor":22,"turns":4},{"damage":5,"enemies":"Shelled Parasite and Fungi","floor":23,"turns":4},{"damage":3,"enemies":"Snake Plant","floor":27,"turns":5},{"damage":5,"enemies":"Snecko","floor":28,"turns":4},{"damage":0,"enemies":"Book of Stabbing","floor":29,"turns":8},{"damage":0,"enemies":"Cultist and Chosen","floor":30,"turns":7},{"damage":9,"enemies":"Snake Plant","floor":31,"turns":4},{"damage":9,"enemies":"Chosen and Byrds","floor":32,"turns":7},{"damage":0,"enemies":"downfall:Silent","floor":33,"turns":11},{"damage":0,"enemies":"3 Shapes","floor":36,"turns":3},{"damage":1,"enemies":"3 Darklings","floor":37,"turns":7},{"damage":5,"enemies":"Spire Growth","floor":38,"turns":6},{"damage":4,"enemies":"Sphere and 2 Shapes","floor":43,"turns":9},{"damage":0,"enemies":"4 Shapes","floor":45,"turns":6},{"damage":8,"enemies":"downfall:FleeingMerchant","floor":46,"turns":4},{"damage":46,"enemies":"Reptomancer","floor":48,"turns":8},{"damage":0,"enemies":"3 Darklings","floor":49,"turns":4},{"damage":24,"enemies":"downfall:Defect","floor":50,"turns":6}],"seed_played":"2255678664961899168","potions_obtained":[{"floor":3,"key":"SteroidPotion"},{"floor":4,"key":"Fire Potion"},{"floor":6,"key":"ColorlessPotion"},{"floor":11,"key":"GamblersBrew"},{"floor":12,"key":"champ:TechniquePotion"},{"floor":20,"key":"SkillPotion"},{"floor":23,"key":"Weak Potion"},{"floor":29,"key":"LiquidMemories"},{"floor":31,"key":"EntropicBrew"},{"floor":45,"key":"Fire Potion"},{"floor":49,"key":"EntropicBrew"}],"is_trial":false,"path_per_floor":["R","M","M","M","M","M","T","M","M","R","M","M","R","E","M","B",null,"R","M","M","?","$","M","T","R","?","M","M","E","M","M","M","B",null,"R","M","M","M","?","R","T","R","M","R","M","$","R","E","M","B",null],"character_chosen":"THE_CHAMP","items_purchased":["expansioncontent:Flail","Mummified Hand"],"campfire_rested":0,"item_purchase_floors":[22,22],"current_hp_per_floor":[63,63,63,62,56,56,56,56,56,56,56,54,54,51,51,36,90,90,90,86,86,86,86,86,86,86,83,83,93,93,84,80,80,100,100,100,99,99,99,99,99,99,95,95,95,95,95,78,78,78],"gold":15,"neow_bonus":"REMOVE_TWO","is_daily":false,"chose_seed":false,"campfire_upgraded":9,"win_rate":0.0,"timestamp":1610137635,"path_taken":["R","M","M","M","M","M","T","M","?","R","M","M","R","E","M","BOSS","R","M","M","?","$","M","T","R","?","?","M","E","?","M","M","BOSS","R","M","M","M","?","R","T","R","M","R","M","?","R","E","M","BOSS"],"items_purchased_type":["Card","Relic"],"build_version":"2020-12-22","purchased_purges":0,"victory":true,"max_hp_per_floor":[90,90,90,90,90,90,90,90,90,90,90,90,90,90,90,90,90,90,90,90,90,90,90,90,90,90,90,90,100,100,100,100,100,100,100,100,100,100,100,100,100,100,100,100,100,100,100,100,100,100],"relic_stats":{"counters":[32,171],"Mummified Hand":[12],"Ornamental Fan":[4],"Orichalcum":[60],"Question Card":15,"obtain_stats":[{"Pear":29,"downfall:HeartBlessingRed":47,"Mummified Hand":22,"champ:DefensiveTrainingManual":41,"Ornamental Fan":48,"Oddly Smooth Stone":14,"Velvet Choker":34,"champ:ChampionCrown":0,"downfall:HeartBlessingGreen":47,"downfall:Hecktoplasm":17,"Orichalcum":7,"Question Card":24},{"Pear":19,"downfall:HeartBlessingRed":29,"Mummified Hand":15,"champ:DefensiveTrainingManual":26,"Ornamental Fan":30,"Oddly Smooth Stone":10,"Velvet Choker":23,"champ:ChampionCrown":0,"downfall:HeartBlessingGreen":29,"downfall:Hecktoplasm":12,"Orichalcum":5,"Question Card":16},{"Pear":89,"downfall:HeartBlessingRed":153,"Mummified Hand":68,"champ:DefensiveTrainingManual":134,"Ornamental Fan":161,"Oddly Smooth Stone":36,"Velvet Choker":118,"champ:ChampionCrown":0,"downfall:HeartBlessingGreen":153,"downfall:Hecktoplasm":52,"Orichalcum":19,"Question Card":72}]},"card_choices":[{"not_picked":["champ:Aggression","champ:Balance"],"picked":"champ:FlashCut","floor":2},{"not_picked":["champ:GutPunch","champ:RecklessLeap"],"picked":"champ:CrookedStrike","floor":3},{"not_picked":["champ:CrookedStrike","champ:FlashCut"],"picked":"champ:ShieldSigil","floor":4},{"not_picked":["champ:HeartStrike","champ:BladeFlurry"],"picked":"champ:DefensiveShout","floor":5},{"not_picked":["champ:Duel","champ:FlashCut"],"picked":"champ:TornadoPunch","floor":6},{"not_picked":["champ:FightOn","champ:Riposte"],"picked":"champ:BringItOn","floor":8},{"not_picked":["champ:BringItOn","champ:Aggression"],"picked":"champ:ShieldWall","floor":9},{"not_picked":["champ:RageSigil","champ:AdrenalArmor"],"picked":"champ:EnGarde","floor":11},{"not_picked":["champ:DeathBlow","champ:PreciseThrust"],"picked":"champ:ViciousMockery","floor":12},{"not_picked":["champ:Encircle","champ:FaceSlap","champ:GutPunch"],"picked":"SKIP","floor":14},{"not_picked":["champ:BladeFlurry","champ:ShieldSigil"],"picked":"champ:Haymaker","floor":15},{"not_picked":["champ:ShieldThrow","champ:Devastate"],"picked":"champ:HoldFirm","floor":16},{"not_picked":["champ:FanOfKnives","champ:AdrenalArmor","champ:ShieldSigil"],"picked":"SKIP","floor":19},{"not_picked":["champ:GladiatorsShout+1","champ:DefensiveShout","champ:HeartStrike"],"picked":"SKIP","floor":20},{"not_picked":["champ:RisingSlash","champ:ShieldWall"],"picked":"champ:DefensiveShout","floor":22},{"not_picked":["champ:ShieldSigil","champ:FalseCounter"],"picked":"champ:Circumvent","floor":23},{"not_picked":["champ:DefensiveShout","champ:Haymaker","champ:EnragedBash+1","champ:FanOfKnives"],"picked":"SKIP","floor":27},{"not_picked":["champ:DefensiveShout","champ:Haymaker","champ:EnragedBash+1","champ:FanOfKnives"],"picked":"SKIP","floor":27},{"not_picked":["champ:EndlessRage+1","champ:CrookedStrike","champ:Riposte"],"picked":"champ:Circumvent","floor":28},{"not_picked":["champ:RecklessLeap","champ:BerserkersShout","champ:PerfectedStrike","champ:BerserkerStyle+1"],"picked":"SKIP","floor":29},{"not_picked":["champ:Backstep","champ:BladeFlurry","champ:BringItOn"],"picked":"champ:LastStand","floor":30},{"not_picked":["champ:BerserkersShout","champ:FanOfKnives","champ:FocusedBerserking+1","champ:BladeFlurry+1"],"picked":"SKIP","floor":31},{"not_picked":["champ:RageSigil","champ:BladeFlurry","champ:Control"],"picked":"champ:FocusedDefense","floor":32},{"not_picked":["champ:CheapShot","champ:LastStand","champ:ShieldSlam"],"picked":"champ:ShieldThrow","floor":33},{"not_picked":["champ:FlashCut","champ:BringItOn","champ:EnGarde","champ:BerserkersShout+1"],"picked":"SKIP","floor":36},{"not_picked":["champ:FlashCut","champ:BringItOn","champ:EnGarde","champ:BerserkersShout+1"],"picked":"SKIP","floor":36},{"not_picked":["champ:Duel+1","champ:CrookedStrike+1","champ:StanceDance","champ:FanOfKnives+1"],"picked":"SKIP","floor":37},{"not_picked":["champ:DefensiveShout","champ:Backstep","champ:AdrenalArmor"],"picked":"champ:BringItOn+1","floor":38},{"not_picked":["champ:BladeFlurry+1","champ:RageSigil+1","champ:FocusedDefense"],"picked":"champ:PerfectForm","floor":43},{"not_picked":["champ:PerfectedStrike+1","champ:FaceSlap+1","champ:IronFortress"],"picked":"champ:FalseCounter+1","floor":45},{"not_picked":["champ:EnragedBash","champ:Haymaker","champ:ShieldSigil"],"picked":"champ:DefensiveShout+1","floor":46},{"not_picked":["champ:Riposte","champ:Encircle+1","champ:Circumvent"],"picked":"champ:MurderStrike","floor":48},{"not_picked":["champ:Haymaker","champ:BringItOn","champ:BladeFlurry","champ:BerserkersShout+1"],"picked":"SKIP","floor":49}],"player_experience":1403960,"relics_obtained":[{"floor":7,"key":"Orichalcum"},{"floor":14,"key":"Oddly Smooth Stone"},{"floor":24,"key":"Question Card"},{"floor":29,"key":"Pear"},{"floor":41,"key":"champ:DefensiveTrainingManual"},{"floor":48,"key":"Ornamental Fan"}],"event_choices":[{"damage_healed":0,"gold_gain":0,"player_choice":"Copied","damage_taken":0,"max_hp_gain":0,"max_hp_loss":0,"event_name":"Duplicator","floor":26,"gold_loss":0,"cards_obtained":["champ:HoldFirm"]},{"cards_removed":["champ:Strike"],"damage_healed":0,"gold_gain":0,"player_choice":"Purged","damage_taken":0,"max_hp_gain":0,"max_hp_loss":0,"event_name":"Purifier","floor":39,"gold_loss":0}],"is_beta":false,"boss_relics":[{"not_picked":["Tiny House","Coffee Dripper"],"picked":"downfall:Hecktoplasm"},{"not_picked":["Calling Bell","Black Star"],"picked":"Velvet Choker"}],"items_purged_floors":[],"is_endless":false,"potions_floor_spawned":[3,4,6,11,12,20,23,29,31,33,38,45,49],"ascension_level":0}}