{"host":"nqsrckqog5ia9mbo","time":1610127263,"event":{"mods":["AchievementEnabler","BaseMod","Colored Map","Hermit","Highlight Path","Minty Spire (QoL Compilation)","StSLib"],"gold_per_floor":[109,127,127,127,146,146,180,180,180,206,206,218,52,52,52,153,153,163,180,180,199,47,47,47,47],"floor_reached":24,"playtime":1819,"items_purged":["hermit:Strike_Hermit"],"score":214,"play_id":"8740e069-f1f9-43a7-8ee9-579cda64a6f9","local_time":"20210108183423","is_ascension_mode":true,"campfire_choices":[{"data":"hermit:SprayPray","floor":6,"key":"SMITH"},{"floor":8,"key":"REST"},{"data":"hermit:Combo","floor":11,"key":"SMITH"},{"data":"hermit:Vantage","floor":15,"key":"SMITH"},{"data":"hermit:Snapshot","floor":23,"key":"SMITH"}],"circlet_count":0,"master_deck":["hermit:Strike_Hermit","hermit:Strike_Hermit","hermit:Defend_Hermit","hermit:Defend_Hermit","hermit:Defend_Hermit","hermit:Defend_Hermit","hermit:Snapshot+1","hermit:Covet","hermit:Glare","hermit:Vantage+1","hermit:CalledShot","hermit:SprayPray+1","hermit:Grudge","hermit:Combo+1","hermit:Virtue","Purity","hermit:FatalDesire","CurseOfTheBell","hermit:Virtue","hermit:Reprieve"],"relics":["hermit:Momento","hermit:Spyglass","Darkstone Periapt","Matryoshka","Centennial Puzzle","Calling Bell","Pen Nib","hermit:Horseshoe","TungstenRod","Orichalcum"],"acts_visited":["Exordium","TheCity"],"potions_floor_usage":[16,16,21],"damage_taken":[{"damage":1,"enemies":"Cultist","floor":1,"turns":4},{"damage":2,"enemies":"Small Slimes","floor":2,"turns":4},{"damage":0,"enemies":"2 Louse","floor":5,"turns":2},{"damage":23,"enemies":"Lagavulin","floor":7,"turns":6},{"damage":27,"enemies":"Gremlin Nob","floor":10,"turns":5},{"damage":7,"enemies":"Looter","floor":12,"turns":3},{"damage":23,"enemies":"Hexaghost","floor":16,"turns":8},{"damage":23,"enemies":"2 Thieves","floor":18,"turns":4},{"damage":0,"enemies":"3 Byrds","floor":19,"turns":5},{"damage":25,"enemies":"Cultist and Chosen","floor":21,"turns":6},{"damage":41,"enemies":"Gremlin Leader","floor":24,"turns":7}],"seed_played":"-6389391254233207640","potions_obtained":[{"floor":2,"key":"SpeedPotion"},{"floor":10,"key":"EntropicBrew"},{"floor":16,"key":"AttackPotion"},{"floor":18,"key":"Ancient Potion"}],"is_trial":false,"path_per_floor":["M","M","?","?","M","R","E","R","T","E","R","M","$","?","R","B",null,"M","M","?","M","$","R","E"],"character_chosen":"HERMIT","items_purchased":["Purity","Orichalcum"],"campfire_rested":1,"item_purchase_floors":[13,22],"current_hp_per_floor":[81,79,61,61,61,61,38,62,62,35,35,28,28,55,55,32,88,65,65,65,40,40,40,0,0],"gold":47,"neow_bonus":"TEN_PERCENT_HP_BONUS","is_daily":false,"chose_seed":false,"campfire_upgraded":4,"win_rate":0.0,"timestamp":1610127263,"path_taken":["M","M","?","?","M","R","E","R","T","E","R","?","$","?","R","BOSS","M","M","?","M","$","R","E"],"items_purchased_type":["Card","Relic"],"build_version":"2020-12-22","purchased_purges":1,"victory":false,"max_hp_per_floor":[82,82,82,82,82,82,82,82,82,82,82,82,82,82,82,82,88,88,88,88,88,88,88,88,88],"card_choices":[{"not_picked":["hermit:Combo","hermit:TakeCover"],"picked":"hermit:Glare","floor":1},{"not_picked":["hermit:Snipe","hermit:Virtue"],"picked":"hermit:Vantage","floor":2},{"not_picked":["hermit:Coalescence","hermit:Midnight"],"picked":"hermit:SprayPray","floor":5},{"not_picked":["hermit:Maintenance","hermit:Cheat"],"picked":"hermit:Grudge","floor":7},{"not_picked":["hermit:Coalescence","hermit:Virtue"],"picked":"hermit:Combo","floor":10},{"not_picked":["hermit:Scavenge","hermit:Grudge"],"picked":"hermit:Virtue","floor":12},{"not_picked":["hermit:Adapt","hermit:Magnum"],"picked":"hermit:FatalDesire","floor":16},{"not_picked":["hermit:Malice+1","hermit:Vantage","hermit:BodyArmor"],"picked":"SKIP","floor":18},{"not_picked":["hermit:PistolWhip","hermit:Ricochet"],"picked":"hermit:Virtue","floor":19},{"not_picked":["hermit:Malice","hermit:Feint"],"picked":"hermit:Reprieve","floor":21}],"player_experience":171692,"relics_obtained":[{"floor":7,"key":"Darkstone Periapt"},{"floor":9,"key":"Matryoshka"},{"floor":10,"key":"Centennial Puzzle"},{"floor":17,"key":"Pen Nib"},{"floor":17,"key":"hermit:Horseshoe"},{"floor":17,"key":"TungstenRod"}],"event_choices":[{"damage_healed":0,"gold_gain":0,"player_choice":"Success","damage_taken":18,"relics_obtained":["hermit:Spyglass"],"max_hp_gain":0,"max_hp_loss":0,"event_name":"Scrap Ooze","floor":3,"gold_loss":0},{"damage_healed":0,"gold_gain":0,"cards_transformed":["hermit:Strike_Hermit"],"player_choice":"Transformed","damage_taken":0,"max_hp_gain":0,"max_hp_loss":0,"event_name":"Transmorgrifier","floor":4,"gold_loss":0,"cards_obtained":["hermit:CalledShot"]},{"damage_healed":27,"gold_gain":0,"player_choice":"Banana","damage_taken":0,"max_hp_gain":0,"max_hp_loss":0,"event_name":"Big Fish","floor":14,"gold_loss":0},{"damage_healed":0,"gold_gain":0,"player_choice":"Ignored","damage_taken":0,"max_hp_gain":0,"max_hp_loss":0,"event_name":"Vampires","floor":20,"gold_loss":0}],"is_beta":false,"boss_relics":[{"not_picked":["Fusion Hammer","Astrolabe"],"picked":"Calling Bell"}],"items_purged_floors":[13],"is_endless":false,"potions_floor_spawned":[2,10,16,18],"killed_by":"Gremlin Leader","ascension_level":1}}