{"host":"dnd25fcf5l5puhl9","time":1610074138,"event":{"mods":["AchievementEnabler","Act Like it!","BaseMod","BetterRewards","Colored Map","Colored Powertips","Downfall","Gensokyo","Hermit","Hubris","Infinite Spire","Lobotomy","Minty Spire (QoL Compilation)","Replay The Spire","Shop Mod","StSLib","SuperFastMode","The Bug Knight","The Cursed","The Jungle","The Necromancer"],"gold_per_floor":[115,115,129,142,142,142,142],"floor_reached":6,"playtime":378,"items_purged":[],"score":36,"play_id":"18d45fb6-5a92-42d4-853d-39d99d6409f5","local_time":"20210108004858","is_ascension_mode":false,"campfire_choices":[],"circlet_count":0,"master_deck":["TheCursedMod:Strike_TheCursed","TheCursedMod:Strike_TheCursed","TheCursedMod:Strike_TheCursed","TheCursedMod:Strike_TheCursed","TheCursedMod:Defend_TheCursed","TheCursedMod:Defend_TheCursed","TheCursedMod:Defend_TheCursed","TheCursedMod:Defend_TheCursed","TheCursedMod:CursedWand","TheCursedMod:CleanUpWorkshop+1","TheCursedMod:Dregs","TheCursedMod:FleshFromBone","OldLady","TheCursedMod:LuckyCharm"],"relics":["TheCursedMod:BlackMagic101","CogitoBucket","hubris:Towel"],"acts_visited":["Exordium"],"potions_floor_usage":[6],"damage_taken":[{"damage":2,"enemies":"Small Slimes","floor":1,"turns":4},{"damage":0,"enemies":"2 Louse","floor":3,"turns":3},{"damage":3,"enemies":"Jaw Worm","floor":4,"turns":3},{"damage":71,"enemies":"Gremlin Nob","floor":6,"turns":6}],"seed_played":"605574119345082106","potions_obtained":[{"floor":3,"key":"Reflective Coating"}],"is_trial":false,"path_per_floor":["M","?","M","M","?","E"],"character_chosen":"THE_CURSED","items_purchased":[],"campfire_rested":0,"item_purchase_floors":[],"current_hp_per_floor":[73,73,73,70,70,0,0],"gold":142,"neow_bonus":"","is_daily":false,"chose_seed":false,"campfire_upgraded":0,"win_rate":0.0,"timestamp":1610074138,"path_taken":["M","?","M","M","?","E"],"items_purchased_type":[],"build_version":"2020-12-22","purchased_purges":0,"victory":false,"max_hp_per_floor":[75,75,75,75,75,75,75],"card_choices":[{"not_picked":["TheCursedMod:CircleOfFocus","TheCursedMod:BloodBarrier"],"picked":"TheCursedMod:FleshFromBone","floor":1},{"not_picked":["Yin","SpiderBud"],"picked":"OldLady","floor":1},{"not_picked":["TheCursedMod:TroublousMinions","TheCursedMod:CursedMace"],"picked":"TheCursedMod:LuckyCharm","floor":3},{"not_picked":["TheCursedMod:Stigma","TheCursedMod:FuryStrike","TheCursedMod:ManaBullet"],"picked":"SKIP","floor":4}],"player_experience":558957,"relics_obtained":[],"event_choices":[],"is_beta":false,"boss_relics":[],"items_purged_floors":[],"is_endless":false,"potions_floor_spawned":[3],"killed_by":"Gremlin Nob","ascension_level":0}}