{"host":"r5m27m0hu9mtdi9d","time":1610077211,"event":{"mods":["AchievementEnabler","BaseMod","Colored Map","Colored Powertips","Highlight Path","Minty Spire (QoL Compilation)"],"gold_per_floor":[113,113,113,39,39,70,70,105,105,115,147,147,147,163,163,265,265,278,278,278,295,307,334,334,334],"floor_reached":24,"playtime":2288,"items_purged":[],"score":367,"play_id":"4d15480f-7362-4b49-93e1-e28b6c982e04","local_time":"20210107224011","is_ascension_mode":true,"campfire_choices":[{"data":"Zap","floor":7.0,"key":"SMITH"},{"data":"Hologram","floor":12.0,"key":"SMITH"},{"floor":15.0,"key":"REST"}],"circlet_count":0,"master_deck":["Strike_B+1","Strike_B+1","Strike_B+1","Defend_B+1","Defend_B+1","Defend_B+1","Zap+1","Dualcast","Hologram+1","Ball Lightning","Sweeping Beam","Conserve Battery","Genetic Algorithm","Go for the Eyes","Buffer","Glacier","Loop","Recycle","Barrage+1","Capacitor","Ball Lightning+1"],"relics":["FrozenCore","Incense Burner","Ancient Tea Set","Blood Vial","Mercury Hourglass","Bag of Preparation","Question Card","Shuriken"],"acts_visited":["Exordium","TheCity"],"potions_floor_usage":[24],"damage_taken":[{"damage":8.0,"enemies":"Jaw Worm","floor":1.0,"turns":4.0},{"damage":7.0,"enemies":"Gremlin Nob","floor":6.0,"turns":4.0},{"damage":10.0,"enemies":"Lagavulin","floor":8.0,"turns":4.0},{"damage":0.0,"enemies":"2 Louse","floor":10.0,"turns":2.0},{"damage":12.0,"enemies":"3 Sentries","floor":11.0,"turns":3.0},{"damage":0.0,"enemies":"Small Slimes","floor":14.0,"turns":1.0},{"damage":0.0,"enemies":"Slime Boss","floor":16.0,"turns":8.0},{"damage":7.0,"enemies":"Shell Parasite","floor":18.0,"turns":8.0},{"damage":13.0,"enemies":"Chosen","floor":21.0,"turns":6.0},{"damage":0.0,"enemies":"Snecko","floor":22.0,"turns":4.0},{"damage":48,"enemies":"Gremlin Leader","floor":23,"turns":9},{"damage":12,"enemies":"Centurion and Healer","floor":24,"turns":2}],"seed_played":"-979816141817332577","potions_obtained":[{"floor":1.0,"key":"SkillPotion"},{"floor":11.0,"key":"SpeedPotion"},{"floor":14.0,"key":"BlessingOfTheForge"},{"floor":21.0,"key":"Fire Potion"},{"floor":23,"key":"AttackPotion"}],"is_trial":false,"path_per_floor":["M","?","?","$","?","E","R","E","T","M","E","R","?","M","R","B",null,"M","?","?","M","M","E","M"],"character_chosen":"DEFECT","items_purchased":["Ball Lightning","Sweeping Beam"],"campfire_rested":1,"item_purchase_floors":[4,4],"current_hp_per_floor":[60,45,38,38,63,56,56,46,46,48,38,38,13,15,37,39,66,61,61,61,50,52,6,0,0],"gold":334,"neow_bonus":"ONE_RARE_RELIC","is_daily":false,"chose_seed":false,"campfire_upgraded":2,"win_rate":0.0,"timestamp":1610077211,"path_taken":["M","?","?","$","?","E","R","E","T","M","E","R","?","?","R","BOSS","M","?","?","M","M","E","M"],"items_purchased_type":["Card","Card"],"build_version":"2020-12-22","purchased_purges":0,"victory":false,"max_hp_per_floor":[75,75,75,75,75,75,75,75,75,75,75,75,75,75,75,75,75,75,75,75,75,75,75,75,75],"card_choices":[{"not_picked":["Auto Shields","Coolheaded"],"picked":"Hologram","floor":1.0},{"not_picked":["Multi-Cast","Darkness"],"picked":"Conserve Battery","floor":6.0},{"not_picked":["Hologram","Glacier"],"picked":"Genetic Algorithm","floor":8.0},{"not_picked":["Stack","Steam","Blizzard"],"picked":"SKIP","floor":10.0},{"not_picked":["Machine Learning","Compile Driver"],"picked":"Go for the Eyes","floor":11.0},{"not_picked":["Turbo","Redo","Hello World","Fusion"],"picked":"SKIP","floor":14.0},{"not_picked":["Amplify","Biased Cognition","Meteor Strike"],"picked":"Buffer","floor":16.0},{"not_picked":["Beam Cell","Stack","Steam"],"picked":"Glacier","floor":18.0},{"not_picked":["Leap","Conserve Battery","FTL"],"picked":"Barrage+1","floor":21.0},{"not_picked":["Coolheaded","Ball Lightning","Gash"],"picked":"Capacitor","floor":22.0},{"not_picked":["Capacitor","Tempest","Sweeping Beam"],"picked":"Ball Lightning+1","floor":23}],"player_experience":672669,"relics_obtained":[{"floor":6.0,"key":"Ancient Tea Set"},{"floor":8.0,"key":"Blood Vial"},{"floor":9.0,"key":"Mercury Hourglass"},{"floor":11.0,"key":"Bag of Preparation"},{"floor":23,"key":"Shuriken"}],"event_choices":[{"damage_healed":0.0,"max_hp_gain":0.0,"max_hp_loss":0.0,"gold_gain":0.0,"event_name":"Shining Light","player_choice":"Entered Light","floor":2.0,"gold_loss":0.0,"damage_taken":15.0,"cards_upgraded":["Strike_B","Defend_B"]},{"cards_removed":["Pain"],"damage_healed":0.0,"max_hp_gain":0.0,"max_hp_loss":0.0,"gold_gain":0.0,"event_name":"Golden Wing","player_choice":"Card Removal","floor":3.0,"gold_loss":0.0,"damage_taken":7.0},{"damage_healed":25.0,"max_hp_gain":0.0,"max_hp_loss":0.0,"gold_gain":0.0,"event_name":"Big Fish","player_choice":"Banana","floor":5.0,"gold_loss":0.0,"damage_taken":0.0},{"damage_healed":0.0,"max_hp_gain":0.0,"max_hp_loss":0.0,"gold_gain":0.0,"event_name":"Scrap Ooze","player_choice":"Success","floor":13.0,"gold_loss":0.0,"damage_taken":25.0,"relics_obtained":["Question Card"]},{"damage_healed":0.0,"max_hp_gain":0.0,"max_hp_loss":0.0,"gold_gain":0.0,"event_name":"Back to Basics","player_choice":"Simplicity","floor":19.0,"gold_loss":0.0,"damage_taken":0.0,"cards_upgraded":["Strike_B","Strike_B","Strike_B","Defend_B","Defend_B","Defend_B"]},{"damage_healed":0.0,"max_hp_gain":0.0,"max_hp_loss":0.0,"gold_gain":0.0,"cards_transformed":["Strike_B","Defend_B"],"event_name":"Drug Dealer","player_choice":"Became Test Subject","floor":20.0,"gold_loss":0.0,"damage_taken":0.0,"cards_obtained":["Loop","Recycle"]}],"is_beta":false,"boss_relics":[{"not_picked":["Velvet Choker","Runic Dome"],"picked":"FrozenCore"}],"items_purged_floors":[],"is_endless":false,"potions_floor_spawned":[1,11,14,21,23],"killed_by":"Centurion and Healer","ascension_level":6}}