{"host":"icrrc9b69c1a6188","time":1610083101,"event":{"mods":["Act Like it!","BaseMod","Bestiary","Block Reminder","CapriCore","Colored Map","Colored Powertips","Curses Come First","Dark Map","Displayed Cursed Tome","Evolution","Faster Ascension Climbing","Friendly Minions","HexUI Lib","Minty Spire (QoL Compilation)","Quick Restart","RNG Fix","Random Character Button","Random Character Mod","Rare Cards Sparkle","Relic Filter","Relic Stats","StSLib","The Blue Laboratory","The Edgeheg","Unceasing Turn Reminder"],"gold_per_floor":[86,101,116,2,2,2,2],"floor_reached":6,"playtime":813,"items_purged":["theEdgeheg:MachineGun"],"score":72,"play_id":"6d1327eb-80cf-45a5-93db-4f093d2e64f1","local_time":"20210107231821","is_ascension_mode":true,"campfire_choices":[],"circlet_count":0,"master_deck":["theEdgeheg:MachineGun","theEdgeheg:MachineGun","theEdgeheg:MachineGun","theEdgeheg:StarterDodgeSkill","theEdgeheg:StarterDodgeSkill","theEdgeheg:StarterDodgeSkill","theEdgeheg:BloodyKatana","theEdgeheg:ChaosControlSkill","theEdgeheg:GatherChaos","theEdgeheg:Fastness","theEdgeheg:BlankCard","theEdgeheg:DodgeKatana"],"relics":["theEdgeheg:UltimateLifeformRelic","theEdgeheg:GreenEmeraldRelic","EVO:Axolotl","NeowsBlessing","Golden Idol"],"acts_visited":["Exordium"],"potions_floor_usage":[6],"damage_taken":[{"damage":0,"enemies":"Jaw Worm","floor":1,"turns":1},{"damage":0,"enemies":"2 Louse","floor":2,"turns":1},{"damage":0,"enemies":"Small Slimes","floor":3,"turns":2},{"damage":0,"enemies":"Lagavulin","floor":6,"turns":12}],"seed_played":"2371744445310375249","potions_obtained":[{"floor":2,"key":"Strength Potion"}],"is_trial":false,"path_per_floor":["M","M","M","$","?","E"],"character_chosen":"THE_DEFAULT","items_purchased":["theEdgeheg:DodgeKatana"],"campfire_rested":0,"item_purchase_floors":[4],"current_hp_per_floor":[5,5,5,5,4,4,4],"gold":2,"neow_bonus":"THREE_ENEMY_KILL","is_daily":false,"chose_seed":false,"campfire_upgraded":0,"win_rate":0.0,"timestamp":1610083101,"path_taken":["M","M","M","$","?","E"],"items_purchased_type":["Card"],"build_version":"2020-12-22","purchased_purges":1,"victory":false,"max_hp_per_floor":[5,5,5,5,5,5,5],"relic_stats":{"counters":[4,16],"Golden Idol":0,"obtain_stats":[{"NeowsBlessing":0,"theEdgeheg:UltimateLifeformRelic":0,"Golden Idol":5,"theEdgeheg:GreenEmeraldRelic":0,"EVO:Axolotl":0},{"NeowsBlessing":0,"theEdgeheg:UltimateLifeformRelic":0,"Golden Idol":3,"theEdgeheg:GreenEmeraldRelic":0,"EVO:Axolotl":0},{"NeowsBlessing":0,"theEdgeheg:UltimateLifeformRelic":0,"Golden Idol":4,"theEdgeheg:GreenEmeraldRelic":0,"EVO:Axolotl":0}]},"card_choices":[{"not_picked":["theEdgeheg:Birthday","theEdgeheg:BlackKatana"],"picked":"theEdgeheg:Fastness","floor":1},{"not_picked":["theEdgeheg:BlackKatana","theEdgeheg:Reload"],"picked":"theEdgeheg:BlankCard","floor":2},{"not_picked":["theEdgeheg:ChaosKatana","theEdgeheg:BlackKatana","theEdgeheg:Heh"],"picked":"SKIP","floor":3}],"player_experience":693162,"relics_obtained":[],"event_choices":[{"damage_healed":0,"gold_gain":0,"player_choice":"Take Damage","damage_taken":1,"relics_obtained":["Golden Idol"],"max_hp_gain":0,"max_hp_loss":0,"event_name":"Golden Idol","floor":5,"gold_loss":0}],"is_beta":false,"boss_relics":[],"items_purged_floors":[4],"is_endless":false,"potions_floor_spawned":[2],"killed_by":"Lagavulin","ascension_level":20}}