{"host":"7z9izfsmsy4azoxx","time":1610117663,"event":{"mods":["AchievementEnabler","BaseMod","Colored Map","Custom Start","Hermit","Minty Spire (QoL Compilation)","StSLib","SuperFastMode"],"gold_per_floor":[113,113,113,133,54654018,54654046,54654046,54654063,54654063,54654063,54654083,54654101,54654101,54653428,54653428,54653502,54653502,54653522,54653522,54653522,54652786,54652797,54652822,54652822,54652853,54652853,54652853,54652853],"floor_reached":27,"playtime":445,"items_purged":["Strike_R","Strike_R","Writhe"],"score":623,"play_id":"ff120554-3329-4f65-9afa-48e4a2fc5bef","local_time":"20210108235423","is_ascension_mode":true,"campfire_choices":[{"data":"Body Slam","floor":7,"key":"SMITH"},{"data":"Bash","floor":13,"key":"SMITH"},{"data":"Entrench","floor":15,"key":"SMITH"},{"data":"Impervious","floor":24,"key":"SMITH"}],"circlet_count":0,"master_deck":["AscendersBane","Defend_R","Defend_R","Defend_R+1","Defend_R","Bash+1","Body Slam+1","Flame Barrier+1","Body Slam+1","Entrench+1","Impervious+1"],"relics":["Burning Blood","NeowsBlessing","TungstenRod","Question Card","Bronze Scales","Singing Bowl","Red Skull","Ancient Tea Set","DollysMirror","Empty Cage","Oddly Smooth Stone","StrikeDummy","MealTicket","OrangePellets","Nunchaku","Blue Candle","CaptainsWheel"],"acts_visited":["Exordium","TheCity"],"potions_floor_usage":[16,23,27],"damage_taken":[{"damage":0,"enemies":"Small Slimes","floor":1,"turns":1},{"damage":0,"enemies":"2 Louse","floor":4,"turns":1},{"damage":0,"enemies":"Lagavulin","floor":6,"turns":1},{"damage":13,"enemies":"Jaw Worm","floor":8,"turns":5},{"damage":0,"enemies":"Red Slaver","floor":11,"turns":3},{"damage":5,"enemies":"3 Louse","floor":12,"turns":3},{"damage":27,"enemies":"The Guardian","floor":16,"turns":10},{"damage":0,"enemies":"Chosen","floor":18,"turns":4},{"damage":0,"enemies":"3 Byrds","floor":22,"turns":3},{"damage":64,"enemies":"Slavers","floor":23,"turns":10},{"damage":1,"enemies":"Book of Stabbing","floor":25,"turns":3},{"damage":63,"enemies":"Gremlin Leader","floor":27,"turns":4}],"seed_played":"6399498815434197208","potions_obtained":[{"floor":16,"key":"BloodPotion"},{"floor":25,"key":"LiquidMemories"}],"is_trial":false,"path_per_floor":["M","?","?","M","$","E","R","M","T","?","M","M","R","$","R","B",null,"M","?","?","$","M","E","R","E","T","E"],"character_chosen":"IRONCLAD","items_purchased":["TungstenRod","Question Card","AttackPotion","BlessingOfTheForge","Red Skull","Ancient Tea Set","DollysMirror","Entrench","StrikeDummy","MealTicket","OrangePellets"],"campfire_rested":0,"item_purchase_floors":[5,5,5,5,14,14,14,14,21,21,21],"current_hp_per_floor":[74,67,67,73,73,75,75,68,68,46,54,57,57,57,57,36,68,76,76,76,76,83,43,43,50,50,0,0],"gold":54652853,"neow_bonus":"THREE_ENEMY_KILL","is_daily":false,"chose_seed":false,"campfire_upgraded":4,"win_rate":0.0,"timestamp":1610117663,"path_taken":["M","?","?","?","?","E","R","M","T","?","M","M","R","$","R","BOSS","M","?","?","$","M","E","R","E","T","E"],"items_purchased_type":["Relic","Relic","Potion","Potion","Relic","Relic","Relic","Card","Relic","Relic","Relic"],"build_version":"2020-12-22","purchased_purges":3,"victory":false,"max_hp_per_floor":[75,75,75,75,75,75,75,75,75,75,77,79,79,79,79,79,79,81,81,81,81,83,85,85,87,87,87,87],"card_choices":[{"not_picked":["Flex","Warcry"],"picked":"Body Slam","floor":1},{"not_picked":["Ghostly Armor","Seeing Red","Sword Boomerang"],"picked":"SKIP","floor":4},{"not_picked":["Rupture","Perfected Strike","Sword Boomerang","Flex"],"picked":"SKIP","floor":6},{"not_picked":["Pommel Strike","Carnage","Rage"],"picked":"Flame Barrier","floor":8},{"not_picked":["Flex","Infernal Blade","Inflame","Rupture"],"picked":"Singing Bowl","floor":11},{"not_picked":["Heavy Blade","Ghostly Armor","Spot Weakness","Body Slam"],"picked":"Singing Bowl","floor":12},{"not_picked":["Corruption","Immolate","Limit Break"],"picked":"Impervious","floor":16},{"not_picked":["Twin Strike","Whirlwind","Flex","Fire Breathing+1"],"picked":"Singing Bowl","floor":18},{"not_picked":["Iron Wave","True Grit","Armaments","Warcry"],"picked":"Singing Bowl","floor":22},{"not_picked":["Sword Boomerang+1","Warcry","Heavy Blade","Intimidate"],"picked":"Singing Bowl","floor":23},{"not_picked":["Cleave","Headbutt","True Grit","Uppercut"],"picked":"Singing Bowl","floor":25}],"player_experience":520798,"relics_obtained":[{"floor":6,"key":"Bronze Scales"},{"floor":9,"key":"Singing Bowl"},{"floor":23,"key":"Nunchaku"},{"floor":25,"key":"Blue Candle"},{"floor":26,"key":"CaptainsWheel"}],"event_choices":[{"cards_removed":["Strike_R"],"damage_healed":0,"gold_gain":0,"player_choice":"Card Removal","damage_taken":7,"max_hp_gain":0,"max_hp_loss":0,"event_name":"Golden Wing","floor":2,"gold_loss":0},{"damage_healed":0,"gold_gain":0,"player_choice":"Ignored","damage_taken":0,"max_hp_gain":0,"max_hp_loss":0,"event_name":"Liars Game","floor":3,"gold_loss":0},{"damage_healed":0,"gold_gain":0,"player_choice":"Entered Light","damage_taken":23,"max_hp_gain":0,"max_hp_loss":0,"event_name":"Shining Light","floor":10,"gold_loss":0,"cards_upgraded":["Defend_R","Flame Barrier"]},{"damage_healed":0,"gold_gain":0,"player_choice":"Opened","damage_taken":0,"relics_obtained":["Oddly Smooth Stone"],"max_hp_gain":0,"max_hp_loss":0,"event_name":"The Mausoleum","floor":19,"gold_loss":0,"cards_obtained":["Writhe"]},{"damage_healed":0,"gold_gain":0,"player_choice":"Ignored","damage_taken":0,"max_hp_gain":0,"max_hp_loss":0,"event_name":"Vampires","floor":20,"gold_loss":0}],"is_beta":false,"boss_relics":[{"not_picked":["Runic Dome","Snecko Eye"],"picked":"Empty Cage"}],"items_purged_floors":[5,14,21],"is_endless":false,"potions_floor_spawned":[8,11,16,25],"killed_by":"Gremlin Leader","ascension_level":20}}