{"host":"ig7tc0uedzltt2sr","time":1610069091,"event":{"mods":["BaseMod","Better Twitch Integration","Block Reminder","Colored Map","Colored Powertips","Communication Mod","Current Relic Mod","GifTheSpireLib","HexUI Lib","Minty Spire (QoL Compilation)","Quick Restart","Random Character Button","Rare Cards Sparkle","Relic Sorter","Relic Stats","Slay the Relics Exporter","StSLib","SuperFastMode","Synergy Search","Twitch Decklist","Twitch Utils","everything is the same but u backflip on backflip","slay the spire mod where everything is the same but ironclad has a cowboy hat"],"gold_per_floor":[118,135,100,100,119,119,119],"floor_reached":6,"playtime":70,"items_purged":[],"score":36,"play_id":"dff361f8-adf1-4bd8-bc73-69053fb14d4d","local_time":"20210107172451","is_ascension_mode":false,"campfire_choices":[],"circlet_count":0,"master_deck":["Strike_R","Strike_R","Strike_R","Strike_R","Strike_R","Defend_R","Defend_R","Defend_R","Defend_R","Bash","Fire Breathing","Headbutt","Regret","Clothesline+1"],"relics":["Black Star","Molten Egg 2"],"acts_visited":["Exordium"],"potions_floor_usage":[],"damage_taken":[{"damage":1,"enemies":"2 Louse","floor":1,"turns":10},{"damage":16,"enemies":"Jaw Worm","floor":2,"turns":10},{"damage":5,"enemies":"Small Slimes","floor":5,"turns":5},{"damage":97,"enemies":"Gremlin Nob","floor":6,"turns":6}],"seed_played":"2216589199876059560","potions_obtained":[{"floor":2,"key":"Weak Potion"},{"floor":5,"key":"DuplicationPotion"}],"is_trial":false,"path_per_floor":["M","M","?","?","M","E"],"character_chosen":"IRONCLAD","items_purchased":[],"campfire_rested":0,"item_purchase_floors":[],"current_hp_per_floor":[79,63,80,80,75,0,0],"gold":119,"neow_bonus":"BOSS_RELIC","is_daily":false,"chose_seed":false,"campfire_upgraded":0,"win_rate":0.0,"timestamp":1610069091,"path_taken":["M","M","?","?","M","E"],"items_purchased_type":[],"build_version":"2020-12-22","purchased_purges":0,"victory":false,"max_hp_per_floor":[80,80,80,80,80,80,80],"relic_stats":{"counters":[4,31],"Black Star":0,"obtain_stats":[{"Molten Egg 2":4,"Black Star":0,"Burning Blood":0},{"Molten Egg 2":2,"Black Star":0,"Burning Blood":0},{"Molten Egg 2":20,"Black Star":0,"Burning Blood":0}]},"card_choices":[{"not_picked":["Cleave","Iron Wave"],"picked":"Fire Breathing","floor":1},{"not_picked":["True Grit","Entrench"],"picked":"Headbutt","floor":2},{"not_picked":["Spot Weakness","Flex"],"picked":"Clothesline+1","floor":5}],"player_experience":1466474,"relics_obtained":[],"event_choices":[{"damage_healed":20,"gold_gain":0,"player_choice":"Healed","damage_taken":0,"max_hp_gain":0,"max_hp_loss":0,"event_name":"The Cleric","floor":3,"gold_loss":35},{"damage_healed":0,"gold_gain":0,"player_choice":"Box","damage_taken":0,"relics_obtained":["Molten Egg 2"],"max_hp_gain":0,"max_hp_loss":0,"event_name":"Big Fish","floor":4,"gold_loss":0,"cards_obtained":["Regret"]}],"is_beta":false,"boss_relics":[],"items_purged_floors":[],"is_endless":false,"potions_floor_spawned":[2,5],"killed_by":"Gremlin Nob","ascension_level":0}}