{"host":"hn99riirbf0lv0ml","time":1610137555,"event":{"mods":["AchievementEnabler","Act Like it!","BaseMod","Colored Map","Colored Powertips","Downfall","Duelist Mod","Friendly Minions","Gensokyo","GifTheSpireLib","Jorbs\u0027s Wanderer Trilogy","Marisa????????","Minty Spire (QoL Compilation)","Rare Cards Sparkle","StSLib","The Animator","The Bug Knight","The Cursed","The Runesmith","The Servant 0.9.4"],"gold_per_floor":[210,48,61,73,110,110,140,3,29,44,58,110,155,174,174,299,299,312,312,73,89,128,128,163,179,205,205,240,240,258,173,173,271,271,289,305,118,129,192,192,203,0,26,41,41,53,53,53,53,53,53],"floor_reached":50,"playtime":6932,"items_purged":["Strike_B","Recycle","Defend_B"],"score":539,"play_id":"a3c4c2a7-09f4-487a-be55-8e7b4b9bc9dd","local_time":"20210108152555","is_ascension_mode":false,"campfire_choices":[{"data":"HandOfGreed","floor":6.0,"key":"SMITH"},{"floor":15.0,"key":"REST"},{"floor":23.0,"key":"REST"},{"floor":27.0,"key":"REST"},{"floor":29.0,"key":"REST"},{"floor":32.0,"key":"REST"},{"floor":40.0,"key":"REST"},{"floor":45.0,"key":"REST"},{"floor":47.0,"key":"REST"},{"floor":49.0,"key":"REST"}],"circlet_count":0,"master_deck":["Strike_B","Strike_B","Strike_B","Defend_B","Defend_B","Defend_B","Zap","Dualcast","Sweeping Beam","HandOfGreed+1","Rebound","Doom and Gloom","Turbo","Defragment","Turbo","Stack","Coolheaded","Beam Cell","Hello World","Cold Snap","Hologram","Core Surge","Turbo+1","RitualDagger","Apotheosis","Coolheaded","Seek","Chill","Defragment","Sweeping Beam","Cold Snap","Machine Learning","Stack","Turbo","expansioncontent:DarkVoid","Turbo+1","Undo+1","Cold Snap","Defragment","Beam Cell+1","Leap+1"],"relics":["Cracked Core","Omamori","Strawberry","Lantern","Calling Bell","Bronze Scales","Gremlin Horn","Ginger","Ancient Tea Set","Mummified Hand","Fusion Hammer"],"acts_visited":["Exordium","TheCity","TheBeyond"],"potions_floor_usage":[50],"damage_taken":[{"damage":6.0,"enemies":"Cultist","floor":1.0,"turns":3.0},{"damage":1.0,"enemies":"Jaw Worm","floor":3.0,"turns":3.0},{"damage":10.0,"enemies":"Small Slimes","floor":4.0,"turns":2.0},{"damage":6.0,"enemies":"Gremlin Gang","floor":5.0,"turns":2.0},{"damage":12.0,"enemies":"HollowMod:MossKnight","floor":7.0,"turns":3.0},{"damage":0.0,"enemies":"Large Slime","floor":10.0,"turns":3.0},{"damage":19.0,"enemies":"3 Louse","floor":11.0,"turns":3.0},{"damage":1.0,"enemies":"Lagavulin","floor":12.0,"turns":3.0},{"damage":8.0,"enemies":"Red Slaver","floor":13.0,"turns":3.0},{"damage":4.0,"enemies":"Looter","floor":14.0,"turns":3.0},{"damage":37.0,"enemies":"Slime Boss","floor":16.0,"turns":10.0},{"damage":21.0,"enemies":"2 Thieves","floor":18.0,"turns":3.0},{"damage":11.0,"enemies":"Shell Parasite","floor":21.0,"turns":5.0},{"damage":10.0,"enemies":"3 Cultists","floor":22.0,"turns":4.0},{"damage":20.0,"enemies":"Sentry and Sphere","floor":24.0,"turns":6.0},{"damage":24.0,"enemies":"Snake Plant","floor":25.0,"turns":3.0},{"damage":12.0,"enemies":"Cultist and Chosen","floor":28.0,"turns":4.0},{"damage":17.0,"enemies":"Sentry and Sphere","floor":30.0,"turns":4.0},{"damage":18.0,"enemies":"Automaton","floor":33.0,"turns":12.0},{"damage":14.0,"enemies":"3 Darklings","floor":35.0,"turns":5.0},{"damage":8.0,"enemies":"Orb Walker","floor":36.0,"turns":3.0},{"damage":12.0,"enemies":"4 Shapes","floor":38.0,"turns":4.0},{"damage":15.0,"enemies":"Sphere and 2 Shapes","floor":39.0,"turns":4.0},{"damage":16.0,"enemies":"3 Darklings","floor":41.0,"turns":6.0},{"damage":28.0,"enemies":"Jaw Worm Horde","floor":44.0,"turns":2.0},{"damage":33.0,"enemies":"Writhing Mass","floor":46.0,"turns":4.0},{"damage":73,"enemies":"Time Eater","floor":50,"turns":4}],"seed_played":"-2271139659702861513","potions_obtained":[{"floor":1.0,"key":"SkillPotion"},{"floor":5.0,"key":"champ:CounterPotion"},{"floor":7.0,"key":"CultistPotion"},{"floor":10.0,"key":"ColorlessPotion"},{"floor":14.0,"key":"Block Potion"},{"floor":22.0,"key":"Weak Potion"},{"floor":24.0,"key":"Dexterity Potion"},{"floor":25.0,"key":"SpeedPotion"},{"floor":30.0,"key":"Swift Potion"},{"floor":35.0,"key":"Weak Potion"},{"floor":36.0,"key":"hexamod:EctoCoolerPotion"},{"floor":38.0,"key":"FearPotion"},{"floor":46.0,"key":"SkillPotion"}],"is_trial":false,"path_per_floor":["M","$","M","M","M","R","E","$","T","M","M","E","M","M","R","B",null,"M","?","$","M","M","R","M","M","T","R","M","R","M","?","R","B",null,"M","M","$","M","M","R","M","$","T","M","R","M","R","?","R","B"],"character_chosen":"DEFECT","items_purchased":["HandOfGreed","Defragment","Turbo","Stack","Apotheosis","expansioncontent:DarkVoid","Defragment"],"campfire_rested":9,"item_purchase_floors":[2,8,8,8,20,37,42],"current_hp_per_floor":[69,69,68,58,52,52,40,40,47,47,28,27,19,15,39,2,82,61,55,55,44,34,58,38,14,14,38,26,50,33,33,57,39,82,68,60,60,48,33,57,41,41,41,13,37,4,28,72,72,0,0],"gold":53,"neow_bonus":"HUNDRED_GOLD","is_daily":false,"chose_seed":false,"campfire_upgraded":1,"win_rate":0.0,"timestamp":1610137555,"path_taken":["M","$","M","M","M","R","E","$","T","M","M","E","?","M","R","BOSS","M","?","$","M","M","R","M","M","T","R","M","R","M","?","R","BOSS","M","M","$","M","M","R","M","$","T","M","R","M","R","?","R","BOSS"],"items_purchased_type":["Card","Card","Card","Card","Card","Card","Card"],"build_version":"2020-12-22","purchased_purges":3,"victory":false,"max_hp_per_floor":[75,75,75,75,75,75,75,75,82,82,82,82,82,82,82,82,82,82,82,82,82,82,82,82,82,82,82,82,82,82,82,82,82,82,82,82,82,82,82,82,82,82,82,82,82,82,82,72,72,72,72],"card_choices":[{"not_picked":["BootSequence","Beam Cell"],"picked":"Sweeping Beam","floor":1.0},{"not_picked":["Stack","Leap"],"picked":"Rebound","floor":3.0},{"not_picked":["Hologram","Double Energy"],"picked":"Doom and Gloom","floor":4.0},{"not_picked":["Compile Driver","Reinforced Body"],"picked":"Turbo","floor":5.0},{"not_picked":["Hyperbeam","Gash"],"picked":"Recycle","floor":7.0},{"not_picked":["Cold Snap","Undo"],"picked":"Coolheaded","floor":10.0},{"not_picked":["Compile Driver","Heatsinks"],"picked":"Beam Cell","floor":11.0},{"not_picked":["Force Field","Aggregate"],"picked":"Hello World","floor":12.0},{"not_picked":["Multi-Cast","Storm"],"picked":"Cold Snap","floor":13.0},{"not_picked":["Compile Driver","Storm"],"picked":"Hologram","floor":14.0},{"not_picked":["Fission","Thunder Strike"],"picked":"Core Surge","floor":16.0},{"not_picked":["Go for the Eyes","Steam"],"picked":"Turbo+1","floor":18.0},{"not_picked":["Go for the Eyes+1","Cold Snap"],"picked":"Coolheaded","floor":21.0},{"not_picked":["Streamline","Chill"],"picked":"Seek","floor":22.0},{"not_picked":["Self Repair","Sweeping Beam"],"picked":"Chill","floor":24.0},{"not_picked":["Steam Power","Compile Driver+1"],"picked":"Defragment","floor":25.0},{"not_picked":["Barrage+1","Cold Snap"],"picked":"Sweeping Beam","floor":28.0},{"not_picked":["FTL","Compile Driver"],"picked":"Cold Snap","floor":30.0},{"not_picked":["Buffer","All For One"],"picked":"Machine Learning","floor":33.0},{"not_picked":["Force Field","Heatsinks"],"picked":"Stack","floor":35.0},{"not_picked":["Streamline","Glacier"],"picked":"Turbo","floor":36.0},{"not_picked":["Compile Driver","Force Field"],"picked":"Turbo+1","floor":38.0},{"not_picked":["Static Discharge","Beam Cell+1"],"picked":"Undo+1","floor":39.0},{"not_picked":["Streamline","Barrage"],"picked":"Cold Snap","floor":41.0},{"not_picked":["Go for the Eyes+1","Barrage"],"picked":"Beam Cell+1","floor":44.0},{"not_picked":["Storm","Gash+1"],"picked":"Leap+1","floor":46.0}],"player_experience":148301,"relics_obtained":[{"floor":7.0,"key":"Omamori"},{"floor":9.0,"key":"Strawberry"},{"floor":12.0,"key":"Lantern"},{"floor":17.0,"key":"Bronze Scales"},{"floor":17.0,"key":"Gremlin Horn"},{"floor":17.0,"key":"Ginger"},{"floor":26.0,"key":"Ancient Tea Set"}],"event_choices":[{"damage_healed":0.0,"max_hp_gain":0.0,"max_hp_loss":0.0,"gold_gain":0.0,"event_name":"Nest","player_choice":"Joined the Cult","floor":19.0,"gold_loss":0.0,"damage_taken":6.0,"cards_obtained":["RitualDagger"]},{"damage_healed":0.0,"max_hp_gain":0.0,"max_hp_loss":0.0,"gold_gain":0.0,"event_name":"Addict","player_choice":"Obtained Relic","floor":31.0,"gold_loss":85.0,"damage_taken":0.0,"relics_obtained":["Mummified Hand"]},{"damage_healed":72.0,"max_hp_gain":0.0,"max_hp_loss":10.0,"gold_gain":0.0,"event_name":"The Moai Head","player_choice":"Heal","floor":48.0,"gold_loss":0.0,"damage_taken":0.0}],"is_beta":false,"boss_relics":[{"not_picked":["Cursed Key","Runic Dome"],"picked":"Calling Bell"},{"not_picked":["Inserter","Coffee Dripper"],"picked":"Fusion Hammer"}],"items_purged_floors":[20,37,42],"is_endless":false,"potions_floor_spawned":[1,5,7,10,14,22,24,25,30,35,36,38,46],"killed_by":"Time Eater","ascension_level":0}}