{"host":"i09pxcjttd31eh4q","time":1610126228,"event":{"mods":["AchievementEnabler","BaseMod","Colored Map","Keyboard Shortcuts","Minty Spire (QoL Compilation)","StSLib","SuperFastMode"],"gold_per_floor":[113,113,113,113,188,215,215,247,247,266,283,41,41,71,71,148,148,161,171,171,86,99,99,115,115,139,139,139,153,353,373,373,451,451,469,469,469,469,487,513,34,34,34],"floor_reached":42,"playtime":1248,"items_purged":[],"score":1024,"play_id":"d45a3079-cabd-44fc-b38d-8e3b88414a4b","local_time":"20210109021708","is_ascension_mode":true,"campfire_choices":[{"data":"Dagger Throw","floor":7.0,"key":"SMITH"},{"data":"Neutralize","floor":15.0,"key":"SMITH"},{"floor":23,"key":"REST"},{"data":"Tactician","floor":25,"key":"SMITH"},{"data":"Adrenaline","floor":27,"key":"SMITH"},{"floor":32,"key":"REST"}],"circlet_count":0,"master_deck":["AscendersBane","Strike_G","Strike_G","Strike_G","Defend_G","Defend_G","Defend_G","Defend_G","Survivor","Neutralize+1","Dagger Throw+1","Quick Slash","A Thousand Cuts+1","Well Laid Plans+1","Noxious Fumes+1","Adrenaline+1","Underhanded Strike","Outmaneuver+1","Venomology","Finisher","Tactician+1","Eviscerate+1","Corpse Explosion","Leg Sweep+1","Dash+1"],"relics":["Ring of the Snake","NeowsBlessing","Question Card","Pen Nib","Nunchaku","Frozen Egg 2","Oddly Smooth Stone","HornCleat","Snecko Eye","The Courier","Strawberry","SacredBark","Mummified Hand","MealTicket","PreservedInsect","Ice Cream"],"acts_visited":["Exordium","TheCity","TheBeyond"],"potions_floor_usage":[22,22,22,28,31,33,33,35,35,39,40,40,40,40],"damage_taken":[{"damage":0.0,"enemies":"Jaw Worm","floor":1.0,"turns":1.0},{"damage":0.0,"enemies":"Lagavulin","floor":6.0,"turns":1.0},{"damage":0.0,"enemies":"Gremlin Nob","floor":8.0,"turns":1.0},{"damage":0.0,"enemies":"2 Louse","floor":10.0,"turns":2.0},{"damage":0.0,"enemies":"Cultist","floor":11.0,"turns":3.0},{"damage":9.0,"enemies":"3 Sentries","floor":14.0,"turns":8.0},{"damage":4.0,"enemies":"The Guardian","floor":16.0,"turns":10.0},{"damage":4.0,"enemies":"2 Thieves","floor":18.0,"turns":3.0},{"damage":33.0,"enemies":"3 Byrds","floor":19.0,"turns":5.0},{"damage":14,"enemies":"Snake Plant","floor":22,"turns":5},{"damage":6,"enemies":"3 Cultists","floor":24,"turns":5},{"damage":0,"enemies":"Slavers","floor":28,"turns":1},{"damage":3,"enemies":"Centurion and Healer","floor":29,"turns":6},{"damage":14,"enemies":"Cultist and Chosen","floor":31,"turns":4},{"damage":12,"enemies":"Champ","floor":33,"turns":8},{"damage":0,"enemies":"Orb Walker","floor":35,"turns":3},{"damage":6,"enemies":"3 Shapes","floor":39,"turns":3},{"damage":36,"enemies":"Giant Head","floor":40,"turns":8},{"damage":24,"enemies":"Jaw Worm Horde","floor":42,"turns":1}],"seed_played":"-2806771270099128813","potions_obtained":[{"floor":1.0,"key":"SkillPotion"},{"floor":8.0,"key":"Poison Potion"},{"floor":10.0,"key":"DuplicationPotion"},{"floor":16.0,"key":"Weak Potion"},{"floor":18.0,"key":"EntropicBrew"},{"floor":29,"key":"Strength Potion"},{"floor":33,"key":"EntropicBrew"},{"floor":35,"key":"CunningPotion"}],"is_trial":false,"path_per_floor":["M","?","?","?","?","E","R","E","T","M","M","$","$","E","R","B",null,"M","M","?","?","M","R","M","R","T","R","E","M","?","M","R","B",null,"M","?","?","?","M","E","$","M"],"character_chosen":"THE_SILENT","items_purchased":["Well Laid Plans+1","Oddly Smooth Stone","MealTicket","PreservedInsect","Ice Cream"],"campfire_rested":2,"item_purchase_floors":[12,12,41,41,41],"current_hp_per_floor":[59,59,41,41,30,30,30,30,30,30,30,30,30,21,21,17,54,50,17,17,17,3,22,16,16,23,23,23,20,20,6,27,15,59,59,59,59,59,53,17,17,0,0],"gold":34,"neow_bonus":"THREE_ENEMY_KILL","is_daily":false,"chose_seed":false,"campfire_upgraded":4,"win_rate":0.0,"timestamp":1610126228,"path_taken":["M","?","?","?","?","E","R","E","T","?","M","?","$","E","R","BOSS","M","M","?","?","M","R","M","R","T","R","E","M","?","M","R","BOSS","M","?","?","?","?","E","$","M"],"items_purchased_type":["Card","Relic","Relic","Relic","Relic"],"build_version":"2020-12-22","purchased_purges":0,"victory":false,"max_hp_per_floor":[66,66,66,66,66,66,66,66,66,66,66,66,66,66,66,66,66,66,66,66,66,66,66,66,66,73,73,73,73,73,73,73,73,73,73,73,73,73,73,73,73,73,73],"card_choices":[{"not_picked":["Poisoned Stab","Dagger Spray"],"picked":"Escape Plan","floor":1.0},{"not_picked":["Acrobatics","Storm of Steel","Deflect"],"picked":"Dagger Throw","floor":6.0},{"not_picked":["Deflect","Endless Agony","Deadly Poison"],"picked":"Quick Slash","floor":8.0},{"not_picked":["Riddle With Holes","Dagger Throw","Quick Slash","Poisoned Stab"],"picked":"SKIP","floor":10.0},{"not_picked":["Poisoned Stab","Dagger Throw","Accuracy+1"],"picked":"A Thousand Cuts+1","floor":11.0},{"not_picked":["Acrobatics","Endless Agony","Dagger Spray"],"picked":"Noxious Fumes+1","floor":14.0},{"not_picked":["Venomology","Corpse Explosion","Burst"],"picked":"Adrenaline","floor":16.0},{"not_picked":["Expertise","Dagger Throw","Setup"],"picked":"Underhanded Strike","floor":18.0},{"not_picked":["Sucker Punch","Outmaneuver+1","Dagger Throw","Prepared"],"picked":"SKIP","floor":19.0},{"not_picked":["Sucker Punch","Dagger Throw","Prepared"],"picked":"Outmaneuver+1","floor":19.0},{"not_picked":["Deflect","PiercingWail","Dagger Throw+1","Dodge and Roll"],"picked":"SKIP","floor":22},{"not_picked":["Blade Dance","All Out Attack","Flying Knee"],"picked":"Tactician","floor":24},{"not_picked":["Choke+1","Leg Sweep","Dash"],"picked":"Eviscerate+1","floor":29},{"not_picked":["Prepared","Dagger Spray","Outmaneuver","Slice"],"picked":"SKIP","floor":31},{"not_picked":["Adrenaline","Malaise","Wraith Form v2+1"],"picked":"Corpse Explosion","floor":33},{"not_picked":["Endless Agony+1","Expertise","PiercingWail"],"picked":"Leg Sweep","floor":35},{"not_picked":["Setup+1","Heel Hook","Escape Plan+1","Infinite Blades+1"],"picked":"SKIP","floor":39},{"not_picked":["Cloak And Dagger","Blade Dance","Underhanded Strike"],"picked":"Dash+1","floor":40}],"player_experience":842657,"relics_obtained":[{"floor":6.0,"key":"Pen Nib"},{"floor":8.0,"key":"Nunchaku"},{"floor":9.0,"key":"Frozen Egg 2"},{"floor":14.0,"key":"HornCleat"},{"floor":26,"key":"Strawberry"},{"floor":40,"key":"Mummified Hand"}],"event_choices":[{"damage_healed":0.0,"max_hp_gain":0.0,"max_hp_loss":0.0,"gold_gain":0.0,"event_name":"Liars Game","player_choice":"Ignored","floor":2.0,"gold_loss":0.0,"damage_taken":0.0},{"damage_healed":0.0,"max_hp_gain":0.0,"max_hp_loss":0.0,"gold_gain":0.0,"event_name":"Scrap Ooze","player_choice":"Success","floor":3.0,"gold_loss":0.0,"damage_taken":18.0,"relics_obtained":["Question Card"]},{"cards_removed":["Strike_G"],"damage_healed":0.0,"max_hp_gain":0.0,"max_hp_loss":0.0,"gold_gain":0.0,"event_name":"Living Wall","player_choice":"Forget","floor":4.0,"gold_loss":0.0,"damage_taken":0.0},{"damage_healed":0.0,"max_hp_gain":0.0,"max_hp_loss":0.0,"gold_gain":75.0,"event_name":"World of Goop","player_choice":"Gather Gold","floor":5.0,"gold_loss":0.0,"damage_taken":11.0},{"damage_healed":0.0,"max_hp_gain":0.0,"max_hp_loss":0.0,"gold_gain":0.0,"cards_transformed":["Escape Plan","Strike_G"],"event_name":"Drug Dealer","player_choice":"Became Test Subject","floor":20.0,"gold_loss":0.0,"damage_taken":0.0,"cards_obtained":["Venomology","Finisher"]},{"damage_healed":0.0,"max_hp_gain":0.0,"max_hp_loss":0.0,"gold_gain":0.0,"event_name":"Addict","player_choice":"Obtained Relic","floor":21.0,"gold_loss":85.0,"damage_taken":0.0,"relics_obtained":["The Courier"]},{"damage_healed":0,"gold_gain":200,"player_choice":"Gold","damage_taken":0,"max_hp_gain":0,"max_hp_loss":0,"event_name":"Wheel of Change","floor":30,"gold_loss":0},{"damage_healed":0,"gold_gain":0,"player_choice":"Ignored","damage_taken":0,"max_hp_gain":0,"max_hp_loss":0,"event_name":"Tomb of Lord Red Mask","floor":36,"gold_loss":0},{"cards_removed":["Defend_G"],"damage_healed":0,"gold_gain":0,"player_choice":"Removed Skill","damage_taken":0,"max_hp_gain":0,"max_hp_loss":0,"event_name":"Falling","floor":37,"gold_loss":0},{"damage_healed":0,"gold_gain":0,"player_choice":"Upgraded","damage_taken":0,"max_hp_gain":0,"max_hp_loss":0,"event_name":"Upgrade Shrine","floor":38,"gold_loss":0,"cards_upgraded":["Leg Sweep"]}],"is_beta":false,"boss_relics":[{"not_picked":["Velvet Choker","Astrolabe"],"picked":"Snecko Eye"},{"not_picked":["Calling Bell","Runic Dome"],"picked":"SacredBark"}],"items_purged_floors":[],"is_endless":false,"potions_floor_spawned":[1,8,10,11,16,18,28,29,33,35],"killed_by":"Jaw Worm Horde","ascension_level":20}}