{"host":"m77rrhbqzv44va4v","time":1610126978,"event":{"mods":["AchievementEnabler","BaseMod","Colored Map","DeckTracker","Keyboard Shortcuts","Minty Spire (QoL Compilation)","StSLib","SuperFastMode","everything is the same but u backflip on backflip"],"gold_per_floor":[114,131,143,11,23,51,51,51,51,61,61,61,9,22,22,101,101,116,116,133,148,63,97,97,97,121,137,164,164,164,164],"floor_reached":30,"playtime":737,"items_purged":["Strike_G"],"score":500,"play_id":"d4bc993e-a252-46d4-a23d-69bf351ed814","local_time":"20210109022938","is_ascension_mode":true,"campfire_choices":[{"data":"Noxious Fumes","floor":7,"key":"SMITH"},{"floor":12,"key":"REST"},{"data":"Tools of the Trade","floor":15,"key":"SMITH"},{"floor":25,"key":"REST"},{"floor":29,"key":"REST"}],"circlet_count":0,"master_deck":["AscendersBane","Strike_G","Strike_G","Strike_G","Strike_G","Defend_G","Defend_G","Defend_G","Defend_G","Defend_G","Survivor","Neutralize","Tools of the Trade+1","Footwork+1","Underhanded Strike","Noxious Fumes+1","Bane","Flying Knee","Reflex","Glass Knife","Underhanded Strike","Dagger Throw","Phantasmal Killer","Acrobatics","Reflex","Acrobatics","Backflip","After Image"],"relics":["Ring of the Snake","Meat on the Bone","Kunai","Bottled Lightning","Sozu","Eternal Feather","Ornamental Fan","Dream Catcher","Red Mask"],"acts_visited":["Exordium","TheCity"],"potions_floor_usage":[3,6,10,14,23],"damage_taken":[{"damage":1,"enemies":"Cultist","floor":1,"turns":4},{"damage":0,"enemies":"2 Louse","floor":2,"turns":4},{"damage":1,"enemies":"Jaw Worm","floor":3,"turns":6},{"damage":13,"enemies":"3 Louse","floor":5,"turns":5},{"damage":16,"enemies":"Lagavulin","floor":6,"turns":6},{"damage":20,"enemies":"Large Slime","floor":10,"turns":4},{"damage":0,"enemies":"2 Fungi Beasts","floor":14,"turns":2},{"damage":20,"enemies":"Hexaghost","floor":16,"turns":11},{"damage":27,"enemies":"Shell Parasite","floor":18,"turns":6},{"damage":4,"enemies":"Spheric Guardian","floor":20,"turns":3},{"damage":9,"enemies":"Centurion and Healer","floor":21,"turns":7},{"damage":28,"enemies":"Book of Stabbing","floor":23,"turns":6},{"damage":24,"enemies":"Chosen and Byrds","floor":27,"turns":6},{"damage":34,"enemies":"Masked Bandits","floor":28,"turns":4},{"damage":65,"enemies":"Gremlin Leader","floor":30,"turns":7}],"seed_played":"-4719637945266650446","potions_obtained":[{"floor":1,"key":"GhostInAJar"},{"floor":3,"key":"Poison Potion"},{"floor":6,"key":"LiquidMemories"},{"floor":10,"key":"Fire Potion"},{"floor":14,"key":"BlessingOfTheForge"}],"is_trial":false,"path_per_floor":["M","M","M","$","M","E","R","?","T","M","T","R","$","M","R","B",null,"M","?","M","M","?","E","?","R","T","M","?","R","E"],"character_chosen":"THE_SILENT","items_purchased":["Bane","Underhanded Strike"],"campfire_rested":3,"item_purchase_floors":[4,13],"current_hp_per_floor":[58,58,57,57,44,28,28,28,28,20,20,39,39,39,39,31,57,42,24,32,35,35,19,19,55,55,43,21,57,0,0],"gold":164,"neow_bonus":"ONE_RANDOM_RARE_CARD","is_daily":false,"chose_seed":false,"campfire_upgraded":2,"win_rate":0.0,"timestamp":1610126978,"path_taken":["M","M","M","?","M","E","R","?","T","?","?","R","$","M","R","BOSS","M","?","M","M","?","E","?","R","T","M","?","R","E"],"items_purchased_type":["Card","Card"],"build_version":"2020-12-22","purchased_purges":1,"victory":false,"max_hp_per_floor":[66,66,66,66,66,66,66,66,66,66,66,66,66,66,66,66,66,66,71,71,71,71,71,71,71,71,71,71,71,71,71],"card_choices":[{"not_picked":["Blade Dance","Leg Sweep"],"picked":"Footwork","floor":1},{"not_picked":["Blade Dance","Dagger Throw"],"picked":"Underhanded Strike","floor":2},{"not_picked":["Outmaneuver","Dagger Spray"],"picked":"Noxious Fumes","floor":3},{"not_picked":["Footwork","Concentrate"],"picked":"Flying Knee","floor":5},{"not_picked":["Distraction","Sucker Punch"],"picked":"Reflex","floor":6},{"not_picked":["Deflect","Concentrate"],"picked":"Glass Knife","floor":10},{"not_picked":["Escape Plan","Bane"],"picked":"Dagger Throw","floor":14},{"not_picked":["Unload","Tools of the Trade"],"picked":"Phantasmal Killer","floor":16},{"not_picked":["Finisher","Poisoned Stab"],"picked":"Acrobatics","floor":18},{"not_picked":["Dagger Spray","Endless Agony"],"picked":"Reflex","floor":20},{"not_picked":["Bouncing Flask","Dagger Spray","Concentrate"],"picked":"SKIP","floor":21},{"not_picked":["Blur","Blade Dance"],"picked":"Acrobatics","floor":23},{"not_picked":["Quick Slash","Blade Dance","Bane"],"picked":"SKIP","floor":27},{"not_picked":["Sucker Punch","Poisoned Stab"],"picked":"Backflip","floor":28},{"not_picked":["Flying Knee","Deadly Poison"],"picked":"After Image","floor":29}],"player_experience":915942,"relics_obtained":[{"floor":6,"key":"Meat on the Bone"},{"floor":9,"key":"Kunai"},{"floor":11,"key":"Bottled Lightning"},{"floor":23,"key":"Ornamental Fan"},{"floor":26,"key":"Dream Catcher"},{"floor":28,"key":"Red Mask"}],"event_choices":[{"damage_healed":0,"gold_gain":0,"player_choice":"Forge","damage_taken":0,"max_hp_gain":0,"max_hp_loss":0,"event_name":"Accursed Blacksmith","floor":8,"gold_loss":0,"cards_upgraded":["Footwork"]},{"damage_healed":0,"gold_gain":0,"player_choice":"Shed Blood","damage_taken":23,"max_hp_gain":5,"max_hp_loss":0,"event_name":"Forgotten Altar","floor":19,"gold_loss":0},{"damage_healed":0,"gold_gain":0,"player_choice":"Obtained Relic","damage_taken":0,"relics_obtained":["Eternal Feather"],"max_hp_gain":0,"max_hp_loss":0,"event_name":"Addict","floor":22,"gold_loss":85},{"damage_healed":0,"gold_gain":0,"player_choice":"Ignored","damage_taken":0,"max_hp_gain":0,"max_hp_loss":0,"event_name":"Cursed Tome","floor":24,"gold_loss":0},{"damage_healed":0,"gold_gain":0,"player_choice":"Fought Bandits","damage_taken":0,"max_hp_gain":0,"max_hp_loss":0,"event_name":"Masked Bandits","floor":28,"gold_loss":0}],"is_beta":false,"boss_relics":[{"not_picked":["Ectoplasm","Cursed Key"],"picked":"Sozu"}],"items_purged_floors":[4],"is_endless":false,"potions_floor_spawned":[1,3,6,10,14,18,20,28],"killed_by":"Gremlin Leader","ascension_level":20}}