{"host":"w5ovz9boloi14a0g","time":1610076090,"event":{"mods":["BaseMod","Downfall","Googly Eyes","Minty Spire (QoL Compilation)","StSLib","SuperFastMode"],"gold_per_floor":[99,118,138,151,162,174,174,199,199,199,199,30,30,56,67,67,67,67],"floor_reached":16,"playtime":434,"items_purged":[],"score":112,"play_id":"454776da-90d1-4143-bd5c-d56d1317e0f1","local_time":"20210107212130","is_ascension_mode":false,"campfire_choices":[{"data":"Slimebound:CorrosiveSpit","floor":1,"key":"SMITH"},{"floor":9,"key":"REST"},{"data":"Slimebound:SlimeSlap","floor":11,"key":"SMITH"}],"circlet_count":0,"master_deck":["Slimebound:Strike_Slimebound","Slimebound:Strike_Slimebound","Slimebound:Tackle","Slimebound:Defend_Slimebound","Slimebound:Defend_Slimebound","Slimebound:Defend_Slimebound","Slimebound:Defend_Slimebound","Slimebound:Split","Slimebound:CorrosiveSpit+1","Slimebound:HauntingLick","Slimebound:PressTheAttack","Slimebound:LeechingTouch","Slimebound:Grow","Slimebound:LeechEnergy","Slimebound:SlimeSlap+1","Slimebound:GoopSpray","Slimebound:Repurpose"],"relics":["Slimebound:AbsorbEndCombat","StoneCalendar","Pocketwatch","Darkstone Periapt","Sling","Gambling Chip"],"acts_visited":["Exordium"],"potions_floor_usage":[],"damage_taken":[{"damage":5,"enemies":"2 Louse","floor":2,"turns":2},{"damage":0,"enemies":"Small Slimes","floor":3,"turns":2},{"damage":11,"enemies":"Jaw Worm","floor":4,"turns":3},{"damage":6,"enemies":"Gremlin Gang","floor":5,"turns":5},{"damage":7,"enemies":"Exordium Wildlife","floor":6,"turns":3},{"damage":37,"enemies":"3 Sentries","floor":8,"turns":7},{"damage":16,"enemies":"downfall:FleeingMerchant","floor":12,"turns":4},{"damage":33,"enemies":"Gremlin Nob","floor":14,"turns":4},{"damage":0,"enemies":"3 Louse","floor":15,"turns":2},{"damage":38,"enemies":"downfall:Defect","floor":16,"turns":4}],"seed_played":"5192664306315315783","potions_obtained":[{"floor":5,"key":"hexamod:EctoCoolerPotion"},{"floor":14,"key":"SteroidPotion"}],"is_trial":false,"path_per_floor":["R","M","M","M","M","M","T","E","R","?","R","$","?","E","M","B"],"character_chosen":"SLIMEBOUND","items_purchased":["Sling"],"campfire_rested":1,"item_purchase_floors":[12],"current_hp_per_floor":[60,59,60,59,60,60,60,29,47,47,47,41,41,18,22,0,0,0],"gold":67,"neow_bonus":"ONE_RARE_RELIC","is_daily":false,"chose_seed":false,"campfire_upgraded":2,"win_rate":0.0,"timestamp":1610076090,"path_taken":["R","M","M","M","M","M","T","E","R","?","R","$","?","E","M","BOSS"],"items_purchased_type":["Relic"],"build_version":"2020-12-22","purchased_purges":0,"victory":false,"max_hp_per_floor":[60,60,60,60,60,60,60,60,60,60,60,60,60,60,60,60,60,60],"card_choices":[{"not_picked":["Slimebound:GrowthPunch","Slimebound:Schlurp"],"picked":"Slimebound:HauntingLick","floor":2},{"not_picked":["Slimebound:FirmFortitude","Slimebound:Prepare"],"picked":"Slimebound:PressTheAttack","floor":3},{"not_picked":["Slimebound:Schlurp","Slimebound:SlimeSpikes"],"picked":"Slimebound:LeechingTouch","floor":4},{"not_picked":["Slimebound:LeechingTouch","Slimebound:SplitMire"],"picked":"Slimebound:Grow","floor":5},{"not_picked":["Slimebound:LeechingTouch","Slimebound:Nibble"],"picked":"Slimebound:LeechEnergy","floor":6},{"not_picked":["Slimebound:FirmFortitude","Slimebound:LeechingTouch"],"picked":"Slimebound:SlimeSlap","floor":8},{"not_picked":["Slimebound:GrowthPunch","Slimebound:SplitLeeching"],"picked":"Slimebound:GoopSpray","floor":12},{"not_picked":["Slimebound:SlimeBrawl","Slimebound:Equalize","Slimebound:FormOfPuddle"],"picked":"SKIP","floor":14},{"not_picked":["Slimebound:GoopSpray","Slimebound:Schlurp"],"picked":"Slimebound:Repurpose","floor":15}],"player_experience":66290,"relics_obtained":[{"floor":7,"key":"Pocketwatch"},{"floor":8,"key":"Darkstone Periapt"},{"floor":14,"key":"Gambling Chip"}],"event_choices":[{"cards_removed":["Regret"],"damage_healed":0,"gold_gain":0,"player_choice":"Card Removal","damage_taken":0,"max_hp_gain":0,"max_hp_loss":0,"event_name":"The Cleric","floor":13,"gold_loss":0}],"is_beta":false,"boss_relics":[],"items_purged_floors":[],"is_endless":false,"potions_floor_spawned":[5,14],"killed_by":"downfall:Defect","ascension_level":0}}