{"host":"ockkdcgl3b18tfz9","time":1610098712,"event":{"mods":["2.2 Compatiblity","BaseMod","Better Skull","Better Third Choice","BetterRewards","Hermit","Minty Spire (QoL Compilation)","Quick Restart","Replay The Spire","Spicy Shops","StSLib","SuperFastMode","The Jungle"],"gold_per_floor":[114,128,90,27,202,202,230,230,230,249,260,316,316,329,329,329,329],"floor_reached":16,"playtime":342,"items_purged":["Strike_G"],"score":195,"play_id":"d6862e77-cc75-42c8-83cd-54186017266e","local_time":"20210108163832","is_ascension_mode":true,"campfire_choices":[{"floor":6,"key":"REST"},{"data":"Footwork","floor":8,"key":"SMITH"},{"data":"Cloak And Dagger","floor":15,"key":"SMITH"}],"circlet_count":0,"master_deck":["Strike_G","Strike_G","Strike_G","Defend_G","Defend_G","Defend_G","Defend_G","Defend_G","Survivor","Neutralize","Cloak And Dagger+1","PiercingWail","Sucker Punch","Dagger Spray","Infinite Blades","Quick Slash","ReplayTheSpireMod:Private Reserves","Backstab","Footwork+1","Acrobatics","Doubt","Backflip","Crippling Poison+1","Blade Dance+1","Pot Of Greed+1","Pot Of Greed+1","Pot Of Greed+1","Bouncing Flask+1"],"relics":["Ring of the Snake","BargainBundle","betterThird:SlimedRelic","The Courier","Toxic Egg 2","Grinning Jar"],"acts_visited":["Exordium"],"potions_floor_usage":[],"damage_taken":[{"damage":0,"enemies":"Cultist","floor":1,"turns":4},{"damage":0,"enemies":"2 Louse","floor":2,"turns":2},{"damage":7,"enemies":"3 Sentries","floor":7,"turns":7},{"damage":0,"enemies":"Jaw Worm","floor":10,"turns":3},{"damage":3,"enemies":"Large Slime","floor":11,"turns":5},{"damage":2,"enemies":"3 Louse","floor":14,"turns":2},{"damage":39,"enemies":"Slime Boss","floor":16,"turns":9}],"seed_played":"-1084730173528215434","potions_obtained":[{"floor":10,"key":"Venom Potion"}],"is_trial":false,"path_per_floor":["M","M","?","$","?","R","E","R","T","M","M","?","?","M","R","B"],"character_chosen":"THE_SILENT","items_purchased":["BargainBundle","Cloak And Dagger","PiercingWail","Sucker Punch","Dagger Spray","Infinite Blades","ReplayTheSpireMod:Private Reserves","Acrobatics"],"campfire_rested":1,"item_purchase_floors":[0,0,0,0,0,0,0,4],"current_hp_per_floor":[54,54,43,43,43,64,57,57,57,57,54,54,54,52,52,13,13],"gold":329,"neow_bonus":"","is_daily":false,"chose_seed":false,"campfire_upgraded":2,"win_rate":0.0,"timestamp":1610098712,"path_taken":["M","?","?","$","?","R","E","R","T","M","M","?","?","M","R","BOSS"],"items_purchased_type":["Relic","Card","Card","Card","Card","Card","Card","Card"],"build_version":"2020-12-22","purchased_purges":1,"victory":false,"max_hp_per_floor":[70,70,70,70,70,70,70,70,70,70,70,70,70,70,70,70,70],"card_choices":[{"not_picked":["PiercingWail","ReplayTheSpireMod:Speed Training"],"picked":"Backstab","floor":1},{"not_picked":["Flying Knee","Acrobatics"],"picked":"Footwork","floor":2},{"not_picked":["Backstab","Tactician"],"picked":"Backflip","floor":7},{"not_picked":["Backflip+1","Deflect+1"],"picked":"Crippling Poison+1","floor":10},{"not_picked":["Backflip+1","Poisoned Stab"],"picked":"Blade Dance+1","floor":11},{"not_picked":["Noxious Fumes","Concentrate+1"],"picked":"Bouncing Flask+1","floor":14}],"player_experience":254118,"relics_obtained":[{"floor":7,"key":"The Courier"},{"floor":9,"key":"Toxic Egg 2"}],"event_choices":[{"damage_healed":0,"gold_gain":0,"player_choice":"Slimed","damage_taken":11,"max_hp_gain":0,"max_hp_loss":0,"event_name":"betterThird:BetterGoop","floor":3,"gold_loss":38},{"damage_healed":0,"gold_gain":175,"player_choice":"AGREE","damage_taken":27,"max_hp_gain":0,"max_hp_loss":0,"event_name":"betterThird:BetterSerpent","floor":5,"gold_loss":0},{"damage_healed":0,"gold_gain":56,"player_choice":"Gained Gold","damage_taken":0,"max_hp_gain":0,"max_hp_loss":0,"event_name":"Golden Wing","floor":12,"gold_loss":0},{"damage_healed":0,"gold_gain":0,"player_choice":"Gave Potion","damage_taken":0,"relics_obtained":["Grinning Jar"],"max_hp_gain":0,"max_hp_loss":0,"event_name":"WeMeetAgain","floor":13,"gold_loss":0}],"is_beta":false,"boss_relics":[],"items_purged_floors":[0],"is_endless":false,"potions_floor_spawned":[10],"killed_by":"Slime Boss","ascension_level":6}}