{"host":"fjaupvxe7fzqrf4j","time":1610089439,"event":{"mods":["ATMod(°¢èªMod)","BaseMod","Minty Spire (QoL Compilation)","StSLib"],"gold_per_floor":[118,43,43,118,118,157,198,242,265,99,138,138,172,207,207,296,296,319,319,59,72,122,163,194,232,232,273,148,188,222,258,258,352,352,365,27,27,97,430,562,690,822,890,1024,378,508,643,775,775,975,1175,1175,1175,170,405,505],"floor_reached":57,"playtime":1302,"items_purged":["Dodge and Roll","Underhanded Strike","Prepared","Underhanded Strike","Expertise"],"score":4981,"play_id":"cfdeb1ee-05ac-4443-9580-1c3c08e12eba","local_time":"20210108150359","daily_mods":["SealedDeck","Heirloom","Time Dilation","Flight","Elite Swarm"],"is_ascension_mode":true,"campfire_choices":[{"data":"AT_KingSlayer","floor":15,"key":"SMITH"},{"data":"Adrenaline","floor":32,"key":"SMITH"},{"floor":49,"key":"RECALL"},{"data":"Backflip","floor":53,"key":"PURGE"}],"circlet_count":0,"master_deck":["AscendersBane","PiercingWail","Prepared+1","Escape Plan+1","Backflip","Tactician+1","After Image","AT_KingSlayer+1","Adrenaline+1","Reflex+1","Grand Finale+1","Doppelganger+1","AT_ShadowStep+1","Malaise","Concentrate+1"],"relics":["Ring of the Snake","AT_ATBox","Calipers","AT_PhaseBoots","Question Card","Juzu Bracelet","Chemical X","StoneCalendar","TungstenRod","Torii","HoveringKite","AT_BladeRuinedKing","Unceasing Top","CaptainsWheel","Toy Ornithopter","War Paint","Du-Vu Doll","Snake Skull","AT_SilvercatRing","CeramicFish","Black Star","AT_TheCollector","Mango","Ice Cream","AT_SunfireAegis","Ancient Tea Set","Shuriken","Peace Pipe","AT_Kusabimaru","Happy Flower","AT_Manta","Medical Kit","Bottled Lightning","Whetstone","Mercury Hourglass","AT_GoldPhoenixTree","Bird Faced Urn","Strawberry","White Beast Statue","Lizard Tail","Sling","Incense Burner","AT_RabadonDeathcap"],"acts_visited":["Exordium","TheCity","TheBeyond","TheEnding"],"potions_floor_usage":[56],"damage_taken":[{"damage":0.0,"enemies":"Small Slimes","floor":1.0,"turns":1.0},{"damage":0.0,"enemies":"Lagavulin","floor":6.0,"turns":2.0},{"damage":0.0,"enemies":"Gremlin Nob","floor":7.0,"turns":2.0},{"damage":0.0,"enemies":"Lagavulin","floor":8.0,"turns":2.0},{"damage":0,"enemies":"Gremlin Nob","floor":11,"turns":1},{"damage":0,"enemies":"Lagavulin","floor":13,"turns":2},{"damage":0,"enemies":"3 Sentries","floor":14,"turns":4},{"damage":0,"enemies":"Hexaghost","floor":16,"turns":2},{"damage":0,"enemies":"2 Thieves","floor":18,"turns":1},{"damage":0,"enemies":"Chosen","floor":21,"turns":1},{"damage":0,"enemies":"Gremlin Leader","floor":23,"turns":1},{"damage":0,"enemies":"Book of Stabbing","floor":24,"turns":1},{"damage":0,"enemies":"Slavers","floor":25,"turns":1},{"damage":0,"enemies":"Gremlin Leader","floor":27,"turns":1},{"damage":0,"enemies":"Book of Stabbing","floor":29,"turns":1},{"damage":0,"enemies":"Slavers","floor":30,"turns":1},{"damage":0,"enemies":"Gremlin Leader","floor":31,"turns":1},{"damage":0,"enemies":"Automaton","floor":33,"turns":1},{"damage":0,"enemies":"3 Shapes","floor":35,"turns":1},{"damage":0,"enemies":"2 Orb Walkers","floor":38,"turns":1},{"damage":0,"enemies":"Giant Head","floor":40,"turns":1},{"damage":0,"enemies":"Reptomancer","floor":41,"turns":1},{"damage":0,"enemies":"Nemesis","floor":42,"turns":1},{"damage":0,"enemies":"Reptomancer","floor":44,"turns":1},{"damage":0,"enemies":"Giant Head","floor":46,"turns":1},{"damage":0,"enemies":"Reptomancer","floor":47,"turns":1},{"damage":0,"enemies":"Giant Head","floor":48,"turns":1},{"damage":0,"enemies":"Awakened One","floor":50,"turns":2},{"damage":0,"enemies":"Donu and Deca","floor":51,"turns":1},{"damage":0,"enemies":"Shield and Spear","floor":55,"turns":1},{"damage":0,"enemies":"The Heart","floor":56,"turns":4}],"seed_played":"-3784781038004562130","potions_obtained":[{"floor":16,"key":"SteroidPotion"},{"floor":27,"key":"PowerPotion"}],"is_trial":true,"path_per_floor":["M","$","?","?","?","E","E","E","T","$","E","?","E","E","R","B",null,"M","?","$","M","?","E","E","E","T","E","$","E","E","E","R","B",null,"M","$","?","?","?","E","E","E","T","E","$","E","E","E","R","B","B",null,"R","$","E","B",null],"character_chosen":"THE_SILENT","items_purchased":["Chemical X","AT_BladeRuinedKing","AT_TheCollector","Medical Kit","Bottled Lightning","Concentrate","White Beast Statue","Lizard Tail","Sling","GamblersBrew"],"campfire_rested":0,"item_purchase_floors":[10,20,36,45,45,45,54,54,54,54],"current_hp_per_floor":[59,59,59,48,25,25,25,25,25,25,25,25,25,25,25,25,56,56,56,56,56,56,56,56,56,56,56,56,56,56,56,56,56,64,64,64,63,77,77,77,77,77,77,77,77,77,77,84,84,84,84,84,84,84,84,84],"gold":505,"neow_bonus":"","is_daily":false,"chose_seed":false,"campfire_upgraded":2,"win_rate":0.0,"timestamp":1610089439,"path_taken":["M","$","?","?","?","E","E","E","T","$","E","?","E","E","R","BOSS","M","?","$","M","?","E","E","E","T","E","$","E","E","E","R","BOSS","M","?","?","?","?","E","E","E","T","E","$","E","E","E","R","BOSS","BOSS","R","$","E","BOSS"],"items_purchased_type":["Relic","Relic","Relic","Relic","Relic","Card","Relic","Relic","Relic","Potion"],"build_version":"2020-12-22","purchased_purges":5,"victory":true,"max_hp_per_floor":[66,66,66,66,66,66,66,66,66,66,66,66,66,66,66,66,66,66,66,66,66,66,66,66,66,66,66,66,66,66,66,66,66,66,66,66,63,77,77,77,77,77,77,77,77,77,77,84,84,84,84,84,84,84,84,84],"card_choices":[{"not_picked":["Deadly Poison","Dodge and Roll","PiercingWail"],"picked":"SKIP","floor":1.0},{"not_picked":["Night Terror","Venomology"],"picked":"After Image","floor":6.0},{"not_picked":["Phantasmal Killer","AT_EssenceShift"],"picked":"AT_KingSlayer","floor":7.0},{"not_picked":["Tools of the Trade","Night Terror","After Image"],"picked":"Adrenaline","floor":8},{"not_picked":["Night Terror","Unload","Bullet Time","Adrenaline"],"picked":"SKIP","floor":11},{"not_picked":["After Image","Envenom","Unload","AT_MyraUnstableElement"],"picked":"SKIP","floor":13},{"not_picked":["Venomology","Adrenaline","A Thousand Cuts","Night Terror"],"picked":"SKIP","floor":14},{"not_picked":["Prepared","Dodge and Roll","Sucker Punch"],"picked":"Reflex","floor":18},{"not_picked":["Bane","Quick Slash","Dagger Spray"],"picked":"Expertise","floor":21},{"not_picked":["Night Terror","AT_EssenceShift","Malaise"],"picked":"Grand Finale","floor":23},{"not_picked":["Venomology","Envenom","Burst","After Image"],"picked":"SKIP","floor":24},{"not_picked":["Venomology","Grand Finale","Night Terror","Doppelganger"],"picked":"SKIP","floor":25},{"not_picked":["Venomology","Grand Finale","Night Terror"],"picked":"Doppelganger","floor":25},{"not_picked":["Envenom","AT_MyraUnstableElement","Bullet Time","Unload"],"picked":"SKIP","floor":27},{"not_picked":["Night Terror","Venomology","Storm of Steel","Die Die Die"],"picked":"SKIP","floor":29},{"not_picked":["Doppelganger","Storm of Steel","AT_KingSlayer","Unload"],"picked":"SKIP","floor":30},{"not_picked":["Wraith Form v2","Venomology","AT_MyraUnstableElement","AT_EssenceShift"],"picked":"SKIP","floor":31},{"not_picked":["Underhanded Strike+1","AT_WindFlip","AT_WomanClash","Poisoned Stab"],"picked":"SKIP","floor":35},{"not_picked":["Slice","AT_ThistleTea","Poisoned Stab"],"picked":"AT_ShadowStep+1","floor":38},{"not_picked":["Unload","Envenom","Malaise","Wraith Form v2"],"picked":"SKIP","floor":40},{"not_picked":["A Thousand Cuts","Malaise","After Image","Envenom"],"picked":"SKIP","floor":41},{"not_picked":["Adrenaline","Wraith Form v2","Die Die Die","Glass Knife"],"picked":"SKIP","floor":42},{"not_picked":["Malaise","After Image","AT_KingSlayer","Envenom"],"picked":"SKIP","floor":44},{"not_picked":["After Image","AT_KingSlayer","Envenom"],"picked":"Malaise","floor":44},{"not_picked":["A Thousand Cuts","Phantasmal Killer","AT_MyraUnstableElement","AT_KingSlayer"],"picked":"SKIP","floor":46},{"not_picked":["Phantasmal Killer","Envenom","Bullet Time","Doppelganger"],"picked":"SKIP","floor":47},{"not_picked":["AT_EssenceShift","AT_MyraUnstableElement","Envenom","Grand Finale"],"picked":"SKIP","floor":48},{"not_picked":["A Thousand Cuts","Phantasmal Killer","Venomology","Night Terror"],"picked":"SKIP","floor":55}],"player_experience":366433,"relics_obtained":[{"floor":6.0,"key":"AT_SpeedBoots"},{"floor":7.0,"key":"Question Card"},{"floor":9,"key":"Juzu Bracelet"},{"floor":11,"key":"StoneCalendar"},{"floor":13,"key":"TungstenRod"},{"floor":14,"key":"Torii"},{"floor":23,"key":"Unceasing Top"},{"floor":24,"key":"CaptainsWheel"},{"floor":25,"key":"Toy Ornithopter"},{"floor":26,"key":"War Paint"},{"floor":27,"key":"Du-Vu Doll"},{"floor":29,"key":"Snake Skull"},{"floor":30,"key":"AT_SilvercatRing"},{"floor":31,"key":"CeramicFish"},{"floor":38,"key":"Mango"},{"floor":40,"key":"Ice Cream"},{"floor":40,"key":"AT_SunfireAegis"},{"floor":41,"key":"Ancient Tea Set"},{"floor":41,"key":"Shuriken"},{"floor":42,"key":"Peace Pipe"},{"floor":42,"key":"AT_Kusabimaru"},{"floor":44,"key":"Happy Flower"},{"floor":44,"key":"AT_Manta"},{"floor":46,"key":"Whetstone"},{"floor":47,"key":"Mercury Hourglass"},{"floor":47,"key":"AT_GoldPhoenixTree"},{"floor":48,"key":"Bird Faced Urn"},{"floor":48,"key":"Strawberry"},{"floor":55,"key":"Incense Burner"},{"floor":55,"key":"AT_RabadonDeathcap"}],"event_choices":[{"damage_healed":0.0,"max_hp_gain":0.0,"max_hp_loss":0.0,"gold_gain":0.0,"event_name":"Living Wall","player_choice":"Grow","floor":3.0,"gold_loss":0.0,"damage_taken":0.0,"cards_upgraded":["Tactician"]},{"damage_healed":0.0,"max_hp_gain":0.0,"max_hp_loss":0.0,"gold_gain":75.0,"event_name":"World of Goop","player_choice":"Gather Gold","floor":4.0,"gold_loss":0.0,"damage_taken":11.0},{"damage_healed":0.0,"max_hp_gain":0.0,"max_hp_loss":0.0,"gold_gain":0.0,"event_name":"Golden Idol","player_choice":"Take Damage","floor":5.0,"gold_loss":0.0,"damage_taken":23.0,"relics_obtained":["Golden Idol"]},{"damage_healed":0,"gold_gain":0,"player_choice":"Ignored","damage_taken":0,"max_hp_gain":0,"max_hp_loss":0,"event_name":"Liars Game","floor":12,"gold_loss":0},{"damage_healed":0,"gold_gain":0,"player_choice":"Ignored","damage_taken":0,"max_hp_gain":0,"max_hp_loss":0,"event_name":"Vampires","floor":19,"gold_loss":0},{"damage_healed":0,"gold_gain":50,"player_choice":"Pray","damage_taken":0,"max_hp_gain":0,"max_hp_loss":0,"event_name":"Golden Shrine","floor":22,"gold_loss":0},{"damage_healed":0,"gold_gain":0,"player_choice":"Max HP","damage_taken":0,"max_hp_gain":0,"max_hp_loss":3,"event_name":"Winding Halls","floor":37,"gold_loss":0},{"damage_healed":0,"gold_gain":0,"player_choice":"Fight","damage_taken":0,"max_hp_gain":0,"max_hp_loss":0,"event_name":"Mysterious Sphere","floor":38,"gold_loss":0},{"damage_healed":0,"gold_gain":333,"player_choice":"Gave Idol","damage_taken":0,"max_hp_gain":0,"max_hp_loss":0,"event_name":"The Moai Head","floor":39,"relics_lost":["Golden Idol"],"gold_loss":0}],"is_beta":false,"boss_relics":[{"not_picked":["Ring of the Serpent","Tiny House"],"picked":"HoveringKite"},{"not_picked":["Calling Bell","Coffee Dripper"],"picked":"Black Star"}],"items_purged_floors":[2,20,28,45,54],"is_endless":false,"potions_floor_spawned":[13,14,16,27,29,30,35,42,46,55],"ascension_level":20}}