{"host":"zdhcon9z6t4xbcdl","time":1610134448,"event":{"mods":["BaseMod","Minty Spire (QoL Compilation)"],"gold_per_floor":[109,128,128,53,73,104,104,122,149,149,149,149,161,188,188,284,284,304,304,324,343,358,385,385,385,409,409,409,409],"floor_reached":28,"playtime":2227,"items_purged":["Strike_B"],"score":248,"play_id":"3d5471f4-49ca-47e4-a096-09dcc6ad0008","local_time":"20210108193408","is_ascension_mode":false,"campfire_choices":[{"data":"Zap","floor":7,"key":"SMITH"},{"data":"1","floor":10,"key":"LIFT"},{"data":"2","floor":12,"key":"LIFT"},{"data":"Defragment","floor":15,"key":"SMITH"},{"data":"Capacitor","floor":24,"key":"SMITH"}],"circlet_count":0,"master_deck":["Strike_B","Defend_B+1","Defend_B+1","Defend_B","Zap+1","Dualcast","Compile Driver","Gash","Chill","Gash","Skim","Defend_G","Ball Lightning","Defragment+1","Amplify","Cold Snap","Capacitor+1","Go for the Eyes","Gash","Barrage","Necronomicurse","Writhe"],"relics":["FrozenCore","Girya","Ancient Tea Set","War Paint","Juzu Bracelet","Gremlin Horn","Necronomicon","MealTicket","Shuriken"],"acts_visited":["Exordium","TheCity"],"potions_floor_usage":[16,16],"damage_taken":[{"damage":1,"enemies":"Jaw Worm","floor":1,"turns":3},{"damage":0,"enemies":"Cultist","floor":2,"turns":2},{"damage":7,"enemies":"2 Louse","floor":5,"turns":2},{"damage":17,"enemies":"3 Sentries","floor":6,"turns":9},{"damage":4,"enemies":"Exordium Thugs","floor":8,"turns":4},{"damage":0,"enemies":"Red Slaver","floor":13,"turns":2},{"damage":8,"enemies":"Lagavulin","floor":14,"turns":3},{"damage":19,"enemies":"The Guardian","floor":16,"turns":6},{"damage":11,"enemies":"2 Thieves","floor":18,"turns":4},{"damage":0,"enemies":"Chosen","floor":20,"turns":4},{"damage":0,"enemies":"Snecko","floor":21,"turns":7},{"damage":0,"enemies":"Centurion and Healer","floor":22,"turns":8},{"damage":29,"enemies":"Slavers","floor":23,"turns":8},{"damage":13,"enemies":"Cultist and Chosen","floor":28,"turns":4}],"seed_played":"-7008752912380974099","potions_obtained":[{"floor":6,"key":"PowerPotion"},{"floor":14,"key":"FocusPotion"},{"floor":16,"key":"FearPotion"},{"floor":18,"key":"Dexterity Potion"},{"floor":20,"key":"Weak Potion"}],"is_trial":false,"path_per_floor":["M","M","?","$","M","E","R","M","T","R","?","R","M","E","R","B",null,"M","?","M","M","M","E","R","?","T","?","M"],"character_chosen":"DEFECT","items_purchased":[],"campfire_rested":0,"item_purchase_floors":[],"current_hp_per_floor":[67,67,67,67,60,43,43,39,39,39,39,39,39,31,31,12,68,57,57,57,57,57,28,28,12,12,12,0,0],"gold":409,"neow_bonus":"ONE_RARE_RELIC","is_daily":false,"chose_seed":false,"campfire_upgraded":3,"win_rate":0.0,"timestamp":1610134448,"path_taken":["M","M","?","$","M","E","R","?","T","R","?","R","M","E","R","BOSS","M","?","M","M","M","E","R","?","T","?","M"],"items_purchased_type":[],"build_version":"2020-12-22","purchased_purges":1,"victory":false,"max_hp_per_floor":[68,68,68,68,68,68,68,68,68,68,68,68,68,68,68,68,68,68,68,68,68,68,68,68,68,68,68,68,68],"card_choices":[{"not_picked":["Steam","Blizzard"],"picked":"Compile Driver","floor":1},{"not_picked":["Leap","Beam Cell"],"picked":"Gash","floor":2},{"not_picked":["Reprogram","Rip and Tear"],"picked":"Chill","floor":5},{"not_picked":["White Noise","Cold Snap"],"picked":"Gash","floor":6},{"not_picked":["Chaos","Redo"],"picked":"Skim","floor":8},{"not_picked":["Genetic Algorithm","Coolheaded"],"picked":"Ball Lightning","floor":13},{"not_picked":["Double Energy","Go for the Eyes"],"picked":"Defragment","floor":14},{"not_picked":["Electrodynamics","All For One"],"picked":"Amplify","floor":16},{"not_picked":["Conserve Battery","Hologram"],"picked":"Cold Snap","floor":18},{"not_picked":["Self Repair","Compile Driver"],"picked":"Capacitor","floor":20},{"not_picked":["Auto Shields","Leap"],"picked":"Go for the Eyes","floor":21},{"not_picked":["Steam","Leap"],"picked":"Gash","floor":22},{"not_picked":["Rebound","Machine Learning"],"picked":"Barrage","floor":23}],"player_experience":30459,"relics_obtained":[{"floor":6,"key":"Ancient Tea Set"},{"floor":9,"key":"War Paint"},{"floor":14,"key":"Juzu Bracelet"},{"floor":23,"key":"Gremlin Horn"},{"floor":25,"key":"Necronomicon"},{"floor":26,"key":"MealTicket"}],"event_choices":[{"cards_removed":["Strike_B"],"damage_healed":0,"gold_gain":0,"player_choice":"Purged","damage_taken":0,"max_hp_gain":0,"max_hp_loss":0,"event_name":"Purifier","floor":3,"gold_loss":0},{"cards_removed":["Defend_B"],"damage_healed":0,"gold_gain":0,"player_choice":"Took Card","damage_taken":0,"max_hp_gain":0,"max_hp_loss":0,"event_name":"NoteForYourself","floor":11,"gold_loss":0,"cards_obtained":["Defend_G"]},{"cards_removed":["Strike_B"],"damage_healed":0,"gold_gain":0,"player_choice":"Purged","damage_taken":0,"max_hp_gain":0,"max_hp_loss":0,"event_name":"Purifier","floor":19,"gold_loss":0},{"damage_healed":0,"gold_gain":0,"player_choice":"Obtained Book","damage_taken":16,"max_hp_gain":0,"max_hp_loss":0,"event_name":"Cursed Tome","floor":25,"gold_loss":0},{"damage_healed":0,"gold_gain":0,"player_choice":"Opened","damage_taken":0,"relics_obtained":["Shuriken"],"max_hp_gain":0,"max_hp_loss":0,"event_name":"The Mausoleum","floor":27,"gold_loss":0,"cards_obtained":["Writhe"]}],"is_beta":false,"boss_relics":[{"not_picked":["Black Star","Philosopher\u0027s Stone"],"picked":"FrozenCore"}],"items_purged_floors":[4],"is_endless":false,"potions_floor_spawned":[6,14,16,18,20,21],"killed_by":"Cultist and Chosen","ascension_level":0}}