{"host":"ds1yr10zonoc6w4a","time":1610088700,"event":{"mods":["BaseMod","Better Match","Better Third Choice","BetterRewards","Minty Spire (QoL Compilation)","StSLib","The Animator"],"gold_per_floor":[113,144,69,69,69,107,32,32,32],"floor_reached":8,"playtime":306,"items_purged":["animator:Strike"],"score":146,"play_id":"4b35a065-7e9a-4fb7-bcf3-934d9a378979","local_time":"20210107235140","is_ascension_mode":true,"campfire_choices":[],"circlet_count":0,"master_deck":["AscendersBane","animator:Strike_OwariNoSeraph","animator:Defend_OwariNoSeraph","animator:Strike","animator:Defend","animator:Defend","animator:Defend","animator:Shinoa","animator:Mikaela","animator:Raven","animator:DolaRiku","animator:Yoichi"],"relics":["animator:LivingPicture","animator:TheMissingPiece","animator:PurgingStone","NeowsBlessing","Lantern","animator:Mistletoe","animator:Hoodie"],"acts_visited":["Exordium"],"potions_floor_usage":[],"damage_taken":[{"damage":0,"enemies":"Small Slimes","floor":1,"turns":1},{"damage":0,"enemies":"2 Louse","floor":2,"turns":1},{"damage":0,"enemies":"Lagavulin","floor":6,"turns":1},{"damage":62,"enemies":"Gremlin Nob","floor":8,"turns":4}],"seed_played":"-5050785150152731422","potions_obtained":[{"floor":2,"key":"animator:GrowthPotion"}],"is_trial":false,"path_per_floor":["M","M","?","?","?","E","$","E"],"character_chosen":"THE_ANIMATOR","items_purchased":[],"campfire_rested":0,"item_purchase_floors":[],"current_hp_per_floor":[54,54,54,36,36,36,36,0,0],"gold":32,"neow_bonus":"THREE_ENEMY_KILL","is_daily":false,"chose_seed":false,"campfire_upgraded":0,"win_rate":0.0,"timestamp":1610088700,"path_taken":["M","M","?","?","?","E","$","E"],"items_purchased_type":[],"build_version":"2020-12-22","purchased_purges":1,"victory":false,"max_hp_per_floor":[60,60,60,60,60,60,60,60,60],"card_choices":[{"not_picked":["animator:ElricAlphonse","animator:RoyMustang"],"picked":"animator:Raven","floor":1},{"not_picked":["animator:Elsword","animator:Genos"],"picked":"animator:DolaRiku","floor":2},{"not_picked":["animator:FielNirvalen","animator:Nanami"],"picked":"animator:Yoichi","floor":6}],"player_experience":690439,"relics_obtained":[{"floor":6,"key":"animator:Hoodie"}],"event_choices":[{"cards_removed":["animator:Strike"],"damage_healed":0,"gold_gain":0,"player_choice":"Card Removal","damage_taken":0,"max_hp_gain":0,"max_hp_loss":0,"event_name":"The Cleric","floor":3,"gold_loss":75},{"damage_healed":0,"gold_gain":0,"player_choice":"Relic ","damage_taken":18,"max_hp_gain":0,"max_hp_loss":0,"event_name":"betterThird:BetterScrap","floor":4,"gold_loss":0,"cards_obtained":["Perseverance"]},{"damage_healed":0,"gold_gain":0,"player_choice":"Gave Potion","damage_taken":0,"relics_obtained":["animator:Mistletoe"],"max_hp_gain":0,"max_hp_loss":0,"event_name":"WeMeetAgain","floor":5,"gold_loss":0}],"is_beta":false,"boss_relics":[],"items_purged_floors":[7],"is_endless":false,"potions_floor_spawned":[2],"killed_by":"Gremlin Nob","ascension_level":17}}