{"host":"3imo7wsdyu7efakj","time":1610113702,"event":{"mods":["BaseMod","Minty Spire (QoL Compilation)","Quick Restart","StSLib","The Alterego"],"gold_per_floor":[116,128,203,203,216,216,216],"floor_reached":6,"playtime":579,"items_purged":[],"score":36,"play_id":"6e66e08c-1c62-4536-8ca4-4a0c3eb00729","local_time":"20210108214822","is_ascension_mode":false,"campfire_choices":[],"circlet_count":0,"master_deck":["alterego_mod:Strike","alterego_mod:Strike","alterego_mod:Strike","alterego_mod:Strike","alterego_mod:Defend","alterego_mod:Defend","alterego_mod:Defend","alterego_mod:Impale","alterego_mod:BigMeatyClaws","alterego_mod:BrynhildrsRune","alterego_mod:TrashNCrash","alterego_mod:Santa","alterego_mod:Valentines"],"relics":["alterego_mod:MasochisticConstitution","NeowsBlessing"],"acts_visited":["Exordium"],"potions_floor_usage":[6],"damage_taken":[{"damage":2,"enemies":"2 Louse","floor":1,"turns":2},{"damage":3,"enemies":"Small Slimes","floor":2,"turns":2},{"damage":6,"enemies":"Cultist","floor":5,"turns":3},{"damage":61,"enemies":"3 Sentries","floor":6,"turns":7}],"seed_played":"-8856149492250553779","potions_obtained":[{"floor":5,"key":"Block Potion"}],"is_trial":false,"path_per_floor":["M","M","?","?","M","E"],"character_chosen":"The_Alterego","items_purchased":[],"campfire_rested":0,"item_purchase_floors":[],"current_hp_per_floor":[69,67,56,56,58,0,0],"gold":216,"neow_bonus":"THREE_ENEMY_KILL","is_daily":false,"chose_seed":false,"campfire_upgraded":0,"win_rate":0.0,"timestamp":1610113702,"path_taken":["M","M","?","?","M","E"],"items_purchased_type":[],"build_version":"2020-12-22","purchased_purges":0,"victory":false,"max_hp_per_floor":[71,72,72,72,73,73,73],"card_choices":[{"not_picked":["alterego_mod:PerceptionDisorder","alterego_mod:Nekomimi"],"picked":"alterego_mod:TrashNCrash","floor":1},{"not_picked":["alterego_mod:Clap","alterego_mod:Punishment"],"picked":"alterego_mod:Santa","floor":2},{"not_picked":["alterego_mod:Cycle","alterego_mod:DiscoLights"],"picked":"alterego_mod:Valentines","floor":5}],"player_experience":236469,"relics_obtained":[],"event_choices":[{"damage_healed":0,"gold_gain":75,"player_choice":"Gather Gold","damage_taken":11,"max_hp_gain":0,"max_hp_loss":0,"event_name":"World of Goop","floor":3,"gold_loss":0},{"cards_removed":["alterego_mod:Defend"],"damage_healed":0,"gold_gain":0,"player_choice":"Purged","damage_taken":0,"max_hp_gain":0,"max_hp_loss":0,"event_name":"Purifier","floor":4,"gold_loss":0}],"is_beta":false,"boss_relics":[],"items_purged_floors":[],"is_endless":false,"potions_floor_spawned":[5],"killed_by":"3 Sentries","ascension_level":0}}