{"host":"wmm4q2torfc8rajz","time":1610113930,"event":{"mods":["2.2 Compatiblity","Abigail Mod","AchievementEnabler","Act Like it!","Arknights The Spire","BaseMod","Chen","Friendly Minions","HololiveMod","Kiyohime????","Koishi","LagranYue(???·?)","Marisa????????","Minty Spire (QoL Compilation)","Prisma Mod","Rare Cards Sparkle","Reimu??????","Remilia??????","Replay The Spire","StSLib","The Alterego","The Animator","The Servant 0.9.4","TheSwordswoman","Waifu the Spire","WarShipGirlsR/????R mod"],"gold_per_floor":[113,133,143,156,167,195,195,221,221,221,221],"floor_reached":10,"playtime":958,"items_purged":[],"score":80,"play_id":"3dd3ad1c-3c2f-4f50-9790-285535499b3b","local_time":"20210108145210","is_ascension_mode":false,"campfire_choices":[{"data":"ats:Flexible Camouflage","floor":7,"key":"SMITH"}],"circlet_count":0,"master_deck":["ats:Strike C","ats:Strike G","ats:Strike S","ats:Strike V","ats:Armor Crushing Shot","ats:Defend","ats:Defend","ats:Defend","ats:Defend","ats:Emotion Absorption+1","ats:Sword Rain","ats:Consecutive Shot Auto","ats:Flexible Camouflage+1","ats:Explosion Area Strengthen","ats:Chain Hook","ats:Hammer On","ats:Thermite Blade"],"relics":["ats:Sanity","LagranYue:RandomDrawCardRelic","ats:Originium","Bronze Scales","Replay:Bottled Eggs"],"acts_visited":["Exordium"],"potions_floor_usage":[6,8],"damage_taken":[{"damage":7,"enemies":"Small Slimes","floor":1,"turns":5},{"damage":1,"enemies":"Cultist","floor":2,"turns":4},{"damage":5,"enemies":"2 Louse","floor":3,"turns":3},{"damage":3,"enemies":"2 Fungi Beasts","floor":4,"turns":3},{"damage":15,"enemies":"Exordium Wildlife","floor":5,"turns":4},{"damage":6,"enemies":"Replay:BlueRogue","floor":6,"turns":5},{"damage":32,"enemies":"Gremlin Nob","floor":8,"turns":4},{"damage":11,"enemies":"3 Sentries","floor":10,"turns":2}],"seed_played":"-8586109520865271467","potions_obtained":[{"floor":1,"key":"AttackPotion"},{"floor":2,"key":"ZuzhouPotion:ReiMu"},{"floor":4,"key":"Weak Potion"},{"floor":6,"key":"Explosive Potion"}],"is_trial":false,"path_per_floor":["M","M","M","M","M","E","R","E","T","E"],"character_chosen":"DOCTOR_CLASS","items_purchased":[],"campfire_rested":0,"item_purchase_floors":[],"current_hp_per_floor":[72,71,66,63,48,42,42,10,10,0,0],"gold":221,"neow_bonus":"TEN_PERCENT_HP_BONUS","is_daily":false,"chose_seed":false,"campfire_upgraded":1,"win_rate":0.0,"timestamp":1610113930,"path_taken":["M","M","M","M","M","E","R","E","T","E"],"items_purchased_type":[],"build_version":"2020-12-22","purchased_purges":0,"victory":false,"max_hp_per_floor":[79,79,79,79,79,79,79,79,79,79,79],"card_choices":[{"not_picked":["ats:Support Order","ats:Overload"],"picked":"ats:Sword Rain","floor":1},{"not_picked":["ats:Explosion Area Strengthen","ats:Neurotoxin"],"picked":"ats:Consecutive Shot Auto","floor":2},{"not_picked":["ats:Burning Ground","ats:Revitalization"],"picked":"ats:Flexible Camouflage","floor":3},{"not_picked":["ats:Encircling Forest","ats:Composite Medical Shells"],"picked":"ats:Explosion Area Strengthen","floor":4},{"not_picked":["ats:Very Hot Blade","ats:Assault Order"],"picked":"ats:Chain Hook","floor":5},{"not_picked":["ats:Part Time Job","ats:Cat Scratch"],"picked":"ats:Hammer On","floor":6},{"not_picked":["ats:Childhood Dance","ats:Poison Spread"],"picked":"ats:Thermite Blade","floor":8}],"player_experience":345400,"relics_obtained":[{"floor":6,"key":"ats:Originium"},{"floor":6,"key":"Bronze Scales"},{"floor":8,"key":"ats:Originium"},{"floor":8,"key":"Replay:Bottled Eggs"}],"event_choices":[],"is_beta":false,"boss_relics":[],"items_purged_floors":[],"is_endless":false,"potions_floor_spawned":[1,2,4,5,6],"killed_by":"3 Sentries","ascension_level":0}}