{"host":"49c2zf0lajbcs427","time":1610071956,"event":{"mods":["AchievementEnabler","BaseMod","Colored Map","Colored Powertips","Highlight Path","Key Reminder","Minty Spire (QoL Compilation)","Relic Stats","StSLib"],"gold_per_floor":[211,221,45,62,77,77,110,110,110,127,160,172,247,267,267,267,267],"floor_reached":16,"playtime":892,"items_purged":[],"score":185,"play_id":"4fe27ec7-e104-43fb-9bd5-ed89117fccb0","local_time":"20210108151236","is_ascension_mode":true,"campfire_choices":[{"data":"Crippling Poison","floor":6,"key":"SMITH"},{"floor":8,"key":"REST"},{"data":"Catalyst","floor":15,"key":"SMITH"}],"circlet_count":0,"master_deck":["Strike_G","Strike_G","Strike_G","Strike_G","Strike_G","Defend_G","Defend_G","Defend_G","Defend_G","Defend_G","Survivor","Neutralize","Blade Dance","Deadly Poison","Backflip","Poisoned Stab","Crippling Poison+1","Dagger Throw","Poisoned Stab","Footwork","Catalyst+1"],"relics":["Ring of the Snake","Strange Spoon","Omamori","Pear","Pantograph"],"acts_visited":["Exordium"],"potions_floor_usage":[7,10,11],"damage_taken":[{"damage":7,"enemies":"Cultist","floor":1,"turns":5},{"damage":7,"enemies":"Small Slimes","floor":2,"turns":4},{"damage":2,"enemies":"Jaw Worm","floor":4,"turns":4},{"damage":1,"enemies":"Large Slime","floor":5,"turns":6},{"damage":26,"enemies":"Gremlin Nob","floor":7,"turns":4},{"damage":5,"enemies":"Red Slaver","floor":10,"turns":4},{"damage":22,"enemies":"Lagavulin","floor":11,"turns":6},{"damage":0,"enemies":"Looter","floor":12,"turns":3},{"damage":3,"enemies":"2 Fungi Beasts","floor":14,"turns":3},{"damage":56,"enemies":"Slime Boss","floor":16,"turns":8}],"seed_played":"8827626007578831385","potions_obtained":[{"floor":2,"key":"Regen Potion"},{"floor":5,"key":"DuplicationPotion"},{"floor":10,"key":"Fruit Juice"},{"floor":11,"key":"Ancient Potion"}],"is_trial":false,"path_per_floor":["M","M","$","M","M","R","E","R","T","M","E","M","?","M","R","B"],"character_chosen":"THE_SILENT","items_purchased":["Strange Spoon","Backflip"],"campfire_rested":1,"item_purchase_floors":[3,3],"current_hp_per_floor":[56,49,49,47,46,46,20,41,51,51,44,44,33,30,30,0,0],"gold":267,"neow_bonus":"HUNDRED_GOLD","is_daily":false,"chose_seed":false,"campfire_upgraded":2,"win_rate":0.0,"timestamp":1610071956,"path_taken":["M","?","$","M","M","R","E","R","T","M","E","M","?","M","R","BOSS"],"items_purchased_type":["Relic","Card"],"build_version":"2020-12-22","purchased_purges":0,"victory":false,"max_hp_per_floor":[70,70,70,70,70,70,70,70,80,85,85,85,85,85,85,85,85],"relic_stats":{"Strange Spoon":[20],"counters":[10,47],"Pantograph":25,"obtain_stats":[{"Strange Spoon":3,"Pear":9,"Pantograph":11,"Omamori":7,"Ring of the Snake":0},{"Strange Spoon":2,"Pear":5,"Pantograph":7,"Omamori":5,"Ring of the Snake":0},{"Strange Spoon":9,"Pear":23,"Pantograph":33,"Omamori":23,"Ring of the Snake":0}],"Ring of the Snake":[20]},"card_choices":[{"not_picked":["Slice","Bane"],"picked":"Blade Dance","floor":1},{"not_picked":["Outmaneuver","Backstab"],"picked":"Deadly Poison","floor":2},{"not_picked":["PiercingWail","Blade Dance"],"picked":"Poisoned Stab","floor":4},{"not_picked":["Endless Agony","Bane"],"picked":"Crippling Poison","floor":5},{"not_picked":["Leg Sweep","PiercingWail"],"picked":"Dagger Throw","floor":7},{"not_picked":["Calculated Gamble","Flechettes"],"picked":"Poisoned Stab","floor":10},{"not_picked":["Tactician","Deflect","Phantasmal Killer"],"picked":"SKIP","floor":11},{"not_picked":["Bane","Flying Knee"],"picked":"Footwork","floor":12},{"not_picked":["Deflect","Blade Dance"],"picked":"Catalyst","floor":14}],"player_experience":2263587,"relics_obtained":[{"floor":7,"key":"Omamori"},{"floor":9,"key":"Pear"},{"floor":11,"key":"Pantograph"}],"event_choices":[{"damage_healed":0,"gold_gain":75,"player_choice":"Gather Gold","damage_taken":11,"max_hp_gain":0,"max_hp_loss":0,"event_name":"World of Goop","floor":13,"gold_loss":0}],"is_beta":false,"boss_relics":[],"items_purged_floors":[],"is_endless":false,"potions_floor_spawned":[2,5,10,11],"killed_by":"Slime Boss","ascension_level":8}}