{"host":"s3s7xsmblwiz356v","time":1610078249,"event":{"mods":["AchievementEnabler","BaseMod","Block Reminder","Colored Map","Colored Powertips","Minty Spire (QoL Compilation)"],"gold_per_floor":[116,129,145,145,163,163,174,194,194,223,148,166,199,217,217,291,291,302,302,302,227,227,227,227,227],"floor_reached":24,"playtime":1951,"items_purged":["Strike_G"],"score":364,"play_id":"0de12b7b-3b6c-4e78-bea9-ff16f509b05e","local_time":"20210107225729","is_ascension_mode":true,"campfire_choices":[{"data":"Quick Slash","floor":6.0,"key":"SMITH"},{"data":"Neutralize","floor":15.0,"key":"SMITH"},{"data":"After Image","floor":23,"key":"SMITH"}],"circlet_count":0,"master_deck":["AscendersBane","Strike_G","Strike_G","Defend_G","Defend_G","Defend_G","Defend_G","Survivor","Neutralize+1","Quick Slash+1","Predator","Blade Dance","Blade Dance","Backflip","Blade Dance","After Image+1","Writhe","Blur"],"relics":["Empty Cage","Orichalcum","Juzu Bracelet","Bag of Preparation","Meat on the Bone","Coffee Dripper","Tiny Chest"],"acts_visited":["Exordium","TheCity"],"potions_floor_usage":[],"damage_taken":[{"damage":3.0,"enemies":"Jaw Worm","floor":1.0,"turns":5.0},{"damage":0.0,"enemies":"Cultist","floor":2.0,"turns":4.0},{"damage":8.0,"enemies":"Small Slimes","floor":3.0,"turns":5.0},{"damage":0.0,"enemies":"2 Fungi Beasts","floor":5.0,"turns":4.0},{"damage":0.0,"enemies":"Looter","floor":7.0,"turns":4.0},{"damage":0.0,"enemies":"Large Slime","floor":8.0,"turns":4.0},{"damage":8.0,"enemies":"3 Sentries","floor":10.0,"turns":6.0},{"damage":4.0,"enemies":"Exordium Wildlife","floor":12.0,"turns":3.0},{"damage":18.0,"enemies":"Gremlin Nob","floor":13.0,"turns":4.0},{"damage":6.0,"enemies":"Red Slaver","floor":14.0,"turns":5.0},{"damage":23,"enemies":"The Guardian","floor":16,"turns":16},{"damage":0,"enemies":"Shell Parasite","floor":18,"turns":4},{"damage":55,"enemies":"Slavers","floor":24,"turns":4}],"seed_played":"4674490739170361755","potions_obtained":[{"floor":1.0,"key":"Fruit Juice"},{"floor":5.0,"key":"Strength Potion"},{"floor":7.0,"key":"FearPotion"},{"floor":16,"key":"Energy Potion"}],"is_trial":false,"path_per_floor":["M","M","M","?","M","R","M","M","T","E","$","M","E","M","R","B",null,"M","?","?","?","?","R","E"],"character_chosen":"THE_SILENT","items_purchased":[],"campfire_rested":0,"item_purchase_floors":[],"current_hp_per_floor":[56,56,48,48,48,48,48,48,48,40,40,36,18,24,24,13,53,53,53,53,53,53,53,0,0],"gold":227,"neow_bonus":"BOSS_RELIC","is_daily":false,"chose_seed":false,"campfire_upgraded":3,"win_rate":0.0,"timestamp":1610078249,"path_taken":["M","M","M","?","?","R","M","M","T","E","$","M","E","M","R","BOSS","M","?","?","?","?","R","E"],"items_purchased_type":[],"build_version":"2020-12-22","purchased_purges":1,"victory":false,"max_hp_per_floor":[66,66,66,66,66,66,66,66,66,66,66,66,66,66,66,66,66,66,66,66,66,66,66,66,66],"card_choices":[{"not_picked":["Finisher","Cloak And Dagger"],"picked":"Quick Slash","floor":1.0},{"not_picked":["Setup","Calculated Gamble","Tactician"],"picked":"SKIP","floor":2.0},{"not_picked":["PiercingWail","Well Laid Plans","Flying Knee"],"picked":"SKIP","floor":3.0},{"not_picked":["Slice","Bane"],"picked":"Predator","floor":5.0},{"not_picked":["Slice","Prepared"],"picked":"Blade Dance","floor":7.0},{"not_picked":["Poisoned Stab","Well Laid Plans","Quick Slash"],"picked":"SKIP","floor":8.0},{"not_picked":["Grand Finale","Noxious Fumes"],"picked":"Blade Dance","floor":10.0},{"not_picked":["Bane","Calculated Gamble"],"picked":"Backflip","floor":12.0},{"not_picked":["Crippling Poison","Poisoned Stab","Quick Slash"],"picked":"SKIP","floor":13.0},{"not_picked":["Deadly Poison","Bane"],"picked":"Blade Dance","floor":14.0},{"not_picked":["Malaise","Die Die Die"],"picked":"After Image","floor":16},{"not_picked":["Sucker Punch","Dodge and Roll","Deflect+1"],"picked":"SKIP","floor":18}],"player_experience":394886,"relics_obtained":[{"floor":9.0,"key":"Juzu Bracelet"},{"floor":10.0,"key":"Bag of Preparation"},{"floor":13.0,"key":"Meat on the Bone"}],"event_choices":[{"damage_healed":0.0,"max_hp_gain":0.0,"max_hp_loss":0.0,"gold_gain":0.0,"event_name":"WeMeetAgain","player_choice":"Gave Potion","floor":4.0,"gold_loss":0.0,"damage_taken":0.0,"relics_obtained":["Orichalcum"]},{"damage_healed":0,"gold_gain":0,"player_choice":"Opened","damage_taken":0,"relics_obtained":["Tiny Chest"],"max_hp_gain":0,"max_hp_loss":0,"event_name":"The Mausoleum","floor":19,"gold_loss":0,"cards_obtained":["Writhe"]},{"damage_healed":0,"gold_gain":0,"player_choice":"Ignored","damage_taken":0,"max_hp_gain":0,"max_hp_loss":0,"event_name":"Vampires","floor":20,"gold_loss":0},{"cards_removed":["Strike_G"],"damage_healed":0,"gold_gain":0,"player_choice":"Gave Gold","damage_taken":0,"max_hp_gain":0,"max_hp_loss":0,"event_name":"Beggar","floor":21,"gold_loss":75},{"damage_healed":0,"gold_gain":0,"player_choice":"Read","damage_taken":0,"max_hp_gain":0,"max_hp_loss":0,"event_name":"The Library","floor":22,"gold_loss":0,"cards_obtained":["Blur"]}],"is_beta":false,"boss_relics":[{"not_picked":["Calling Bell","Snecko Eye"],"picked":"Coffee Dripper"}],"items_purged_floors":[11],"is_endless":false,"potions_floor_spawned":[1,5,7,16],"killed_by":"Slavers","ascension_level":15}}