{"host":"dnd25fcf5l5puhl9","time":1610074801,"event":{"mods":["AchievementEnabler","Act Like it!","BaseMod","BetterRewards","Colored Map","Colored Powertips","Downfall","Gensokyo","Hermit","Hubris","Infinite Spire","Lobotomy","Minty Spire (QoL Compilation)","Replay The Spire","Shop Mod","StSLib","SuperFastMode","The Bug Knight","The Cursed","The Jungle","The Necromancer"],"gold_per_floor":[115,115,130,141,141,141,141],"floor_reached":6,"playtime":561,"items_purged":[],"score":36,"play_id":"c642061c-056d-47a6-8b96-bba228b7e443","local_time":"20210108010001","is_ascension_mode":false,"campfire_choices":[],"circlet_count":0,"master_deck":["TheCursedMod:Strike_TheCursed","TheCursedMod:Strike_TheCursed","TheCursedMod:Strike_TheCursed","TheCursedMod:Strike_TheCursed","TheCursedMod:Defend_TheCursed+1","TheCursedMod:Defend_TheCursed","TheCursedMod:Defend_TheCursed","TheCursedMod:Defend_TheCursed","TheCursedMod:CursedWand","TheCursedMod:CleanUpWorkshop","TheCursedMod:Dregs","TheCursedMod:SpitefulPray","ReplayTheSpireMod:Restless Dread"],"relics":["TheCursedMod:BlackMagic101","TheCursedMod:CrystalBall","Replay:Arrowhead","Matryoshka","Toolbox","Ring of Panic","Ring of Fury"],"acts_visited":["Exordium"],"potions_floor_usage":[],"damage_taken":[{"damage":3,"enemies":"Cultist","floor":1,"turns":4},{"damage":0,"enemies":"2 Louse","floor":3,"turns":1},{"damage":0,"enemies":"Small Slimes","floor":4,"turns":3},{"damage":46,"enemies":"Lagavulin","floor":6,"turns":6}],"seed_played":"439705566862178946","potions_obtained":[],"is_trial":false,"path_per_floor":["M","?","M","M","?","E"],"character_chosen":"THE_CURSED","items_purchased":["Replay:Arrowhead","Matryoshka","Toolbox"],"campfire_rested":0,"item_purchase_floors":[0,0,0],"current_hp_per_floor":[37,37,37,37,37,0,0],"gold":141,"neow_bonus":"","is_daily":false,"chose_seed":false,"campfire_upgraded":0,"win_rate":0.0,"timestamp":1610074801,"path_taken":["M","?","M","M","?","E"],"items_purchased_type":["Relic","Relic","Relic"],"build_version":"2020-12-22","purchased_purges":0,"victory":false,"max_hp_per_floor":[75,75,75,75,75,75,75],"card_choices":[{"not_picked":["TheCursedMod:Wield","TheCursedMod:BloodBarrier"],"picked":"TheCursedMod:SpitefulPray","floor":1},{"not_picked":["TheCursedMod:Mangle","TheCursedMod:HellsGateOpen","TheCursedMod:AshesToAshes"],"picked":"SKIP","floor":3},{"not_picked":["TheCursedMod:TroublousMinions","TheCursedMod:ManaBullet","TheCursedMod:CursedAmulet"],"picked":"SKIP","floor":4}],"player_experience":559396,"relics_obtained":[{"floor":2,"key":"Ring of Panic"},{"floor":2,"key":"Ring of Fury"}],"event_choices":[],"is_beta":false,"boss_relics":[],"items_purged_floors":[],"is_endless":false,"potions_floor_spawned":[],"killed_by":"Lagavulin","ascension_level":0}}