{"host":"1c52r9kaxdyo25eq","time":1610114867,"event":{"mods":["AchievementEnabler","BaseMod","Minty Spire (QoL Compilation)","Rare Cards Sparkle","SuperFastMode","everything is the same but u backflip on backflip"],"gold_per_floor":[117,135,146,166,178,178,203,168,193,193,45,45,45,61,61,160,160,172,99,99,199,61,61,77,77,77,176,191,191,202,218,218,316,316,336,336,161,175,186,216,216,216,240,240,256,266,266,284,284,284,284,284,37,37,37],"floor_reached":54,"playtime":1698,"items_purged":["Strike_R","Sever Soul","Rupture"],"score":1190,"play_id":"449e413e-8a9a-4b90-9c37-70dfbcb879d2","local_time":"20210108230747","is_ascension_mode":true,"campfire_choices":[{"data":"Rampage","floor":6.0,"key":"SMITH"},{"data":"Evolve","floor":13.0,"key":"SMITH"},{"data":"Double Tap","floor":15.0,"key":"SMITH"},{"data":"Barricade","floor":23.0,"key":"SMITH"},{"data":"Dark Embrace","floor":25.0,"key":"SMITH"},{"data":"Body Slam","floor":29.0,"key":"SMITH"},{"floor":32.0,"key":"REST"},{"floor":42.0,"key":"REST"},{"data":"Entrench","floor":44.0,"key":"SMITH"},{"floor":49.0,"key":"RECALL"},{"data":"Battle Trance","floor":52.0,"key":"SMITH"}],"circlet_count":0,"master_deck":["AscendersBane","Strike_R","Defend_R","Defend_R","Defend_R","Bash","Double Tap+1","Rampage+1","Impervious","Evolve+1","Second Wind","Barricade+1","Battle Trance+1","Dark Embrace+1","Burning Pact","Body Slam+1","Offering","Shrug It Off","Entrench+1","Doubt","Apotheosis"],"relics":["Burning Blood","Orichalcum","Juzu Bracelet","Empty Cage","Ornamental Fan","Runic Dome","Anchor"],"acts_visited":["Exordium","TheCity","TheBeyond","TheEnding"],"potions_floor_usage":[],"damage_taken":[{"damage":14.0,"enemies":"2 Louse","floor":1.0,"turns":3.0},{"damage":6.0,"enemies":"Cultist","floor":2.0,"turns":3.0},{"damage":4.0,"enemies":"Jaw Worm","floor":3.0,"turns":4.0},{"damage":14.0,"enemies":"Blue Slaver","floor":4.0,"turns":4.0},{"damage":16.0,"enemies":"Red Slaver","floor":5.0,"turns":4.0},{"damage":35.0,"enemies":"Gremlin Nob","floor":7.0,"turns":4.0},{"damage":10.0,"enemies":"2 Fungi Beasts","floor":14.0,"turns":4.0},{"damage":8.0,"enemies":"Slime Boss","floor":16.0,"turns":7.0},{"damage":27.0,"enemies":"Spheric Guardian","floor":18.0,"turns":7.0},{"damage":2.0,"enemies":"Chosen","floor":24.0,"turns":6.0},{"damage":19.0,"enemies":"Centurion and Healer","floor":28.0,"turns":8.0},{"damage":52.0,"enemies":"Snecko","floor":30.0,"turns":8.0},{"damage":27.0,"enemies":"Snake Plant","floor":31.0,"turns":6.0},{"damage":28.0,"enemies":"Automaton","floor":33.0,"turns":8.0},{"damage":10.0,"enemies":"3 Shapes","floor":35.0,"turns":5.0},{"damage":22.0,"enemies":"3 Darklings","floor":38.0,"turns":6.0},{"damage":44.0,"enemies":"Sphere and 2 Shapes","floor":39.0,"turns":3.0},{"damage":6.0,"enemies":"Nemesis","floor":40.0,"turns":5.0},{"damage":16.0,"enemies":"Jaw Worm Horde","floor":45.0,"turns":5.0},{"damage":6.0,"enemies":"Maw","floor":46.0,"turns":6.0},{"damage":14.0,"enemies":"Spire Growth","floor":48.0,"turns":5.0},{"damage":6.0,"enemies":"Awakened One","floor":50.0,"turns":7.0},{"damage":93,"enemies":"Shield and Spear","floor":54,"turns":3}],"seed_played":"-1117100100343115696","potions_obtained":[{"floor":1.0,"key":"BloodPotion"},{"floor":3.0,"key":"CultistPotion"},{"floor":7.0,"key":"SteroidPotion"},{"floor":16.0,"key":"FairyPotion"},{"floor":28.0,"key":"Swift Potion"},{"floor":31.0,"key":"DistilledChaos"},{"floor":33.0,"key":"Swift Potion"},{"floor":38.0,"key":"LiquidMemories"},{"floor":46.0,"key":"LiquidBronze"},{"floor":48.0,"key":"EssenceOfSteel"}],"is_trial":false,"path_per_floor":["M","M","M","M","M","R","E","?","T","?","$","?","R","M","R","B",null,"M","$","?","?","$","R","M","R","T","?","M","R","M","M","R","B",null,"M","?","$","M","M","E","?","R","T","R","M","M","?","M","R","B",null,"R","$","E"],"character_chosen":"IRONCLAD","items_purchased":["Evolve","Battle Trance","Dark Embrace","Block Potion","Apotheosis","PowerPotion"],"campfire_rested":2,"item_purchase_floors":[11,19,22,37,53,53],"current_hp_per_floor":[64,64,66,58,48,48,19,39,39,39,39,65,65,61,61,59,75,54,54,54,54,54,54,58,58,58,58,61,61,15,21,45,23,66,62,62,62,46,8,8,8,32,32,32,22,22,80,72,72,72,78,78,78,0,0],"gold":37,"neow_bonus":"ONE_RANDOM_RARE_CARD","is_daily":false,"chose_seed":false,"campfire_upgraded":8,"win_rate":0.0,"timestamp":1610114867,"path_taken":["M","M","M","M","M","R","E","?","T","?","$","?","R","M","R","BOSS","M","$","?","?","$","R","M","R","T","?","M","R","M","M","R","BOSS","M","?","$","M","M","E","?","R","T","R","M","M","?","M","R","BOSS","R","$","E"],"items_purchased_type":["Card","Card","Card","Potion","Card","Potion"],"build_version":"2020-12-22","purchased_purges":3,"victory":false,"max_hp_per_floor":[80,80,80,80,80,80,80,80,80,80,80,80,80,80,80,80,80,80,80,80,80,80,80,80,80,80,80,80,80,80,80,80,80,80,80,80,80,80,80,80,80,80,80,80,80,80,80,80,80,80,80,80,80,80,80],"card_choices":[{"not_picked":["True Grit","Sword Boomerang"],"picked":"Rampage","floor":1.0},{"not_picked":["Thunderclap","Metallicize","Sword Boomerang"],"picked":"SKIP","floor":2.0},{"not_picked":["Combust","Feel No Pain"],"picked":"Rupture","floor":3.0},{"not_picked":["Uppercut","Cleave"],"picked":"Impervious","floor":4.0},{"not_picked":["Dropkick","Sword Boomerang","Combust"],"picked":"SKIP","floor":5.0},{"not_picked":["Havoc","Twin Strike","Whirlwind"],"picked":"SKIP","floor":7.0},{"not_picked":["Whirlwind","Iron Wave"],"picked":"Second Wind","floor":14.0},{"not_picked":["Demon Form","Limit Break"],"picked":"Barricade","floor":16.0},{"not_picked":["Clothesline","Perfected Strike","Thunderclap+1"],"picked":"SKIP","floor":18.0},{"not_picked":["True Grit","Metallicize+1"],"picked":"Burning Pact","floor":24.0},{"not_picked":["Headbutt","Clash"],"picked":"Body Slam","floor":28.0},{"not_picked":["Cleave","Body Slam","Rampage"],"picked":"SKIP","floor":30.0},{"not_picked":["Demon Form","Clash","Ghostly Armor"],"picked":"SKIP","floor":31.0},{"not_picked":["Reaper","Exhume"],"picked":"Offering","floor":33.0},{"not_picked":["Ghostly Armor","Twin Strike"],"picked":"Shrug It Off","floor":35.0},{"not_picked":["Thunderclap+1","Inflame"],"picked":"Entrench","floor":38.0},{"not_picked":["Uppercut","Pommel Strike","Rupture"],"picked":"SKIP","floor":39.0},{"not_picked":["Cleave","Corruption","Twin Strike"],"picked":"SKIP","floor":40.0},{"not_picked":["Pommel Strike+1","Hemokinesis+1","Fire Breathing+1"],"picked":"SKIP","floor":45.0},{"not_picked":["Armaments+1","Warcry","Sword Boomerang"],"picked":"SKIP","floor":46.0},{"not_picked":["Spot Weakness","Iron Wave","Warcry"],"picked":"SKIP","floor":48.0},{"not_picked":["Spot Weakness","Iron Wave","Warcry"],"picked":"SKIP","floor":48.0}],"player_experience":563660,"relics_obtained":[{"floor":7.0,"key":"Orichalcum"},{"floor":9.0,"key":"Juzu Bracelet"},{"floor":26.0,"key":"Ornamental Fan"},{"floor":40.0,"key":"Anchor"}],"event_choices":[{"damage_healed":20.0,"max_hp_gain":0.0,"max_hp_loss":0.0,"gold_gain":0.0,"event_name":"The Cleric","player_choice":"Healed","floor":8.0,"gold_loss":35.0,"damage_taken":0.0},{"damage_healed":0.0,"max_hp_gain":0.0,"max_hp_loss":0.0,"gold_gain":0.0,"cards_transformed":["Strike_R"],"event_name":"Transmorgrifier","player_choice":"Transformed","floor":10.0,"gold_loss":0.0,"damage_taken":0.0,"cards_obtained":["Sever Soul"]},{"damage_healed":26.0,"max_hp_gain":0.0,"max_hp_loss":0.0,"gold_gain":0.0,"event_name":"Big Fish","player_choice":"Banana","floor":12.0,"gold_loss":0.0,"damage_taken":0.0},{"damage_healed":0.0,"max_hp_gain":0.0,"max_hp_loss":0.0,"gold_gain":0.0,"event_name":"Cursed Tome","player_choice":"Ignored","floor":20.0,"gold_loss":0.0,"damage_taken":0.0},{"damage_healed":0.0,"max_hp_gain":0.0,"max_hp_loss":0.0,"gold_gain":100.0,"event_name":"Golden Shrine","player_choice":"Pray","floor":21.0,"gold_loss":0.0,"damage_taken":0.0},{"damage_healed":0.0,"max_hp_gain":0.0,"max_hp_loss":0.0,"gold_gain":99.0,"event_name":"Nest","player_choice":"Stole From Cult","floor":27.0,"gold_loss":0.0,"damage_taken":0.0},{"cards_removed":["Strike_R"],"damage_healed":0.0,"max_hp_gain":0.0,"max_hp_loss":0.0,"gold_gain":0.0,"event_name":"Purifier","player_choice":"Purged","floor":36.0,"gold_loss":0.0,"damage_taken":0.0},{"damage_healed":0.0,"max_hp_gain":0.0,"max_hp_loss":0.0,"gold_gain":0.0,"event_name":"SensoryStone","player_choice":"Memory 1","floor":41.0,"gold_loss":0.0,"damage_taken":0.0},{"damage_healed":58.0,"max_hp_gain":0.0,"max_hp_loss":0.0,"gold_gain":0.0,"event_name":"MindBloom","player_choice":"Heal","floor":47.0,"gold_loss":0.0,"damage_taken":0.0,"cards_obtained":["Doubt"]}],"is_beta":false,"boss_relics":[{"not_picked":["Fusion Hammer","Cursed Key"],"picked":"Empty Cage"},{"not_picked":["Snecko Eye","SacredBark"],"picked":"Runic Dome"}],"items_purged_floors":[11,22,37],"is_endless":false,"potions_floor_spawned":[1,3,7,16,28,31,33,38,46,48],"killed_by":"Shield and Spear","ascension_level":12}}