{"host":"tb138zs7vhci6g1j","time":1610068961,"event":{"mods":["2.2 Compatiblity","Aspiration","BaseMod","Better Note","Friendly Minions","Minty Spire (QoL Compilation)","RNG Fix","Rare Cards Sparkle","StSLib","The Marked"],"gold_per_floor":[119,137,13,32,32,32,62,62,62,62,79,79,107,124,124,223,223,239,258,258,5,19,19,51,51,51,83,103,130,150,173,173,270,270,290,290,306,331,331,331,350,350,373,408,423,475,475,475,475,475],"floor_reached":51,"playtime":2063,"items_purged":["theMarked:Defend","theMarked:Strike"],"score":1131,"play_id":"28682f9e-a8e3-47fd-b036-23da618e59f8","local_time":"20210108032241","is_ascension_mode":true,"campfire_choices":[{"data":"theMarked:SoldierOfQuellstein","floor":6.0,"key":"SMITH"},{"data":"theMarked:BanishingWave","floor":10.0,"key":"SMITH"},{"floor":15.0,"key":"REST"},{"data":"theMarked:Vacuum","floor":23.0,"key":"SMITH"},{"data":"theMarked:WardOff","floor":25.0,"key":"SMITH"},{"data":"theMarked:BanishingWave","floor":32.0,"key":"SMITH"},{"data":"theMarked:TakeOffHeels","floor":40.0,"key":"SMITH"},{"data":"theMarked:WardOff","floor":42.0,"key":"SMITH"},{"data":"theMarked:BanishingStrike","floor":49,"key":"SMITH"}],"circlet_count":0,"master_deck":["theMarked:Strike","theMarked:Strike","theMarked:Strike","theMarked:Defend","theMarked:Defend","theMarked:Defend","theMarked:SoldierOfQuellstein+1","theMarked:BanishingWave+1","theMarked:WardOff+1","theMarked:WardOff+1","theMarked:BanishingWave+1","theMarked:WardOff","theMarked:Frustration","theMarked:DeterminationOfTheMarked","theMarked:Vacuum+1","theMarked:BanishingStrike+1","theMarked:SoldierOfQuellstein+1","theMarked:WardOff+1","theMarked:Panic+1","Seeing Red+1","Intimidate+1","theMarked:TakeOffHeels+1","theMarked:HeightenedSenses+1"],"relics":["theMarked:ArtifactOfAir","NeowsBlessing","Singing Bowl","Lantern","Bag of Marbles","theMarked:KettuFlask","aspiration:IroncladSkillbook","Tiny Chest","Anchor","StrikeDummy","Gambling Chip","theMarked:NailFile","Nunchaku","Busted Crown","Blood Vial","Vajra","Happy Flower","CaptainsWheel","FossilizedHelix"],"acts_visited":["Exordium","TheCity","TheBeyond"],"potions_floor_usage":[50,50,50],"damage_taken":[{"damage":0.0,"enemies":"Jaw Worm","floor":1.0,"turns":1.0},{"damage":0.0,"enemies":"Small Slimes","floor":2.0,"turns":1.0},{"damage":0.0,"enemies":"2 Louse","floor":4.0,"turns":1.0},{"damage":15.0,"enemies":"3 Sentries","floor":7.0,"turns":7.0},{"damage":0.0,"enemies":"2 Fungi Beasts","floor":11.0,"turns":2.0},{"damage":22.0,"enemies":"Lagavulin","floor":13.0,"turns":5.0},{"damage":0.0,"enemies":"Lots of Slimes","floor":14.0,"turns":1.0},{"damage":0.0,"enemies":"Slime Boss","floor":16.0,"turns":6.0},{"damage":13.0,"enemies":"Spheric Guardian","floor":18.0,"turns":4.0},{"damage":0.0,"enemies":"3 Byrds","floor":19.0,"turns":3.0},{"damage":0.0,"enemies":"Snecko","floor":22.0,"turns":2.0},{"damage":15.0,"enemies":"Book of Stabbing","floor":24.0,"turns":4.0},{"damage":0.0,"enemies":"Gremlin Leader","floor":27.0,"turns":2.0},{"damage":0.0,"enemies":"Shelled Parasite and Fungi","floor":28.0,"turns":1.0},{"damage":0.0,"enemies":"Slavers","floor":29.0,"turns":4.0},{"damage":6.0,"enemies":"Sentry and Sphere","floor":30.0,"turns":4.0},{"damage":21.0,"enemies":"Automaton","floor":33.0,"turns":5.0},{"damage":0.0,"enemies":"3 Darklings","floor":35.0,"turns":3.0},{"damage":0.0,"enemies":"3 Shapes","floor":37.0,"turns":2.0},{"damage":0.0,"enemies":"Jaw Worm Horde","floor":41.0,"turns":1.0},{"damage":11.0,"enemies":"Nemesis","floor":44.0,"turns":5.0},{"damage":0,"enemies":"Transient","floor":45,"turns":5},{"damage":0,"enemies":"2 Orb Walkers","floor":46,"turns":2},{"damage":47,"enemies":"Time Eater","floor":50,"turns":9}],"seed_played":"-4801891072023377910","potions_obtained":[{"floor":1.0,"key":"DuplicationPotion"},{"floor":13.0,"key":"Regen Potion"},{"floor":14.0,"key":"Weak Potion"},{"floor":27.0,"key":"Dexterity Potion"},{"floor":29.0,"key":"Energy Potion"},{"floor":44.0,"key":"Regen Potion"}],"is_trial":false,"path_per_floor":["M","M","$","M","?","R","E","$","T","R","M","$","E","M","R","B",null,"M","M","?","$","M","R","E","R","T","E","M","E","M","T","R","B",null,"M","?","M","T","?","R","M","R","T","E","M","?","T","?","R","B",null],"character_chosen":"THE_DEFAULT","items_purchased":["theMarked:WardOff","Tiny Chest"],"campfire_rested":1,"item_purchase_floors":[3,21],"current_hp_per_floor":[63,63,63,63,63,63,48,48,48,48,48,48,26,26,47,47,64,55,61,61,61,65,65,56,56,56,60,64,68,74,74,74,57,71,75,75,78,78,78,78,80,80,80,75,83,86,86,86,86,63],"gold":475,"neow_bonus":"THREE_ENEMY_KILL","is_daily":false,"chose_seed":false,"campfire_upgraded":8,"win_rate":0.0,"timestamp":1610068961,"path_taken":["M","?","$","M","?","R","E","$","T","R","?","?","E","M","R","BOSS","M","M","?","$","?","R","E","R","T","E","M","E","M","?","R","BOSS","M","?","M","?","?","R","?","R","T","E","M","?","?","?","R","BOSS"],"items_purchased_type":["Card","Relic"],"build_version":"2020-12-22","purchased_purges":2,"victory":true,"max_hp_per_floor":[70,70,70,70,70,70,70,70,70,70,70,70,70,70,70,70,70,70,72,72,72,72,72,74,74,74,74,74,74,76,76,76,76,76,76,76,78,78,78,78,80,80,80,82,84,86,86,86,86,86],"card_choices":[{"not_picked":["theMarked:Reabsorb","theMarked:Indomitable"],"picked":"theMarked:BanishingWave","floor":1.0},{"not_picked":["theMarked:Convert","theMarked:TwofoldDefense"],"picked":"theMarked:WardOff","floor":2.0},{"not_picked":["theMarked:Improvise","theMarked:SwordAndMagic","theMarked:ElementalBlade"],"picked":"SKIP","floor":4.0},{"not_picked":["theMarked:Static","theMarked:ReduceFriction"],"picked":"theMarked:BanishingWave","floor":7.0},{"not_picked":["theMarked:HeightenedSenses","theMarked:EmpowerWeapon"],"picked":"theMarked:WardOff","floor":11.0},{"not_picked":["theMarked:Opportunist","theMarked:RepellingDischarge"],"picked":"theMarked:Frustration","floor":13.0},{"not_picked":["theMarked:MaelstromOfLightning","theMarked:Static"],"picked":"theMarked:DeterminationOfTheMarked","floor":14.0},{"not_picked":["theMarked:Challenge","theMarked:MuscleMemory"],"picked":"theMarked:Vacuum","floor":16.0},{"not_picked":["Rage","theMarked:Aftermath","theMarked:EmpowerWeapon"],"picked":"theMarked:BanishingStrike","floor":18.0},{"not_picked":["Body Slam","theMarked:ResourceFulStrike","Clothesline+1","theMarked:DeterminationOfTheMarked"],"picked":"Singing Bowl","floor":19.0},{"not_picked":["Anger","Barricade","Heavy Blade+1"],"picked":"theMarked:WardOff+1","floor":22.0},{"not_picked":["theMarked:WardOff","theMarked:SwordAndMagic","Twin Strike","theMarked:ContemptForTheProud"],"picked":"Singing Bowl","floor":24.0},{"not_picked":["Inflame","theMarked:Parkour+1","Clothesline"],"picked":"theMarked:Panic+1","floor":27.0},{"not_picked":["Sever Soul","Fire Breathing","Searing Blow"],"picked":"Seeing Red+1","floor":28.0},{"not_picked":["theMarked:LightningStrikesTwice","theMarked:ElementalBlade","Iron Wave"],"picked":"Intimidate+1","floor":29.0},{"not_picked":["Berserk","theMarked:Parry+1","Whirlwind","Thunderclap"],"picked":"Singing Bowl","floor":30.0},{"not_picked":["theMarked:ChannelForce","Bludgeon","Fiend Fire"],"picked":"theMarked:TakeOffHeels","floor":33.0},{"not_picked":["Burning Pact+1"],"picked":"theMarked:HeightenedSenses+1","floor":35.0},{"not_picked":["Headbutt","Hemokinesis"],"picked":"Singing Bowl","floor":37.0},{"not_picked":["theMarked:Convert","theMarked:Overcharge+1"],"picked":"Singing Bowl","floor":41.0},{"not_picked":["theMarked:WastefulAttack","Havoc+1"],"picked":"Singing Bowl","floor":44.0},{"not_picked":["theMarked:LightningStrikesTwice","theMarked:Convert+1"],"picked":"Singing Bowl","floor":45},{"not_picked":["Sever Soul","theMarked:Frustration+1"],"picked":"Singing Bowl","floor":46}],"player_experience":1721392,"relics_obtained":[{"floor":7.0,"key":"Lantern"},{"floor":9.0,"key":"Bag of Marbles"},{"floor":13.0,"key":"theMarked:KettuFlask"},{"floor":24.0,"key":"Anchor"},{"floor":26.0,"key":"StrikeDummy"},{"floor":27.0,"key":"Gambling Chip"},{"floor":29.0,"key":"theMarked:NailFile"},{"floor":31.0,"key":"Nunchaku"},{"floor":38.0,"key":"Blood Vial"},{"floor":43.0,"key":"Vajra"},{"floor":44.0,"key":"Happy Flower"},{"floor":46,"key":"CaptainsWheel"},{"floor":47,"key":"FossilizedHelix"}],"event_choices":[{"damage_healed":0.0,"max_hp_gain":0.0,"max_hp_loss":0.0,"gold_gain":0.0,"event_name":"WeMeetAgain","player_choice":"Gave Potion","floor":5.0,"gold_loss":0.0,"damage_taken":0.0,"relics_obtained":["Singing Bowl"]},{"cards_removed":["theMarked:SoldierOfQuellstein"],"damage_healed":0.0,"max_hp_gain":0.0,"max_hp_loss":0.0,"gold_gain":0.0,"event_name":"betterNote:BetterNote","player_choice":"Take \u0026 Give","floor":20.0,"gold_loss":0.0,"damage_taken":0.0,"cards_obtained":["theMarked:SoldierOfQuellstein"]},{"cards_removed":["theMarked:Strike"],"damage_healed":0.0,"max_hp_gain":0.0,"max_hp_loss":0.0,"gold_gain":0.0,"event_name":"Falling","player_choice":"Removed Attack","floor":36.0,"gold_loss":0.0,"damage_taken":0.0},{"damage_healed":0.0,"max_hp_gain":0.0,"max_hp_loss":0.0,"gold_gain":0.0,"event_name":"Match and Keep!","player_choice":"0 cards matched","floor":39.0,"gold_loss":0.0,"damage_taken":0.0,"cards_obtained":[]},{"damage_healed":0,"gold_gain":0,"player_choice":"Fight","damage_taken":0,"max_hp_gain":0,"max_hp_loss":0,"event_name":"Mysterious Sphere","floor":46,"gold_loss":0},{"damage_healed":0,"gold_gain":0,"player_choice":"Ignored","damage_taken":0,"max_hp_gain":0,"max_hp_loss":0,"event_name":"Tomb of Lord Red Mask","floor":48,"gold_loss":0}],"is_beta":false,"boss_relics":[{"not_picked":["Pandora\u0027s Box","aspiration:DefectSkillbook"],"picked":"aspiration:IroncladSkillbook"},{"not_picked":["aspiration:FutureDiary","Runic Dome"],"picked":"Busted Crown"}],"items_purged_floors":[3,21],"is_endless":false,"potions_floor_spawned":[1,13,14,27,29,33,41,44,45],"ascension_level":6}}