{"host":"h5golg54dem4i27y","time":1610081379,"event":{"mods":["BaseMod","Colored Map","Colored Powertips","Minty Spire (QoL Compilation)","Replay The Spire","StSLib","SuperFastMode","The Hierophant"],"gold_per_floor":[113,113,130,150,75,75,150,150,204,217,217,232,11,38,38,38,38],"floor_reached":16,"playtime":488,"items_purged":["Defend_G","Strike_G"],"score":200,"play_id":"36ae69f4-3887-478c-97e3-2740d7924d86","local_time":"20210108134939","is_ascension_mode":true,"campfire_choices":[{"data":"Cloak And Dagger","floor":6.0,"key":"SMITH"},{"data":"Die Die Die","floor":8.0,"key":"SMITH"},{"data":"Reflex","floor":11.0,"key":"SMITH"},{"data":"Well Laid Plans","floor":15.0,"key":"SMITH"}],"circlet_count":0,"master_deck":["AscendersBane","Strike_G","Strike_G","Strike_G","Defend_G","Defend_G","Defend_G","Defend_G","Survivor","Neutralize","Die Die Die+1","Reflex+1","Cloak And Dagger+1","Cloak And Dagger","Riddle With Holes+1","Well Laid Plans+1","Die Die Die"],"relics":["Ring of the Snake","Strawberry","Replay:Wax Seal"],"acts_visited":["Exordium"],"potions_floor_usage":[],"damage_taken":[{"damage":0.0,"enemies":"2 Louse","floor":1.0,"turns":2.0},{"damage":5.0,"enemies":"Cultist","floor":3.0,"turns":4.0},{"damage":0.0,"enemies":"Small Slimes","floor":4.0,"turns":3.0},{"damage":3.0,"enemies":"Blue Slaver","floor":10.0,"turns":3.0},{"damage":0.0,"enemies":"2 Fungi Beasts","floor":12.0,"turns":2.0},{"damage":0.0,"enemies":"3 Sentries","floor":14.0,"turns":8.0},{"damage":57,"enemies":"Hexaghost","floor":16,"turns":11}],"seed_played":"6032891841408436152","potions_obtained":[{"floor":1.0,"key":"Adrenaline Potion"},{"floor":4.0,"key":"Block Potion"}],"is_trial":false,"path_per_floor":["M","?","M","M","$","R","?","R","T","M","R","M","$","E","R","B"],"character_chosen":"THE_SILENT","items_purchased":["Riddle With Holes+1","Well Laid Plans"],"campfire_rested":0,"item_purchase_floors":[13,13],"current_hp_per_floor":[63,63,58,58,58,58,51,51,58,55,55,55,55,55,55,0,0],"gold":38,"neow_bonus":"ONE_RANDOM_RARE_CARD","is_daily":false,"chose_seed":false,"campfire_upgraded":4,"win_rate":0.0,"timestamp":1610081379,"path_taken":["M","?","?","M","$","R","?","R","T","M","R","M","$","E","R","BOSS"],"items_purchased_type":["Card","Card"],"build_version":"2020-12-22","purchased_purges":2,"victory":false,"max_hp_per_floor":[70,70,70,70,70,70,70,70,77,77,77,77,77,77,77,77,77],"card_choices":[{"not_picked":["ReplayTheSpireMod:The Works","Infinite Blades"],"picked":"Reflex","floor":1.0},{"not_picked":["Sucker Punch","Footwork"],"picked":"Cloak And Dagger","floor":3.0},{"not_picked":["Expertise","Bouncing Flask","Cloak And Dagger"],"picked":"SKIP","floor":4.0},{"not_picked":["Outmaneuver","Deadly Poison","Deflect"],"picked":"SKIP","floor":10.0},{"not_picked":["Underhanded Strike","PiercingWail"],"picked":"Cloak And Dagger","floor":12.0},{"not_picked":["Underhanded Strike","Well Laid Plans"],"picked":"Die Die Die","floor":14.0}],"player_experience":640377,"relics_obtained":[{"floor":9.0,"key":"Strawberry"},{"floor":14.0,"key":"Replay:Wax Seal"}],"event_choices":[{"cards_removed":["Strike_G"],"damage_healed":0.0,"max_hp_gain":0.0,"max_hp_loss":0.0,"gold_gain":0.0,"event_name":"Bonfire Elementals","player_choice":"Offered Basic","floor":2.0,"gold_loss":0.0,"damage_taken":0.0},{"damage_healed":0.0,"max_hp_gain":0.0,"max_hp_loss":0.0,"gold_gain":75.0,"event_name":"FaceTrader","player_choice":"Touch","floor":7.0,"gold_loss":0.0,"damage_taken":7.0}],"is_beta":false,"boss_relics":[],"items_purged_floors":[5,13],"is_endless":false,"potions_floor_spawned":[1,4,12],"killed_by":"Hexaghost","ascension_level":12}}