{"host":"tw7a6rmo9h75ssrt","time":1610067432,"event":{"mods":["AchievementEnabler","Act Like it!","BaseMod","Colored Map","Highlight Path","Minty Spire (QoL Compilation)","Permanent Neow","Quick Restart","Relic Stats","SuperFastMode"],"gold_per_floor":[119,136,136,146,163,163,198,198,198,229,66,82,82,98,98,201,201,218,218,218,218,249,249,275,275,275,275,306,321,371,111,111,208,208,222,97,116,116,116,116,37,37,37,37,37,57,57,69,69,69,69],"floor_reached":50,"playtime":4540,"items_purged":["Strike_R","Defend_R","True Grit"],"score":774,"play_id":"503736f1-da26-4769-b704-67a0451f96d0","local_time":"20210108085712","is_ascension_mode":true,"campfire_choices":[{"data":"Double Tap","floor":6.0,"key":"SMITH"},{"floor":8.0,"key":"REST"},{"floor":15.0,"key":"REST"},{"floor":23.0,"key":"REST"},{"floor":25.0,"key":"REST"},{"data":"Carnage","floor":27.0,"key":"SMITH"},{"floor":32.0,"key":"REST"},{"data":"Rampage","floor":40.0,"key":"SMITH"},{"data":"Battle Trance","floor":42.0,"key":"SMITH"},{"data":"Demon Form","floor":45.0,"key":"SMITH"},{"data":"Armaments","floor":49.0,"key":"SMITH"}],"circlet_count":0,"master_deck":["AscendersBane","Strike_R+1","Strike_R+1","Defend_R","Defend_R","Defend_R","Bash","Inflame","Carnage+1","Headbutt","Double Tap+1","Thunderclap","Bandage Up","Demon Form+1","Bloodletting","Impervious","Rampage+1","Impervious","Bandage Up","Feed","CurseOfTheBell","Armaments+1","Madness","Madness","Battle Trance+1","Reaper"],"relics":["Cursed Key","Gambling Chip","Pantograph","Philosopher\u0027s Stone","Red Mask","Whetstone","PreservedInsect","Calling Bell","Red Skull","Mummified Hand","Thread and Needle"],"acts_visited":["Exordium","TheCity","TheBeyond"],"potions_floor_usage":[50],"damage_taken":[{"damage":0.0,"enemies":"Cultist","floor":1.0,"turns":4.0},{"damage":1.0,"enemies":"2 Louse","floor":2.0,"turns":3.0},{"damage":7.0,"enemies":"Jaw Worm","floor":4.0,"turns":2.0},{"damage":0.0,"enemies":"Large Slime","floor":5.0,"turns":3.0},{"damage":31.0,"enemies":"Gremlin Nob","floor":7.0,"turns":4.0},{"damage":10.0,"enemies":"3 Sentries","floor":10.0,"turns":6.0},{"damage":9.0,"enemies":"Red Slaver","floor":12.0,"turns":2.0},{"damage":8.0,"enemies":"3 Louse","floor":14.0,"turns":2.0},{"damage":54.0,"enemies":"Hexaghost","floor":16.0,"turns":5.0},{"damage":6.0,"enemies":"Shell Parasite","floor":18.0,"turns":2.0},{"damage":49.0,"enemies":"Masked Bandits","floor":22.0,"turns":5.0},{"damage":30.0,"enemies":"Slavers","floor":24.0,"turns":5.0},{"damage":29.0,"enemies":"Book of Stabbing","floor":28.0,"turns":3.0},{"damage":8.0,"enemies":"2 Thieves","floor":29.0,"turns":4.0},{"damage":59.0,"enemies":"Champ","floor":33.0,"turns":8.0},{"damage":6.0,"enemies":"Orb Walker","floor":35.0,"turns":3.0},{"damage":36.0,"enemies":"3 Darklings","floor":37.0,"turns":8.0},{"damage":24.0,"enemies":"Spire Growth","floor":46.0,"turns":4.0},{"damage":27.0,"enemies":"Transient","floor":48.0,"turns":5.0},{"damage":77,"enemies":"Time Eater","floor":50,"turns":5}],"seed_played":"771723171835522383","potions_obtained":[{"floor":4.0,"key":"Fire Potion"},{"floor":7.0,"key":"SpeedPotion"},{"floor":12.0,"key":"PowerPotion"},{"floor":16.0,"key":"BloodPotion"},{"floor":22.0,"key":"ElixirPotion"},{"floor":24.0,"key":"Dexterity Potion"},{"floor":33.0,"key":"EssenceOfSteel"},{"floor":35.0,"key":"SkillPotion"}],"is_trial":false,"path_per_floor":["M","M","?","M","M","R","E","R","T","E","$","M","?","M","R","B",null,"M","?","?","$","?","R","E","R","T","R","E","M","?","$","R","B",null,"M","$","M","?","?","R","$","R","T","$","R","M","$","M","R","B"],"character_chosen":"IRONCLAD","items_purchased":["Bandage Up","Impervious","Bandage Up","Battle Trance"],"campfire_rested":5,"item_purchase_floors":[11,31,31,41],"current_hp_per_floor":[72,71,71,64,64,64,33,57,57,47,47,42,42,38,62,27,67,61,61,61,61,32,56,30,54,54,54,29,25,25,25,49,23,66,64,64,36,26,70,70,70,70,70,70,70,54,54,57,57,0,0],"gold":69,"neow_bonus":"BOSS_RELIC","is_daily":false,"chose_seed":false,"campfire_upgraded":6,"win_rate":0.0,"timestamp":1610067432,"path_taken":["M","?","?","M","?","R","E","R","T","E","$","M","?","M","R","BOSS","M","?","?","$","?","R","E","R","T","R","E","M","?","$","R","BOSS","M","$","M","?","?","R","?","R","T","$","R","?","$","M","R","BOSS"],"items_purchased_type":["Card","Card","Card","Card"],"build_version":"2020-12-22","purchased_purges":3,"victory":false,"max_hp_per_floor":[80,80,80,80,80,80,80,80,80,80,80,80,80,80,80,80,80,80,80,80,80,80,80,80,80,80,80,80,80,80,80,80,80,80,80,80,80,80,70,70,70,70,70,70,70,70,70,70,70,70,70],"relic_stats":{"counters":[20,83],"Mummified Hand":[10],"Gambling Chip":[57],"Pantograph":56,"PreservedInsect":0,"Whetstone":["Strike_R","Strike_R"],"Cursed Key":0,"obtain_stats":[{"Calling Bell":34,"Mummified Hand":34,"Gambling Chip":7,"Pantograph":10,"Philosopher\u0027s Stone":17,"Thread and Needle":34,"PreservedInsect":28,"Red Mask":22,"Whetstone":24,"Cursed Key":0,"Burning Blood":0,"Red Skull":34},{"Calling Bell":15,"Mummified Hand":15,"Gambling Chip":5,"Pantograph":6,"Philosopher\u0027s Stone":9,"Thread and Needle":15,"PreservedInsect":13,"Red Mask":11,"Whetstone":12,"Cursed Key":0,"Burning Blood":0,"Red Skull":15},{"Calling Bell":58,"Mummified Hand":58,"Gambling Chip":16,"Pantograph":22,"Philosopher\u0027s Stone":31,"Thread and Needle":58,"PreservedInsect":46,"Red Mask":38,"Whetstone":43,"Cursed Key":0,"Burning Blood":0,"Red Skull":58}]},"card_choices":[{"not_picked":["Havoc","Shrug It Off"],"picked":"Inflame","floor":1.0},{"not_picked":["Pummel","Iron Wave"],"picked":"Carnage","floor":2.0},{"not_picked":["Bloodletting","Perfected Strike"],"picked":"Headbutt","floor":4.0},{"not_picked":["Clash","Twin Strike"],"picked":"Double Tap","floor":5.0},{"not_picked":["Wild Strike","Clash","Headbutt"],"picked":"SKIP","floor":7.0},{"not_picked":["Cleave","Heavy Blade"],"picked":"Thunderclap","floor":10.0},{"not_picked":["Sword Boomerang","Body Slam"],"picked":"Demon Form","floor":12.0},{"not_picked":["Reckless Charge","Uppercut","Shrug It Off"],"picked":"SKIP","floor":14.0},{"not_picked":["Havoc","Flex","Iron Wave"],"picked":"SKIP","floor":18.0},{"not_picked":["Pommel Strike","Inflame"],"picked":"True Grit","floor":24.0},{"not_picked":["Headbutt","Body Slam"],"picked":"Impervious","floor":28.0},{"not_picked":["Perfected Strike","Headbutt"],"picked":"Rampage","floor":29.0},{"not_picked":["Corruption","Exhume"],"picked":"Feed","floor":33.0},{"not_picked":["Shockwave","Anger"],"picked":"Armaments","floor":35.0},{"not_picked":["Clothesline","Thunderclap+1","Disarm+1"],"picked":"SKIP","floor":37.0},{"not_picked":["Armaments+1","Headbutt"],"picked":"Reaper","floor":46.0},{"not_picked":["Heavy Blade","Headbutt","Hemokinesis"],"picked":"SKIP","floor":48.0}],"player_experience":87069,"relics_obtained":[{"floor":7.0,"key":"Gambling Chip"},{"floor":10.0,"key":"Pantograph"},{"floor":22.0,"key":"Red Mask"},{"floor":24.0,"key":"Whetstone"},{"floor":28.0,"key":"PreservedInsect"},{"floor":34.0,"key":"Red Skull"},{"floor":34.0,"key":"Mummified Hand"},{"floor":34.0,"key":"Thread and Needle"}],"event_choices":[{"cards_removed":["Strike_R"],"damage_healed":0.0,"max_hp_gain":0.0,"max_hp_loss":0.0,"gold_gain":0.0,"event_name":"Bonfire Elementals","player_choice":"Offered Basic","floor":3.0,"gold_loss":0.0,"damage_taken":0.0},{"cards_removed":["Strike_R"],"damage_healed":0.0,"max_hp_gain":0.0,"max_hp_loss":0.0,"gold_gain":0.0,"event_name":"Living Wall","player_choice":"Forget","floor":13.0,"gold_loss":0.0,"damage_taken":0.0},{"damage_healed":0.0,"max_hp_gain":0.0,"max_hp_loss":0.0,"gold_gain":0.0,"event_name":"The Library","player_choice":"Read","floor":19.0,"gold_loss":0.0,"damage_taken":0.0,"cards_obtained":["Bloodletting"]},{"damage_healed":0.0,"max_hp_gain":0.0,"max_hp_loss":0.0,"gold_gain":0.0,"event_name":"Ghosts","player_choice":"Ignored","floor":20.0,"gold_loss":0.0,"damage_taken":0.0},{"damage_healed":0.0,"max_hp_gain":0.0,"max_hp_loss":0.0,"gold_gain":0.0,"event_name":"Masked Bandits","player_choice":"Fought Bandits","floor":22.0,"gold_loss":0.0,"damage_taken":0.0},{"damage_healed":0.0,"max_hp_gain":0.0,"max_hp_loss":0.0,"gold_gain":100.0,"event_name":"The Joust","player_choice":"Bet on Murderer","floor":30.0,"gold_loss":50.0,"damage_taken":0.0},{"damage_healed":0.0,"max_hp_gain":0.0,"max_hp_loss":0.0,"gold_gain":0.0,"event_name":"Winding Halls","player_choice":"Embrace Madness","floor":38.0,"gold_loss":0.0,"damage_taken":10.0,"cards_obtained":["Madness","Madness"]},{"damage_healed":70.0,"max_hp_gain":0.0,"max_hp_loss":10.0,"gold_gain":0.0,"event_name":"The Moai Head","player_choice":"Heal","floor":39.0,"gold_loss":0.0,"damage_taken":0.0}],"is_beta":false,"boss_relics":[{"not_picked":["Mark of Pain","Coffee Dripper"],"picked":"Philosopher\u0027s Stone"},{"not_picked":["Snecko Eye","Tiny House"],"picked":"Calling Bell"}],"items_purged_floors":[11,31,36],"is_endless":false,"potions_floor_spawned":[4,7,12,16,22,24,33,35],"killed_by":"Time Eater","ascension_level":12}}