{"host":"sav7uxregyirlf69","time":1610086868,"event":{"mods":["AchievementEnabler","BaseMod","Colored Map","DeckTracker","Keyboard Shortcuts","Minty Spire (QoL Compilation)","READ ME - Guardian Mod","StSLib","SuperFastMode"],"gold_per_floor":[115,115,115,190,203,242,242,262,262,43,57,57,81,100,100,100,100],"floor_reached":16,"playtime":205,"items_purged":["Strike_B"],"score":254,"play_id":"a1ad48d5-8480-4c70-9e9a-cf4464c2c40b","local_time":"20210108152108","is_ascension_mode":true,"campfire_choices":[{"data":"White Noise","floor":7,"key":"SMITH"},{"data":"Turbo","floor":12,"key":"SMITH"},{"data":"Zap","floor":15,"key":"SMITH"}],"circlet_count":0,"master_deck":["AscendersBane","Strike_B","Strike_B","Strike_B","Defend_B","Defend_B","Defend_B","Defend_B","Zap+1","Dualcast","White Noise+1","Compile Driver","Glacier","BootSequence","Auto Shields","Consume","Turbo+1","Ball Lightning"],"relics":["Cracked Core","NeowsBlessing","Golden Idol","The Courier","Bronze Scales","Membership Card"],"acts_visited":["Exordium"],"potions_floor_usage":[16,16],"damage_taken":[{"damage":0,"enemies":"Jaw Worm","floor":1,"turns":1},{"damage":0,"enemies":"Small Slimes","floor":5,"turns":1},{"damage":0,"enemies":"Gremlin Nob","floor":6,"turns":1},{"damage":1,"enemies":"2 Louse","floor":8,"turns":3},{"damage":0,"enemies":"Gremlin Gang","floor":11,"turns":1},{"damage":6,"enemies":"Exordium Thugs","floor":13,"turns":5},{"damage":15,"enemies":"3 Louse","floor":14,"turns":5},{"damage":46,"enemies":"The Guardian","floor":16,"turns":8}],"seed_played":"3965583225333849165","potions_obtained":[{"floor":5,"key":"SpeedPotion"},{"floor":6,"key":"PotionOfCapacity"},{"floor":8,"key":"FocusPotion"}],"is_trial":false,"path_per_floor":["M","?","?","?","M","E","R","M","T","$","M","R","M","M","R","B"],"character_chosen":"DEFECT","items_purchased":["Membership Card","Auto Shields","Consume"],"campfire_rested":0,"item_purchase_floors":[10,10,10],"current_hp_per_floor":[64,64,64,53,53,53,53,52,52,52,52,52,46,31,31,0,0],"gold":100,"neow_bonus":"THREE_ENEMY_KILL","is_daily":false,"chose_seed":false,"campfire_upgraded":3,"win_rate":0.0,"timestamp":1610086868,"path_taken":["M","?","?","?","?","E","R","M","T","$","M","R","M","M","R","BOSS"],"items_purchased_type":["Relic","Card","Card"],"build_version":"2020-12-22","purchased_purges":1,"victory":false,"max_hp_per_floor":[71,64,64,64,64,64,64,64,64,64,64,64,64,64,64,64,64],"card_choices":[{"not_picked":["Barrage","Heatsinks"],"picked":"White Noise","floor":1},{"not_picked":["Hello World","Rebound"],"picked":"Compile Driver","floor":5},{"not_picked":["White Noise","Conserve Battery"],"picked":"Glacier","floor":6},{"not_picked":["Compile Driver","Heatsinks"],"picked":"BootSequence","floor":8},{"not_picked":["Echo Form","Gash"],"picked":"Turbo","floor":11},{"not_picked":["Leap","Steam","Sweeping Beam"],"picked":"SKIP","floor":13},{"not_picked":["Stack","Turbo"],"picked":"Ball Lightning","floor":14}],"player_experience":1196842,"relics_obtained":[{"floor":6,"key":"The Courier"},{"floor":9,"key":"Bronze Scales"}],"event_choices":[{"damage_healed":0,"gold_gain":0,"player_choice":"Lose Max HP","damage_taken":0,"relics_obtained":["Golden Idol"],"max_hp_gain":0,"max_hp_loss":7,"event_name":"Golden Idol","floor":2,"gold_loss":0},{"damage_healed":0,"gold_gain":0,"player_choice":"Ignored","damage_taken":0,"max_hp_gain":0,"max_hp_loss":0,"event_name":"Liars Game","floor":3,"gold_loss":0},{"damage_healed":0,"gold_gain":75,"player_choice":"Gather Gold","damage_taken":11,"max_hp_gain":0,"max_hp_loss":0,"event_name":"World of Goop","floor":4,"gold_loss":0}],"is_beta":false,"boss_relics":[],"items_purged_floors":[10],"is_endless":false,"potions_floor_spawned":[5,6,8,13,14],"killed_by":"The Guardian","ascension_level":20}}