{"host":"raai0vtvcfkt8csp","time":1610119977,"event":{"mods":["2.2 Compatiblity","BaseMod","Beaked The Cultist","Block Reminder","Booster Modes","DeckTracker","Defective Defect","Dio Mod","Downfall","GifTheSpireLib","Infinite Spire","Minty Spire (QoL Compilation)","Quick Restart","Random Character Button","Rare Cards Sparkle","StSLib","Unceasing Turn Reminder"],"gold_per_floor":[109,109,122,122,143,186,186,228,251,25,25,25],"floor_reached":11,"playtime":882,"items_purged":[],"score":85,"play_id":"76e8d84f-03af-4870-8b19-d9725d22c895","local_time":"20210108163257","is_ascension_mode":true,"campfire_choices":[{"data":"beaked:Ceremony","floor":7,"key":"SMITH"}],"circlet_count":0,"master_deck":["beaked:Strike_Y","beaked:Strike_Y","beaked:Strike_Y","beaked:Strike_Y","beaked:Strike_Y","beaked:Strike_Y","beaked:Defend_Y","beaked:Defend_Y","beaked:Defend_Y","beaked:Defend_Y","beaked:Ceremony","beaked:Ceremony+1","beaked:Ceremony+1","beaked:SurvivalInstinct","beaked:RitualOfBody","beaked:Insight","beaked:SacrificialAttack"],"relics":["beaked:MendingPlumage","Golden Idol","CeramicFish","infinitespire:Beetle Shell","Pen Nib","Chemical X"],"acts_visited":["Exordium"],"potions_floor_usage":[6,8,8],"damage_taken":[{"damage":12,"enemies":"Cultist","floor":1,"turns":5},{"damage":15,"enemies":"Jaw Worm","floor":3,"turns":6},{"damage":16,"enemies":"Small Slimes","floor":5,"turns":7},{"damage":29,"enemies":"Lagavulin","floor":6,"turns":8},{"damage":25,"enemies":"Gremlin Nob","floor":8,"turns":5},{"damage":18,"enemies":"Lagavulin","floor":11,"turns":4}],"seed_played":"3555612161969146874","potions_obtained":[{"floor":3,"key":"FearPotion"},{"floor":5,"key":"SkillPotion"},{"floor":6,"key":"DuplicationPotion"}],"is_trial":false,"path_per_floor":["M","?","M","?","M","E","R","E","T","$","E"],"character_chosen":"BEAKED_THE_CULTIST","items_purchased":["Regen Potion","Chemical X"],"campfire_rested":0,"item_purchase_floors":[10,10],"current_hp_per_floor":[43,43,42,30,30,22,22,8,8,8,0,0],"gold":25,"neow_bonus":"UPGRADE_CARD","is_daily":false,"chose_seed":false,"campfire_upgraded":1,"win_rate":0.0,"timestamp":1610119977,"path_taken":["M","?","M","?","M","E","R","E","T","?","E"],"items_purchased_type":["Potion","Relic"],"build_version":"2020-12-22","purchased_purges":0,"victory":false,"max_hp_per_floor":[50,50,50,50,50,50,50,50,50,50,50,50],"card_choices":[{"not_picked":["beaked:Tradeoff","beaked:RuinSticks"],"picked":"beaked:SurvivalInstinct","floor":1},{"not_picked":["beaked:Windmill","beaked:Evade"],"picked":"beaked:RitualOfBody","floor":3},{"not_picked":["beaked:Evade","beaked:Replenish","beaked:RitualOfBody"],"picked":"SKIP","floor":5},{"not_picked":["beaked:WildInstinct","beaked:Mantra"],"picked":"beaked:Insight","floor":6},{"not_picked":["beaked:Cower","beaked:FullHouse"],"picked":"beaked:SacrificialAttack","floor":8}],"player_experience":867838,"relics_obtained":[{"floor":6,"key":"CeramicFish"},{"floor":8,"key":"infinitespire:Beetle Shell"},{"floor":9,"key":"Pen Nib"}],"event_choices":[{"damage_healed":0,"gold_gain":0,"player_choice":"Take Damage","damage_taken":12,"relics_obtained":["Golden Idol"],"max_hp_gain":0,"max_hp_loss":0,"event_name":"Golden Idol","floor":4,"gold_loss":0}],"is_beta":false,"boss_relics":[],"items_purged_floors":[],"is_endless":false,"potions_floor_spawned":[3,5,6],"killed_by":"Lagavulin","ascension_level":1}}