{"host":"f674lxlqx58fvogb","time":1610115167,"event":{"mods":["BaseMod","Colored Powertips","Downfall","Hermit","Jorbs\u0027s Wanderer Trilogy","Minty Spire (QoL Compilation)","Replay The Spire","StSLib","The Blue Laboratory"],"gold_per_floor":[119,119,119,119,8,88,88,11,34,34,8,34,52,62,62,163,163,178,148,19,31,31,31,48,48,80,106,144,156,186,198,265,305,317,428,440,469,500,570,632,644,656,656],"floor_reached":42,"playtime":2187,"items_purged":[],"score":467,"play_id":"b6692ebe-3e25-4814-b762-f1405c6815ad","local_time":"20210108151247","is_ascension_mode":false,"campfire_choices":[{"floor":7,"key":"REST"},{"floor":10,"key":"REST"},{"floor":15,"key":"REST"},{"floor":25,"key":"REST"},{"floor":29,"key":"REST"},{"floor":34,"key":"REST"}],"circlet_count":0,"master_deck":["stsjorbsmod:ForbiddenGrimoire+1","stsjorbsmod:FreshAdventure","stsjorbsmod:EyeOfTheStorm","stsjorbsmod:WanderingMind","Spreading Infection","stsjorbsmod:FlameWard+1","stsjorbsmod:Thorns","stsjorbsmod:Mending+1","stsjorbsmod:Rediscovery","stsjorbsmod:ArcaneWeapon","stsjorbsmod:UnseenServant","stsjorbsmod:Hibernate","stsjorbsmod:MirrorImage+1","stsjorbsmod:MagicMissiles+1","stsjorbsmod:ArcaneWeapon","stsjorbsmod:SiphonEnergy","stsjorbsmod:WanderingMind","stsjorbsmod:ArcaneWeapon","stsjorbsmod:Stalwart","stsjorbsmod:DisguiseSelf+1","stsjorbsmod:MageArmor","stsjorbsmod:Mending","stsjorbsmod:ScorchingRay+1","stsjorbsmod:Inferno","stsjorbsmod:UnseenServant+1","stsjorbsmod:BlackTentacles+1","stsjorbsmod:IvoryTower","stsjorbsmod:RayOfFrost","stsjorbsmod:MageArmor","stsjorbsmod:MagicMissiles","stsjorbsmod:ScorchingRay","stsjorbsmod:FlameWard","stsjorbsmod:Stalwart","stsjorbsmod:OldPocket","stsjorbsmod:FlameWard","stsjorbsmod:FracturedMind+1","stsjorbsmod:Channel","stsjorbsmod:Hibernate+1","stsjorbsmod:TrueStrike+1","Madness","Madness"],"relics":["stsjorbsmod:GrimoireRelic","ReplayTheSpireMod:Ring of Challenge","Ring of Searing","Gremlin Food","PreservedInsect","ChewingGum","MawBank","Omamori","Thread and Needle","Pandora\u0027s Box","Torii","Dead Branch"],"acts_visited":["Exordium","TheCity","TheBeyond"],"potions_floor_usage":[16,16,27,33,33,33,42],"damage_taken":[{"damage":0,"enemies":"Small Slimes","floor":1,"turns":3},{"damage":39,"enemies":"Lagavulin","floor":6,"turns":7},{"damage":50,"enemies":"3 Sentries","floor":12,"turns":7},{"damage":0,"enemies":"2 Louse","floor":13,"turns":1},{"damage":3,"enemies":"Jaw Worm","floor":14,"turns":5},{"damage":23,"enemies":"Slime Boss","floor":16,"turns":5},{"damage":22,"enemies":"Chosen","floor":18,"turns":5},{"damage":15,"enemies":"Shell Parasite","floor":21,"turns":4},{"damage":17,"enemies":"Centurion and Healer","floor":24,"turns":6},{"damage":31,"enemies":"Book of Stabbing","floor":26,"turns":4},{"damage":3,"enemies":"Sentry and Sphere","floor":27,"turns":7},{"damage":0,"enemies":"Snecko","floor":30,"turns":4},{"damage":3,"enemies":"Chosen and Byrds","floor":32,"turns":7},{"damage":20,"enemies":"Gremlin Leader","floor":33,"turns":4},{"damage":9,"enemies":"Champ","floor":35,"turns":10},{"damage":21,"enemies":"Orb Walker","floor":37,"turns":3},{"damage":0,"enemies":"3 Darklings","floor":38,"turns":6},{"damage":33,"enemies":"2 Orb Walkers","floor":39,"turns":4},{"damage":0,"enemies":"Mind Bloom Boss Battle","floor":40,"turns":6},{"damage":21,"enemies":"Reptomancer","floor":42,"turns":2}],"seed_played":"-2046898118747907119","potions_obtained":[{"floor":12,"key":"blueLaboratory:HorrorPotion"},{"floor":13,"key":"Energy Potion"},{"floor":16,"key":"hexamod:EctoCoolerPotion"},{"floor":19,"key":"Venom Potion"},{"floor":19,"key":"Block Potion"},{"floor":26,"key":"blueLaboratory:ExaltedPotion"},{"floor":32,"key":"Block Potion"},{"floor":38,"key":"BlessingOfTheForge"},{"floor":39,"key":"GamblersBrew"}],"is_trial":false,"path_per_floor":["M","?","?","?","$","E","R","$","T","R","$","E","M","M","R","B",null,"M","?","$","M","PTL","PTL","M","R","E","M","T","R","M","?","M","E","R","B",null,"M","M","?","?","?","E"],"character_chosen":"WANDERER","items_purchased":["stsjorbsmod:Thorns","stsjorbsmod:Mending","stsjorbsmod:ArcaneWeapon","stsjorbsmod:UnseenServant","stsjorbsmod:Hibernate","stsjorbsmod:ArcaneWeapon","stsjorbsmod:Stalwart"],"campfire_rested":6,"item_purchase_floors":[5,5,8,8,11,20,20],"current_hp_per_floor":[68,68,68,54,54,20,40,40,40,60,60,10,10,9,29,7,68,50,50,50,37,37,37,22,43,13,12,12,33,33,33,31,12,33,26,70,50,52,19,20,11,0,0],"gold":656,"neow_bonus":"THREE_CARDS","is_daily":false,"chose_seed":false,"campfire_upgraded":0,"win_rate":0.0,"timestamp":1610115167,"path_taken":["M","?","?","?","$","E","R","$","T","R","$","E","?","?","R","BOSS","M","?","$","M","PTL","PTL","?","R","E","M","T","R","M","?","M","E","R","BOSS","M","M","?","?","?","E"],"items_purchased_type":["Card","Card","Card","Card","Card","Card","Card"],"build_version":"2020-12-22","purchased_purges":0,"victory":false,"max_hp_per_floor":[68,68,68,68,68,68,68,68,68,68,68,68,68,68,68,68,68,70,70,70,70,70,70,70,70,70,70,70,70,70,70,70,70,70,70,70,70,70,70,70,70,70,70],"card_choices":[{"not_picked":["stsjorbsmod:WeightOfMemory","stsjorbsmod:Materialize"],"picked":"stsjorbsmod:Firebolt","floor":0},{"not_picked":["stsjorbsmod:MageArmor","stsjorbsmod:BurningFlask"],"picked":"stsjorbsmod:WanderingMind","floor":1},{"not_picked":["stsjorbsmod:RayOfFrost","stsjorbsmod:ArcaneWeapon"],"picked":"stsjorbsmod:Rediscovery","floor":6},{"not_picked":["stsjorbsmod:WeightOfMemory","stsjorbsmod:Firebolt"],"picked":"stsjorbsmod:MirrorImage","floor":12},{"not_picked":["stsjorbsmod:Materialize","stsjorbsmod:TinyHut"],"picked":"stsjorbsmod:MagicMissiles","floor":13},{"not_picked":["stsjorbsmod:BurningFlask","stsjorbsmod:AnimateObjects"],"picked":"stsjorbsmod:ArcaneWeapon","floor":14},{"not_picked":["stsjorbsmod:Banish","stsjorbsmod:Pyromancy"],"picked":"stsjorbsmod:SiphonEnergy","floor":16},{"not_picked":["stsjorbsmod:Firebolt","stsjorbsmod:Will"],"picked":"stsjorbsmod:WanderingMind","floor":18},{"not_picked":["stsjorbsmod:Will","stsjorbsmod:Prestidigitation+1"],"picked":"stsjorbsmod:DisguiseSelf","floor":21},{"not_picked":["stsjorbsmod:UnseenServant","stsjorbsmod:TollTheDead"],"picked":"stsjorbsmod:MageArmor","floor":24},{"not_picked":["stsjorbsmod:Trauma","stsjorbsmod:WeightOfMemory"],"picked":"stsjorbsmod:Mending","floor":26},{"not_picked":["stsjorbsmod:LocateObject","stsjorbsmod:WanderingMind"],"picked":"stsjorbsmod:ScorchingRay+1","floor":27},{"not_picked":["stsjorbsmod:Prepare","stsjorbsmod:Mending"],"picked":"stsjorbsmod:Inferno","floor":30},{"not_picked":["stsjorbsmod:ParryingBlow+1","stsjorbsmod:SiphonEnergy"],"picked":"stsjorbsmod:UnseenServant+1","floor":32},{"not_picked":["stsjorbsmod:TollTheDead","stsjorbsmod:Prepare"],"picked":"stsjorbsmod:BlackTentacles+1","floor":33},{"not_picked":["stsjorbsmod:ThirstingSword","stsjorbsmod:Feast"],"picked":"stsjorbsmod:IvoryTower","floor":35},{"not_picked":["stsjorbsmod:BlackTentacles","stsjorbsmod:TrueStrike"],"picked":"stsjorbsmod:FracturedMind+1","floor":37},{"not_picked":["stsjorbsmod:MistyStep+1","stsjorbsmod:Introspection"],"picked":"stsjorbsmod:Channel","floor":38},{"not_picked":["stsjorbsmod:Mending+1","stsjorbsmod:Banish"],"picked":"stsjorbsmod:Hibernate+1","floor":39},{"not_picked":["stsjorbsmod:RayOfFrost","stsjorbsmod:AnimateObjects+1"],"picked":"stsjorbsmod:TrueStrike+1","floor":40}],"player_experience":190644,"relics_obtained":[{"floor":2,"key":"ReplayTheSpireMod:Ring of Challenge"},{"floor":2,"key":"Ring of Searing"},{"floor":6,"key":"Gremlin Food"},{"floor":12,"key":"PreservedInsect"},{"floor":26,"key":"MawBank"},{"floor":28,"key":"Omamori"},{"floor":33,"key":"Thread and Needle"},{"floor":39,"key":"Torii"},{"floor":40,"key":"Dead Branch"}],"event_choices":[{"damage_healed":0,"gold_gain":0,"player_choice":"Entered Light","damage_taken":14,"max_hp_gain":0,"max_hp_loss":0,"event_name":"Shining Light","floor":4,"gold_loss":0,"cards_upgraded":["stsjorbsmod:Defend_Wanderer","stsjorbsmod:Strike_Wanderer"]},{"damage_healed":0,"gold_gain":0,"player_choice":"Bought 2 Potions","damage_taken":0,"max_hp_gain":0,"max_hp_loss":0,"event_name":"The Woman in Blue","floor":19,"gold_loss":0},{"damage_healed":0,"gold_gain":0,"player_choice":"Ignored","damage_taken":0,"max_hp_gain":0,"max_hp_loss":0,"event_name":"Vampires","floor":31,"gold_loss":0},{"damage_healed":0,"gold_gain":0,"player_choice":"Fight","damage_taken":0,"max_hp_gain":0,"max_hp_loss":0,"event_name":"Mysterious Sphere","floor":39,"gold_loss":0},{"damage_healed":0,"gold_gain":0,"player_choice":"Fight","damage_taken":0,"max_hp_gain":0,"max_hp_loss":0,"event_name":"MindBloom","floor":40,"gold_loss":0},{"damage_healed":0,"gold_gain":0,"player_choice":"Embrace Madness","damage_taken":9,"max_hp_gain":0,"max_hp_loss":0,"event_name":"Winding Halls","floor":41,"gold_loss":0,"cards_obtained":["Madness","Madness"]}],"is_beta":false,"boss_relics":[{"not_picked":["Ectoplasm","Runic Pyramid"],"picked":"ChewingGum"},{"not_picked":["Replay:Grab Bag","SlaversCollar"],"picked":"Pandora\u0027s Box"}],"items_purged_floors":[],"is_endless":false,"potions_floor_spawned":[12,13,16,21,24,26,32,38,39],"killed_by":"Reptomancer","ascension_level":0}}