{"host":"w4k767hitkqtifhw","time":1610109911,"event":{"mods":["AchievementEnabler","Act Like it!","AlwaysNeverKeys","BaseMod","BetterRewards","Colored Map","Colored Powertips","GifTheSpireLib","Hallownest","Minty Spire (QoL Compilation)","Quick Restart","Rare Cards Sparkle","Replay The Spire","StSLib","The Animator","The Bug Knight","Waifu the Spire","WarShipGirlsR/????R mod"],"gold_per_floor":[116,116,130,130,130,161,161,161,209,228,228,228,578,675,675,917,917,1025,1025,142,62,159,159,264,264],"floor_reached":24,"playtime":3540,"items_purged":["Amnesia"],"score":342,"play_id":"19621ba6-a6eb-4613-b9ae-a4f50f0a8eaa","local_time":"20210108134511","is_ascension_mode":false,"campfire_choices":[{"data":"HollowMod:LifebloodCore","floor":7,"key":"SMITH"},{"floor":11,"key":"REST"},{"data":"ReplayTheSpireMod:Faulty Equipment","floor":15,"key":"SMITH"},{"data":"HollowMod:BaldurShell","floor":23,"key":"SMITH"}],"circlet_count":0,"master_deck":["HollowMod:NailStrikeStart","HollowMod:NailStrikeStart","HollowMod:NailStrikeStart","HollowMod:NailStrikeStart","HollowMod:QuickDashStart","HollowMod:QuickDashStart","HollowMod:QuickDashStart","HollowMod:QuickDashStart","HollowMod:FocusHealStart+1","HollowMod:PogoStrike","HollowMod:ShapeofUnn","HollowMod:FallenFury","HollowMod:LifebloodCore+1","HollowMod:VengefulSpirit","HollowMod:DashSlash","HollowMod:SoulStrike","Amnesia","Languid","HollowMod:SoulSplash","Writhe","HollowMod:SlysStrikes","AbeCurse","HollowMod:InfectedCysts+1","HollowMod:DesolateDive","HollowMod:Grubsong","Hallownest:skillCityofTearsMap","HollowMod:BaldurShell+1","Injury"],"relics":["HollowMod:VesselMask","NeowsBlessing","Hallownest:DreamNailRelic","Hallownest:SalubrasBlessingRelic","Juzu Bracelet","Bag of Preparation","Ring of Greed","Old Coin","Replay:Bandana","Ring of Misfortune","Abe\u0027s Treasure","Hallownest:WatcherSealRelic","ClockworkSouvenir","Onion Ring","Question Card"],"acts_visited":["Hallownest:Greenpath","Hallownest:CityofTears"],"potions_floor_usage":[16,24],"damage_taken":[{"damage":3,"enemies":"Hallownest:2_Tiktiks_and_1_Crawlid","floor":1,"turns":1},{"damage":0,"enemies":"Hallownest:2_Baldur","floor":3,"turns":1},{"damage":0,"enemies":"Hallownest:eliteCrystalGuardian","floor":6,"turns":1},{"damage":12,"enemies":"Hallownest:monsterHuskGuard","floor":10,"turns":5},{"damage":0,"enemies":"Hallownest:monsterAspidMother","floor":12,"turns":5},{"damage":0,"enemies":"Hallownest:Wandering_and_Horned","floor":14,"turns":5},{"damage":64,"enemies":"Hallownest:BossHornet","floor":16,"turns":22},{"damage":1,"enemies":"Hallownest:2_Mistakes","floor":18,"turns":5},{"damage":0,"enemies":"Hallownest:3_Youths","floor":22,"turns":5},{"damage":154,"enemies":"Hallownest:2_Flukemon","floor":24,"turns":6}],"seed_played":"-3272824686290323707","potions_obtained":[{"floor":6,"key":"DuplicationPotion"},{"floor":10,"key":"Dexterity Potion"},{"floor":14,"key":"Adrenaline Potion"},{"floor":18,"key":"SteroidPotion"},{"floor":22,"key":"DuplicationPotion"}],"is_trial":false,"path_per_floor":["M","?","M","?","?","E","R","?","T","M","R","M","?","M","R","B",null,"M","?","$","?","M","R","M"],"character_chosen":"THE_BUGKNIGHT","items_purchased":["ClockworkSouvenir","Onion Ring","Question Card","HollowMod:DesolateDive","HollowMod:Grubsong"],"campfire_rested":1,"item_purchase_floors":[20,20,20,20,20],"current_hp_per_floor":[72,72,72,72,72,72,72,72,72,66,77,77,77,77,77,25,77,76,76,76,76,76,76,0,0],"gold":264,"neow_bonus":"THREE_ENEMY_KILL","is_daily":false,"chose_seed":false,"campfire_upgraded":3,"win_rate":0.0,"timestamp":1610109911,"path_taken":["M","?","?","?","?","E","R","?","T","M","R","M","?","M","R","BOSS","M","?","$","?","M","R","M"],"items_purchased_type":["Relic","Relic","Relic","Card","Card"],"build_version":"2020-12-22","purchased_purges":1,"victory":false,"max_hp_per_floor":[75,75,75,75,75,75,75,75,75,75,77,77,77,77,77,77,77,77,77,77,77,77,77,77,77],"card_choices":[{"not_picked":["HollowMod:GoodIntentions","HollowMod:MawleksShell"],"picked":"HollowMod:ShapeofUnn","floor":1},{"not_picked":["HollowMod:SiblingsSouls","HollowMod:NewLittleFool"],"picked":"HollowMod:FallenFury","floor":3},{"not_picked":[],"picked":"HollowMod:LifebloodCore","floor":4},{"not_picked":["HollowMod:SiblingsSouls","HollowMod:CrystalDash"],"picked":"HollowMod:VengefulSpirit","floor":6},{"not_picked":["HollowMod:FallenFury","HollowMod:InfectedAttack"],"picked":"HollowMod:DashSlash","floor":10},{"not_picked":["HollowMod:MothsMistake","HollowMod:HuntersJournal"],"picked":"HollowMod:SoulStrike","floor":12},{"not_picked":["HollowMod:InfectedCysts","HollowMod:LifebloodCocoon"],"picked":"HollowMod:SoulSplash","floor":14},{"not_picked":["HollowMod:Hiveblood","HollowMod:ZotesMagnificence"],"picked":"HollowMod:SlysStrikes","floor":16},{"not_picked":["HollowMod:DashSlash","HollowMod:FallenFury+1"],"picked":"HollowMod:InfectedCysts+1","floor":18},{"not_picked":["HollowMod:HeavyBlow+1","HollowMod:CloakDash+1","HollowMod:PureNailStrike"],"picked":"HollowMod:BaldurShell","floor":22}],"player_experience":45457,"relics_obtained":[{"floor":6,"key":"Juzu Bracelet"},{"floor":9,"key":"Bag of Preparation"},{"floor":13,"key":"Ring of Greed"},{"floor":13,"key":"Old Coin"},{"floor":13,"key":"Replay:Bandana"},{"floor":13,"key":"Ring of Misfortune"}],"event_choices":[],"is_beta":false,"boss_relics":[{"not_picked":["Ring of Chaos","Replay:Drink Me"],"picked":"Abe\u0027s Treasure"}],"items_purged_floors":[20],"is_endless":false,"potions_floor_spawned":[6,10,14,18,22],"killed_by":"Hallownest:2_Flukemon","ascension_level":0}}