{"host":"ox77rn1xcurm2t5a","time":1610146898,"event":{"mods":["2.2 Compatiblity","AchievementEnabler","Act Like it!","Aspiration","BaseMod","Best Route Mod","Better Match","Better Note","Better Sensory Stone","Block Reminder","Colored Map","Colored Powertips","Conjunction","Conspire","Custom Start","Energized Spire","GifTheSpireLib","Gold Saver","Gremlin Skip","Halation","Highlight Path","Hubris","Infinite Spire","Minty Spire (QoL Compilation)","Pale of the Ancients","Quick Restart","Replay The Spire","Reworked Bosses","ShortenTheSpire","Spire Exporter","StSLib","Stuff the Spire","Wandering Minibosses","vexMod"],"gold_per_floor":[111,1248,1248,1316,1335,1361,1380,666,666,686,718,718,735,761,761,838,838,855,855,2673,2683,2122,2122,2122,2122,2145,2145,2174,2206,2226,2226,2226],"floor_reached":31,"playtime":906,"items_purged":["Strike_B","Zap","Strike_B","Strike_B","Strike_B"],"score":521,"play_id":"c48e1b65-550f-4b99-889b-5c79a8db19e7","local_time":"20210109010138","is_ascension_mode":true,"campfire_choices":[{"floor":12.0,"key":"RECALL"},{"data":"Defragment","floor":15.0,"key":"SMITH"},{"data":"Defragment","floor":23.0,"key":"SMITH"},{"data":"Electrodynamics","floor":25.0,"key":"SMITH"},{"data":"Loop","floor":27.0,"key":"SMITH"}],"circlet_count":0,"master_deck":["AscendersBane","Defend_B","Defend_B","Defend_B","Defend_B","Dualcast","Streamline","Defragment+1","Coolheaded","Cold Snap+1","Storm","Gash+1","Loop+1","Gash","Electrodynamics+1","Cold Snap","Defragment+1","FIFO Queue","Cold Snap","Gash+1"],"relics":["Cracked Core","NeowsBlessing","StuffTheSpire:MayFlowers","infinitespire:Golems Mask","Peace Pipe","infinitespire:Lucky Rock","Bottled Flame","vexMod:TimeEaterHat","infinitespire:PuzzleCube","Blue Candle","hubris:Backtick","Happy Flower","StuffTheSpire:Expresso","infinitespire:Beetle Shell","Replay:WaspNest","Whetstone","ReplayFunnel","WingedGreaves","halation:SelfBoilingWater"],"acts_visited":["Exordium","TheCity"],"potions_floor_usage":[31],"damage_taken":[{"damage":0.0,"enemies":"Jaw Worm","floor":1.0,"turns":1.0},{"damage":0.0,"enemies":"2 Louse","floor":5.0,"turns":1.0},{"damage":0.0,"enemies":"Gremlin Nob","floor":6.0,"turns":1.0},{"damage":0.0,"enemies":"Cultist","floor":7.0,"turns":3.0},{"damage":16.0,"enemies":"Lots of Slimes","floor":10.0,"turns":4.0},{"damage":10.0,"enemies":"Lagavulin","floor":11.0,"turns":7.0},{"damage":4.0,"enemies":"Exordium Thugs","floor":13.0,"turns":5.0},{"damage":13.0,"enemies":"Gremlin Nob","floor":14.0,"turns":4.0},{"damage":17.0,"enemies":"Hexaghost","floor":16.0,"turns":8.0},{"damage":7.0,"enemies":"Chosen","floor":18.0,"turns":3.0},{"damage":1.0,"enemies":"Spheric Guardian","floor":21.0,"turns":4.0},{"damage":12.0,"enemies":"Replay:Snechameleon","floor":28.0,"turns":5.0},{"damage":38.0,"enemies":"Gremlin Leader","floor":29.0,"turns":5.0},{"damage":0,"enemies":"Cultist and Chosen","floor":30,"turns":2},{"damage":5,"enemies":"Book of Stabbing","floor":31,"turns":1}],"seed_played":"-7650275756877008786","potions_obtained":[{"floor":1.0,"key":"LiquidMemories"},{"floor":14.0,"key":"Strength Potion"},{"floor":16.0,"key":"DistilledChaos"},{"floor":18.0,"key":"Weak Potion"},{"floor":30,"key":"BlessingOfTheForge"}],"is_trial":false,"path_per_floor":["M","$","?","?","M","E","M","$","T","M","E","R","M","E","R","B",null,"M","?","$","M","$","R","AVR","R","T","R","E","E","M","E"],"character_chosen":"DEFECT","items_purchased":["StuffTheSpire:MayFlowers","infinitespire:Golems Mask","Defragment","Coolheaded","Block Potion","infinitespire:Lucky Rock","Bottled Flame","Loop","vexMod:TimeEaterHat","Defragment","StuffTheSpire:Expresso","infinitespire:Beetle Shell","Energy Potion","Replay:WaspNest","Whetstone"],"campfire_rested":0,"item_purchase_floors":[2,2,2,2,2,8,8,8,8,20,20,20,20,22,22],"current_hp_per_floor":[68,68,75,75,75,75,75,75,75,59,54,54,50,37,37,26,63,56,53,53,52,52,52,52,52,52,52,40,2,2,0,0],"gold":2226,"neow_bonus":"THREE_ENEMY_KILL","is_daily":false,"chose_seed":false,"campfire_upgraded":4,"win_rate":0.0,"timestamp":1610146898,"path_taken":["M","$","?","?","?","E","M","$","T","M","E","R","M","E","R","BOSS","M","?","$","M","$","R","AVR","R","T","R","E","E","M","E"],"items_purchased_type":["Relic","Relic","Card","Card","Potion","Relic","Relic","Card","Relic","Card","Relic","Relic","Potion","Relic","Relic"],"build_version":"2020-12-22","purchased_purges":5,"victory":false,"max_hp_per_floor":[75,75,75,75,75,75,75,75,75,75,75,75,75,75,75,75,75,75,75,75,75,75,75,75,75,75,75,75,75,75,75,75],"card_choices":[{"not_picked":["Go for the Eyes","Self Repair"],"picked":"Streamline","floor":1.0},{"not_picked":["Rip and Tear","Hologram"],"picked":"Cold Snap","floor":5.0},{"not_picked":["ReplayTheSpireMod:Reroute Power","StuffTheSpire:LoadUp"],"picked":"Storm","floor":6.0},{"not_picked":["Coolheaded","ReplayGash"],"picked":"Gash","floor":7.0},{"not_picked":["Darkness","Redo","Compile Driver"],"picked":"SKIP","floor":10.0},{"not_picked":["Sweeping Beam","StuffTheSpire:Plugnplay"],"picked":"Gash","floor":11.0},{"not_picked":["Rip and Tear","Fusion","Steam"],"picked":"SKIP","floor":13.0},{"not_picked":["Hello World","Steam Power","Reprogram"],"picked":"SKIP","floor":14.0},{"not_picked":["StuffTheSpire:EventHorizon","hubris:DoWhile"],"picked":"Electrodynamics","floor":16.0},{"not_picked":["Genetic Algorithm","Tempest+1"],"picked":"Cold Snap","floor":18.0},{"not_picked":["ReplayTheSpireMod:Calculation Training","Auto Shields"],"picked":"FIFO Queue","floor":21.0},{"not_picked":["Conserve Battery","StuffTheSpire:LoadUp","Barrage"],"picked":"SKIP","floor":28.0},{"not_picked":["Hologram","Core Surge"],"picked":"Cold Snap","floor":29.0},{"not_picked":["Coolheaded","Doom and Gloom+1"],"picked":"Gash+1","floor":30}],"player_experience":2973990,"relics_obtained":[{"floor":6.0,"key":"Peace Pipe"},{"floor":11.0,"key":"infinitespire:PuzzleCube"},{"floor":14.0,"key":"Blue Candle"},{"floor":26.0,"key":"ReplayFunnel"},{"floor":28.0,"key":"WingedGreaves"},{"floor":29.0,"key":"halation:SelfBoilingWater"}],"event_choices":[{"damage_healed":0.0,"max_hp_gain":0.0,"max_hp_loss":0.0,"gold_gain":68.0,"event_name":"Golden Wing","player_choice":"Gained Gold","floor":4.0,"gold_loss":0.0,"damage_taken":0.0},{"damage_healed":0.0,"max_hp_gain":0.0,"max_hp_loss":0.0,"gold_gain":0.0,"event_name":"Designer","player_choice":"Punched","floor":19.0,"gold_loss":0.0,"damage_taken":3.0}],"is_beta":false,"boss_relics":[{"not_picked":["hubris:ScarierMask","ReplayTheSpireMod:DimensionalGlitch"],"picked":"hubris:Backtick"}],"items_purged_floors":[2,8,20,22,24],"is_endless":false,"potions_floor_spawned":[1,6,7,14,16,18,30],"killed_by":"Book of Stabbing","ascension_level":13}}