{"host":"qkbnayyek6fga752","time":1610106914,"event":{"mods":["2.2 Compatiblity","Arknights The Spire","Aspiration","Astrologer","BaseMod","Beaked The Cultist","Better Altar","Better Match","Better Note","Better Sensory Stone","Better Skull","Better Third Choice","CCEM","CapriCore","ChefMod","Clockwork Mod","Conspire","Ekko","Energized Spire","Evolution","Glutton Mod","Hermit","Hubris","Humility","Jedi Mod","Koishi","Mad Scientist","Marisa????????","Minty Spire (QoL Compilation)","Quarter Circle Forward PUNCH!","Random Character Mod","Replay The Spire","Robot Space Explorer","SIMod","Spicy Shops","StSLib","The Administrix","The Alterego","The Blackbeard","The Blue Laboratory","The Bug Knight","The Construct","The Cursed","The Death Knight","The Disciple","The Druid","The Exalted","The Forsaken","The Gatherer","The Hayseed","The Hierophant","The Immortal","The Juggle","The Marked","The Necromancer","The Problem Sleuth","The Runesmith","The Sage","The Senshi","The Vixen","TheArtist","TheLocksmith","TheSwordswoman","TheVacant","TheVelvet","TheWitcher","Trackpad","Yuri Mod","thorton","vexMod"],"gold_per_floor":[114,114,8,8,28,62,95,121,174,201,22,51,83,44,122,218,218,236,236,249,30,30,62,92,117,141,166,16,49,60,91,91,274,274,284,284,284,294,125,158,186,248,248,70,70,70,70,70,70,70],"floor_reached":51,"playtime":3744,"items_purged":[],"score":1479,"play_id":"5b9cd2b9-e36d-4aca-a45e-af548deee8a1","local_time":"20210108065514","daily_mods":["SealedDeck","Heirloom","Flight","DeadlyEvents","Elite Swarm"],"is_ascension_mode":false,"campfire_choices":[{"floor":32,"key":"DIG"},{"floor":49,"key":"DIG"}],"circlet_count":0,"master_deck":["ekkoTheBoyWhoShatteredTime:WaitForKeyTiming+1","ekkoTheBoyWhoShatteredTime:AfterimageTease+1","ekkoTheBoyWhoShatteredTime:DelayedWork+1","ekkoTheBoyWhoShatteredTime:DelayedWork+1","ekkoTheBoyWhoShatteredTime:WaitForKeyTiming+1","ekkoTheBoyWhoShatteredTime:HauntingGuise+1","ekkoTheBoyWhoShatteredTime:HauntingGuise+1","ekkoTheBoyWhoShatteredTime:HauntingGuise+1","ekkoTheBoyWhoShatteredTime:HauntingGuise+1","ekkoTheBoyWhoShatteredTime:FluidEnergy+1","ekkoTheBoyWhoShatteredTime:AfterimageTease+1","ekkoTheBoyWhoShatteredTime:NeedlesslyLargeRod+1","ekkoTheBoyWhoShatteredTime:AfterimageHit+1","ekkoTheBoyWhoShatteredTime:ComeAtMe+1","ekkoTheBoyWhoShatteredTime:Discharge+1","ekkoTheBoyWhoShatteredTime:TimeIndustry+1","ekkoTheBoyWhoShatteredTime:ZhonyasHourglass+1","ekkoTheBoyWhoShatteredTime:Discharge+1","ekkoTheBoyWhoShatteredTime:NeedlesslyLargeRod+1","ekkoTheBoyWhoShatteredTime:URF+1","ekkoTheBoyWhoShatteredTime:IcebornGauntlet+1","ekkoTheBoyWhoShatteredTime:Periocharge+1","J.A.X.+1","hubris:DuctTapeCard","ekkoTheBoyWhoShatteredTime:Unleashed+1","ekkoTheBoyWhoShatteredTime:NeedlesslyLargeRod+1","AsteroidBelt+1","ekkoTheBoyWhoShatteredTime:GuinsoosRageblade+1","ekkoTheBoyWhoShatteredTime:AfterimageTease+1","SatelliteIllusion+1","jedi:forcepull+1","EscapeVelocity+1","Replay:BasicMightCard+1","ekkoTheBoyWhoShatteredTime:DelayedWork","AscendersBane","Madness+1","Poisoned Strike+1","OrrerysSun+1","Mayhem+1","MillisecondPulsars+1","ekkoTheBoyWhoShatteredTime:Periocharge+1","ekkoTheBoyWhoShatteredTime:Timewinder+1","ReplayTheSpireMod:Trickstab+1","CollectingQuirk+1","ekkoTheBoyWhoShatteredTime:SktSynergy+1","UltimateShortwave+1"],"relics":["ekkoTheBoyWhoShatteredTime:zDriveResonance","EVO:Axolotl","construct:RocketBooster","Anchor","Bronze Scales","Golden Egg","Replay:Wax Seal","yuri:PortableGlitches","hubris:TinFlute","PreservedInsect","InkBottle","aspiration:MarisaSkillbook","thethorton:BrokenCalculator","aspiration:HiddenCompartment","ReplayTheSpireMod:TigerMarble","vexMod:FocusSash","Pear","trackpad:CultistFigurine","hubris:DuctTape","hubris:HerbalPaste","CCEMRelics:FestiveHat","theForsaken:Gavel","sagemod:Falmels_Amulet","ekkoTheBoyWhoShatteredTime:TwistedClockwork","trackpad:RapidFire","aspiration:ChemicalBlood","CCEMRelics:Sandal","Pen Nib","jedi:ominousloannote","Question Card","hubris:ToyBattleship","hubris:PeanutButter","trackpad:FieryHotPepper","hubris:DeckOfHolding","Calipers"],"acts_visited":["Exordium","TheCity","TheBeyond"],"potions_floor_usage":[8,25,33,33,33,46,50,50],"damage_taken":[{"damage":2,"enemies":"Small Slimes","floor":1,"turns":4},{"damage":2,"enemies":"2 Louse","floor":5,"turns":3},{"damage":0,"enemies":"Lagavulin","floor":6,"turns":4},{"damage":1,"enemies":"3 Sentries","floor":7,"turns":8},{"damage":21,"enemies":"Gremlin Nob","floor":8,"turns":4},{"damage":0,"enemies":"HollowMod:MossKnight","floor":10,"turns":6},{"damage":15,"enemies":"Gremlin Nob","floor":12,"turns":4},{"damage":0,"enemies":"3 Sentries","floor":13,"turns":4},{"damage":0,"enemies":"Fading Forest","floor":16,"turns":8},{"damage":0,"enemies":"Shell Parasite","floor":18,"turns":3},{"damage":0,"enemies":"3 Cultists","floor":20,"turns":3},{"damage":9,"enemies":"conspire:SneckoGhost","floor":23,"turns":6},{"damage":1,"enemies":"HollowMod:Nosk","floor":24,"turns":4},{"damage":0,"enemies":"Replay:Snechameleon","floor":25,"turns":2},{"damage":0,"enemies":"Book of Stabbing","floor":27,"turns":2},{"damage":0,"enemies":"conspire:Head Lice","floor":29,"turns":3},{"damage":5,"enemies":"Shelled Parasite and Fungi","floor":30,"turns":4},{"damage":0,"enemies":"conspire:SneckoGhost","floor":31,"turns":4},{"damage":20,"enemies":"Collector","floor":33,"turns":4},{"damage":0,"enemies":"3 Darklings","floor":35,"turns":4},{"damage":0,"enemies":"3 Shapes","floor":38,"turns":3},{"damage":4,"enemies":"HollowMod:StalkingDevout","floor":40,"turns":4},{"damage":0,"enemies":"Nemesis","floor":41,"turns":3},{"damage":0,"enemies":"Reptomancer","floor":42,"turns":2},{"damage":0,"enemies":"Nemesis","floor":45,"turns":3},{"damage":0,"enemies":"beaked:SuperParasite","floor":46,"turns":2},{"damage":0,"enemies":"HollowMod:StalkingDevout","floor":48,"turns":1},{"damage":0,"enemies":"hubris:GrandSnecko","floor":50,"turns":4}],"seed_played":"-7659052482928347154","potions_obtained":[{"floor":1,"key":"LiquidBronze"},{"floor":7,"key":"Explosive Potion"},{"floor":12,"key":"blueLaboratory:LouseDecoction"},{"floor":13,"key":"jedi:StrikingPotion"},{"floor":18,"key":"LiquidBronze"},{"floor":27,"key":"jedi:StrikingPotion"},{"floor":33,"key":"SkillPotion"},{"floor":40,"key":"blueLaboratory:BottleOfVodka"},{"floor":41,"key":"Fire Potion"},{"floor":46,"key":"blueLaboratory:BottleOfVodka"},{"floor":48,"key":"blueLaboratory:FruitPreserves"}],"is_trial":true,"path_per_floor":["M","?","$","?","M","E","E","E","T","E","$","E","E","$","R","B",null,"M","?","M","$","?","E","E","E","T","E","$","E","M","E","R","B",null,"M","?","?","M","$","E","E","E","T","$","E","E","$","E","R","B",null],"character_chosen":"EKKO_THE_BOY_WHO_SHATTERED_TIME","items_purchased":["ekkoTheBoyWhoShatteredTime:NeedlesslyLargeRod","ekkoTheBoyWhoShatteredTime:AfterimageHit","ekkoTheBoyWhoShatteredTime:NeedlesslyLargeRod","hubris:TinFlute","ekkoTheBoyWhoShatteredTime:IcebornGauntlet","thethorton:BrokenCalculator","aspiration:HiddenCompartment","ekkoTheBoyWhoShatteredTime:NeedlesslyLargeRod","hubris:HerbalPaste","AsteroidBelt","Mayhem","Pen Nib","jedi:ominousloannote","Question Card","ekkoTheBoyWhoShatteredTime:Timewinder","ReplayTheSpireMod:Trickstab","trackpad:FieryHotPepper"],"campfire_rested":0,"item_purchase_floors":[3,3,11,11,14,21,21,28,28,28,39,44,44,44,44,44,47],"current_hp_per_floor":[76,78,78,78,76,76,75,54,54,54,54,39,39,39,39,39,78,78,78,78,78,78,69,68,78,78,78,78,89,90,94,94,75,94,94,89,89,89,89,85,89,89,89,89,89,89,69,69,69,75],"gold":70,"neow_bonus":"","is_daily":false,"chose_seed":false,"campfire_upgraded":0,"win_rate":0.0,"timestamp":1610106914,"path_taken":["M","?","$","?","?","E","E","E","T","E","$","E","E","?","R","BOSS","M","?","?","$","?","E","E","E","T","E","$","E","?","E","R","BOSS","M","?","?","?","$","E","E","E","T","$","E","E","?","E","R","BOSS"],"items_purchased_type":["Card","Card","Card","Relic","Card","Relic","Relic","Card","Relic","Card","Card","Relic","Relic","Relic","Card","Card","Relic"],"build_version":"2020-12-22","purchased_purges":0,"victory":true,"max_hp_per_floor":[78,78,78,78,78,78,78,78,78,78,78,78,78,78,78,78,78,78,78,78,78,78,78,78,88,88,88,88,94,94,94,94,94,94,94,89,89,89,89,89,89,89,89,89,89,89,89,89,89,89],"card_choices":[{"not_picked":["ekkoTheBoyWhoShatteredTime:Confident","ekkoTheBoyWhoShatteredTime:KneeNSwordCombo"],"picked":"ekkoTheBoyWhoShatteredTime:AfterimageTease","floor":1},{"not_picked":["ekkoTheBoyWhoShatteredTime:Greed","ekkoTheBoyWhoShatteredTime:SneakHit"],"picked":"ekkoTheBoyWhoShatteredTime:ComeAtMe","floor":5},{"not_picked":["ekkoTheBoyWhoShatteredTime:Unleashed","ekkoTheBoyWhoShatteredTime:TrickOrTreatTrend"],"picked":"ekkoTheBoyWhoShatteredTime:Discharge","floor":6},{"not_picked":["ekkoTheBoyWhoShatteredTime:CatchUpTime","ekkoTheBoyWhoShatteredTime:AcademyAttraction"],"picked":"ekkoTheBoyWhoShatteredTime:TimeIndustry","floor":7},{"not_picked":["ekkoTheBoyWhoShatteredTime:Chronobreak","ekkoTheBoyWhoShatteredTime:AcademyAttraction"],"picked":"ekkoTheBoyWhoShatteredTime:ZhonyasHourglass","floor":8},{"not_picked":["ekkoTheBoyWhoShatteredTime:Chronobreak","ekkoTheBoyWhoShatteredTime:TrickOrTreatTrend"],"picked":"ekkoTheBoyWhoShatteredTime:Discharge","floor":10},{"not_picked":["ekkoTheBoyWhoShatteredTime:TrinityForce","ekkoTheBoyWhoShatteredTime:AcademyAttraction","ekkoTheBoyWhoShatteredTime:TimeIndustry"],"picked":"SKIP","floor":12},{"not_picked":["ekkoTheBoyWhoShatteredTime:TrinityForce","ekkoTheBoyWhoShatteredTime:GrandeFinale"],"picked":"ekkoTheBoyWhoShatteredTime:URF","floor":13},{"not_picked":["ekkoTheBoyWhoShatteredTime:AcademyAttraction","ekkoTheBoyWhoShatteredTime:Chronobreak"],"picked":"ekkoTheBoyWhoShatteredTime:Periocharge","floor":16},{"not_picked":["RefractionSpark","GravityBeat+1","ekkoTheBoyWhoShatteredTime:CommittedStrike"],"picked":"ekkoTheBoyWhoShatteredTime:HauntingGuise+1","floor":18},{"not_picked":["ekkoTheBoyWhoShatteredTime:Backtrack","ekkoTheBoyWhoShatteredTime:VelocityConsuming","GrandCross","ekkoTheBoyWhoShatteredTime:HauntedAfterimage+1"],"picked":"SKIP","floor":20},{"not_picked":["ekkoTheBoyWhoShatteredTime:TrinityForce","ekkoTheBoyWhoShatteredTime:GrandeFinale","MaximisePower","BinaryStars"],"picked":"SKIP","floor":23},{"not_picked":["ekkoTheBoyWhoShatteredTime:SandstormSympathy","ekkoTheBoyWhoShatteredTime:ZhonyasHourglass","BigCrunch","ekkoTheBoyWhoShatteredTime:Unleashed"],"picked":"SKIP","floor":24},{"not_picked":["ekkoTheBoyWhoShatteredTime:SktSynergy","SuperNova","BinaryStars","JA"],"picked":"SKIP","floor":25},{"not_picked":["ekkoTheBoyWhoShatteredTime:ZhonyasHourglass","ekkoTheBoyWhoShatteredTime:TrickOrTreatTrend","MaximisePower"],"picked":"ekkoTheBoyWhoShatteredTime:Unleashed","floor":27},{"not_picked":["BigCrunch","ekkoTheBoyWhoShatteredTime:SktSynergy","BlazingStar"],"picked":"ekkoTheBoyWhoShatteredTime:GuinsoosRageblade","floor":29},{"not_picked":["ekkoTheBoyWhoShatteredTime:CommittedStrike","PulseMagic","ekkoTheBoyWhoShatteredTime:Leap"],"picked":"ekkoTheBoyWhoShatteredTime:AfterimageTease","floor":30},{"not_picked":["ekkoTheBoyWhoShatteredTime:AcademyAttraction","AbsoluteMagnitude","ekkoTheBoyWhoShatteredTime:TrickOrTreatTrend"],"picked":"SatelliteIllusion","floor":31},{"not_picked":["Replay:Sssssssssshield+1","jedi:forcepush+1","hubris:Ssssneak+1"],"picked":"jedi:forcepull+1","floor":33},{"not_picked":["JA","StarDustReverie","ekkoTheBoyWhoShatteredTime:TrickOrTreatTrend"],"picked":"EscapeVelocity","floor":33},{"not_picked":["sagemod:Refine+1","Deep Breath+1","Purity+1"],"picked":"Replay:BasicMightCard+1","floor":35},{"not_picked":["MagicChant+1","ekkoTheBoyWhoShatteredTime:ComeAtMe","ekkoTheBoyWhoShatteredTime:WideSlice"],"picked":"ekkoTheBoyWhoShatteredTime:DelayedWork","floor":35},{"not_picked":["Magnetism+1","sagemod:Refine+1","jedi:cleanse+1"],"picked":"Poisoned Strike+1","floor":38},{"not_picked":["ekkoTheBoyWhoShatteredTime:TimeRecall","ekkoTheBoyWhoShatteredTime:PhaseDive","LuminesStrike+1"],"picked":"OrrerysSun+1","floor":38},{"not_picked":["AbsoluteMagnitude","ekkoTheBoyWhoShatteredTime:Chronobreak","BlazingStar","ekkoTheBoyWhoShatteredTime:AcademyAttraction"],"picked":"SKIP","floor":40},{"not_picked":["ekkoTheBoyWhoShatteredTime:OverloadingWeapon","FinalSpark","ekkoTheBoyWhoShatteredTime:TimeIndustry"],"picked":"MillisecondPulsars","floor":41},{"not_picked":["SuperNova","StarDustReverie","ekkoTheBoyWhoShatteredTime:GrandeFinale"],"picked":"ekkoTheBoyWhoShatteredTime:Periocharge","floor":42},{"not_picked":["ekkoTheBoyWhoShatteredTime:OverloadingWeapon","BlazingStar","ekkoTheBoyWhoShatteredTime:GrandeFinale","ekkoTheBoyWhoShatteredTime:CatchUpTime"],"picked":"CollectingQuirk","floor":45},{"not_picked":["BlazingStar","ekkoTheBoyWhoShatteredTime:ZhonyasHourglass","MaximisePower","MillisecondPulsars"],"picked":"ekkoTheBoyWhoShatteredTime:SktSynergy","floor":46},{"not_picked":["ekkoTheBoyWhoShatteredTime:Periocharge","ekkoTheBoyWhoShatteredTime:Chronobreak","ekkoTheBoyWhoShatteredTime:Unleashed","FinalSpark"],"picked":"UltimateShortwave","floor":48}],"player_experience":334060,"relics_obtained":[{"floor":6,"key":"Anchor"},{"floor":7,"key":"Bronze Scales"},{"floor":8,"key":"Golden Egg"},{"floor":9,"key":"Replay:Wax Seal"},{"floor":10,"key":"yuri:PortableGlitches"},{"floor":12,"key":"PreservedInsect"},{"floor":13,"key":"InkBottle"},{"floor":23,"key":"ReplayTheSpireMod:TigerMarble"},{"floor":24,"key":"vexMod:FocusSash"},{"floor":25,"key":"Pear"},{"floor":26,"key":"trackpad:CultistFigurine"},{"floor":27,"key":"hubris:DuctTape"},{"floor":29,"key":"vexMod:BerryBomb"},{"floor":31,"key":"CCEMRelics:FestiveHat"},{"floor":32,"key":"theForsaken:Gavel"},{"floor":40,"key":"ekkoTheBoyWhoShatteredTime:TwistedClockwork"},{"floor":41,"key":"trackpad:RapidFire"},{"floor":42,"key":"aspiration:ChemicalBlood"},{"floor":43,"key":"CCEMRelics:Sandal"},{"floor":45,"key":"hubris:ToyBattleship"},{"floor":46,"key":"hubris:PeanutButter"},{"floor":48,"key":"hubris:DeckOfHolding"},{"floor":49,"key":"Calipers"}],"event_choices":[{"damage_healed":0,"gold_gain":78,"player_choice":"Gained Gold","damage_taken":0,"max_hp_gain":0,"max_hp_loss":0,"event_name":"Golden Wing","floor":15,"gold_loss":0},{"cards_removed":["ekkoTheBoyWhoShatteredTime:DelayedWork"],"damage_healed":0,"gold_gain":0,"player_choice":"Take \u0026 Give","damage_taken":0,"max_hp_gain":0,"max_hp_loss":0,"event_name":"betterNote:BetterNote","floor":19,"gold_loss":0,"cards_obtained":["Mayhem"]},{"damage_healed":0,"gold_gain":0,"player_choice":"Obtain J.A.X.","damage_taken":0,"max_hp_gain":0,"max_hp_loss":0,"event_name":"Drug Dealer","floor":22,"gold_loss":0,"cards_obtained":["J.A.X."]},{"damage_healed":0,"gold_gain":0,"player_choice":"Max HP","damage_taken":0,"max_hp_gain":0,"max_hp_loss":5,"event_name":"Winding Halls","floor":36,"gold_loss":0},{"damage_healed":0,"gold_gain":3,"player_choice":"3","damage_taken":0,"max_hp_gain":0,"max_hp_loss":0,"event_name":"betterStone:BetterStone","floor":37,"gold_loss":0,"cards_obtained":["Madness"]}],"is_beta":false,"boss_relics":[{"not_picked":["trackpad:Trackpad","construct:ClawGrip"],"picked":"aspiration:MarisaSkillbook"},{"not_picked":["hubris:Backtick","theSenshi:MoonKaleidoScopeRelic"],"picked":"sagemod:Falmels_Amulet"}],"items_purged_floors":[],"is_endless":false,"potions_floor_spawned":[1,7,12,13,18,24,27,30,33,40,41,46,48],"ascension_level":0}}