{"host":"wmm4q2torfc8rajz","time":1610129725,"event":{"mods":["2.2 Compatiblity","Abigail Mod","AchievementEnabler","Act Like it!","Arknights The Spire","BaseMod","Chen","Friendly Minions","HololiveMod","Kiyohime????","Koishi","LagranYue(???·?)","Marisa????????","Minty Spire (QoL Compilation)","Prisma Mod","Rare Cards Sparkle","Reimu??????","Remilia??????","Replay The Spire","StSLib","The Alterego","The Animator","The Servant 0.9.4","TheSwordswoman","Waifu the Spire","WarShipGirlsR/????R mod"],"gold_per_floor":[118,135,135,235,247,247,247],"floor_reached":6,"playtime":393,"items_purged":[],"score":36,"play_id":"2bd8f5f5-ab91-42f7-8aa7-e74a27002f24","local_time":"20210108191525","is_ascension_mode":false,"campfire_choices":[],"circlet_count":0,"master_deck":["animator:Strike_Fate","animator:Defend_Fate","animator:Strike","animator:Strike","animator:Strike","animator:Defend","animator:Defend","animator:Defend","animator:Alexander","animator:Rider","animator:Demiurge","animator:Sebas","Regret"],"relics":["animator:LivingPicture","animator:TheMissingPiece","LagranYue:RandomDrawCardRelic","Chameleon Ring"],"acts_visited":["Exordium"],"potions_floor_usage":[],"damage_taken":[{"damage":0,"enemies":"2 Louse","floor":1,"turns":2},{"damage":3,"enemies":"Small Slimes","floor":2,"turns":5},{"damage":9,"enemies":"Cultist","floor":5,"turns":6},{"damage":37,"enemies":"Lagavulin","floor":6,"turns":8}],"seed_played":"9171663641337263972","potions_obtained":[{"floor":2,"key":"LiquidMemories"}],"is_trial":false,"path_per_floor":["M","M","?","?","M","E"],"character_chosen":"THE_ANIMATOR","items_purchased":[],"campfire_rested":0,"item_purchase_floors":[],"current_hp_per_floor":[72,69,69,69,60,23,23],"gold":247,"neow_bonus":"TEN_PERCENT_HP_BONUS","is_daily":false,"chose_seed":false,"campfire_upgraded":0,"win_rate":0.0,"timestamp":1610129725,"path_taken":["M","M","?","?","?","E"],"items_purchased_type":[],"build_version":"2020-12-22","purchased_purges":0,"victory":false,"max_hp_per_floor":[72,72,72,72,72,72,72],"card_choices":[{"not_picked":["animator:Vanir","animator:CrowleyEusford"],"picked":"animator:Demiurge","floor":1},{"not_picked":["animator:Hakurou","animator:Cocytus"],"picked":"animator:Sebas","floor":2},{"not_picked":["animator:YaoHaDucy","animator:YunYun","animator:Spearman"],"picked":"SKIP","floor":5}],"player_experience":351272,"relics_obtained":[],"event_choices":[{"damage_healed":0,"gold_gain":0,"player_choice":"Box","damage_taken":0,"relics_obtained":["Chameleon Ring"],"max_hp_gain":0,"max_hp_loss":0,"event_name":"Big Fish","floor":3,"gold_loss":0,"cards_obtained":["Regret"]},{"damage_healed":0,"gold_gain":100,"player_choice":"Pray","damage_taken":0,"max_hp_gain":0,"max_hp_loss":0,"event_name":"Golden Shrine","floor":4,"gold_loss":0}],"is_beta":false,"boss_relics":[],"items_purged_floors":[],"is_endless":false,"potions_floor_spawned":[2],"killed_by":"Lagavulin","ascension_level":0}}