{"host":"bvr4vhlu71s3njyz","time":1610138967,"event":{"mods":["2.2 Compatiblity","AchievementEnabler","Act Like it!","Aspiration","Astrologer","Bard","BaseMod","Beaked The Cultist","Better Altar","Better Match","Better Note","Better Sensory Stone","Better Skull","Better Third Choice","CCEM","Conjunction","Downfall","Fiend Mod","Friendly Minions","Gremlin Mod","GungeonMod","Hallownest","Hermit","Hubris","Infinite Spire","Jorbs\u0027s Wanderer Trilogy","Mad Scientist","Mimic Mod","Minty Spire (QoL Compilation)","Potionbrewer","Quarter Circle Forward PUNCH!","QueenMod","Replay The Spire","Robot Space Explorer","Shade Mod","Shedinja","Slumbering Mod","StSLib","The Blackbeard","The Bladedancer","The Bug Knight","The Caster","The Clintock","The Construct","The Cursed","The Dragon Tamer","The Exalted","The Forsaken","The Hayseed","The Hierophant","The Judge","The Mystic","The Necromancer","The Poker Player","The Runesmith","The Sage","The Showman","TheArtist","TheFirefly","TheLocksmith","Trackpad","Wandering Minibosses","thorton","vexMod"],"gold_per_floor":[115,129,144,159,169,203,203,203,203],"floor_reached":8,"playtime":1458,"items_purged":[],"score":85,"play_id":"023ff4ca-d0ef-4ee8-b8fa-99b7d650052e","local_time":"20210108154927","is_ascension_mode":false,"campfire_choices":[],"circlet_count":0,"master_deck":["thefirefly:Strike","thefirefly:Strike","thefirefly:Strike","thefirefly:Strike","thefirefly:Defend","thefirefly:Defend","thefirefly:Defend","thefirefly:Defend","thefirefly:StealthMode","thefirefly:PhotonBlast","astrologer:Defend","stsjorbsmod:Apparition_Cull","thefirefly:FlareScreen","thefirefly:DecoyShot","thefirefly:Preload","thefirefly:Distort","thefirefly:FullProjection","thefirefly:DataMiner"],"relics":["thefirefly:StealthSystem","Mummified Hand","hubris:DisguiseKit"],"acts_visited":["Exordium"],"potions_floor_usage":[],"damage_taken":[{"damage":10,"enemies":"theSlumbering:NewCultist","floor":1,"turns":8},{"damage":0,"enemies":"Jaw Worm","floor":2,"turns":8},{"damage":2,"enemies":"2 Louse","floor":3,"turns":4},{"damage":8,"enemies":"Exordium Thugs","floor":4,"turns":8},{"damage":3,"enemies":"Red Slaver","floor":5,"turns":8},{"damage":2,"enemies":"HollowMod:MossKnight","floor":6,"turns":20},{"damage":56,"enemies":"Gremlin Nob","floor":8,"turns":5}],"seed_played":"2246546218776633082","potions_obtained":[{"floor":5,"key":"BlessingOfTheForge"},{"floor":6,"key":"AttackPotion"}],"is_trial":false,"path_per_floor":["M","M","M","M","M","E","?","E"],"character_chosen":"THE_FIREFLY","items_purchased":[],"campfire_rested":0,"item_purchase_floors":[],"current_hp_per_floor":[55,55,53,45,42,40,40,0,0],"gold":203,"neow_bonus":"TWENTY_PERCENT_HP_BONUS","is_daily":false,"chose_seed":false,"campfire_upgraded":0,"win_rate":0.0,"timestamp":1610138967,"path_taken":["M","M","M","M","M","E","?","E"],"items_purchased_type":[],"build_version":"2020-12-22","purchased_purges":0,"victory":false,"max_hp_per_floor":[65,65,65,65,65,65,65,65,65],"card_choices":[{"not_picked":["thefirefly:QuantumTunneling","thefirefly:InterceptingShot"],"picked":"thefirefly:FlareScreen","floor":1},{"not_picked":["thefirefly:CoveringFire","thefirefly:Pacify"],"picked":"thefirefly:DecoyShot","floor":2},{"not_picked":["thefirefly:QuantumTunneling","thefirefly:Flight"],"picked":"thefirefly:Preload","floor":3},{"not_picked":["thefirefly:Lamentation","thefirefly:SteadyAim"],"picked":"thefirefly:Distort","floor":4},{"not_picked":["thefirefly:MirrorShield","thefirefly:StarCinder"],"picked":"thefirefly:FullProjection","floor":5},{"not_picked":["thefirefly:Boost","thefirefly:Cosmogenesis"],"picked":"thefirefly:DataMiner","floor":6}],"player_experience":1274352,"relics_obtained":[{"floor":6,"key":"Mummified Hand"}],"event_choices":[],"is_beta":false,"boss_relics":[],"items_purged_floors":[],"is_endless":false,"potions_floor_spawned":[5,6],"killed_by":"Gremlin Nob","ascension_level":0}}