{"host":"he07elbwfbprxmdo","time":1610124500,"event":{"mods":["BaseMod","Better Skull","Better Third Choice","Better Vampires","Clockwork Mod","Colored Map","Downfall","Energized Spire","Halation","Hermit","Highlight Path","Marisa????????","Minty Spire (QoL Compilation)","Relic Stats","Replay The Spire","StSLib","The Animator","The Servant 0.9.4","Unceasing Turn Reminder"],"gold_per_floor":[99,111,128,138,138,149,149,165,165,181,213,228,244,28,47,148,148,73,173,184,199,218,218,242,242,261,261,281,311,311,311,321,419,419,419,439,458,458,458,483,483,493,520,520,520,520],"floor_reached":44,"playtime":5235,"items_purged":[],"score":459,"play_id":"8aca2792-664c-42e9-a761-4de2adb337b5","local_time":"20210108184820","is_ascension_mode":false,"campfire_choices":[{"data":"Slimebound:CorrosiveSpit","floor":9,"key":"SMITH"},{"data":"Slimebound:SplitMire","floor":18,"key":"SMITH"},{"data":"Slimebound:SlimeBarrage","floor":23,"key":"SMITH"},{"floor":27,"key":"REST"},{"data":"Slimebound:Replication","floor":30,"key":"SMITH"},{"data":"Slimebound:FirmFortitude","floor":35,"key":"PURGE"}],"circlet_count":0,"master_deck":["Slimebound:Strike_Slimebound","Slimebound:Strike_Slimebound","Slimebound:Strike_Slimebound","Slimebound:Defend_Slimebound","Slimebound:Defend_Slimebound","Slimebound:Defend_Slimebound","Slimebound:Defend_Slimebound","Slimebound:Split","Slimebound:CorrosiveSpit+1","Slimebound:LeechingTouch","Slimebound:LeechEnergy","Slimebound:SplitAcid","Slimebound:SplitBruiser","Slimebound:MegaLick","Slimebound:Replication+1","Slimebound:Schlurp","Slimebound:Schlurp","Slimebound:RejuvenatingLick","Slimebound:SplitMire+1","Slimebound:SamplingLick","Slimebound:OneTwoCombo","Slimebound:SamplingLick","Slimebound:SlimeBarrage+1","Slimebound:HauntingLick","Slimebound:MegaLick+1","Slimebound:LeechingTouch+1","Slimebound:OneTwoCombo","Slimebound:SlimeSpikes","Slimebound:MinionMaster","Slimebound:LevelUp+1","Slimebound:BestDefense","Slimebound:LeechEnergy"],"relics":["Slimebound:AbsorbEndCombat","Kunai","Vajra","Pen Nib","Honey Jar","downfall:HeartBlessingGreen","Potion Belt","Replay:Mystery Machine","Replay:Towering Pillar of Hats","Omamori","halation:HeavySnake","Blood Vial","Smiling Mask"],"acts_visited":["Exordium","TheCity","TheBeyond"],"potions_floor_usage":[11,15,19,21,44,44],"damage_taken":[{"damage":6,"enemies":"Cultist","floor":2,"turns":5},{"damage":19,"enemies":"Jaw Worm","floor":3,"turns":5},{"damage":6,"enemies":"2 Louse","floor":4,"turns":4},{"damage":12,"enemies":"Gremlin Gang","floor":6,"turns":3},{"damage":12,"enemies":"Blue Slaver","floor":8,"turns":3},{"damage":14,"enemies":"2 Fungi Beasts","floor":10,"turns":3},{"damage":29,"enemies":"Replay:BlueRogue","floor":11,"turns":6},{"damage":33,"enemies":"Gremlin Gang","floor":12,"turns":3},{"damage":4,"enemies":"3 Louse","floor":13,"turns":3},{"damage":13,"enemies":"downfall:FleeingMerchant","floor":14,"turns":4},{"damage":24,"enemies":"Red Slaver","floor":15,"turns":3},{"damage":24,"enemies":"downfall:Watcher","floor":16,"turns":8},{"damage":19,"enemies":"downfall:LadyInBlue","floor":19,"turns":7},{"damage":12,"enemies":"3 Byrds","floor":20,"turns":3},{"damage":26,"enemies":"Cultist and Chosen","floor":21,"turns":5},{"damage":22,"enemies":"Snake Plant","floor":22,"turns":3},{"damage":18,"enemies":"Centurion and Healer","floor":28,"turns":3},{"damage":15,"enemies":"Book of Stabbing","floor":29,"turns":4},{"damage":8,"enemies":"Snecko","floor":32,"turns":2},{"damage":28,"enemies":"downfall:Ironclad","floor":33,"turns":7},{"damage":21,"enemies":"Orb Walker","floor":36,"turns":3},{"damage":16,"enemies":"3 Darklings","floor":37,"turns":3},{"damage":12,"enemies":"Transient","floor":42,"turns":5},{"damage":114,"enemies":"Orin","floor":44,"turns":9}],"seed_played":"-2433931745763731154","potions_obtained":[{"floor":4,"key":"SneckoOil"},{"floor":6,"key":"Milkshake"},{"floor":8,"key":"Doom Potion"},{"floor":11,"key":"Death Potion"},{"floor":13,"key":"ColorlessPotion"},{"floor":16,"key":"SmokeBomb"},{"floor":19,"key":"DistilledChaos"},{"floor":19,"key":"LiquidBronze"},{"floor":19,"key":"Toxic Potion"},{"floor":19,"key":"SkillPotion"},{"floor":21,"key":"Swift Potion"},{"floor":25,"key":"CultistPotion"},{"floor":29,"key":"Dexterity Potion"}],"is_trial":false,"path_per_floor":["R_BF","M","M","M","?","M","T","M","R","M","E","M","M","$","M","B",null,"R","?","M","M","M","R","T","?","?","R","M","E","R","?","M","B",null,"R_BF","M","M","PTL","PTL","?","?","M","T","?"],"character_chosen":"SLIMEBOUND","items_purchased":["Pen Nib","Slimebound:SplitMire"],"campfire_rested":1,"item_purchase_floors":[14,14],"current_hp_per_floor":[66,66,59,66,66,66,66,66,66,66,66,57,66,66,60,66,66,66,66,66,66,52,52,52,52,36,55,66,65,65,65,66,66,66,66,57,66,66,66,66,66,66,66,0,0,0],"gold":520,"neow_bonus":"TEN_PERCENT_HP_BONUS","is_daily":false,"chose_seed":false,"campfire_upgraded":4,"win_rate":0.0,"timestamp":1610124500,"path_taken":["R_BF","?","?","M","?","?","T","M","R","M","E","M","?","?","M","BOSS","R","?","?","M","?","R","T","?","?","R","?","E","R","?","M","BOSS","R_BF","M","M","PTL","PTL","?","?","?","T","?"],"items_purchased_type":["Relic","Card"],"build_version":"2020-12-22","purchased_purges":0,"victory":false,"max_hp_per_floor":[66,66,66,66,66,66,66,66,66,66,66,66,66,66,66,66,66,66,66,66,66,66,66,66,66,66,66,66,66,66,66,66,66,66,66,66,66,66,66,66,66,66,66,66,66,66],"relic_stats":{"Blood Vial":0,"counters":[24,102],"Pen Nib":[12],"Kunai":[22],"Smiling Mask":0,"obtain_stats":[{"Potion Belt":19,"Replay:Towering Pillar of Hats":26,"Vajra":11,"downfall:HeartBlessingGreen":18,"Pen Nib":14,"Omamori":29,"Replay:Mystery Machine":24,"Smiling Mask":43,"halation:HeavySnake":34,"Blood Vial":40,"Honey Jar":17,"Slimebound:AbsorbEndCombat":0,"Kunai":7},{"Potion Belt":13,"Replay:Towering Pillar of Hats":16,"Vajra":7,"downfall:HeartBlessingGreen":12,"Pen Nib":10,"Omamori":18,"Replay:Mystery Machine":16,"Smiling Mask":23,"halation:HeavySnake":20,"Blood Vial":22,"Honey Jar":12,"Slimebound:AbsorbEndCombat":0,"Kunai":4},{"Potion Belt":55,"Replay:Towering Pillar of Hats":66,"Vajra":28,"downfall:HeartBlessingGreen":48,"Pen Nib":37,"Omamori":73,"Replay:Mystery Machine":66,"Smiling Mask":93,"halation:HeavySnake":82,"Blood Vial":88,"Honey Jar":48,"Slimebound:AbsorbEndCombat":0,"Kunai":16}]},"card_choices":[{"not_picked":["Slimebound:FinishingTackle","Slimebound:SlimeBrawl","Slimebound:LeechingTouch"],"picked":"SKIP","floor":2},{"not_picked":["Slimebound:LeechingTouch","Slimebound:FirmFortitude"],"picked":"Slimebound:LeechEnergy","floor":3},{"not_picked":["Slimebound:Repurpose","Slimebound:ForwardTackle"],"picked":"Slimebound:SplitAcid","floor":4},{"not_picked":["Slimebound:Chomp","Slimebound:Equalize"],"picked":"Slimebound:MegaLick","floor":6},{"not_picked":["Slimebound:SplitLeeching","Slimebound:FlameTackle","Slimebound:FinishingTackle"],"picked":"SKIP","floor":8},{"not_picked":["Slimebound:LeechEnergy","Slimebound:ForwardTackle"],"picked":"Slimebound:Replication","floor":10},{"not_picked":["Slimebound:LivingWall","Slimebound:ViciousTackle"],"picked":"Slimebound:Schlurp","floor":11},{"not_picked":["Slimebound:SplitLeeching","Slimebound:ComboTackle","Slimebound:FinishingTackle"],"picked":"SKIP","floor":12},{"not_picked":["Slimebound:PressTheAttack","Slimebound:FinishingTackle"],"picked":"Slimebound:Schlurp","floor":13},{"not_picked":["Slimebound:DouseInSlime","Slimebound:Dissolve"],"picked":"Slimebound:RejuvenatingLick","floor":14},{"not_picked":["Slimebound:Schlurp","Slimebound:SplitBruiser"],"picked":"Slimebound:SamplingLick","floor":15},{"not_picked":["Slimebound:MassRepurpose","Slimebound:LeechLife"],"picked":"Slimebound:OneTwoCombo","floor":16},{"not_picked":["Slimebound:GrowthPunch","Slimebound:SlimeSpikes","Slimebound:FormOfPuddle"],"picked":"Slimebound:SamplingLick","floor":19},{"not_picked":["Slimebound:SplitMire","Slimebound:RollThrough","Slimebound:SplitAcid"],"picked":"Slimebound:SlimeBarrage","floor":20},{"not_picked":["Slimebound:Equalize","Slimebound:PressTheAttack","Slimebound:GoopTackle"],"picked":"Slimebound:FirmFortitude","floor":21},{"not_picked":["Slimebound:SplitMire+1","Slimebound:SlimeSpikes+1","Slimebound:BestDefense"],"picked":"Slimebound:HauntingLick","floor":22},{"not_picked":["Slimebound:SplitMire","Slimebound:SamplingLick+1","Slimebound:LeechingTouch+1"],"picked":"Slimebound:MegaLick+1","floor":26},{"not_picked":["Slimebound:PressTheAttack","Slimebound:SpikyOuterGoop","Slimebound:TongueLash"],"picked":"Slimebound:LeechingTouch+1","floor":28},{"not_picked":["Slimebound:RollThrough+1","Slimebound:SplitBruiser+1","Slimebound:FormOfPuddle"],"picked":"Slimebound:OneTwoCombo","floor":29},{"not_picked":["Slimebound:RollThrough","Slimebound:LivingWall","Slimebound:LeechEnergy"],"picked":"Slimebound:SlimeSpikes","floor":32},{"not_picked":["Slimebound:MassFeed","Slimebound:DouseInSlime","Slimebound:PrepareCrush"],"picked":"Slimebound:MinionMaster","floor":33},{"not_picked":["Slimebound:SpikyOuterGoop+1","Slimebound:GoopSpray+1","Slimebound:SplitLeeching"],"picked":"Slimebound:LevelUp+1","floor":36},{"not_picked":["Slimebound:SplitBruiser","Slimebound:FormOfPuddle","Slimebound:RollThrough"],"picked":"Slimebound:BestDefense","floor":37},{"not_picked":["Slimebound:GoopSpray","Slimebound:FormOfPuddle+1","Slimebound:SlimeSpikes"],"picked":"Slimebound:LeechEnergy","floor":42}],"player_experience":125713,"relics_obtained":[{"floor":7,"key":"Kunai"},{"floor":11,"key":"Vajra"},{"floor":19,"key":"Potion Belt"},{"floor":24,"key":"Replay:Mystery Machine"},{"floor":26,"key":"Replay:Towering Pillar of Hats"},{"floor":29,"key":"Omamori"},{"floor":40,"key":"Blood Vial"},{"floor":43,"key":"Smiling Mask"}],"event_choices":[{"damage_healed":0,"gold_gain":0,"player_choice":"Ignored","damage_taken":0,"max_hp_gain":0,"max_hp_loss":0,"event_name":"Ghosts","floor":31,"gold_loss":0},{"damage_healed":0,"gold_gain":0,"player_choice":"Got Potions","damage_taken":0,"max_hp_gain":0,"max_hp_loss":0,"event_name":"Lab","floor":41,"gold_loss":0},{"damage_healed":0,"gold_gain":0,"player_choice":"Fight","damage_taken":0,"max_hp_gain":0,"max_hp_loss":0,"event_name":"OrinTheCat","floor":44,"gold_loss":0}],"is_beta":false,"boss_relics":[{"not_picked":["energizedSpire:CursedPentagram","downfall:Hecktoplasm"],"picked":"Honey Jar"},{"not_picked":["Velvet Choker","energizedSpire:HugeHouse"],"picked":"halation:HeavySnake"}],"items_purged_floors":[],"is_endless":false,"potions_floor_spawned":[4,6,8,11,13,16,19,21,29],"killed_by":"Orin","ascension_level":0}}