{"host":"p5axfb00mxhraew6","time":1610114205,"event":{"mods":["Abigail Mod","Act Like it!","BaseMod","CapriCore","Friendly Minions","GifTheSpireLib","Jedi Mod","KomeijiMod","Lobotomy","MarisaÅiñ∂âJÅ@ñÇóùçπÅj","Minty Spire (QoL Compilation)","Prisma Mod","ReimuÅiîé??öÎÅj","RemiliaÅiÂQïƒ‰ª?Åj","SOSÅiézîb?îVéqÅj","StSLib","Td1madao Mod","The Alterego","The Immortal","The Problem Sleuth","Yakumo Yukari mod"],"gold_per_floor":[116,116,127,142,157,157,157,12,62,102,118,133,133,153,153,284,284,309,325,44,44,69,81,132,144,156,168,201,237,11,11,11,142,142,156,489,501,511,524,524,822,822,822,822,666,666,666,666,666,666,666,666,666,40,40,40],"floor_reached":57,"playtime":2473,"items_purged":["Wellcheers"],"score":1828,"play_id":"4eac8794-90b7-45e4-b613-413f1f805e4c","local_time":"20210108225645","is_ascension_mode":true,"campfire_choices":[{"floor":40.0,"key":"RECALL"},{"data":"CENSORED_ego","floor":53.0,"key":"SMITH"}],"circlet_count":0,"master_deck":["SpecialBullet","SpecialBullet","SpecialBullet","SpecialBullet","SpecialBullet","SpecialBullet","SpecialBullet","SpecialBullet","InformationCode","SecurityCode","ExtractionCode","Lantern","UniverseFragment","Harmony","GrinderMk4","OldLady","TodaysExpression","MHz","Penitence","Harvest","VoidDream","CENSORED_ego+1","SwordSharpenedByTears","BeautyBeast","Lamp+3","BigBird","Lantern","OSAHOGD","Moonlight","GoldRush","GoldRush","Freischutz","Wingbeat","SpiderBud","Penitence","Gaze","RapturousDream","CentralCode","CherryBlossoms","Lantern+1","Bloodbath","InTheNameOfLoveAndHate+1","Twilight+1","Diffraction","TrainingCode","Twilight+1","Lantern+1","WristCuter+1","GoldRush+1","Lantern+1","Diffraction","ShyLook","Penitence","Regret_ego+1","Logging+1","Lantern+1","Diffraction+1","RecordCode","ScreamingWedge","Lantern+1","SpecialBullet","SpecialBullet","RapturousDream"],"relics":["CogitoBucket","RabbitCall","Akabeko","jedi:arcanewood","Strawberry","Potion Belt","Philosopher\u0027s Stone","Molten Egg 2","MawBank","Question Card","CaptainsWheel","jedi:ominousloannote","TentaclePot:ReiMu","StrikeDummy","Omamori","Oddly Smooth Stone","Happy Flower","Medical Kit","RuthlessExorcism:ReiMu"],"acts_visited":["Exordium","TheCity","TheBeyond","TheEnding"],"potions_floor_usage":[56,56,56],"damage_taken":[{"damage":0.0,"enemies":"Small Slimes","floor":1.0,"turns":3.0},{"damage":16.0,"enemies":"Cultist","floor":3.0,"turns":4.0},{"damage":6.0,"enemies":"2 Louse","floor":4.0,"turns":2.0},{"damage":21.0,"enemies":"Blue Slaver","floor":5.0,"turns":3.0},{"damage":40.0,"enemies":"Lagavulin","floor":10.0,"turns":4.0},{"damage":11.0,"enemies":"Looter","floor":11.0,"turns":3.0},{"damage":5.0,"enemies":"Gremlin Gang","floor":12.0,"turns":2.0},{"damage":3.0,"enemies":"Exordium Wildlife","floor":14.0,"turns":3.0},{"damage":41.0,"enemies":"The Guardian","floor":16.0,"turns":10.0},{"damage":6.0,"enemies":"Spheric Guardian","floor":18.0,"turns":2.0},{"damage":12.0,"enemies":"2 Thieves","floor":19.0,"turns":1.0},{"damage":3.0,"enemies":"Snecko","floor":22.0,"turns":3.0},{"damage":4.0,"enemies":"Slavers","floor":24.0,"turns":3.0},{"damage":1.0,"enemies":"3 Cultists","floor":28.0,"turns":3.0},{"damage":0.0,"enemies":"Cultist and Chosen","floor":29.0,"turns":1.0},{"damage":50.0,"enemies":"Automaton","floor":33.0,"turns":10.0},{"damage":29.0,"enemies":"3 Shapes","floor":35.0,"turns":7.0},{"damage":3.0,"enemies":"Orb Walker","floor":37.0,"turns":3.0},{"damage":0.0,"enemies":"Maw","floor":38.0,"turns":4.0},{"damage":6.0,"enemies":"Sphere and 2 Shapes","floor":39.0,"turns":3.0},{"damage":5.0,"enemies":"Jaw Worm Horde","floor":44.0,"turns":2.0},{"damage":0.0,"enemies":"Reptomancer","floor":46.0,"turns":5.0},{"damage":43.0,"enemies":"Nemesis","floor":48.0,"turns":3.0},{"damage":75.0,"enemies":"Awakened One","floor":50.0,"turns":10.0},{"damage":0,"enemies":"Shield and Spear","floor":55,"turns":2},{"damage":40,"enemies":"The Heart","floor":56,"turns":8}],"seed_played":"1604634643934366274","potions_obtained":[{"floor":11.0,"key":"jedi:mysterypotion"},{"floor":14.0,"key":"Dexterity Potion"},{"floor":16.0,"key":"PowerPotion"},{"floor":19.0,"key":"Energy Potion"},{"floor":24.0,"key":"BlessingOfTheForge"},{"floor":33.0,"key":"jedi:tentaclejuice"},{"floor":44.0,"key":"DistilledChaos"},{"floor":46.0,"key":"Dexterity Potion"}],"is_trial":false,"path_per_floor":["M","?","M","M","M","R","?","$","T","E","M","M","R","M","R","B",null,"M","M","$","?","M","R","E","$","T","R","M","M","$","R","R","B",null,"M","?","M","M","M","R","$","R","T","M","$","E","R","E","R","B",null,null,"R","$","E","B",null],"character_chosen":"Angela","items_purchased":["jedi:arcanewood","Molten Egg 2","Gaze","Twilight+1","Diffraction","jedi:ominousloannote","Lantern+1","Diffraction","TentaclePot:ReiMu","Oddly Smooth Stone","Happy Flower","Medical Kit","ScreamingWedge","Lantern+1"],"campfire_rested":0,"item_purchase_floors":[8,20,20,30,30,41,41,41,45,54,54,54,54,54],"current_hp_per_floor":[77,74,66,68,55,55,55,55,62,34,35,42,42,51,51,26,80,90,97,97,97,106,106,110,110,110,110,110,114,114,114,114,99,112,108,114,114,114,114,114,114,114,114,118,118,118,118,93,99,70,76,109,115,118,118,112],"gold":40,"neow_bonus":"TEN_PERCENT_HP_BONUS","is_daily":false,"chose_seed":false,"campfire_upgraded":1,"win_rate":0.0,"timestamp":1610114205,"path_taken":["M","?","M","M","M","R","?","$","T","E","M","?","R","M","R","BOSS","M","?","$","?","?","R","E","$","T","R","M","M","$","?","R","BOSS","M","?","M","M","M","R","$","R","T","?","$","E","R","E","R","BOSS","R","$","E","BOSS"],"items_purchased_type":["Relic","Relic","Card","Card","Card","Relic","Card","Card","Relic","Relic","Relic","Relic","Card","Card"],"build_version":"2020-12-22","purchased_purges":1,"victory":true,"max_hp_per_floor":[77,77,77,77,77,77,71,71,78,82,86,90,90,94,94,98,98,102,106,106,106,106,106,110,110,110,110,110,114,114,114,114,114,114,114,114,114,114,114,114,114,114,114,118,118,118,118,118,118,118,118,118,118,118,118,118],"card_choices":[{"not_picked":["Loneliness"],"picked":"Lantern","floor":1.0},{"not_picked":["Yin","CherryBlossoms"],"picked":"UniverseFragment","floor":1.0},{"not_picked":["Horn"],"picked":"Harmony","floor":1.0},{"not_picked":["SomewhereSpear"],"picked":"GrinderMk4","floor":3.0},{"not_picked":["Murderer","Rudolta"],"picked":"OldLady","floor":3.0},{"not_picked":["Penitence"],"picked":"TodaysExpression","floor":3.0},{"not_picked":["PunishingBird","DreamingCurrent"],"picked":"MHz","floor":4.0},{"not_picked":["Noise","Harmony"],"picked":"SKIP","floor":4.0},{"not_picked":["Horn","BlueScar"],"picked":"SKIP","floor":4.0},{"not_picked":["CherryBlossom"],"picked":"Penitence","floor":5.0},{"not_picked":["Soda"],"picked":"Harvest","floor":5.0},{"not_picked":["BlackSwan","LongBird"],"picked":"VoidDream","floor":10.0},{"not_picked":["RapturousDream"],"picked":"CENSORED_ego","floor":10.0},{"not_picked":["Galaxy"],"picked":"SwordSharpenedByTears","floor":11.0},{"not_picked":["FieryBird","MeatLantern"],"picked":"BeautyBeast","floor":11.0},{"not_picked":["Wingbeat"],"picked":"Lamp","floor":11.0},{"not_picked":["QueenBee","Murderer"],"picked":"BigBird","floor":12.0},{"not_picked":["Penitence"],"picked":"Lantern","floor":12.0},{"not_picked":["SpiderBud","CherryBlossoms"],"picked":"OSAHOGD","floor":14.0},{"not_picked":["SomewhereSpear"],"picked":"Moonlight","floor":14.0},{"not_picked":["Justitia"],"picked":"GoldRush","floor":16.0},{"not_picked":["Scorched","WallGazer"],"picked":"Wellcheers","floor":16.0},{"not_picked":["Justitia"],"picked":"GoldRush","floor":16.0},{"not_picked":["WallGazer","FairyFestival"],"picked":"Freischutz","floor":18.0},{"not_picked":["Reverberation+1"],"picked":"Wingbeat","floor":18.0},{"not_picked":["Scarecrow","RedShoes"],"picked":"SpiderBud","floor":19.0},{"not_picked":["TodaysExpression"],"picked":"Penitence","floor":19.0},{"not_picked":["MagicBullet+1"],"picked":"RapturousDream","floor":22.0},{"not_picked":["Scarecrow","Mercenary"],"picked":"CherryBlossoms","floor":24.0},{"not_picked":["CUTE","FeatherOfHonor+1"],"picked":"SKIP","floor":24.0},{"not_picked":["WristCuter+1","Galaxy"],"picked":"Lantern+1","floor":28.0},{"not_picked":["HappyTeddy","PunishingBird"],"picked":"Bloodbath","floor":29.0},{"not_picked":["Wingbeat","FeatherOfHonor+1"],"picked":"InTheNameOfLoveAndHate+1","floor":29.0},{"not_picked":["DaCapo","SoundOfStar"],"picked":"Twilight+1","floor":33.0},{"not_picked":["FourthMatchFlame+1","BlackSwan_ego+1"],"picked":"Lantern+1","floor":35.0},{"not_picked":["Amita","Tough+1"],"picked":"WristCuter+1","floor":35.0},{"not_picked":["Tough+1","FourthMatchFlame+1","Regret_ego"],"picked":"SKIP","floor":37.0},{"not_picked":["TodaysExpression+1","Soda"],"picked":"GoldRush+1","floor":38.0},{"not_picked":["Loneliness","CUTE+1","SomewhereSpear"],"picked":"SKIP","floor":39.0},{"not_picked":["LittlePrince","CENSORED"],"picked":"ShyLook","floor":44.0},{"not_picked":["CUTE+1","Noise"],"picked":"Penitence","floor":44.0},{"not_picked":["FrostShard","RedEyes"],"picked":"Regret_ego+1","floor":46.0},{"not_picked":["Spore","WristCuter+1"],"picked":"Logging+1","floor":46.0},{"not_picked":["Soda","Laetitia_ego+1"],"picked":"Lantern+1","floor":48.0},{"not_picked":["Discord+1","Justitia+1"],"picked":"Diffraction+1","floor":48.0},{"not_picked":["CrimsonScar+1","Penitence"],"picked":"RapturousDream","floor":55}],"player_experience":1236341,"relics_obtained":[{"floor":9.0,"key":"Strawberry"},{"floor":10.0,"key":"Potion Belt"},{"floor":21.0,"key":"MawBank"},{"floor":24.0,"key":"Question Card"},{"floor":26.0,"key":"CaptainsWheel"},{"floor":46.0,"key":"StrikeDummy"},{"floor":48.0,"key":"Omamori"},{"floor":55,"key":"RuthlessExorcism:ReiMu"}],"event_choices":[{"damage_healed":0.0,"max_hp_gain":0.0,"max_hp_loss":0.0,"gold_gain":0.0,"event_name":"Scrap Ooze","player_choice":"Success","floor":2.0,"gold_loss":0.0,"damage_taken":3.0,"relics_obtained":["Akabeko"]},{"damage_healed":0.0,"max_hp_gain":0.0,"max_hp_loss":6.0,"gold_gain":0.0,"event_name":"Golden Idol","player_choice":"Lose Max HP","floor":7.0,"gold_loss":0.0,"damage_taken":0.0,"relics_obtained":["Golden Idol"]},{"damage_healed":0.0,"max_hp_gain":0.0,"max_hp_loss":0.0,"gold_gain":333.0,"event_name":"The Moai Head","player_choice":"Gave Idol","floor":36.0,"relics_lost":["Golden Idol"],"gold_loss":0.0,"damage_taken":0.0}],"is_beta":false,"boss_relics":[{"not_picked":["SlaversCollar","Sozu"],"picked":"Philosopher\u0027s Stone"},{"not_picked":["jedi:paperlyon","Runic Dome","jedi:battlestandard"]}],"items_purged_floors":[54],"is_endless":false,"potions_floor_spawned":[11,14,16,19,24,28,29,33,44,46,55],"ascension_level":8}}