{"host":"otf1z5955ddlv5pq","time":1610073172,"event":{"mods":["BaseMod","Beaked The Cultist","Better Altar","Better Match","Better Note","Better Sensory Stone","Better Skull","Better Third Choice","Colored Map","Colored Powertips","Downfall","Minty Spire (QoL Compilation)","Rare Cards Sparkle","Replay The Spire","StSLib","The Dragon Tamer"],"gold_per_floor":[111,36,36,54,0,0,10,10,37,37,37,37,51,62,62,161,161,173,173,73,88,188,219,219,237,260,280,280,297,297,313,313,418,418,434,445,320,373,373,373,373,373],"floor_reached":40,"playtime":2612,"items_purged":["DTMod:Strike","DTMod:Strike","DTMod:Strike"],"score":446,"play_id":"73b71a70-403c-486c-812f-690f716ca5a0","local_time":"20210107183252","is_ascension_mode":false,"metric_token":1043,"campfire_choices":[{"data":"DTMod:ComboAttack","floor":6.0,"key":"SMITH"},{"data":"DTMod:DarkBreath","floor":8.0,"key":"SMITH"},{"data":"DTMod:DoubleHit","floor":10.0,"key":"SMITH"},{"data":"DTMod:CleansingStrike","floor":12.0,"key":"SMITH"},{"data":"DTMod:Training","floor":15.0,"key":"SMITH"},{"data":"DTMod:BuildUp","floor":24,"key":"SMITH"},{"floor":30,"key":"REST"},{"data":"DTMod:Observe","floor":32,"key":"SMITH"}],"dtmod_dragon_data":[0,58,3,0,14,0],"circlet_count":0,"master_deck":["DTMod:DoubleHit+1","DTMod:TargetDefense","DTMod:TargetDefense","DTMod:TargetDefense","DTMod:TargetDefense","DTMod:SwitchingTactic","DTMod:ComboAttack+1","DTMod:CleansingStrike+1","DTMod:BuildUp+1","DTMod:DarkBreath+1","DTMod:MagicField","DTMod:Training+1","DTMod:LightShield","DTMod:BalancedStrike","DTMod:Training+1","Conserve Battery","DTMod:BreakAttack+1","DTMod:Observe+1","DTMod:Harmonize","DTMod:ForkedFire+1","DTMod:TagTeam","DTMod:ComboAttack+1"],"relics":["DTMod:PactStone","DTMod:BasicTextbook","ChewingGum","Regal Pillow","ReplayTheSpireMod:Lightbulb","Unceasing Top"],"acts_visited":["Exordium","TheCity","TheBeyond"],"potions_floor_usage":[23,33,33,33,40],"damage_taken":[{"damage":0.0,"enemies":"Cultist","floor":1.0,"turns":4.0},{"damage":4.0,"enemies":"Small Slimes","floor":4.0,"turns":2.0},{"damage":0.0,"enemies":"2 Louse","floor":7.0,"turns":2.0},{"damage":0.0,"enemies":"2 Fungi Beasts","floor":13.0,"turns":2.0},{"damage":0.0,"enemies":"Large Slime","floor":14.0,"turns":5.0},{"damage":0.0,"enemies":"Slime Boss","floor":16.0,"turns":6.0},{"damage":0.0,"enemies":"Spheric Guardian","floor":18.0,"turns":3.0},{"damage":0.0,"enemies":"3 Byrds","floor":21.0,"turns":5.0},{"damage":6,"enemies":"Slavers","floor":23,"turns":6},{"damage":0,"enemies":"Shelled Parasite and Fungi","floor":25,"turns":4},{"damage":0,"enemies":"Centurion and Healer","floor":27,"turns":3},{"damage":15,"enemies":"Sentry and Sphere","floor":29,"turns":4},{"damage":0,"enemies":"Cultist and Chosen","floor":31,"turns":3},{"damage":3,"enemies":"Champ","floor":33,"turns":8},{"damage":4,"enemies":"3 Shapes","floor":35,"turns":6},{"damage":0,"enemies":"3 Darklings","floor":36,"turns":5},{"damage":0,"enemies":"2 Orb Walkers","floor":38,"turns":5},{"damage":49,"enemies":"Reptomancer","floor":40,"turns":7}],"seed_played":"-7353226311990301015","potions_obtained":[{"floor":1.0,"key":"Swift Potion"},{"floor":3.0,"key":"Languid Potion"},{"floor":3.0,"key":"EssenceOfSteel"},{"floor":23,"key":"Doom Potion"},{"floor":38,"key":"champ:CounterPotion"}],"is_trial":false,"path_per_floor":["M","$","?","M","$","R","M","R","T","R","?","R","M","M","R","B",null,"M","?","$","M","?","E","R","M","T","M","?","M","R","M","R","B",null,"M","M","$","?","?","E"],"character_chosen":"THE_DT","items_purchased":["DTMod:BuildUp"],"campfire_rested":1,"item_purchase_floors":[5],"current_hp_per_floor":[49,49,49,45,45,45,45,45,45,45,45,45,45,45,45,45,49,49,49,49,49,49,43,43,43,43,43,43,28,49,49,49,46,49,45,45,45,45,45,0,0,0],"gold":373,"neow_bonus":"TEN_PERCENT_HP_BONUS","is_daily":false,"chose_seed":false,"campfire_upgraded":7,"win_rate":0.0,"timestamp":1610073172,"path_taken":["M","?","?","?","$","R","M","R","T","R","?","R","M","M","R","BOSS","M","?","$","M","?","E","R","M","T","M","?","?","R","M","R","BOSS","M","M","$","?","?","E"],"items_purchased_type":["Card"],"build_version":"2020-12-22","purchased_purges":3,"victory":false,"max_hp_per_floor":[49,49,49,49,49,49,49,49,49,49,49,49,49,49,49,49,49,49,49,49,49,49,49,49,49,49,49,49,49,49,49,49,49,49,49,49,49,49,49,49,49,49],"card_choices":[{"not_picked":["DTMod:Adaptation","DTMod:Conduct"],"picked":"DTMod:ComboAttack","floor":1.0},{"not_picked":["DTMod:BizarreTactic","DTMod:BurningEnergy"],"picked":"DTMod:CleansingStrike","floor":4.0},{"not_picked":["DTMod:InvisibleFlame","DTMod:Cover"],"picked":"DTMod:DarkBreath","floor":7.0},{"not_picked":["DTMod:CleansingStrike","DTMod:Inferno"],"picked":"DTMod:MagicField","floor":13.0},{"not_picked":["DTMod:CleansingStrike","DTMod:FlameSlash"],"picked":"DTMod:Training","floor":14.0},{"not_picked":["DTMod:StunTrap","DTMod:Safeguard"],"picked":"DTMod:LightShield","floor":16.0},{"not_picked":["DTMod:Adaptation","DTMod:BurningEnergy","DTMod:PurifyingFlame"],"picked":"SKIP","floor":18.0},{"not_picked":["DTMod:Hide","DTMod:LowKick","DTMod:MagicField"],"picked":"SKIP","floor":21.0},{"not_picked":["DTMod:BlazingStrike+1","DTMod:FlameSlash"],"picked":"DTMod:BalancedStrike","floor":23},{"not_picked":["DTMod:Conduct","DTMod:Overwhelm","DTMod:Shift"],"picked":"SKIP","floor":25},{"not_picked":["DTMod:Weaken","DTMod:BizarreTactic"],"picked":"DTMod:Training+1","floor":27},{"not_picked":["DTMod:RunningTactic+1","DTMod:LightShield"],"picked":"DTMod:BreakAttack+1","floor":29},{"not_picked":["DTMod:CleansingStrike","DTMod:BurningEnergy+1"],"picked":"DTMod:Observe","floor":31},{"not_picked":["DTMod:StunTrap","DTMod:ExcessFootwork"],"picked":"DTMod:Harmonize","floor":33},{"not_picked":["DTMod:QuickFly","DTMod:RunningTactic+1"],"picked":"DTMod:ForkedFire+1","floor":35},{"not_picked":["DTMod:MagicField","DTMod:QuickFly","DTMod:Training"],"picked":"SKIP","floor":36},{"not_picked":["DTMod:Observe","DTMod:Conduct+1"],"picked":"DTMod:TagTeam","floor":38}],"player_experience":1159063,"relics_obtained":[{"floor":9.0,"key":"DTMod:BasicTextbook"},{"floor":23,"key":"Regal Pillow"},{"floor":26,"key":"ReplayTheSpireMod:Lightbulb"},{"floor":38,"key":"Unceasing Top"}],"event_choices":[{"damage_healed":0.0,"max_hp_gain":0.0,"max_hp_loss":0.0,"gold_gain":0.0,"event_name":"Lab","player_choice":"Got Potions","floor":3.0,"gold_loss":0.0,"damage_taken":0.0},{"damage_healed":0.0,"max_hp_gain":0.0,"max_hp_loss":0.0,"gold_gain":0.0,"event_name":"The Cleric","player_choice":"Leave","floor":11.0,"gold_loss":0.0,"damage_taken":0.0},{"cards_removed":["DTMod:Strike"],"damage_healed":0.0,"max_hp_gain":0.0,"max_hp_loss":0.0,"gold_gain":0.0,"event_name":"Purifier","player_choice":"Purged","floor":19.0,"gold_loss":0.0,"damage_taken":0.0},{"damage_healed":0.0,"max_hp_gain":0.0,"max_hp_loss":0.0,"gold_gain":100.0,"event_name":"Golden Shrine","player_choice":"Pray","floor":22.0,"gold_loss":0.0,"damage_taken":0.0},{"cards_removed":["DTMod:BalancedStrike"],"damage_healed":0,"gold_gain":0,"player_choice":"Take \u0026 Give","damage_taken":0,"max_hp_gain":0,"max_hp_loss":0,"event_name":"betterNote:BetterNote","floor":28,"gold_loss":0,"cards_obtained":["Conserve Battery"]},{"damage_healed":0,"gold_gain":0,"player_choice":"Fight","damage_taken":0,"max_hp_gain":0,"max_hp_loss":0,"event_name":"Mysterious Sphere","floor":38,"gold_loss":0},{"damage_healed":0,"gold_gain":0,"player_choice":"Copied","damage_taken":0,"max_hp_gain":0,"max_hp_loss":0,"event_name":"Duplicator","floor":39,"gold_loss":0,"cards_obtained":["DTMod:ComboAttack"]}],"is_beta":false,"boss_relics":[{"not_picked":["Painkiller Herb","Fusion Hammer"],"picked":"ChewingGum"},{"not_picked":["Snecko Eye","Honey Jar","Busted Crown"]}],"items_purged_floors":[2,20,37],"is_endless":false,"potions_floor_spawned":[1,13,14,16,18,23,29,38],"killed_by":"Reptomancer","ascension_level":0}}