{"host":"qjv9b7mze4c73keh","time":1610112890,"event":{"mods":["BaseMod","Minty Spire (QoL Compilation)"],"gold_per_floor":[113,131,141,152,152,152,162,23,76,93,93,58,58,58,58,153,153,126,51,5,24,40,40,40],"floor_reached":23,"playtime":1626,"items_purged":[],"score":183,"play_id":"f4e20d3f-1e16-4efc-96cb-91e0dc791dfa","local_time":"20210108183450","is_ascension_mode":false,"campfire_choices":[{"data":"Rage","floor":6.0,"key":"SMITH"},{"data":"Swift Strike","floor":13.0,"key":"SMITH"},{"data":"Flex","floor":15.0,"key":"SMITH"}],"circlet_count":0,"master_deck":["Strike_R","Strike_R","Strike_R","Strike_R","Defend_R","Defend_R","Defend_R","Defend_R","Bash","Sword Boomerang","Armaments","Armaments+1","Rage+1","Brutality","Flex+1","Swift Strike+1","Carnage","Impervious","Flex","Infernal Blade","Iron Wave"],"relics":["Burning Blood","NeowsBlessing","Red Skull","HornCleat"],"acts_visited":["Exordium","TheCity"],"potions_floor_usage":[23],"damage_taken":[{"damage":0.0,"enemies":"Cultist","floor":1.0,"turns":1.0},{"damage":0.0,"enemies":"2 Louse","floor":2.0,"turns":1.0},{"damage":0.0,"enemies":"Small Slimes","floor":3.0,"turns":1.0},{"damage":16.0,"enemies":"2 Fungi Beasts","floor":4.0,"turns":4.0},{"damage":13.0,"enemies":"Large Slime","floor":7.0,"turns":10.0},{"damage":18.0,"enemies":"Exordium Thugs","floor":10.0,"turns":7.0},{"damage":46.0,"enemies":"Hexaghost","floor":16.0,"turns":11.0},{"damage":23.0,"enemies":"2 Thieves","floor":18.0,"turns":5.0},{"damage":28.0,"enemies":"Chosen","floor":21.0,"turns":6.0},{"damage":5,"enemies":"Snecko","floor":22,"turns":5},{"damage":42,"enemies":"Book of Stabbing","floor":23,"turns":7}],"seed_played":"3702456545871955538","potions_obtained":[{"floor":3.0,"key":"Fire Potion"},{"floor":10.0,"key":"Regen Potion"},{"floor":16.0,"key":"SteroidPotion"}],"is_trial":false,"path_per_floor":["M","M","M","M","?","R","M","$","T","M","T","?","R","$","R","B",null,"M","?","$","M","M","E"],"character_chosen":"IRONCLAD","items_purchased":["Flex","Swift Strike","Flex"],"campfire_rested":0,"item_purchase_floors":[8,8,20],"current_hp_per_floor":[80,80,80,70,70,70,63,63,63,51,51,71,71,71,71,46,80,63,63,63,41,42,0,0],"gold":40,"neow_bonus":"THREE_ENEMY_KILL","is_daily":false,"chose_seed":false,"campfire_upgraded":3,"win_rate":0.0,"timestamp":1610112890,"path_taken":["M","M","M","?","?","R","M","$","T","M","?","?","R","$","R","BOSS","M","?","$","M","M","E"],"items_purchased_type":["Card","Card","Card"],"build_version":"2020-12-22","purchased_purges":0,"victory":false,"max_hp_per_floor":[80,80,80,80,80,80,80,80,80,80,80,80,80,80,80,80,80,80,80,80,80,80,80,80],"card_choices":[{"not_picked":["Burning Pact","Perfected Strike"],"picked":"Sword Boomerang","floor":1.0},{"not_picked":["Clothesline","Heavy Blade"],"picked":"Armaments","floor":2.0},{"not_picked":["Sword Boomerang","Burning Pact"],"picked":"Armaments","floor":3.0},{"not_picked":["Perfected Strike","Clothesline"],"picked":"Rage","floor":4.0},{"not_picked":["Twin Strike","Bloodletting"],"picked":"Brutality","floor":7.0},{"not_picked":["Shrug It Off","Body Slam"],"picked":"Carnage","floor":10.0},{"not_picked":["Fiend Fire","Corruption"],"picked":"Impervious","floor":16.0},{"not_picked":["Headbutt","Clash+1","Burning Pact"],"picked":"SKIP","floor":18.0},{"not_picked":["Thunderclap","Disarm+1"],"picked":"Infernal Blade","floor":21},{"not_picked":["Twin Strike+1","Cleave"],"picked":"Iron Wave","floor":22}],"player_experience":34502,"relics_obtained":[{"floor":9.0,"key":"Red Skull"},{"floor":11.0,"key":"HornCleat"}],"event_choices":[{"damage_healed":0.0,"max_hp_gain":0.0,"max_hp_loss":0.0,"gold_gain":0.0,"event_name":"Upgrade Shrine","player_choice":"Upgraded","floor":5.0,"gold_loss":0.0,"damage_taken":0.0,"cards_upgraded":["Armaments"]},{"damage_healed":20.0,"max_hp_gain":0.0,"max_hp_loss":0.0,"gold_gain":0.0,"event_name":"The Cleric","player_choice":"Healed","floor":12.0,"gold_loss":35.0,"damage_taken":0.0},{"cards_removed":["Strike_R"],"damage_healed":0.0,"max_hp_gain":0.0,"max_hp_loss":0.0,"gold_gain":0.0,"event_name":"Beggar","player_choice":"Gave Gold","floor":19.0,"gold_loss":75.0,"damage_taken":0.0}],"is_beta":false,"boss_relics":[{"not_picked":["Calling Bell","Runic Dome","Cursed Key"]}],"items_purged_floors":[],"is_endless":false,"potions_floor_spawned":[3,10,16],"killed_by":"Book of Stabbing","ascension_level":0}}