{"host":"3j2m8n0ywf988fwb","time":1610101383,"event":{"mods":["2.2 Compatiblity","Aspiration","BaseMod","Better Altar","Better Match","Better Note","Better Sensory Stone","Better Skull","Better Third Choice","CCEM","Colored Map","Colored Powertips","Dark Map","GifTheSpireLib","Halation","HexUI Lib","Highlight Path","Hubris","Infinite Spire","Jedi Mod","Mimic Mod","Minty Spire (QoL Compilation)","Random Character Button","Replay The Spire","StSLib","Stuff the Spire","The Animator","Unceasing Turn Reminder","everything is the same but u backflip on backflip"],"gold_per_floor":[116,66,66,91,91,131,147,159,195,212,212,62,62,90,90,190,190,204,204,223,235,235,235],"floor_reached":22,"playtime":1454,"items_purged":["animator:Strike"],"score":206,"play_id":"47d582e7-d3a5-496b-99c6-dd6d73a2fefd","local_time":"20210108042303","is_ascension_mode":true,"campfire_choices":[{"data":"animator:Sloth","floor":11,"key":"SMITH"},{"floor":15,"key":"REST"}],"circlet_count":0,"master_deck":["animator:Strike_FullmetalAlchemist","animator:Defend_FullmetalAlchemist","animator:Defend","animator:Defend","animator:Defend","animator:ElricEdward","animator:ElricAlphonse+1","animator:DwarfShaman","animator:Scar","animator:Sloth+1","animator:ElricAlphonse","animator:WinryRockbell","animator:MetalKnight","animator:Boros","animator:Truth","animator:WinryRockbell","Wound"],"relics":["animator:LivingPicture","animator:TheMissingPiece","ReplayTheSpireMod:TigerMarble","Nunchaku","Potion Belt","CCEMRelics:SpiritsEdge","jedi:HeartOfTheCards","aspiration:PoetsPen","animator:CursedGlyph"],"acts_visited":["Exordium","TheCity"],"potions_floor_usage":[18,21,22,22],"damage_taken":[{"damage":2,"enemies":"Jaw Worm","floor":1,"turns":3},{"damage":6,"enemies":"2 Louse","floor":4,"turns":4},{"damage":16,"enemies":"Lagavulin","floor":6,"turns":5},{"damage":0,"enemies":"Small Slimes","floor":7,"turns":3},{"damage":1,"enemies":"Exordium Wildlife","floor":8,"turns":3},{"damage":0,"enemies":"Red Slaver","floor":9,"turns":6},{"damage":13,"enemies":"Red Slaver","floor":10,"turns":2},{"damage":16,"enemies":"3 Sentries","floor":14,"turns":6},{"damage":17,"enemies":"Fading Forest","floor":16,"turns":11},{"damage":8,"enemies":"Shell Parasite","floor":18,"turns":3},{"damage":7,"enemies":"Spheric Guardian","floor":20,"turns":3},{"damage":25,"enemies":"Snake Plant","floor":21,"turns":3},{"damage":40,"enemies":"3 Cultists","floor":22,"turns":4}],"seed_played":"-2350220343730555262","potions_obtained":[{"floor":4,"key":"PowerPotion"},{"floor":6,"key":"Fire Potion"},{"floor":7,"key":"LifebloodPotion"},{"floor":10,"key":"LifebloodPotion"},{"floor":16,"key":"Fire Potion"},{"floor":21,"key":"SteroidPotion"}],"is_trial":false,"path_per_floor":["M","?","?","M","?","E","M","M","MIM","M","R","$","$","E","R","B",null,"M","?","M","M","M"],"character_chosen":"THE_ANIMATOR","items_purchased":["animator:WinryRockbell"],"campfire_rested":1,"item_purchase_floors":[12],"current_hp_per_floor":[64,64,64,58,55,39,40,39,39,26,26,26,26,10,30,25,67,59,59,55,30,0,0],"gold":235,"neow_bonus":"RANDOM_EVENT","is_daily":false,"chose_seed":false,"campfire_upgraded":1,"win_rate":0.0,"timestamp":1610101383,"path_taken":["M","?","?","M","?","E","M","M","MIM","?","R","?","$","E","R","BOSS","M","?","M","M","M"],"items_purchased_type":["Card"],"build_version":"2020-12-22","purchased_purges":1,"victory":false,"max_hp_per_floor":[66,66,66,66,66,66,67,67,67,67,67,67,67,67,67,67,67,63,63,63,63,63,63],"card_choices":[{"not_picked":["animator:Priestess","animator:Benimaru","animator:Hitei"],"picked":"SKIP","floor":1},{"not_picked":["animator:LizardPriest","animator:Ara"],"picked":"animator:DwarfShaman","floor":4},{"not_picked":["animator:Raven","animator:Souei"],"picked":"animator:Scar","floor":6},{"not_picked":["animator:ElricEdward","animator:MaesHughes"],"picked":"animator:Sloth","floor":7},{"not_picked":["animator:Ciel","animator:Cocytus","animator:Sloth"],"picked":"SKIP","floor":8},{"not_picked":["animator:Shalltear","animator:Chung"],"picked":"animator:ElricAlphonse","floor":9},{"not_picked":["animator:Benimaru","animator:ElricAlphonse","animator:Ain"],"picked":"SKIP","floor":10},{"not_picked":["animator:Rimuru","animator:Chung"],"picked":"animator:MetalKnight","floor":14},{"not_picked":["animator:Elesis","animator:Biyorigo"],"picked":"animator:Boros","floor":16},{"not_picked":["animator:Scar","animator:RoyMustang"],"picked":"animator:Truth","floor":18},{"not_picked":["animator:Shalltear","animator:Millim+1"],"picked":"animator:WinryRockbell","floor":20},{"not_picked":["animator:Tatsumaki+1","animator:Hitei","animator:Demiurge+1"],"picked":"SKIP","floor":21}],"player_experience":779517,"relics_obtained":[{"floor":3,"key":"ReplayTheSpireMod:TigerMarble"},{"floor":6,"key":"Potion Belt"},{"floor":9,"key":"CCEMRelics:SpiritsEdge"},{"floor":14,"key":"jedi:HeartOfTheCards"},{"floor":18,"key":"animator:CursedGlyph"}],"event_choices":[{"damage_healed":0,"gold_gain":0,"player_choice":"Grow","damage_taken":0,"max_hp_gain":0,"max_hp_loss":0,"event_name":"Living Wall","floor":0,"gold_loss":0,"cards_upgraded":["animator:ElricAlphonse"]},{"cards_removed":["animator:Strike"],"damage_healed":0,"gold_gain":0,"player_choice":"Card Removal","damage_taken":0,"max_hp_gain":0,"max_hp_loss":0,"event_name":"The Cleric","floor":2,"gold_loss":50},{"damage_healed":0,"gold_gain":0,"player_choice":"Relic ","damage_taken":3,"max_hp_gain":0,"max_hp_loss":0,"event_name":"betterThird:BetterScrap","floor":5,"gold_loss":0,"cards_obtained":["hubris:SpecializedCircuitry"]},{"damage_healed":0,"gold_gain":0,"player_choice":"Ignored","damage_taken":0,"max_hp_gain":0,"max_hp_loss":0,"event_name":"betterNote:BetterNote","floor":19,"gold_loss":0,"cards_obtained":["Cleave"]}],"is_beta":false,"boss_relics":[{"not_picked":["hubris:Backtick","Philosopher\u0027s Stone"],"picked":"aspiration:PoetsPen"}],"items_purged_floors":[12],"is_endless":false,"potions_floor_spawned":[4,6,7,10,16,21],"killed_by":"3 Cultists","ascension_level":1}}