{"host":"91blwi3hgehj6ch9","time":1610088208,"event":{"mods":["2.2 Compatiblity","AchievementEnabler","BaseMod","Colored Map","DeckTracker","Keyboard Shortcuts","Minty Spire (QoL Compilation)","Permanent Neow","Quick Restart","StSLib","SuperFastMode"],"gold_per_floor":[115,40,40,40,40,40,40,51,51,51,63,74,0,14,14,14,14],"floor_reached":16,"playtime":596,"items_purged":["Defend_P"],"score":140,"play_id":"ed98244a-3c6c-4d0a-a316-b8ecc4a60374","local_time":"20210108154328","is_ascension_mode":true,"campfire_choices":[{"data":"Eruption","floor":6,"key":"SMITH"},{"data":"MentalFortress","floor":15,"key":"SMITH"}],"circlet_count":0,"master_deck":["AscendersBane","Strike_P","Strike_P","Strike_P","Defend_P","Defend_P","Defend_P","Eruption+1","Vigilance","Prostrate","MentalFortress+1","FearNoEvil+1","CrushJoints+1"],"relics":["PureWater","WingedGreaves","Meat on the Bone","Toy Ornithopter","Molten Egg 2"],"acts_visited":["Exordium"],"potions_floor_usage":[16],"damage_taken":[{"damage":8,"enemies":"Jaw Worm","floor":1,"turns":5},{"damage":16,"enemies":"Small Slimes","floor":8,"turns":4},{"damage":3,"enemies":"2 Louse","floor":11,"turns":4},{"damage":7,"enemies":"Exordium Wildlife","floor":12,"turns":7},{"damage":11,"enemies":"Blue Slaver","floor":14,"turns":3},{"damage":41,"enemies":"Hexaghost","floor":16,"turns":9}],"seed_played":"7546323828373158700","potions_obtained":[{"floor":1,"key":"BottledMiracle"},{"floor":14,"key":"Explosive Potion"}],"is_trial":false,"path_per_floor":["M","$","?","?","?","R","?","M","T","T","M","M","$","M","R","B"],"character_chosen":"WATCHER","items_purchased":["FearNoEvil+1"],"campfire_rested":0,"item_purchase_floors":[13],"current_hp_per_floor":[57,57,62,29,29,29,22,18,18,18,27,32,32,33,33,0,0],"gold":14,"neow_bonus":"ONE_RARE_RELIC","is_daily":false,"chose_seed":false,"campfire_upgraded":2,"win_rate":0.0,"timestamp":1610088208,"path_taken":["M","$","?","?","?","R","?","?","T","?","M","M","$","M","R","BOSS"],"items_purchased_type":["Card"],"build_version":"2020-12-22","purchased_purges":1,"victory":false,"max_hp_per_floor":[65,65,70,70,70,70,70,70,70,70,70,70,70,70,70,70,70],"card_choices":[{"not_picked":["Weave","SashWhip"],"picked":"Prostrate","floor":1},{"not_picked":["FollowUp","PathToVictory","FlyingSleeves"],"picked":"SKIP","floor":8},{"not_picked":["TalkToTheHand+1","ClearTheMind"],"picked":"MentalFortress","floor":11},{"not_picked":["Consecrate+1","WindmillStrike+1","Crescendo"],"picked":"SKIP","floor":12},{"not_picked":["Halt","FlurryOfBlows+1"],"picked":"CrushJoints+1","floor":14}],"player_experience":138416,"relics_obtained":[{"floor":9,"key":"Toy Ornithopter"},{"floor":10,"key":"Molten Egg 2"}],"event_choices":[{"damage_healed":0,"gold_gain":0,"player_choice":"Donut","damage_taken":0,"max_hp_gain":5,"max_hp_loss":0,"event_name":"Big Fish","floor":3,"gold_loss":0},{"damage_healed":0,"gold_gain":0,"player_choice":"Success","damage_taken":33,"relics_obtained":["Meat on the Bone"],"max_hp_gain":0,"max_hp_loss":0,"event_name":"Scrap Ooze","floor":4,"gold_loss":0},{"damage_healed":0,"gold_gain":0,"player_choice":"Ignored","damage_taken":0,"max_hp_gain":0,"max_hp_loss":0,"event_name":"Liars Game","floor":5,"gold_loss":0},{"cards_removed":["Strike_P"],"damage_healed":0,"gold_gain":0,"player_choice":"Card Removal","damage_taken":7,"max_hp_gain":0,"max_hp_loss":0,"event_name":"Golden Wing","floor":7,"gold_loss":0}],"is_beta":false,"boss_relics":[],"items_purged_floors":[2],"is_endless":false,"potions_floor_spawned":[1,14],"killed_by":"Hexaghost","ascension_level":11}}