{"host":"mmqs5ul2bvb60kyc","time":1610109256,"event":{"mods":["AchievementEnabler","BaseMod","Minty Spire (QoL Compilation)","StSLib"],"gold_per_floor":[111,129,79,79,98,98,31,61,61,61,61,61,61,101,101,226,226,250,250,349,187,208,208,208,244,244,280,280,61,61,85,85,215,215,230,230,251,264,264,299,318,332,632,632,672,672,688,724,724,724,724,724,69,102,102],"floor_reached":56,"playtime":3007,"items_purged":["BowlingBash"],"score":2150,"play_id":"ea12cca6-7a79-49eb-a085-d69fd858f38c","local_time":"20210108203416","is_ascension_mode":true,"campfire_choices":[{"data":"Eruption","floor":6.0,"key":"SMITH"},{"data":"Vault","floor":10.0,"key":"SMITH"},{"data":"Wallop","floor":13.0,"key":"SMITH"},{"data":"Conclude","floor":15.0,"key":"SMITH"},{"data":"Ragnarok","floor":23.0,"key":"SMITH"},{"data":"Adaptation","floor":28.0,"key":"SMITH"},{"data":"Scrawl","floor":30.0,"key":"SMITH"},{"floor":32.0,"key":"RECALL"},{"data":"Pray","floor":44.0,"key":"SMITH"},{"data":"Madness","floor":49.0,"key":"SMITH"},{"data":"Reaper","floor":52.0,"key":"SMITH"}],"circlet_count":0,"master_deck":["AscendersBane","Strike_P+1","Strike_P","Strike_P+1","Defend_P+1","Eruption+1","Vigilance+1","Conclude+1","Wallop+1","CutThroughFate+1","Vault+1","FearNoEvil+1","Scrawl+1","Vengeance+1","InnerPeace+1","DevaForm+1","Indignation+1","Ragnarok+1","Adaptation+1","WheelKick+1","LessonLearned+1","Reaper+1","Pray+1","Panacea+1","Violence+1","Madness+1","Reinforced Body+1","Backflip+1","Noxious Fumes+1","Parasite","TalkToTheHand"],"relics":["PureWater","CultistMask","Mercury Hourglass","Pear","MealTicket","Golden Idol","Potion Belt","Astrolabe","FossilizedHelix","Dead Branch","PrismaticShard","Coffee Dripper","Art of War","Old Coin","Blue Candle","Pen Nib","Lizard Tail","Strange Spoon","Anchor"],"acts_visited":["Exordium","TheCity","TheBeyond","TheEnding"],"potions_floor_usage":[55,55,55],"damage_taken":[{"damage":12.0,"enemies":"Jaw Worm","floor":1.0,"turns":3.0},{"damage":2.0,"enemies":"Small Slimes","floor":2.0,"turns":3.0},{"damage":0.0,"enemies":"Cultist","floor":5.0,"turns":2.0},{"damage":12.0,"enemies":"Lagavulin","floor":8.0,"turns":5.0},{"damage":12.0,"enemies":"Gremlin Nob","floor":14.0,"turns":3.0},{"damage":27.0,"enemies":"The Guardian","floor":16.0,"turns":7.0},{"damage":8.0,"enemies":"Chosen","floor":18.0,"turns":4.0},{"damage":0.0,"enemies":"Spheric Guardian","floor":22.0,"turns":3.0},{"damage":27.0,"enemies":"Book of Stabbing","floor":25.0,"turns":5.0},{"damage":0.0,"enemies":"Gremlin Leader","floor":27.0,"turns":1.0},{"damage":8.0,"enemies":"Snake Plant","floor":31.0,"turns":3.0},{"damage":0.0,"enemies":"Champ","floor":33.0,"turns":7.0},{"damage":0.0,"enemies":"3 Darklings","floor":35.0,"turns":3.0},{"damage":53.0,"enemies":"3 Shapes","floor":37.0,"turns":6.0},{"damage":0.0,"enemies":"Jaw Worm Horde","floor":38.0,"turns":2.0},{"damage":0.0,"enemies":"Giant Head","floor":40.0,"turns":4.0},{"damage":0.0,"enemies":"Spire Growth","floor":41.0,"turns":6.0},{"damage":0.0,"enemies":"4 Shapes","floor":42.0,"turns":3.0},{"damage":38.0,"enemies":"Nemesis","floor":45.0,"turns":5.0},{"damage":14.0,"enemies":"Writhing Mass","floor":47.0,"turns":6.0},{"damage":1.0,"enemies":"Giant Head","floor":48.0,"turns":7.0},{"damage":3.0,"enemies":"Time Eater","floor":50.0,"turns":7.0},{"damage":36.0,"enemies":"Shield and Spear","floor":54.0,"turns":7.0},{"damage":38,"enemies":"The Heart","floor":55,"turns":9}],"seed_played":"1915194177235666021","potions_obtained":[{"floor":1.0,"key":"Energy Potion"},{"floor":2.0,"key":"LiquidMemories"},{"floor":14.0,"key":"Block Potion"},{"floor":18.0,"key":"ColorlessPotion"},{"floor":25.0,"key":"BlessingOfTheForge"},{"floor":31.0,"key":"LiquidBronze"},{"floor":38.0,"key":"SpeedPotion"},{"floor":41.0,"key":"LiquidBronze"}],"is_trial":false,"path_per_floor":["M","M","?","?","M","R","$","E","T","R","?","?","R","E","R","B",null,"M","?","?","$","M","R","?","E","T","E","R","$","R","M","R","B",null,"M","?","M","M","?","E","M","M","T","R","E","?","M","E","R","B",null,"R","$","E","B",null],"character_chosen":"WATCHER","items_purchased":["Vault","Ragnarok","PrismaticShard","LessonLearned","Lizard Tail","TalkToTheHand","Strange Spoon","SkillPotion"],"campfire_rested":0,"item_purchase_floors":[7,21,29,29,53,53,53,53],"current_hp_per_floor":[53,51,51,51,51,51,51,39,49,49,49,49,49,37,37,10,60,52,52,52,67,67,67,67,40,40,40,40,55,55,47,47,47,69,76,76,51,51,41,62,62,76,76,76,38,38,24,44,44,47,69,69,76,50,42],"gold":102,"neow_bonus":"THREE_CARDS","is_daily":false,"chose_seed":false,"campfire_upgraded":10,"win_rate":0.0,"timestamp":1610109256,"path_taken":["M","M","?","?","?","R","$","E","T","R","?","?","R","E","R","BOSS","M","?","?","$","M","R","?","E","T","E","R","$","R","M","R","BOSS","M","?","?","M","?","E","M","M","T","R","E","?","M","E","R","BOSS","R","$","E","BOSS"],"items_purchased_type":["Card","Card","Relic","Card","Relic","Card","Relic","Potion"],"build_version":"2020-12-22","purchased_purges":1,"victory":true,"max_hp_per_floor":[72,72,72,72,72,72,72,72,82,82,82,76,76,76,76,76,76,76,76,76,76,76,76,76,76,76,76,76,76,76,76,76,76,76,76,76,76,76,76,76,76,76,76,76,76,76,76,76,76,76,76,76,76,76,76],"card_choices":[{"not_picked":["FlyingSleeves","Protect"],"picked":"Conclude","floor":0.0},{"not_picked":["EmptyFist","FearNoEvil"],"picked":"Wallop","floor":1.0},{"not_picked":["FlurryOfBlows","EmptyMind"],"picked":"CutThroughFate","floor":2.0},{"not_picked":["Evaluate","SashWhip","ClearTheMind"],"picked":"SKIP","floor":5.0},{"not_picked":["Wireheading","SpiritShield"],"picked":"FearNoEvil","floor":8.0},{"not_picked":["Weave","Halt"],"picked":"BowlingBash","floor":14.0},{"not_picked":["Blasphemy","Judgement"],"picked":"Scrawl","floor":16.0},{"not_picked":["FollowUp","CutThroughFate"],"picked":"Indignation+1","floor":18.0},{"not_picked":["PathToVictory","TalkToTheHand+1"],"picked":"Adaptation","floor":22.0},{"not_picked":["Swivel","Sanctity+1"],"picked":"WheelKick","floor":25.0},{"not_picked":["Judgement","SignatureMove","EmptyBody"],"picked":"SKIP","floor":27.0},{"not_picked":["Cloak And Dagger","Evaluate","Aggregate"],"picked":"SKIP","floor":31.0},{"not_picked":["Alpha","Immolate"],"picked":"Reaper","floor":33.0},{"not_picked":["DeceiveReality","CutThroughFate+1","Consecrate"],"picked":"SKIP","floor":35.0},{"not_picked":["Consecrate","Flying Knee","EmptyFist"],"picked":"SKIP","floor":37.0},{"not_picked":["PanicButton+1","Rage","Sucker Punch+1"],"picked":"SKIP","floor":38.0},{"not_picked":["Impatience","Dark Shackles"],"picked":"Panacea","floor":39.0},{"not_picked":["Blind","Chrysalis"],"picked":"Violence","floor":39.0},{"not_picked":["Master of Strategy","Impatience"],"picked":"Madness","floor":39.0},{"not_picked":["Carnage","Sweeping Beam"],"picked":"Reinforced Body+1","floor":40.0},{"not_picked":["Finisher+1","WindmillStrike"],"picked":"Backflip+1","floor":41.0},{"not_picked":["Crescendo","Clash+1"],"picked":"Noxious Fumes+1","floor":42.0},{"not_picked":["Forethought","Body Slam","Slice+1"],"picked":"SKIP","floor":45.0},{"not_picked":["Predator+1","ThirdEye","Pommel Strike"],"picked":"SKIP","floor":47.0},{"not_picked":["Headbutt","Aggregate","Vengeance+1"],"picked":"SKIP","floor":48.0},{"not_picked":["Reflex+1","Undo+1","Outmaneuver"],"picked":"SKIP","floor":54.0}],"player_experience":241881,"relics_obtained":[{"floor":8.0,"key":"Mercury Hourglass"},{"floor":9.0,"key":"Pear"},{"floor":14.0,"key":"Potion Belt"},{"floor":25.0,"key":"FossilizedHelix"},{"floor":27.0,"key":"Dead Branch"},{"floor":40.0,"key":"Art of War"},{"floor":43.0,"key":"Old Coin"},{"floor":45.0,"key":"Blue Candle"},{"floor":48.0,"key":"Pen Nib"},{"floor":54.0,"key":"Anchor"}],"event_choices":[{"cards_removed":["Defend_P"],"damage_healed":0.0,"max_hp_gain":0.0,"max_hp_loss":0.0,"gold_gain":0.0,"event_name":"The Cleric","player_choice":"Card Removal","floor":3.0,"gold_loss":50.0,"damage_taken":0.0},{"damage_healed":0.0,"max_hp_gain":0.0,"max_hp_loss":0.0,"gold_gain":0.0,"event_name":"FaceTrader","player_choice":"Trade","floor":4.0,"gold_loss":0.0,"damage_taken":0.0,"relics_obtained":["CultistMask"]},{"damage_healed":0.0,"max_hp_gain":0.0,"max_hp_loss":0.0,"gold_gain":0.0,"event_name":"Big Fish","player_choice":"Box","floor":11.0,"gold_loss":0.0,"damage_taken":0.0,"relics_obtained":["MealTicket"],"cards_obtained":["Regret"]},{"damage_healed":0.0,"max_hp_gain":0.0,"max_hp_loss":6.0,"gold_gain":0.0,"event_name":"Golden Idol","player_choice":"Lose Max HP","floor":12.0,"gold_loss":0.0,"damage_taken":0.0,"relics_obtained":["Golden Idol"]},{"cards_removed":["Regret"],"damage_healed":0.0,"max_hp_gain":0.0,"max_hp_loss":0.0,"gold_gain":0.0,"event_name":"Back to Basics","player_choice":"Elegance","floor":19.0,"gold_loss":0.0,"damage_taken":0.0},{"damage_healed":0.0,"max_hp_gain":0.0,"max_hp_loss":0.0,"gold_gain":99.0,"event_name":"Nest","player_choice":"Stole From Cult","floor":20.0,"gold_loss":0.0,"damage_taken":0.0},{"damage_healed":0.0,"max_hp_gain":0.0,"max_hp_loss":0.0,"gold_gain":0.0,"event_name":"Vampires","player_choice":"Ignored","floor":24.0,"gold_loss":0.0,"damage_taken":0.0},{"damage_healed":0.0,"max_hp_gain":0.0,"max_hp_loss":0.0,"gold_gain":0.0,"event_name":"Match and Keep!","player_choice":"1 cards matched","floor":36.0,"gold_loss":0.0,"damage_taken":0.0,"cards_obtained":["Pray"]},{"damage_healed":0.0,"max_hp_gain":0.0,"max_hp_loss":0.0,"gold_gain":0.0,"event_name":"SensoryStone","player_choice":"Memory 3","floor":39.0,"gold_loss":0.0,"damage_taken":10.0},{"damage_healed":0.0,"max_hp_gain":0.0,"max_hp_loss":0.0,"gold_gain":0.0,"event_name":"Tomb of Lord Red Mask","player_choice":"Ignored","floor":46.0,"gold_loss":0.0,"damage_taken":0.0}],"is_beta":false,"boss_relics":[{"not_picked":["Runic Pyramid","HolyWater"],"picked":"Astrolabe"},{"not_picked":["Sozu","Velvet Choker"],"picked":"Coffee Dripper"}],"items_purged_floors":[53],"is_endless":false,"potions_floor_spawned":[1,2,14,18,25,31,38,41,45],"ascension_level":11}}