{"host":"2n2g1vowfllvjtvi","time":1610128475,"event":{"mods":["AchievementEnabler","BaseMod","Custom Start","GifTheSpireLib","Keyboard Shortcuts","Minty Spire (QoL Compilation)","Quick Restart","Rare Cards Sparkle","StSLib","SuperFastMode"],"gold_per_floor":[114,114,114,130,141,171,171,96,123,135,157,194,219,250,262,369,381,410,438,465,377,377,377,292,292,317,156,156,176,176,191,191,286,286,303,303,314,333,348,361,57,57,57],"floor_reached":42,"playtime":739,"items_purged":["Pain","Strike_R","Strike_R","Strike_R"],"score":412,"play_id":"c83a16df-3099-4732-aa6b-7c4360d53706","local_time":"20210109025435","is_ascension_mode":false,"campfire_choices":[{"data":"Evolve","floor":10.0,"key":"SMITH"},{"data":"Uppercut","floor":15.0,"key":"SMITH"},{"floor":23.0,"key":"RECALL"},{"floor":28.0,"key":"REST"},{"floor":30,"key":"REST"},{"floor":32,"key":"REST"}],"circlet_count":0,"master_deck":["Strike_R+1","Defend_R","Defend_R","Defend_R+1","Defend_R","Bash","Heavy Blade+1","Evolve+1","Wild Strike","Uppercut+1","Bludgeon","Reckless Charge","Dark Embrace+1","Fire Breathing","Impervious"],"relics":["Burning Blood","NeowsBlessing","Bronze Scales","WarpedTongs","MawBank","Mummified Hand","Fusion Hammer","Dream Catcher","Akabeko","Snecko Eye","Centennial Puzzle"],"acts_visited":["Exordium","TheCity","TheBeyond"],"potions_floor_usage":[33],"damage_taken":[{"damage":0.0,"enemies":"Small Slimes","floor":1.0,"turns":1.0},{"damage":0.0,"enemies":"2 Louse","floor":4.0,"turns":1.0},{"damage":0.0,"enemies":"Cultist","floor":5.0,"turns":1.0},{"damage":47.0,"enemies":"Gremlin Nob","floor":6.0,"turns":6.0},{"damage":11.0,"enemies":"Large Slime","floor":11.0,"turns":5.0},{"damage":23.0,"enemies":"Lagavulin","floor":12.0,"turns":8.0},{"damage":4.0,"enemies":"Lots of Slimes","floor":13.0,"turns":3.0},{"damage":10.0,"enemies":"2 Fungi Beasts","floor":14.0,"turns":3.0},{"damage":13.0,"enemies":"Hexaghost","floor":16.0,"turns":7.0},{"damage":10.0,"enemies":"3 Byrds","floor":18.0,"turns":4.0},{"damage":0.0,"enemies":"Shell Parasite","floor":19.0,"turns":2.0},{"damage":7.0,"enemies":"3 Cultists","floor":20.0,"turns":4.0},{"damage":23.0,"enemies":"Shelled Parasite and Fungi","floor":29.0,"turns":4.0},{"damage":9,"enemies":"Snecko","floor":31,"turns":3},{"damage":40,"enemies":"Collector","floor":33,"turns":7},{"damage":11,"enemies":"Orb Walker","floor":35,"turns":2},{"damage":26,"enemies":"3 Shapes","floor":37,"turns":3},{"damage":4,"enemies":"Transient","floor":38,"turns":5},{"damage":3,"enemies":"4 Shapes","floor":39,"turns":3},{"damage":5,"enemies":"Sphere and 2 Shapes","floor":40,"turns":5},{"damage":0,"enemies":"Giant Head","floor":42,"turns":1}],"seed_played":"1446202801707346736","potions_obtained":[{"floor":1.0,"key":"EssenceOfSteel"},{"floor":6.0,"key":"BloodPotion"},{"floor":11.0,"key":"Energy Potion"},{"floor":13.0,"key":"DistilledChaos"},{"floor":18.0,"key":"DistilledChaos"},{"floor":19.0,"key":"Strength Potion"},{"floor":29,"key":"GamblersBrew"},{"floor":38,"key":"LiquidBronze"}],"is_trial":false,"path_per_floor":["M","?","?","M","M","E","?","$","T","R","M","E","M","M","R","B",null,"M","M","M","$","?","R","?","?","T","$","R","M","R","M","R","B",null,"M","?","M","M","M","M","$","E"],"character_chosen":"IRONCLAD","items_purchased":["Dark Embrace","Centennial Puzzle"],"campfire_rested":3,"item_purchase_floors":[27,41],"current_hp_per_floor":[80,64,64,70,76,51,51,51,51,51,46,29,31,27,27,20,80,76,80,79,79,79,79,79,79,79,79,80,63,80,77,80,46,80,75,75,55,57,60,61,61,61,61],"gold":57,"neow_bonus":"THREE_ENEMY_KILL","is_daily":false,"chose_seed":false,"campfire_upgraded":2,"win_rate":0.0,"timestamp":1610128475,"path_taken":["M","?","?","M","?","E","?","$","T","R","M","E","M","M","R","BOSS","M","M","M","$","?","R","?","?","T","$","R","M","R","M","R","BOSS","M","?","M","?","M","M","$","E"],"items_purchased_type":["Card","Relic"],"build_version":"2020-12-22","purchased_purges":4,"victory":false,"max_hp_per_floor":[80,80,80,80,80,80,80,80,80,80,80,80,80,80,80,80,80,80,80,80,80,80,80,80,80,80,80,80,80,80,80,80,80,80,80,80,80,80,80,80,80,80,80],"card_choices":[{"not_picked":["Seeing Red","Shrug It Off"],"picked":"Heavy Blade","floor":1.0},{"not_picked":["True Grit","Disarm"],"picked":"Evolve","floor":4.0},{"not_picked":["Headbutt","Whirlwind","Warcry"],"picked":"SKIP","floor":5.0},{"not_picked":["Bloodletting","Searing Blow"],"picked":"Wild Strike","floor":6.0},{"not_picked":["Twin Strike","Iron Wave"],"picked":"Uppercut","floor":11.0},{"not_picked":["Heavy Blade","Clothesline","Twin Strike"],"picked":"SKIP","floor":12.0},{"not_picked":["Warcry","Havoc","Flex"],"picked":"SKIP","floor":13.0},{"not_picked":["Exhume","Clash","Pommel Strike"],"picked":"SKIP","floor":14.0},{"not_picked":["Barricade","Brutality"],"picked":"Bludgeon","floor":16.0},{"not_picked":["Perfected Strike","Metallicize","Thunderclap"],"picked":"SKIP","floor":18.0},{"not_picked":["Cleave","Rupture","Uppercut"],"picked":"SKIP","floor":19.0},{"not_picked":["Pummel","Body Slam"],"picked":"Reckless Charge","floor":20.0},{"not_picked":["Havoc+1","Spot Weakness","Blood for Blood"],"picked":"SKIP","floor":29},{"not_picked":["Sword Boomerang","Searing Blow+1"],"picked":"Fire Breathing","floor":30},{"not_picked":["Thunderclap+1","Flex","Heavy Blade"],"picked":"SKIP","floor":31},{"not_picked":["Juggernaut","Feed"],"picked":"Impervious","floor":33},{"not_picked":["Clothesline+1","Iron Wave","Pommel Strike+1"],"picked":"SKIP","floor":35},{"not_picked":["Sword Boomerang+1","Body Slam","Shrug It Off"],"picked":"SKIP","floor":37},{"not_picked":["Pommel Strike+1","Twin Strike","Pummel+1"],"picked":"SKIP","floor":38},{"not_picked":["Brutality","Havoc","Clash"],"picked":"SKIP","floor":39},{"not_picked":["Havoc+1","Perfected Strike+1","Limit Break"],"picked":"SKIP","floor":40}],"player_experience":214322,"relics_obtained":[{"floor":6.0,"key":"Bronze Scales"},{"floor":9.0,"key":"MawBank"},{"floor":12.0,"key":"Mummified Hand"},{"floor":26.0,"key":"Akabeko"}],"event_choices":[{"damage_healed":0.0,"max_hp_gain":0.0,"max_hp_loss":0.0,"gold_gain":0.0,"event_name":"Shining Light","player_choice":"Entered Light","floor":2.0,"gold_loss":0.0,"damage_taken":16.0,"cards_upgraded":["Defend_R","Strike_R"]},{"damage_healed":0.0,"max_hp_gain":0.0,"max_hp_loss":0.0,"gold_gain":0.0,"event_name":"Upgrade Shrine","player_choice":"Upgraded","floor":3.0,"gold_loss":0.0,"damage_taken":0.0,"cards_upgraded":["Heavy Blade"]},{"damage_healed":0.0,"max_hp_gain":0.0,"max_hp_loss":0.0,"gold_gain":0.0,"event_name":"Accursed Blacksmith","player_choice":"Rummage","floor":7.0,"gold_loss":0.0,"damage_taken":0.0,"relics_obtained":["WarpedTongs"],"cards_obtained":["Pain"]},{"cards_removed":["Strike_R"],"damage_healed":0.0,"max_hp_gain":0.0,"max_hp_loss":0.0,"gold_gain":0.0,"event_name":"Back to Basics","player_choice":"Elegance","floor":22.0,"gold_loss":0.0,"damage_taken":0.0},{"damage_healed":0.0,"max_hp_gain":0.0,"max_hp_loss":0.0,"gold_gain":0.0,"event_name":"Addict","player_choice":"Obtained Relic","floor":24.0,"gold_loss":85.0,"damage_taken":0.0,"relics_obtained":["Dream Catcher"]},{"damage_healed":0.0,"max_hp_gain":0.0,"max_hp_loss":0.0,"gold_gain":0.0,"event_name":"Ghosts","player_choice":"Ignored","floor":25.0,"gold_loss":0.0,"damage_taken":0.0},{"damage_healed":0,"gold_gain":0,"player_choice":"Upgraded","damage_taken":0,"max_hp_gain":0,"max_hp_loss":0,"event_name":"Upgrade Shrine","floor":36,"gold_loss":0,"cards_upgraded":["Dark Embrace"]}],"is_beta":false,"boss_relics":[{"not_picked":["SlaversCollar","Mark of Pain"],"picked":"Fusion Hammer"},{"not_picked":["Tiny House","Cursed Key"],"picked":"Snecko Eye"}],"items_purged_floors":[8,21,27,41],"is_endless":false,"potions_floor_spawned":[1,6,11,13,18,19,29,38],"killed_by":"Giant Head","ascension_level":0}}