{"host":"daa8jqyg4gqfaysm","time":1610132317,"event":{"mods":["BaseMod","Colored Powertips","Minty Spire (QoL Compilation)","StSLib"],"gold_per_floor":[109,127,1,17,192,192,212,224,306,320,320,339,339,373,373,469,469,489,269,286,286,300,330,330,362,386,386,566,566,580,25,25,130,130,148,148,1147,466,481,481,510,530,530,530,579,590,590,623,623,623,623,623,85,114,114],"floor_reached":56,"playtime":2185,"items_purged":["Doubt","Strike_B","Normality","Normality"],"score":1420,"play_id":"3fca4c1f-1612-4081-adb6-973e32f370ba","local_time":"20210109025837","is_ascension_mode":false,"campfire_choices":[{"data":"Defragment","floor":6,"key":"SMITH"},{"data":"Consume","floor":11,"key":"SMITH"},{"data":"Biased Cognition","floor":15,"key":"SMITH"},{"data":"Defragment","floor":24,"key":"SMITH"},{"floor":27,"key":"REST"},{"data":"Capacitor","floor":29,"key":"SMITH"},{"data":"Defragment","floor":32,"key":"SMITH"},{"data":"Coolheaded","floor":40,"key":"SMITH"},{"floor":44,"key":"RECALL"},{"data":"Electrodynamics","floor":49,"key":"SMITH"},{"data":"Echo Form","floor":52,"key":"SMITH"}],"circlet_count":0,"master_deck":["Strike_B+1","Strike_B","Defend_B","Defend_B","Defend_B","Defend_B","Zap","Dualcast","Defragment+1","Cold Snap","Sunder","Capacitor+1","Rebound","Cold Snap","Consume+1","Rip and Tear","Auto Shields","Biased Cognition+1","Core Surge","Core Surge","Defragment+1","Ball Lightning+1","Electrodynamics+1","BootSequence","Defragment+1","Echo Form+1","Coolheaded+1","Coolheaded+1","Shame","Glacier+1","Chaos+1"],"relics":["Cracked Core","HornCleat","TungstenRod","Black Star","Lantern","Pen Nib","Bag of Marbles","Bag of Preparation","Runic Capacitor","Strawberry","Cursed Key","Toxic Egg 2","Toy Ornithopter","Frozen Eye","Bottled Flame","Whetstone","Gremlin Horn","Bird Faced Urn","Blood Vial","Kunai","OrangePellets","Centennial Puzzle","Vajra","Boot"],"acts_visited":["Exordium","TheCity","TheBeyond","TheEnding"],"potions_floor_usage":[8,25,45,54,55],"damage_taken":[{"damage":0,"enemies":"Small Slimes","floor":1,"turns":4},{"damage":1,"enemies":"Jaw Worm","floor":2,"turns":3},{"damage":0,"enemies":"Cultist","floor":4,"turns":4},{"damage":0,"enemies":"Large Slime","floor":7,"turns":4},{"damage":9,"enemies":"Exordium Thugs","floor":8,"turns":4},{"damage":0,"enemies":"Looter","floor":10,"turns":3},{"damage":7,"enemies":"2 Fungi Beasts","floor":12,"turns":2},{"damage":29,"enemies":"Gremlin Nob","floor":14,"turns":5},{"damage":0,"enemies":"Hexaghost","floor":16,"turns":11},{"damage":0,"enemies":"Spheric Guardian","floor":18,"turns":3},{"damage":2,"enemies":"3 Byrds","floor":20,"turns":6},{"damage":0,"enemies":"Shelled Parasite and Fungi","floor":22,"turns":6},{"damage":27,"enemies":"Book of Stabbing","floor":23,"turns":6},{"damage":22,"enemies":"Gremlin Leader","floor":25,"turns":8},{"damage":0,"enemies":"Centurion and Healer","floor":30,"turns":5},{"damage":0,"enemies":"Champ","floor":33,"turns":11},{"damage":0,"enemies":"3 Darklings","floor":35,"turns":3},{"damage":0,"enemies":"Orb Walker","floor":39,"turns":2},{"damage":0,"enemies":"Reptomancer","floor":41,"turns":5},{"damage":8,"enemies":"Writhing Mass","floor":42,"turns":4},{"damage":1,"enemies":"2 Orb Walkers","floor":45,"turns":4},{"damage":0,"enemies":"4 Shapes","floor":46,"turns":5},{"damage":0,"enemies":"Nemesis","floor":48,"turns":7},{"damage":2,"enemies":"Time Eater","floor":50,"turns":12},{"damage":30,"enemies":"Shield and Spear","floor":54,"turns":6},{"damage":53,"enemies":"The Heart","floor":55,"turns":9}],"seed_played":"7775247049310986128","potions_obtained":[{"floor":4,"key":"Fire Potion"},{"floor":7,"key":"Dexterity Potion"},{"floor":8,"key":"PotionOfCapacity"},{"floor":12,"key":"BlessingOfTheForge"},{"floor":21,"key":"LiquidMemories"},{"floor":21,"key":"DuplicationPotion"},{"floor":33,"key":"Energy Potion"},{"floor":45,"key":"Energy Potion"}],"is_trial":false,"path_per_floor":["M","M","$","M","?","R","M","M","T","M","R","M","?","E","R","B",null,"M","$","M","?","M","E","R","E","T","R","?","R","M","$","R","B",null,"M","?","?","$","M","R","E","M","T","R","?","M","?","E","R","B",null,"R","$","E","B",null],"character_chosen":"DEFECT","items_purchased":["Capacitor","SkillPotion","Core Surge","Defragment","Runic Capacitor","BootSequence","Defragment","Strawberry","Toxic Egg 2","Toy Ornithopter","Frozen Eye","OrangePellets","Centennial Puzzle","EssenceOfDarkness"],"campfire_rested":1,"item_purchase_floors":[3,3,19,19,31,31,31,31,38,38,38,53,53,53],"current_hp_per_floor":[75,74,74,74,74,74,74,65,65,65,65,58,63,34,34,34,80,80,80,78,78,78,51,51,29,29,53,37,37,37,44,44,44,87,87,87,87,87,87,87,87,79,79,79,83,87,87,87,87,85,87,87,87,65,33],"gold":114,"neow_bonus":"THREE_CARDS","is_daily":false,"chose_seed":false,"campfire_upgraded":9,"win_rate":0.0,"timestamp":1610132317,"path_taken":["M","M","$","M","?","R","M","M","T","M","R","M","?","E","R","BOSS","M","$","M","?","?","E","R","E","T","R","?","R","M","?","R","BOSS","M","?","?","$","M","R","E","M","T","R","?","M","?","E","R","BOSS","R","$","E","BOSS"],"items_purchased_type":["Card","Potion","Card","Card","Relic","Card","Card","Relic","Relic","Relic","Relic","Relic","Relic","Potion"],"build_version":"2020-12-22","purchased_purges":4,"victory":true,"max_hp_per_floor":[75,75,75,75,75,75,75,75,75,75,75,75,80,80,80,80,80,80,80,80,80,80,80,80,80,80,80,80,80,80,87,87,87,87,87,87,87,87,87,87,87,87,87,87,87,87,87,87,87,87,87,87,87,87,87],"card_choices":[{"not_picked":["Go for the Eyes","Compile Driver"],"picked":"Defragment","floor":0},{"not_picked":["Barrage","Streamline"],"picked":"Cold Snap","floor":1},{"not_picked":["Turbo","Stack"],"picked":"Sunder","floor":2},{"not_picked":["Tempest","Gash"],"picked":"Rebound","floor":4},{"not_picked":["Gash","Rebound"],"picked":"Cold Snap","floor":7},{"not_picked":["Stack","Steam"],"picked":"Consume","floor":8},{"not_picked":["Go for the Eyes","Gash"],"picked":"Rip and Tear","floor":10},{"not_picked":["Thunder Strike","Beam Cell"],"picked":"Auto Shields","floor":12},{"not_picked":["Cold Snap","Stack"],"picked":"Biased Cognition","floor":14},{"not_picked":["Creative AI","Meteor Strike"],"picked":"Core Surge","floor":16},{"not_picked":["Turbo","Beam Cell","Barrage"],"picked":"SKIP","floor":18},{"not_picked":["Redo+1","Steam"],"picked":"Ball Lightning","floor":20},{"not_picked":["Ball Lightning","Stack+1","Conserve Battery"],"picked":"SKIP","floor":22},{"not_picked":["Double Energy","Leap+1","Cold Snap+1"],"picked":"SKIP","floor":23},{"not_picked":["Hello World","Chill"],"picked":"Electrodynamics","floor":25},{"not_picked":["Heatsinks","Compile Driver","Sweeping Beam"],"picked":"SKIP","floor":30},{"not_picked":["Rainbow","Buffer"],"picked":"Echo Form","floor":33},{"not_picked":["Skim","Reprogram"],"picked":"Coolheaded","floor":35},{"not_picked":["Streamline+1","Go for the Eyes+1"],"picked":"Coolheaded+1","floor":39},{"not_picked":["Stack+1","Streamline+1","Beam Cell+1"],"picked":"SKIP","floor":41},{"not_picked":["Ball Lightning","Reprogram+1","Hello World"],"picked":"SKIP","floor":42},{"not_picked":["Leap+1","Chill+1"],"picked":"Glacier+1","floor":46},{"not_picked":["Chill+1","Beam Cell","Doom and Gloom"],"picked":"SKIP","floor":48},{"not_picked":["Electrodynamics","Leap+1"],"picked":"Chaos+1","floor":54}],"player_experience":792457,"relics_obtained":[{"floor":9,"key":"HornCleat"},{"floor":14,"key":"TungstenRod"},{"floor":23,"key":"Lantern"},{"floor":23,"key":"Pen Nib"},{"floor":25,"key":"Bag of Marbles"},{"floor":25,"key":"Bag of Preparation"},{"floor":41,"key":"Bottled Flame"},{"floor":41,"key":"Whetstone"},{"floor":43,"key":"Gremlin Horn"},{"floor":45,"key":"Bird Faced Urn"},{"floor":48,"key":"Blood Vial"},{"floor":48,"key":"Kunai"},{"floor":54,"key":"Vajra"},{"floor":54,"key":"Boot"}],"event_choices":[{"damage_healed":0,"gold_gain":175,"player_choice":"AGREE","damage_taken":0,"max_hp_gain":0,"max_hp_loss":0,"event_name":"Liars Game","floor":5,"gold_loss":0,"cards_obtained":["Doubt"]},{"damage_healed":0,"gold_gain":0,"player_choice":"Donut","damage_taken":0,"max_hp_gain":5,"max_hp_loss":0,"event_name":"Big Fish","floor":13,"gold_loss":0},{"damage_healed":0,"gold_gain":0,"player_choice":"Got Potions","damage_taken":0,"max_hp_gain":0,"max_hp_loss":0,"event_name":"Lab","floor":21,"gold_loss":0},{"damage_healed":0,"gold_gain":180,"player_choice":"GOLD GOLD ","damage_taken":19,"max_hp_gain":0,"max_hp_loss":0,"event_name":"Knowing Skull","floor":28,"potions_obtained":[],"gold_loss":0,"cards_obtained":[]},{"cards_removed":["Strike_B"],"damage_healed":0,"gold_gain":0,"player_choice":"Removed Attack","damage_taken":0,"max_hp_gain":0,"max_hp_loss":0,"event_name":"Falling","floor":36,"gold_loss":0},{"damage_healed":0,"gold_gain":999,"player_choice":"Gold","damage_taken":0,"max_hp_gain":0,"max_hp_loss":0,"event_name":"MindBloom","floor":37,"gold_loss":0,"cards_obtained":["Normality","Normality"]},{"damage_healed":0,"gold_gain":0,"player_choice":"Fight","damage_taken":0,"max_hp_gain":0,"max_hp_loss":0,"event_name":"Mysterious Sphere","floor":45,"gold_loss":0},{"damage_healed":0,"gold_gain":0,"player_choice":"Ignored","damage_taken":0,"max_hp_gain":0,"max_hp_loss":0,"event_name":"Tomb of Lord Red Mask","floor":47,"gold_loss":0}],"is_beta":false,"boss_relics":[{"not_picked":["Busted Crown","FrozenCore"],"picked":"Black Star"},{"not_picked":["Fusion Hammer","SacredBark"],"picked":"Cursed Key"}],"items_purged_floors":[19,31,38,53],"is_endless":false,"potions_floor_spawned":[4,7,8,12,20,23,33,42,45,46],"ascension_level":0}}