{"host":"uiaocagxbjlinul0","time":1610066866,"event":{"mods":["100% Spire Juice","Act Like it!","BaseMod","Better Match","Block Reminder","CapriCore","ChefMod","Downfall","GifTheSpireLib","Hallownest","Hermit","Minty Spire (QoL Compilation)","Quick Restart","Shade Mod","StSLib","Stuff the Spire","The Animator","The Bug Knight","The Caster","The Immortal","The Marked","The Runesmith","The Spell Scribe","TheSwordswoman","TheVacant","TheWitcher","Wandering Minibosses"],"gold_per_floor":[114,64,64,75,75,75,105,121,1,13,40,40,54,65,65,170,170,69,69,79,96,96,125,125,125,151,151,166,166,182,182,182],"floor_reached":31,"playtime":975,"items_purged":[],"score":342,"play_id":"34eaeddb-09e6-431a-9955-10dcf56a1c75","local_time":"20210107164746","is_ascension_mode":false,"campfire_choices":[{"data":"Moonworks:RagingMadness","floor":6.0,"key":"SMITH"},{"data":"Moonworks:JonathanRush","floor":12,"key":"SMITH"},{"data":"Moonworks:JonathanRush","floor":15,"key":"SMITH"},{"floor":24,"key":"REST"},{"floor":27,"key":"REST"}],"circlet_count":0,"master_deck":["Moonworks:Strike","Moonworks:Defend","Moonworks:Defend","Moonworks:Defend","Moonworks:Defend","Moonworks:Ambush+1","Moonworks:LongDistanceShot","Moonworks:RagingMadness+1","Moonworks:FullSpeedAlicianrone","Moonworks:JonathanRush+1","Moonworks:Assault","Moonworks:MiracleWalker","Moonworks:JonathanRush+1","Moonworks:BackdoorTrade","Moonworks:MixPhenomenon","Moonworks:RocketCannon","Moonworks:LulusLuckyEgg","Moonworks:JonathanRush","Moonworks:EvilSpyWorkPreparation","Moonworks:CloudOfSeagulls+1","Moonworks:BigBangBell+1","Moonworks:SakisCookie"],"relics":["Moonworks:BrokenBomb","Moonworks:Homemark","NeowsBlessing","StuffTheSpire:DarkSteelAnvil","Tiny Chest","StuffTheSpire:CocoNut","Pen Nib","Sozu","StuffTheSpire:PointBlank","StuffTheSpire:Tea"],"acts_visited":["Exordium","TheCity"],"potions_floor_usage":[16,16,23],"damage_taken":[{"damage":0.0,"enemies":"Small Slimes","floor":1.0,"turns":1.0},{"damage":0.0,"enemies":"Jaw Worm","floor":4.0,"turns":1.0},{"damage":0.0,"enemies":"Gremlin Nob","floor":7.0,"turns":1.0},{"damage":2.0,"enemies":"2 Louse","floor":8.0,"turns":3.0},{"damage":0.0,"enemies":"Gremlin Gang","floor":10.0,"turns":2.0},{"damage":12,"enemies":"Lagavulin","floor":11,"turns":5},{"damage":7,"enemies":"Blue Slaver","floor":13,"turns":3},{"damage":4,"enemies":"Looter","floor":14,"turns":2},{"damage":0,"enemies":"Slime Boss","floor":16,"turns":6},{"damage":16,"enemies":"Shell Parasite","floor":18,"turns":4},{"damage":20,"enemies":"2 Thieves","floor":20,"turns":4},{"damage":11,"enemies":"Shelled Parasite and Fungi","floor":21,"turns":4},{"damage":11,"enemies":"HollowMod:Nosk","floor":23,"turns":5},{"damage":15,"enemies":"Snake Plant","floor":28,"turns":3},{"damage":18,"enemies":"3 Cultists","floor":30,"turns":5},{"damage":22,"enemies":"Shelled Parasite and Fungi","floor":31,"turns":2}],"seed_played":"3480082670173157313","potions_obtained":[{"floor":1.0,"key":"sneckomod:MuddlingPotion"},{"floor":4.0,"key":"SneckoOil"},{"floor":7.0,"key":"ColorlessPotion"},{"floor":11,"key":"LiquidMemories"},{"floor":13,"key":"Weak Potion"}],"is_trial":false,"path_per_floor":["M","?","?","M","?","R","E","M","T","M","E","R","M","M","R","B",null,"M","?","M","M","?","E","R","$","T","R","M","T","M","M"],"character_chosen":"THE_STARBREAKER","items_purchased":[],"campfire_rested":2,"item_purchase_floors":[],"current_hp_per_floor":[60,60,53,53,48,48,48,46,53,53,41,41,34,30,30,30,67,51,51,31,20,20,9,29,29,29,49,34,34,16,0,0],"gold":182,"neow_bonus":"THREE_ENEMY_KILL","is_daily":false,"chose_seed":false,"campfire_upgraded":3,"win_rate":0.0,"timestamp":1610066866,"path_taken":["M","?","?","M","?","R","E","M","T","M","E","R","M","M","R","BOSS","M","?","?","M","?","E","R","$","T","R","M","?","?","M"],"items_purchased_type":[],"build_version":"2020-12-22","purchased_purges":0,"victory":false,"max_hp_per_floor":[60,60,60,60,60,60,60,60,67,67,67,67,67,67,67,67,67,67,67,67,67,67,67,67,67,67,67,67,67,67,67,67],"card_choices":[{"not_picked":["Moonworks:WindyEnchantment","Moonworks:Dinner"],"picked":"Moonworks:RagingMadness","floor":1.0},{"not_picked":["Moonworks:NicePresent","Moonworks:IndiscriminateFireSupport"],"picked":"Moonworks:FullSpeedAlicianrone","floor":4.0},{"not_picked":["Moonworks:EvilMastermind","Moonworks:FullSpeedAlicianrone"],"picked":"Moonworks:JonathanRush","floor":7.0},{"not_picked":["Moonworks:RedAndBlue","Moonworks:NicePresent"],"picked":"Moonworks:Assault","floor":8.0},{"not_picked":["Moonworks:AwakeningOfTalent","Moonworks:ScrambledEve"],"picked":"Moonworks:MiracleWalker","floor":10.0},{"not_picked":["Moonworks:NicePresent","Moonworks:WindyEnchantment"],"picked":"Moonworks:JonathanRush","floor":11},{"not_picked":["Moonworks:SakisCookie","Moonworks:CookingTime"],"picked":"Moonworks:BackdoorTrade","floor":13},{"not_picked":["Moonworks:SelfDestruct","Moonworks:DeployBits"],"picked":"Moonworks:MixPhenomenon","floor":14},{"not_picked":["Moonworks:AnotherUltimateWeapon","Moonworks:EvilMastermind"],"picked":"Moonworks:RocketCannon","floor":16},{"not_picked":["Moonworks:SakisCookie","Moonworks:NicePresent+1"],"picked":"Moonworks:LulusLuckyEgg","floor":18},{"not_picked":["Moonworks:Assault","Moonworks:NicePresent"],"picked":"Moonworks:JonathanRush","floor":20},{"not_picked":["Moonworks:DeployBits","Moonworks:BigMagnum"],"picked":"Moonworks:EvilSpyWorkPreparation","floor":21},{"not_picked":["Moonworks:SakisCookie+1","Moonworks:EvilSpyWorkPreparation"],"picked":"Moonworks:CloudOfSeagulls+1","floor":23},{"not_picked":["Moonworks:ReproductionOfRecords","Moonworks:ImOnFire"],"picked":"Moonworks:BigBangBell+1","floor":28},{"not_picked":["Moonworks:Bloodlust","Moonworks:BigMagnum"],"picked":"Moonworks:SakisCookie","floor":30}],"player_experience":162250,"relics_obtained":[{"floor":7.0,"key":"Tiny Chest"},{"floor":9.0,"key":"StuffTheSpire:CocoNut"},{"floor":11,"key":"Pen Nib"},{"floor":23,"key":"StuffTheSpire:PointBlank"},{"floor":29,"key":"StuffTheSpire:Tea"}],"event_choices":[{"cards_removed":["Moonworks:Strike"],"damage_healed":0.0,"max_hp_gain":0.0,"max_hp_loss":0.0,"gold_gain":0.0,"event_name":"The Cleric","player_choice":"Card Removal","floor":2.0,"gold_loss":50.0,"damage_taken":0.0},{"damage_healed":0.0,"max_hp_gain":0.0,"max_hp_loss":0.0,"gold_gain":0.0,"event_name":"Scrap Ooze","player_choice":"Success","floor":3.0,"gold_loss":0.0,"damage_taken":7.0,"relics_obtained":["StuffTheSpire:DarkSteelAnvil"]},{"cards_removed":["Moonworks:Strike"],"damage_healed":0,"gold_gain":0,"player_choice":"Offered Basic","damage_taken":0,"max_hp_gain":0,"max_hp_loss":0,"event_name":"Bonfire Elementals","floor":19,"gold_loss":0}],"is_beta":false,"boss_relics":[{"not_picked":["StuffTheSpire:Kangaroo","Runic Pyramid"],"picked":"Sozu"}],"items_purged_floors":[],"is_endless":false,"potions_floor_spawned":[1,4,7,11,13,20,28],"killed_by":"Shelled Parasite and Fungi","ascension_level":0}}