{"host":"g7trc0x2teqyd8ye","time":1610140489,"event":{"mods":["BaseMod","Key Reminder","Minty Spire (QoL Compilation)","Relic Stats"],"gold_per_floor":[115,290,9,74,120,132,163,175,187,211,307,382,394,447,459,596,608,655,735,782,835,847,859,31,31,82,126,152,162,1,1,1,99,99,160,200,236,236,8,37,52,52,52],"floor_reached":42,"playtime":1917,"items_purged":["Doubt","Dualcast"],"score":744,"play_id":"8a2c2aa7-4091-4aa3-93e8-9ee4abc81afd","local_time":"20210108221449","is_ascension_mode":true,"campfire_choices":[{"data":"HandOfGreed","floor":6,"key":"SMITH"},{"data":"Beam Cell","floor":8,"key":"SMITH"},{"floor":13,"key":"REST"},{"floor":15,"key":"REST"},{"floor":23,"key":"REST"},{"data":"Mind Blast","floor":25,"key":"SMITH"},{"data":"Rip and Tear","floor":32,"key":"SMITH"}],"circlet_count":0,"master_deck":["AscendersBane","Strike_B","Strike_B","Strike_B","Strike_B","Defend_B","Defend_B","Defend_B","Zap","Sweeping Beam","HandOfGreed+1","Melter","Beam Cell+1","Sweeping Beam","Reprogram+1","Reboot+1","Glacier+1","Echo Form+1","Coolheaded+1","Go for the Eyes+1","Stack+1","Fusion+1","Mind Blast+1","All For One","Gash+1","Reprogram+1","Hologram+1","Rip and Tear+1","Meteor Strike","CurseOfTheBell","Streamline+1","Mind Blast+1","Steam Power+1","Streamline+1","Double Energy+1"],"relics":["Cracked Core","NeowsBlessing","MawBank","Pantograph","Toxic Egg 2","keyreminder:keyreminder","Sozu","Bottled Lightning","Singing Bowl","HornCleat","Ancient Tea Set","Meat on the Bone","Calling Bell","MealTicket","InkBottle","Girya","DollysMirror","Gremlin Horn"],"acts_visited":["Exordium","TheCity","TheBeyond"],"potions_floor_usage":[12,18,40],"damage_taken":[{"damage":0,"enemies":"2 Louse","floor":1,"turns":1},{"damage":0,"enemies":"Jaw Worm","floor":7,"turns":1},{"damage":0,"enemies":"Cultist","floor":10,"turns":1},{"damage":50,"enemies":"3 Sentries","floor":11,"turns":9},{"damage":9,"enemies":"Lots of Slimes","floor":12,"turns":5},{"damage":13,"enemies":"Blue Slaver","floor":14,"turns":2},{"damage":39,"enemies":"The Guardian","floor":16,"turns":14},{"damage":7,"enemies":"3 Byrds","floor":18,"turns":6},{"damage":12,"enemies":"2 Thieves","floor":20,"turns":3},{"damage":12,"enemies":"Centurion and Healer","floor":21,"turns":6},{"damage":12,"enemies":"Chosen and Byrds","floor":27,"turns":4},{"damage":10,"enemies":"Gremlin Leader","floor":28,"turns":5},{"damage":0,"enemies":"Snake Plant","floor":29,"turns":2},{"damage":21,"enemies":"Champ","floor":33,"turns":7},{"damage":2,"enemies":"3 Shapes","floor":35,"turns":7},{"damage":9,"enemies":"Orb Walker","floor":36,"turns":4},{"damage":11,"enemies":"Sphere and 2 Shapes","floor":37,"turns":4},{"damage":34,"enemies":"Giant Head","floor":40,"turns":7},{"damage":21,"enemies":"Spire Growth","floor":41,"turns":4},{"damage":53,"enemies":"Reptomancer","floor":42,"turns":5}],"seed_played":"-4552112772380653044","potions_obtained":[{"floor":7,"key":"EssenceOfSteel"},{"floor":11,"key":"Energy Potion"},{"floor":14,"key":"FearPotion"}],"is_trial":false,"path_per_floor":["M","?","$","?","T","R","M","R","T","M","E","M","R","M","R","B",null,"M","T","M","M","?","R","$","R","T","M","E","M","$","?","R","B",null,"M","M","M","?","$","E","M","E"],"character_chosen":"DEFECT","items_purchased":["HandOfGreed","Melter","Singing Bowl","HornCleat","Fusion+1","Mind Blast","All For One","Reprogram+1","Hologram+1","Rip and Tear","DollysMirror","Steam Power+1"],"campfire_rested":3,"item_purchase_floors":[3,3,24,24,24,24,24,30,30,30,39,39],"current_hp_per_floor":[68,68,68,68,68,68,68,68,68,68,18,9,31,18,40,26,63,56,56,44,32,32,54,54,54,54,42,34,48,48,48,48,52,72,72,65,54,54,69,47,38,0,0],"gold":52,"neow_bonus":"THREE_ENEMY_KILL","is_daily":false,"chose_seed":false,"campfire_upgraded":4,"win_rate":0.0,"timestamp":1610140489,"path_taken":["M","?","$","?","?","R","M","R","T","M","E","M","R","M","R","BOSS","M","?","M","?","?","R","$","R","T","?","E","M","$","?","R","BOSS","M","M","M","?","$","E","M","E"],"items_purchased_type":["Card","Card","Relic","Relic","Card","Card","Card","Card","Card","Card","Relic","Card"],"build_version":"2020-12-22","purchased_purges":2,"victory":false,"max_hp_per_floor":[75,75,75,75,75,75,75,75,75,75,75,75,75,75,75,75,75,75,75,75,75,75,75,75,75,75,75,77,79,79,79,79,79,79,81,83,83,83,83,83,83,83,83],"relic_stats":{"Sozu":8,"Singing Bowl":8,"Gremlin Horn":[3,3],"counters":[20,97],"Pantograph":50,"MealTicket":15,"MawBank":228,"obtain_stats":[{"Girya":34,"NeowsBlessing":0,"Singing Bowl":24,"Gremlin Horn":40,"MawBank":5,"Ancient Tea Set":26,"keyreminder:keyreminder":11,"Sozu":17,"Calling Bell":34,"HornCleat":24,"DollysMirror":39,"Pantograph":9,"MealTicket":34,"Bottled Lightning":19,"Toxic Egg 2":11,"Cracked Core":0,"InkBottle":34,"Meat on the Bone":28},{"Girya":14,"NeowsBlessing":0,"Singing Bowl":10,"Gremlin Horn":18,"MawBank":1,"Ancient Tea Set":10,"keyreminder:keyreminder":4,"Sozu":7,"Calling Bell":14,"HornCleat":10,"DollysMirror":17,"Pantograph":2,"MealTicket":14,"Bottled Lightning":8,"Toxic Egg 2":4,"Cracked Core":0,"InkBottle":14,"Meat on the Bone":12},{"Girya":66,"NeowsBlessing":0,"Singing Bowl":48,"Gremlin Horn":88,"MawBank":1,"Ancient Tea Set":48,"keyreminder:keyreminder":12,"Sozu":33,"Calling Bell":66,"HornCleat":48,"DollysMirror":81,"Pantograph":2,"MealTicket":66,"Bottled Lightning":39,"Toxic Egg 2":12,"Cracked Core":0,"InkBottle":66,"Meat on the Bone":57}],"InkBottle":[11],"Meat on the Bone":36},"card_choices":[{"not_picked":["Undo","Coolheaded"],"picked":"Sweeping Beam","floor":1},{"not_picked":["Barrage","Leap"],"picked":"Beam Cell","floor":7},{"not_picked":["Force Field","Capacitor"],"picked":"Sweeping Beam","floor":10},{"not_picked":["Static Discharge","Cold Snap"],"picked":"Reprogram+1","floor":11},{"not_picked":["Leap+1","Turbo+1"],"picked":"Reboot+1","floor":12},{"not_picked":["Undo+1","Chaos+1"],"picked":"Glacier+1","floor":14},{"not_picked":["Rainbow+1","Core Surge"],"picked":"Echo Form","floor":16},{"not_picked":["Defragment","Redo+1"],"picked":"Coolheaded+1","floor":18},{"not_picked":["Coolheaded+1","Cold Snap"],"picked":"Go for the Eyes+1","floor":20},{"not_picked":["Rebound","Conserve Battery+1"],"picked":"Stack+1","floor":21},{"not_picked":["BootSequence+1","Core Surge"],"picked":"Gash+1","floor":27},{"not_picked":["Redo+1","Leap+1","Heatsinks+1"],"picked":"Singing Bowl","floor":28},{"not_picked":["Glacier+1","Defragment+1","Coolheaded+1"],"picked":"Singing Bowl","floor":29},{"not_picked":["Rainbow+1","Seek+1"],"picked":"Meteor Strike","floor":33},{"not_picked":["Static Discharge+1","Cold Snap+1","Force Field+1"],"picked":"Singing Bowl","floor":35},{"not_picked":["Coolheaded+1","Static Discharge","Defragment"],"picked":"Singing Bowl","floor":36},{"not_picked":["Sweeping Beam+1","Steam Power+1"],"picked":"Streamline+1","floor":37},{"not_picked":["Chill+1","Echo Form"],"picked":"Streamline+1","floor":40},{"not_picked":["Leap+1","Darkness+1"],"picked":"Double Energy+1","floor":41}],"player_experience":891910,"relics_obtained":[{"floor":5,"key":"MawBank"},{"floor":9,"key":"Pantograph"},{"floor":11,"key":"Toxic Egg 2"},{"floor":19,"key":"Bottled Lightning"},{"floor":26,"key":"Ancient Tea Set"},{"floor":28,"key":"Meat on the Bone"},{"floor":34,"key":"MealTicket"},{"floor":34,"key":"InkBottle"},{"floor":34,"key":"Girya"},{"floor":40,"key":"Gremlin Horn"}],"event_choices":[{"damage_healed":0,"gold_gain":175,"player_choice":"AGREE","damage_taken":0,"max_hp_gain":0,"max_hp_loss":0,"event_name":"Liars Game","floor":2,"gold_loss":0,"cards_obtained":["Doubt"]},{"damage_healed":0,"gold_gain":65,"player_choice":"Gained Gold","damage_taken":0,"max_hp_gain":0,"max_hp_loss":0,"event_name":"Golden Wing","floor":4,"gold_loss":0},{"damage_healed":0,"gold_gain":0,"player_choice":"Forge","damage_taken":0,"max_hp_gain":0,"max_hp_loss":0,"event_name":"Accursed Blacksmith","floor":22,"gold_loss":0,"cards_upgraded":["Echo Form"]},{"damage_healed":0,"gold_gain":0,"player_choice":"Got Potions","damage_taken":0,"max_hp_gain":0,"max_hp_loss":0,"event_name":"Lab","floor":31,"gold_loss":0},{"cards_removed":["Defend_B"],"damage_healed":0,"gold_gain":0,"player_choice":"Removed Skill","damage_taken":0,"max_hp_gain":0,"max_hp_loss":0,"event_name":"Falling","floor":38,"gold_loss":0}],"is_beta":false,"boss_relics":[{"not_picked":["Black Star","Pandora\u0027s Box"],"picked":"Sozu"},{"not_picked":["Empty Cage","Tiny House"],"picked":"Calling Bell"}],"items_purged_floors":[3,24],"is_endless":false,"potions_floor_spawned":[7,11,14,20,27,35,37,41],"killed_by":"Reptomancer","ascension_level":11}}