{"host":"unahupgi85cj6bxp","time":1610096844,"event":{"mods":["Act Like it!","Aspiration","BaseMod","Card Forge","Conspire","Downfall","Energized Spire","Hubris","Infinite Spire","Minty Spire (QoL Compilation)","Replay The Spire","StSLib"],"gold_per_floor":[99,110,178,178,15,50,50,67,85,101,128,140,2,0,30,144,156,93,123,135,157,498,527,539,565,577,609,621,633,645,667,695,805,817,879,902,914,940,971,1033,1045,1057,1084,1196,1282,1314,1345,1357,1384,1396,1408,1453,176,176,176],"floor_reached":56,"playtime":6351,"items_purged":[],"score":1353,"play_id":"59db4f00-fea6-4a66-8113-06141c6f612d","local_time":"20210108010724","is_ascension_mode":false,"campfire_choices":[{"floor":1,"key":"RECALL"},{"floor":13,"key":"REST"},{"data":"hexamod:TimeWarp","floor":18,"key":"SMITH"},{"floor":42,"key":"REST"},{"floor":54,"key":"REST"}],"circlet_count":0,"master_deck":["sneckomod:UnknownRareAttack+1","hexamod:Strike+1","hexamod:Strike+1","hexamod:Strike+1","hexamod:Strike+1","hexamod:Defend+1","hexamod:Defend+1","hexamod:Defend+1","hexamod:Defend+1","hexamod:Sear+1","hexamod:Float+1","hexamod:Firestarter+1","ReplayTheSpireMod:Splinters","hexamod:ThermalTransfer+1","hexamod:GhostLash+1","hexamod:CrushingStance+1","hexamod:HeatCrush+1","hexamod:ShieldOfDarkness+1","hexamod:SpectersWail+1","hexamod:ExtraCrispy+1","hexamod:SpectersWail+1","hexamod:Incineration+1","hexamod:TimeWarp+1","hexamod:SpectersWail+1","infinitespire:Collect+1","infinitespire:Oblivion+1","hexamod:DynamicBlow+1","hexamod:SwordOfDarkness+1","hexamod:RainOfEmbers+1","hexamod:GhostShield+1","hexamod:Firestarter+1","hexamod:HexaLevel+1","Decay","sneckomod:SnekBite+1","hexamod:TimeWarp+1","ReplayTheSpireMod:Private Reserves+1","infinitespire:Gouge+1","hexamod:NightmareStrike+1","hexamod:HauntingEcho+1","hexamod:NightmareStrike+1","hexamod:DynamicBlow+1","hexamod:HeatMetal+1","hexamod:Firestarter+1","hexamod:Firestarter+1","hexamod:NightmareStrike+1","hexamod:DynamicBlow+1","hexamod:HeatMetal+1","hexamod:Firestarter+1","hexamod:RainOfEmbers+1","hubris:Fate+1","infinitespire:Oblivion+1","hexamod:HeatCrush+1","infinitespire:FinalStrike+1","hexamod:ThermalTransfer+1","hexamod:GhostLash+1","expansioncontent:Chronoboost+1","hexamod:ExtraCrispy+1","hexamod:SpectersWail","hexamod:GhostOfSpirePast","hexamod:DynamicBlow","hexamod:PhantomFireball","Poisoned Strike","ReplayTheSpireMod:Trickstab","hexamod:Hexaguard","hexamod:RecurringNightmare"],"relics":["Hammer of Thor","Seething Fire","Anvil of the Gods","aspiration:PoetsPen_weak","Omamori","Akabeko","Replay:WaspNest","MawBank","downfall:HeartBlessingRed","downfall:HeartBlessingBlue","Calling Bell","aspiration:HiddenCompartment","ReplayTheSpireMod:Shallot","hubris:BundleOfHerbs","downfall:HeartBlessingGreen","Snack Pack","ChewingGum","Snack Pack","aspiration:RitualStick","Replay:Grab Bag","Abe\u0027s Treasure","Replay:Bronze Core","ReplayTheSpireMod:SealedPack","Orrery","Tiny House","Replay:Bottled Flurry","FossilizedHelix","hubris:MysteriousPyramids","Pen Nib","Turnip","hubris:CrystalStatue","hubris:EmptyBottle"],"acts_visited":["Exordium","TheCity","TheBeyond","TheEnding"],"potions_floor_usage":[11,44,55,55,55],"damage_taken":[{"damage":0,"enemies":"Small Slimes","floor":2,"turns":2},{"damage":5,"enemies":"downfall:FleeingMerchant","floor":5,"turns":4},{"damage":0,"enemies":"conspire:MimicChest","floor":6,"turns":3},{"damage":6,"enemies":"conspire:RoseBush","floor":8,"turns":1},{"damage":0,"enemies":"Cultist","floor":9,"turns":1},{"damage":0,"enemies":"Blue Slaver","floor":10,"turns":1},{"damage":8,"enemies":"Lagavulin","floor":11,"turns":3},{"damage":1,"enemies":"downfall:FleeingMerchant","floor":14,"turns":4},{"damage":0,"enemies":"2 Fungi Beasts","floor":15,"turns":1},{"damage":39,"enemies":"downfall:Ironclad","floor":16,"turns":4},{"damage":8,"enemies":"conspire:FuzzyDice","floor":19,"turns":2},{"damage":0,"enemies":"Spheric Guardian","floor":21,"turns":1},{"damage":0,"enemies":"downfall:FleeingMerchant","floor":22,"turns":1},{"damage":0,"enemies":"Centurion and Healer","floor":23,"turns":2},{"damage":17,"enemies":"conspire:HollyBat","floor":25,"turns":10},{"damage":0,"enemies":"Chosen and Byrds","floor":27,"turns":3},{"damage":0,"enemies":"Snake Plant","floor":31,"turns":2},{"damage":2,"enemies":"Cultist and Chosen","floor":32,"turns":2},{"damage":4,"enemies":"downfall:Defect","floor":33,"turns":3},{"damage":0,"enemies":"Orb Walker","floor":36,"turns":2},{"damage":0,"enemies":"3 Darklings","floor":38,"turns":3},{"damage":47,"enemies":"4 Shapes","floor":39,"turns":4},{"damage":2,"enemies":"Transient","floor":43,"turns":5},{"damage":23,"enemies":"infinitespire:Three Voidlings","floor":44,"turns":2},{"damage":0,"enemies":"Nightmare_Alpha","floor":44,"turns":1},{"damage":27,"enemies":"Writhing Mass","floor":46,"turns":3},{"damage":0,"enemies":"Spire Growth","floor":47,"turns":2},{"damage":0,"enemies":"4 Shapes","floor":49,"turns":2},{"damage":6,"enemies":"downfall:Watcher","floor":50,"turns":5},{"damage":26,"enemies":"downfall:CharBossMerchant","floor":52,"turns":4},{"damage":4,"enemies":"downfall:NeowBoss","floor":55,"turns":14}],"seed_played":"4660363836993673536","potions_obtained":[{"floor":3,"key":"Swift Potion"},{"floor":3,"key":"champ:CounterPotion"},{"floor":10,"key":"hexamod:EctoCoolerPotion"},{"floor":11,"key":"Weak Potion"},{"floor":15,"key":"infinitespire:BlackPotion"},{"floor":46,"key":"Cursed Concoction"}],"is_trial":false,"path_per_floor":["R","M","?","?","$","?","T","M","M","M","E","?","R","$","M","B",null,"R","M","AVR","M","$","M","T","M","$","M","?","?","?","M","M","B",null,"R","M","$","M","M","AVR","T","R","M","?","?","M","M","?","M","B",null,"E","$","R","B",null],"character_chosen":"THE_SPIRIT","items_purchased":["Akabeko","Turnip","hubris:CrystalStatue","hubris:EmptyBottle","hexamod:GhostOfSpirePast","hexamod:DynamicBlow","hexamod:PhantomFireball","Poisoned Strike","ReplayTheSpireMod:Trickstab","hexamod:Hexaguard","hexamod:RecurringNightmare"],"campfire_rested":3,"item_purchase_floors":[5,53,53,53,53,53,53,53,53,53,53],"current_hp_per_floor":[70,70,70,70,70,70,70,64,64,64,56,56,80,79,79,40,80,80,72,72,74,76,80,80,75,75,80,80,64,64,72,78,80,80,80,80,80,80,40,45,45,70,85,66,66,51,67,67,71,85,85,63,63,85,85],"gold":176,"neow_bonus":"BOSS_RELIC","is_daily":false,"chose_seed":false,"campfire_upgraded":1,"win_rate":0.0,"timestamp":1610096844,"path_taken":["R","M","?","?","$","?","T","M","M","M","E","?","R","$","M","BOSS","R","M","AVR","M","?","M","T","M","$","M","?","?","?","M","M","BOSS","R","M","$","M","M","AVR","T","R","M","?","?","M","?","?","M","BOSS","E","$","R","BOSS"],"items_purchased_type":["Relic","Relic","Relic","Relic","Card","Card","Card","Card","Card","Card","Card"],"build_version":"2020-12-22","purchased_purges":0,"victory":true,"max_hp_per_floor":[70,70,70,70,70,70,70,70,70,70,70,70,80,80,80,80,80,80,80,80,80,80,80,80,80,80,80,80,80,80,80,80,80,80,80,80,80,80,80,85,85,85,85,85,85,85,85,85,85,85,85,85,85,85,85],"card_choices":[{"not_picked":["hexamod:FastForward","hexamod:ShieldOfDarkness"],"picked":"hexamod:Firestarter","floor":2},{"not_picked":["hexamod:FourthSeal","hexamod:RainOfEmbers"],"picked":"hexamod:ThermalTransfer","floor":3},{"not_picked":["hexamod:AdvancingGuard","hexamod:ExtraCrispy"],"picked":"hexamod:GhostLash","floor":5},{"not_picked":["hexamod:GhostShield","hexamod:NightmareGuise"],"picked":"hexamod:CrushingStance","floor":6},{"not_picked":["hexamod:BurningTouch","hexamod:GhostflameBarrier"],"picked":"hexamod:HeatCrush","floor":8},{"not_picked":["hexamod:Firestarter","hexamod:FastForward"],"picked":"hexamod:ShieldOfDarkness","floor":9},{"not_picked":["hexamod:AdvancingGuard","hexamod:Rewind"],"picked":"hexamod:SpectersWail","floor":10},{"not_picked":["hexamod:ShieldOfDarkness","hexamod:AdvancingGuard"],"picked":"hexamod:ExtraCrispy","floor":11},{"not_picked":["hexamod:GhostflameBarrier","hexamod:WildfireWeapon"],"picked":"hexamod:SpectersWail","floor":14},{"not_picked":["hexamod:GhostShield","hexamod:Hexaguard"],"picked":"hexamod:Incineration","floor":15},{"not_picked":["hexamod:UnleashSpirits","hexamod:SearingWound"],"picked":"hexamod:TimeWarp","floor":16},{"not_picked":["hexamod:HauntingEcho","hexamod:HeatCrush"],"picked":"hexamod:SpectersWail","floor":19},{"not_picked":["hexamod:SkipABeat+1","hexamod:GhostOfSpireFuture"],"picked":"hexamod:DynamicBlow","floor":21},{"not_picked":["hexamod:CatchUp+1","hexamod:ShieldOfDarkness"],"picked":"hexamod:SwordOfDarkness","floor":22},{"not_picked":["hexamod:FastForward","hexamod:FourthSeal","hexamod:ShieldOfDarkness+1"],"picked":"SKIP","floor":23},{"not_picked":["hexamod:Firestarter","hexamod:Rewind+1"],"picked":"hexamod:RainOfEmbers","floor":25},{"not_picked":["hexamod:BacktrackSmack","hexamod:GhostflameInferno"],"picked":"hexamod:GhostShield","floor":27},{"not_picked":["hexamod:RetreatToShadows+1","hexamod:ThirdSeal","hexamod:EtherealExpedition"],"picked":"SKIP","floor":31},{"not_picked":["hexamod:ShieldOfDarkness","hexamod:HauntingEcho"],"picked":"hexamod:Firestarter","floor":32},{"not_picked":["hexamod:TurnItUp","hexamod:ParanormalForm"],"picked":"hexamod:HexaLevel","floor":33},{"not_picked":["sneckomod:Unknown","Survivor"],"picked":"sneckomod:SnekBite","floor":34},{"not_picked":["hexamod:FifthSeal","hexamod:SixthSeal"],"picked":"hexamod:TimeWarp","floor":34},{"not_picked":["Bandage Up","expansioncontent:Collect"],"picked":"ReplayTheSpireMod:Private Reserves","floor":34},{"not_picked":["infinitespire:Menacing","ReplayTheSpireMod:Haul"],"picked":"infinitespire:Gouge","floor":34},{"not_picked":["hexamod:SwordOfDarkness+1","hexamod:RainOfEmbers+1"],"picked":"hexamod:NightmareStrike","floor":36},{"not_picked":["hexamod:NightmareGuise","hexamod:ThermalTransfer+1"],"picked":"hexamod:HauntingEcho","floor":38},{"not_picked":["hexamod:ParanormalForm","hexamod:SpectralAdrenaline","hexamod:NecessarySacrifice+1"],"picked":"SKIP","floor":39},{"not_picked":["hexamod:Again+1","hexamod:SkipABeat"],"picked":"hexamod:NightmareStrike+1","floor":40},{"not_picked":["hexamod:NightmareGuise+1","hexamod:GhostflameBarrier+1"],"picked":"hexamod:DynamicBlow+1","floor":40},{"not_picked":["hexamod:FastForward","hexamod:GhostLash"],"picked":"hexamod:HeatMetal","floor":40},{"not_picked":["hexamod:RecurringNightmare","hexamod:InspiringFlames"],"picked":"hexamod:Firestarter+1","floor":40},{"not_picked":["hexamod:CatchUp","hexamod:ParanormalForm"],"picked":"hexamod:Firestarter+1","floor":40},{"not_picked":["hexamod:Again+1","hexamod:SkipABeat"],"picked":"hexamod:NightmareStrike+1","floor":40},{"not_picked":["hexamod:NightmareGuise+1","hexamod:GhostflameBarrier+1"],"picked":"hexamod:DynamicBlow+1","floor":40},{"not_picked":["hexamod:FastForward","hexamod:GhostLash"],"picked":"hexamod:HeatMetal+1","floor":40},{"not_picked":["hexamod:RecurringNightmare","hexamod:InspiringFlames"],"picked":"hexamod:Firestarter+1","floor":40},{"not_picked":["hexamod:Hexaguard","hexamod:RadiantFlame"],"picked":"hexamod:RainOfEmbers+1","floor":40},{"not_picked":["hexamod:AdvancingGuard+1","hexamod:HeatShield"],"picked":"hexamod:HeatCrush","floor":43},{"not_picked":["infinitespire:TheBestDefense","infinitespire:UltimateForm"],"picked":"infinitespire:FinalStrike","floor":44},{"not_picked":["hexamod:GhostShield","hexamod:BurningTouch"],"picked":"hexamod:ThermalTransfer","floor":46},{"not_picked":["hexamod:SoulSteal+1","hexamod:Again+1"],"picked":"hexamod:GhostLash","floor":47},{"not_picked":["expansioncontent:AwakenDeath","expansioncontent:DecasProtection"],"picked":"expansioncontent:Chronoboost","floor":48},{"not_picked":["hexamod:NecessarySacrifice+1","hexamod:ChargedBarrage+1"],"picked":"hexamod:ExtraCrispy","floor":49},{"not_picked":["hexamod:BurningTouch","hexamod:Hexaguard"],"picked":"hexamod:SpectersWail","floor":52}],"player_experience":851569,"relics_obtained":[{"floor":3,"key":"Omamori"},{"floor":6,"key":"Replay:WaspNest"},{"floor":11,"key":"MawBank"},{"floor":17,"key":"aspiration:HiddenCompartment"},{"floor":17,"key":"ReplayTheSpireMod:Shallot"},{"floor":17,"key":"hubris:BundleOfHerbs"},{"floor":24,"key":"Snack Pack"},{"floor":41,"key":"Replay:Bottled Flurry"},{"floor":44,"key":"FossilizedHelix"},{"floor":45,"key":"hubris:MysteriousPyramids"},{"floor":52,"key":"Pen Nib"}],"event_choices":[{"damage_healed":0,"gold_gain":0,"player_choice":"Disagree","damage_taken":0,"max_hp_gain":0,"max_hp_loss":0,"event_name":"conspire:LoneGhost","floor":4,"gold_loss":0},{"damage_healed":0,"gold_gain":0,"player_choice":"Upgraded","damage_taken":0,"max_hp_gain":0,"max_hp_loss":0,"event_name":"Upgrade Shrine","floor":12,"gold_loss":0,"cards_upgraded":["hexamod:ExtraCrispy"]},{"damage_healed":0,"gold_gain":0,"player_choice":"Leave","damage_taken":0,"max_hp_gain":0,"max_hp_loss":0,"event_name":"conspire:Investor","floor":30,"gold_loss":0}],"is_beta":false,"boss_relics":[{"not_picked":["energizedSpire:NeverEndingSparkler","hubris:Backtick"],"picked":"Calling Bell"},{"not_picked":["hexamod:IceCube","Painkiller Herb"],"picked":"Replay:Grab Bag"},{"not_picked":["Runic Dome","aspiration:FutureDiary"],"picked":"Abe\u0027s Treasure"},{"not_picked":["Philosopher\u0027s Stone","conspire:SlowCooker"],"picked":"Replay:Bronze Core"},{"not_picked":["SlaversCollar","Runic Pyramid"],"picked":"ReplayTheSpireMod:SealedPack"}],"items_purged_floors":[],"is_endless":false,"potions_floor_spawned":[10,11,15,16,19,23,31,32,33,39,44,46,49,52],"ascension_level":0}}