{"host":"7krnriczr1b2ou5r","time":1610108148,"event":{"mods":["BaseMod","Keyboard Shortcuts","Marisa£¨Ùöéë¡¡Øª×âÞÞ£©","Minty Spire (QoL Compilation)","Relic Stats","StSLib"],"gold_per_floor":[217,167,186,28,203,203,218,229,279,305,305,339,339,354,354,453,503,516,157,168,181,181,215,215,215,242,65,65,93,93,124,124,223,223,233,83,83,83,99,99,113,143,197,224,74,74,87,99,99,99],"floor_reached":51,"playtime":2355,"items_purged":["Strike_MRS","Strike_MRS","Defend_MRS","Defend_MRS"],"score":1058,"play_id":"0fb82bdc-372e-4288-a837-65e74d699352","local_time":"20210108211548","is_ascension_mode":true,"campfire_choices":[{"data":"EnergyFlow","floor":6,"key":"SMITH"},{"data":"ChargingUp","floor":11,"key":"SMITH"},{"data":"MilkyWay","floor":13,"key":"SMITH"},{"data":"Occultation","floor":15,"key":"SMITH"},{"data":"AlicesGift","floor":25,"key":"SMITH"},{"data":"MilkyWay","floor":28,"key":"SMITH"},{"data":"MilkyWay","floor":32,"key":"SMITH"},{"data":"AsteroidBelt","floor":40,"key":"SMITH"},{"data":"Acceleration","floor":49,"key":"SMITH"}],"circlet_count":0,"master_deck":["Defend_MRS","Defend_MRS","MasterSpark+1","MilkyWay+1","EnergyFlow+1","ChargingUp+1","AsteroidBelt+1","AlicesGift+1","MilkyWay+1","PowerUp","MilkyWay+1","Acceleration+1","Acceleration","UltimateShortwave+1","EnergyRecoil+1","Orbital+1","AlicesGift","PropBag+1","LuminesStrike+1"],"relics":["MiniHakkero","Art of War","PreservedInsect","Potion Belt","Tiny House","Akabeko","HandmadeGrimoire","Anchor","Toxic Egg 2","Boot","Omamori","RampagingMagicTools","Juzu Bracelet","Strawberry","TungstenRod","Oddly Smooth Stone"],"acts_visited":["Exordium","TheCity","TheBeyond"],"potions_floor_usage":[23,31,44,50,50],"damage_taken":[{"damage":2,"enemies":"Jaw Worm","floor":1,"turns":3},{"damage":0,"enemies":"Small Slimes","floor":3,"turns":3},{"damage":1,"enemies":"Cultist","floor":7,"turns":3},{"damage":0,"enemies":"Blue Slaver","floor":8,"turns":4},{"damage":17,"enemies":"Gremlin Nob","floor":10,"turns":5},{"damage":0,"enemies":"Lagavulin","floor":12,"turns":5},{"damage":3,"enemies":"Large Slime","floor":14,"turns":4},{"damage":26,"enemies":"Slime Boss","floor":16,"turns":11},{"damage":0,"enemies":"Chosen","floor":18,"turns":3},{"damage":0,"enemies":"Spheric Guardian","floor":20,"turns":3},{"damage":11,"enemies":"Snake Plant","floor":21,"turns":3},{"damage":0,"enemies":"Gremlin Leader","floor":23,"turns":2},{"damage":15,"enemies":"Slavers","floor":29,"turns":4},{"damage":0,"enemies":"Gremlin Leader","floor":31,"turns":2},{"damage":0,"enemies":"Automaton","floor":33,"turns":3},{"damage":0,"enemies":"3 Darklings","floor":35,"turns":2},{"damage":5,"enemies":"3 Shapes","floor":39,"turns":4},{"damage":15,"enemies":"Sphere and 2 Shapes","floor":41,"turns":4},{"damage":13,"enemies":"Nemesis","floor":42,"turns":3},{"damage":45,"enemies":"Reptomancer","floor":44,"turns":6},{"damage":0,"enemies":"Writhing Mass","floor":47,"turns":3},{"damage":9,"enemies":"Transient","floor":48,"turns":4},{"damage":3,"enemies":"Awakened One","floor":50,"turns":8}],"seed_played":"2716664030590791336","potions_obtained":[{"floor":7,"key":"SpeedPotion"},{"floor":8,"key":"Ancient Potion"},{"floor":10,"key":"Fire Potion"},{"floor":16,"key":"SteroidPotion"},{"floor":17,"key":"FairyPotion"},{"floor":29,"key":"LiquidMemories"},{"floor":35,"key":"Fire Potion"},{"floor":39,"key":"FearPotion"},{"floor":42,"key":"Dexterity Potion"}],"is_trial":false,"path_per_floor":["M","?","M","$","?","R","M","M","T","E","R","E","R","M","R","B",null,"M","$","M","M","?","E","?","R","T","$","R","E","?","E","R","B",null,"M","$","?","$","M","R","M","E","T","E","$","?","M","M","R","B",null],"character_chosen":"MARISA","items_purchased":["ChargingUp","AsteroidBelt","MilkyWay","PowerUp","Akabeko","Acceleration","Oddly Smooth Stone"],"campfire_rested":0,"item_purchase_floors":[4,4,19,19,19,27,45],"current_hp_per_floor":[73,73,73,73,73,73,72,72,72,55,55,55,55,52,52,26,80,80,80,80,69,54,54,54,54,54,54,54,39,39,39,39,39,85,85,85,85,85,80,80,65,52,59,14,14,14,14,5,5,2],"gold":99,"neow_bonus":"HUNDRED_GOLD","is_daily":false,"chose_seed":false,"campfire_upgraded":9,"win_rate":0.0,"timestamp":1610108148,"path_taken":["M","?","?","$","?","R","M","M","T","E","R","E","R","M","R","BOSS","M","$","M","M","?","E","?","R","T","$","R","E","?","E","R","BOSS","M","$","?","$","M","R","M","E","T","E","$","?","M","M","R","BOSS"],"items_purchased_type":["Card","Card","Card","Card","Relic","Card","Relic"],"build_version":"2020-12-22","purchased_purges":4,"victory":true,"max_hp_per_floor":[75,75,75,75,75,75,75,75,75,75,75,75,75,75,75,75,80,80,80,80,80,85,85,85,85,85,85,85,85,85,85,85,85,85,85,85,85,85,85,85,85,85,92,92,92,92,92,92,92,92],"relic_stats":{"counters":[23,92],"PreservedInsect":263,"Art of War":[31],"Juzu Bracelet":0,"Boot":[0],"obtain_stats":[{"Potion Belt":12,"Tiny House":17,"Oddly Smooth Stone":45,"PreservedInsect":10,"Omamori":31,"Juzu Bracelet":42,"Boot":30,"Akabeko":19,"Anchor":26,"Shuriken":47,"Strawberry":43,"Art of War":9,"HandmadeGrimoire":23,"MiniHakkero":0,"Kunai":48,"Toxic Egg 2":29,"RampagingMagicTools":34,"TungstenRod":44},{"Potion Belt":6,"Tiny House":8,"Oddly Smooth Stone":20,"PreservedInsect":5,"Omamori":14,"Juzu Bracelet":19,"Boot":13,"Akabeko":9,"Anchor":12,"Shuriken":21,"Strawberry":19,"Art of War":4,"HandmadeGrimoire":12,"MiniHakkero":0,"Kunai":22,"Toxic Egg 2":13,"RampagingMagicTools":15,"TungstenRod":20},{"Potion Belt":23,"Tiny House":38,"Oddly Smooth Stone":77,"PreservedInsect":18,"Omamori":55,"Juzu Bracelet":71,"Boot":53,"Akabeko":41,"Anchor":49,"Shuriken":78,"Strawberry":71,"Art of War":13,"HandmadeGrimoire":49,"MiniHakkero":0,"Kunai":81,"Toxic Egg 2":53,"RampagingMagicTools":58,"TungstenRod":77}],"TungstenRod":2},"card_choices":[{"not_picked":["SporeBomb","DoubleSpark"],"picked":"MilkyWay","floor":1},{"not_picked":["DarkSpark","ShootTheMoon"],"picked":"EnergyFlow","floor":3},{"not_picked":["SporeBomb","MilkyWay","DoubleSpark"],"picked":"SKIP","floor":7},{"not_picked":["DC","DragonMeteor","AsteroidBelt"],"picked":"SKIP","floor":8},{"not_picked":["SporeBomb","Occultation","EscapeVelocity"],"picked":"SKIP","floor":10},{"not_picked":["DC","ShootingEcho","WitchLeyline"],"picked":"SKIP","floor":12},{"not_picked":["PowerUp","GravityBeat"],"picked":"Occultation","floor":14},{"not_picked":["OpenUniverse","SuperPerseids"],"picked":"AlicesGift","floor":17},{"not_picked":["MysteriousBeam","ManaConvection","AsteroidBelt"],"picked":"SKIP","floor":18},{"not_picked":["DoubleSpark+1","WitchLeyline","AsteroidBelt"],"picked":"SKIP","floor":20},{"not_picked":["IllusionStar","NonDirectionalLaser"],"picked":"MilkyWay","floor":21},{"not_picked":["WitchOfGreed","GrandCross"],"picked":"Acceleration","floor":23},{"not_picked":["DeepEcoloBomb","ManaRampage+1","EventHorizon"],"picked":"SKIP","floor":29},{"not_picked":["DC","MilkyWay+1","WitchLeyline"],"picked":"SKIP","floor":31},{"not_picked":["EscapeVelocity","SatelliteIllusion"],"picked":"UltimateShortwave+1","floor":33},{"not_picked":["Acceleration+1","NonDirectionalLaser+1"],"picked":"EnergyRecoil+1","floor":35},{"not_picked":["DarkMatter+1","NonDirectionalLaser+1","OneTimeOff+1"],"picked":"SKIP","floor":39},{"not_picked":["AsteroidBelt+1","GravityBeat"],"picked":"Orbital+1","floor":41},{"not_picked":["RefractionSpark+1","MaximisePower+1","MagicAbsorber+1"],"picked":"SKIP","floor":42},{"not_picked":["GravityBeat+1","ShootingEcho"],"picked":"AlicesGift","floor":44},{"not_picked":["GravityBeat+1","DarkSpark+1","DC+1"],"picked":"SKIP","floor":47},{"not_picked":["DoubleSpark+1","Robbery+1"],"picked":"LuminesStrike+1","floor":48}],"player_experience":1078908,"relics_obtained":[{"floor":9,"key":"Art of War"},{"floor":10,"key":"PreservedInsect"},{"floor":12,"key":"Potion Belt"},{"floor":23,"key":"HandmadeGrimoire"},{"floor":26,"key":"Anchor"},{"floor":29,"key":"Toxic Egg 2"},{"floor":31,"key":"Omamori"},{"floor":42,"key":"Juzu Bracelet"},{"floor":43,"key":"Strawberry"},{"floor":44,"key":"TungstenRod"}],"event_choices":[{"cards_removed":["Strike_MRS"],"damage_healed":0,"gold_gain":0,"player_choice":"Card Removal","damage_taken":0,"max_hp_gain":0,"max_hp_loss":0,"event_name":"The Cleric","floor":2,"gold_loss":50},{"damage_healed":0,"gold_gain":175,"player_choice":"AGREE","damage_taken":0,"max_hp_gain":0,"max_hp_loss":0,"event_name":"Liars Game","floor":5,"gold_loss":0,"cards_obtained":["Doubt"]},{"damage_healed":0,"gold_gain":0,"player_choice":"Shed Blood","damage_taken":20,"max_hp_gain":5,"max_hp_loss":0,"event_name":"Forgotten Altar","floor":22,"gold_loss":0},{"cards_removed":["Strike_MRS"],"damage_healed":0,"gold_gain":0,"player_choice":"Elegance","damage_taken":0,"max_hp_gain":0,"max_hp_loss":0,"event_name":"Back to Basics","floor":24,"gold_loss":0},{"damage_healed":0,"gold_gain":0,"player_choice":"Opened","damage_taken":0,"relics_obtained":["Boot"],"max_hp_gain":0,"max_hp_loss":0,"event_name":"The Mausoleum","floor":30,"gold_loss":0},{"cards_removed":["Occultation"],"damage_healed":0,"gold_gain":0,"player_choice":"Removed Skill","damage_taken":0,"max_hp_gain":0,"max_hp_loss":0,"event_name":"Falling","floor":37,"gold_loss":0},{"damage_healed":0,"gold_gain":0,"cards_transformed":["UpSweep"],"player_choice":"Transformed","damage_taken":0,"max_hp_gain":0,"max_hp_loss":0,"event_name":"Transmorgrifier","floor":46,"gold_loss":0,"cards_obtained":["PropBag"]}],"is_beta":false,"boss_relics":[{"not_picked":["Philosopher\u0027s Stone","Snecko Eye"],"picked":"Tiny House"},{"not_picked":["Runic Dome","Black Star"],"picked":"RampagingMagicTools"}],"items_purged_floors":[4,19,27,36],"is_endless":false,"potions_floor_spawned":[7,8,10,16,20,29,35,39,42],"ascension_level":2}}