{"host":"5dk97cf2ubw2v967","time":1610131478,"event":{"mods":["AlwaysNeverKeys","BaseMod","Better Altar","Better Vampires","Block Reminder","Colored Powertips","Downfall","Googly Eyes","Highlight Path","Minty Spire (QoL Compilation)","Permanent Neow","Potion Indicator Mod","Quick Restart","Relic Filter","Relic Stats","Say the Spire","Spicy Shops","StSLib","Waifu the Spire","everything is the same but u backflip on backflip"],"gold_per_floor":[99,117,135,135,152,152,152,77,94,110,135,154,154,8,27,101,101,101,112,129,14,114,114,114,36,36,69,79,89,289,324,334,411,411,336,356,371,390,0,0,25,25,25,44,44,69,69,81,98,98],"floor_reached":51,"playtime":4164,"items_purged":["Writhe","Guardian:Defend_Guardian","Guardian:Strike_Guardian","hexamod:Haunted"],"score":1442,"play_id":"78a711da-a50a-4722-bdd6-dc7de5a5af7d","local_time":"20210108184438","is_ascension_mode":true,"campfire_choices":[{"floor":1,"key":"RECALL"},{"data":"Guardian:CurlUp","floor":8,"key":"SMITH"},{"data":"Guardian:TwinSlam","floor":18,"key":"SMITH"},{"data":"expansioncontent:Chronoboost","floor":26,"key":"SMITH"},{"data":"Guardian:SphericShield","floor":35,"key":"SMITH"},{"data":"Guardian:TimeSifter","floor":40,"key":"SMITH"},{"data":"Guardian:FloatingOrbs","floor":42,"key":"SMITH"},{"floor":47,"key":"REST"}],"circlet_count":0,"master_deck":["AscendersBane","Guardian:Strike_Guardian","Guardian:Defend_Guardian","Guardian:CurlUp+1","Guardian:TwinSlam+1","Guardian:BronzeArmor","Guardian:GatlingBeam","Guardian:FloatingOrbs+1","Guardian:PrismaticBarrier","Guardian:BronzeOrb","Guardian:Recover+1","Guardian:PiercingHide","expansioncontent:Chronoboost+1","Guardian:SpikerProtocol+1","Guardian:TimeSifter+1","Guardian:PrismaticBarrier","Guardian:BronzeOrb","Guardian:EvasiveProtocol","Guardian:SphericShield+1","Guardian:Gem_Lightblue","Guardian:Gem_Purple","Guardian:BronzeOrb","Guardian:Gem_White","Guardian:Aged"],"relics":["Guardian:ModeShifter","Kunai","Pear","downfall:HeartBlessingRed","Guardian:StasisCodex","Membership Card","Empty Cage","Lizard Tail","Eternal Feather","Torii","Matryoshka","Gambling Chip","Busted Crown","downfall:HeartBlessingGreen","Dream Catcher","OrangePellets","Medical Kit","MealTicket","Guardian:StasisEgg","PreservedInsect"],"acts_visited":["Exordium","TheCity","TheBeyond"],"potions_floor_usage":[11,12,16,22,29,31,32,37,38,48,50,50],"damage_taken":[{"damage":3,"enemies":"Small Slimes","floor":2,"turns":6},{"damage":1,"enemies":"Cultist","floor":3,"turns":4},{"damage":0,"enemies":"2 Louse","floor":5,"turns":4},{"damage":4,"enemies":"Exordium Wildlife","floor":9,"turns":4},{"damage":12,"enemies":"Large Slime","floor":10,"turns":5},{"damage":4,"enemies":"Lagavulin","floor":11,"turns":5},{"damage":10,"enemies":"Gremlin Gang","floor":12,"turns":4},{"damage":0,"enemies":"downfall:FleeingMerchant","floor":14,"turns":4},{"damage":0,"enemies":"2 Fungi Beasts","floor":15,"turns":3},{"damage":13,"enemies":"downfall:Defect","floor":16,"turns":8},{"damage":0,"enemies":"Chosen","floor":19,"turns":5},{"damage":3,"enemies":"Shelled Parasite and Fungi","floor":20,"turns":6},{"damage":0,"enemies":"downfall:FleeingMerchant","floor":21,"turns":4},{"damage":2,"enemies":"downfall:Ironclad","floor":22,"turns":7},{"damage":1,"enemies":"downfall:FleeingMerchant","floor":25,"turns":4},{"damage":8,"enemies":"Book of Stabbing","floor":27,"turns":4},{"damage":11,"enemies":"Centurion and Healer","floor":28,"turns":7},{"damage":1,"enemies":"Snake Plant","floor":29,"turns":4},{"damage":32,"enemies":"Slavers","floor":31,"turns":5},{"damage":8,"enemies":"Snecko","floor":32,"turns":5},{"damage":13,"enemies":"downfall:Watcher","floor":33,"turns":10},{"damage":0,"enemies":"Orb Walker","floor":36,"turns":5},{"damage":0,"enemies":"3 Darklings","floor":37,"turns":6},{"damage":1,"enemies":"Transient","floor":38,"turns":6},{"damage":0,"enemies":"downfall:FleeingMerchant","floor":39,"turns":4},{"damage":23,"enemies":"4 Shapes","floor":44,"turns":5},{"damage":22,"enemies":"Giant Head","floor":46,"turns":9},{"damage":8,"enemies":"Maw","floor":48,"turns":8},{"damage":0,"enemies":"Spire Growth","floor":49,"turns":7},{"damage":7,"enemies":"downfall:Silent","floor":50,"turns":10}],"seed_played":"-689455886595494894","potions_obtained":[{"floor":2,"key":"AttackPotion"},{"floor":9,"key":"Dexterity Potion"},{"floor":15,"key":"LiquidMemories"},{"floor":19,"key":"Weak Potion"},{"floor":28,"key":"EssenceOfSteel"},{"floor":31,"key":"SpeedPotion"},{"floor":33,"key":"DistilledChaos"},{"floor":36,"key":"Explosive Potion"},{"floor":44,"key":"BlessingOfTheForge"},{"floor":49,"key":"ColorlessPotion"}],"is_trial":false,"path_per_floor":["R","M","M","?","M","?","T","R","M","M","E","M","?","$","M","B",null,"R","M","M","$","?","?","T","$","R","E","M","M","?","E","M","B",null,"R","M","M","M","$","R","T","R","?","M","?","E","R","M","M","B",null],"character_chosen":"GUARDIAN","items_purchased":["Membership Card","BlessingOfTheForge","expansioncontent:Chronoboost","Dream Catcher","OrangePellets","Medical Kit","Guardian:BronzeOrb","Guardian:Gem_Cyan","Swift Potion"],"campfire_rested":1,"item_purchase_floors":[14,14,21,39,39,39,39,39,39],"current_hp_per_floor":[65,62,61,50,50,50,60,60,56,44,40,30,30,30,30,17,61,61,61,58,58,56,56,56,55,64,56,45,44,44,12,4,37,66,75,75,75,74,74,75,75,75,75,52,52,30,64,56,56,49],"gold":98,"neow_bonus":"THREE_RARE_CARDS","is_daily":false,"chose_seed":false,"campfire_upgraded":6,"win_rate":0.0,"timestamp":1610131478,"path_taken":["R","M","M","?","M","?","T","R","M","?","E","M","?","$","M","BOSS","R","M","M","$","?","?","T","?","R","E","?","M","?","E","M","BOSS","R","M","M","M","$","R","T","R","?","?","?","E","R","M","M","BOSS"],"items_purchased_type":["Relic","Potion","Card","Relic","Relic","Relic","Card","Card","Potion"],"build_version":"2020-12-22","purchased_purges":4,"victory":true,"max_hp_per_floor":[65,65,65,65,65,65,75,75,75,75,75,75,75,75,75,75,75,75,75,75,75,75,75,75,75,75,75,75,75,75,75,75,75,75,75,75,75,75,75,75,75,75,75,75,75,75,75,75,75,75],"relic_stats":{"Torii":12,"counters":[30,165],"Eternal Feather":31,"PreservedInsect":0,"Medical Kit":[4],"OrangePellets":[18],"Lizard Tail":37,"Dream Catcher":1,"Busted Crown":18,"Gambling Chip":[14],"MealTicket":0,"Kunai":[72],"obtain_stats":[{"Pear":7,"downfall:HeartBlessingRed":8,"Torii":24,"Guardian:StasisEgg":45,"Guardian:ModeShifter":0,"Guardian:StasisCodex":11,"Eternal Feather":22,"downfall:HeartBlessingGreen":35,"PreservedInsect":46,"Empty Cage":17,"Medical Kit":39,"OrangePellets":39,"Lizard Tail":22,"Dream Catcher":39,"Matryoshka":27,"Busted Crown":34,"Gambling Chip":31,"MealTicket":41,"Kunai":4,"Membership Card":14},{"Pear":3,"downfall:HeartBlessingRed":3,"Torii":14,"Guardian:StasisEgg":26,"Guardian:ModeShifter":0,"Guardian:StasisCodex":6,"Eternal Feather":14,"downfall:HeartBlessingGreen":21,"PreservedInsect":27,"Empty Cage":10,"Medical Kit":25,"OrangePellets":25,"Lizard Tail":14,"Dream Catcher":25,"Matryoshka":16,"Busted Crown":21,"Gambling Chip":19,"MealTicket":25,"Kunai":2,"Membership Card":8},{"Pear":14,"downfall:HeartBlessingRed":14,"Torii":68,"Guardian:StasisEgg":132,"Guardian:ModeShifter":0,"Guardian:StasisCodex":28,"Eternal Feather":68,"downfall:HeartBlessingGreen":106,"PreservedInsect":141,"Empty Cage":47,"Medical Kit":127,"OrangePellets":127,"Lizard Tail":68,"Dream Catcher":127,"Matryoshka":76,"Busted Crown":106,"Gambling Chip":91,"MealTicket":127,"Kunai":10,"Membership Card":36}]},"card_choices":[{"not_picked":["Guardian:StasisField","Guardian:FastForward"],"picked":"Guardian:Gem_Synthetic","floor":0},{"not_picked":["Guardian:Orbwalk","Guardian:Gem_Lightblue"],"picked":"Guardian:BronzeArmor","floor":2},{"not_picked":["Guardian:RollAttack","Guardian:Reroute"],"picked":"Guardian:Gem_Cyan","floor":3},{"not_picked":["Guardian:Planning","Guardian:PolyBeam"],"picked":"Guardian:GatlingBeam","floor":5},{"not_picked":["Guardian:RollAttack","Guardian:ArmoredProtocol"],"picked":"Guardian:Gem_Fragmented","floor":9},{"not_picked":["Guardian:ChargeCore","Guardian:Reroute"],"picked":"Guardian:FloatingOrbs","floor":10},{"not_picked":["Guardian:PiercingHide","Guardian:TemporalShield"],"picked":"Guardian:PrismaticBarrier","floor":11},{"not_picked":["Guardian:SpikerProtocol","Guardian:Planning"],"picked":"Guardian:Gem_Purple","floor":12},{"not_picked":["Guardian:Gem_Lightblue","Guardian:Orbwalk"],"picked":"Guardian:Gem_Cyan","floor":14},{"not_picked":["Guardian:FuturePlans","Guardian:RollAttack"],"picked":"Guardian:BronzeOrb","floor":15},{"not_picked":["Guardian:Gem_Orange","Guardian:AncientConstruct"],"picked":"Guardian:Gem_Synthetic","floor":16},{"not_picked":["Guardian:DecasProtection","Guardian:PolyBeam"],"picked":"Guardian:Recover+1","floor":19},{"not_picked":["Guardian:Incinerate","Guardian:ShieldCharger","Guardian:TemporalStrike+1"],"picked":"SKIP","floor":20},{"not_picked":["Guardian:WalkerClaw","Guardian:VentSteam"],"picked":"Guardian:PiercingHide","floor":21},{"not_picked":["Guardian:SentryBeam+1","Guardian:CrystalBeam"],"picked":"Guardian:SpikerProtocol+1","floor":22},{"not_picked":["Guardian:Incinerate","Guardian:Recover"],"picked":"Guardian:TimeSifter","floor":25},{"not_picked":["Guardian:TimeBomb","Guardian:FuturePlans"],"picked":"Guardian:PrismaticBarrier","floor":27},{"not_picked":["Guardian:ChargeCore","Guardian:Recover","Guardian:TimeBomb+1"],"picked":"SKIP","floor":28},{"not_picked":["Guardian:Gem_White","Guardian:EvasiveProtocol+1"],"picked":"Guardian:BronzeOrb","floor":29},{"not_picked":["Guardian:TimeBomb","Guardian:ChargeCore"],"picked":"Guardian:EvasiveProtocol","floor":31},{"not_picked":["Guardian:Emergency","Guardian:Gem_Crimson","Guardian:PrimingBeam"],"picked":"SKIP","floor":32},{"not_picked":["Guardian:ConstructionForm","Guardian:HyperBeam_Guardian"],"picked":"Guardian:SphericShield","floor":33},{"not_picked":[],"picked":"Guardian:Gem_Lightblue","floor":36},{"not_picked":[],"picked":"Guardian:Gem_Purple","floor":37},{"not_picked":["Guardian:Preprogram"],"picked":"SKIP","floor":38},{"not_picked":["Guardian:ChargeCore"],"picked":"SKIP","floor":39},{"not_picked":[],"picked":"Guardian:Gem_White","floor":44},{"not_picked":["Guardian:Reroute"],"picked":"SKIP","floor":46},{"not_picked":["Guardian:Suspension"],"picked":"SKIP","floor":48},{"not_picked":["Guardian:WalkerClaw"],"picked":"SKIP","floor":49}],"player_experience":1343207,"relics_obtained":[{"floor":7,"key":"Pear"},{"floor":11,"key":"Guardian:StasisCodex"},{"floor":22,"key":"Lizard Tail"},{"floor":22,"key":"Eternal Feather"},{"floor":24,"key":"Torii"},{"floor":27,"key":"Matryoshka"},{"floor":31,"key":"Gambling Chip"},{"floor":41,"key":"MealTicket"},{"floor":46,"key":"PreservedInsect"}],"event_choices":[{"damage_healed":0,"gold_gain":0,"player_choice":"Success","damage_taken":11,"relics_obtained":["Kunai"],"max_hp_gain":0,"max_hp_loss":0,"event_name":"Scrap Ooze","floor":4,"gold_loss":0},{"damage_healed":0,"gold_gain":0,"player_choice":"Ignored","damage_taken":0,"max_hp_gain":0,"max_hp_loss":0,"event_name":"Vampires","floor":23,"gold_loss":0},{"cards_removed":["Guardian:Strike_Guardian"],"damage_healed":0,"gold_gain":0,"player_choice":"Offered Basic","damage_taken":0,"max_hp_gain":0,"max_hp_loss":0,"event_name":"Bonfire Elementals","floor":43,"gold_loss":0}],"is_beta":false,"boss_relics":[{"not_picked":["Coffee Dripper","Astrolabe"],"picked":"Empty Cage"},{"not_picked":["Runic Dome","SlaversCollar"],"picked":"Busted Crown"}],"items_purged_floors":[14,21,25,39],"is_endless":false,"potions_floor_spawned":[2,9,15,19,28,31,33,36,44,46,49],"ascension_level":20}}