{"host":"pletss163z7s8pvv","time":1610068764,"event":{"mods":["AchievementEnabler","BaseMod","Colored Map","Colored Powertips","Minty Spire (QoL Compilation)"],"gold_per_floor":[144,189,234,20,20,195,240,285,310,469,514,514,604,649,649,949,949,1003,1057,1111,1111,1111,1111],"floor_reached":22,"playtime":667,"items_purged":[],"score":240,"play_id":"7c2b73a2-a512-489f-8670-d5da1a47fe30","local_time":"20210107191924","daily_mods":["Draft","Uncertain Future","Midas"],"is_ascension_mode":false,"campfire_choices":[{"floor":12,"key":"REST"},{"floor":15,"key":"REST"}],"circlet_count":0,"master_deck":["Iron Wave","Anger","Wild Strike","Clash+1","Flame Barrier","Flex","Fire Breathing","Cleave","Sever Soul","Wild Strike","Flex","Shrug It Off","Seeing Red","Cleave","Flex","Perfected Strike+1","Flex","Flame Barrier","Dramatic Entrance","Flex","Metallicize","Doubt","Burning Pact","Cleave","Corruption","Fire Breathing","Infernal Blade","Metallicize","Immolate","CurseOfTheBell","Inflame+1","Twin Strike+1","Rampage+1"],"relics":["Burning Blood","Boot","Meat on the Bone","Gremlin Horn","Calling Bell","CeramicFish","Molten Egg 2","Torii"],"acts_visited":["Exordium","TheCity"],"potions_floor_usage":[13,16,16,16,22],"damage_taken":[{"damage":5,"enemies":"2 Louse","floor":1,"turns":2},{"damage":0,"enemies":"Small Slimes","floor":2,"turns":2},{"damage":7,"enemies":"Jaw Worm","floor":3,"turns":3},{"damage":0,"enemies":"Gremlin Gang","floor":7,"turns":1},{"damage":4,"enemies":"2 Fungi Beasts","floor":8,"turns":2},{"damage":26,"enemies":"Lagavulin Event","floor":10,"turns":6},{"damage":0,"enemies":"3 Louse","floor":11,"turns":2},{"damage":45,"enemies":"Gremlin Nob","floor":13,"turns":5},{"damage":0,"enemies":"Blue Slaver","floor":14,"turns":2},{"damage":47,"enemies":"Hexaghost","floor":16,"turns":9},{"damage":24,"enemies":"Chosen","floor":18,"turns":6},{"damage":25,"enemies":"Shell Parasite","floor":19,"turns":7},{"damage":34,"enemies":"Sentry and Sphere","floor":20,"turns":6},{"damage":35,"enemies":"Shelled Parasite and Fungi","floor":22,"turns":5}],"seed_played":"-6062085814737979882","potions_obtained":[{"floor":1,"key":"Weak Potion"},{"floor":8,"key":"GamblersBrew"},{"floor":10,"key":"SteroidPotion"},{"floor":13,"key":"ColorlessPotion"},{"floor":16,"key":"AttackPotion"},{"floor":18,"key":"SneckoOil"}],"is_trial":false,"path_per_floor":["M","M","M","$","?","?","M","M","T","?","M","R","E","M","R","B",null,"M","M","M","?","M"],"character_chosen":"IRONCLAD","items_purchased":["Dramatic Entrance","Flex","Metallicize"],"campfire_rested":2,"item_purchase_floors":[4,4,4],"current_hp_per_floor":[80,80,79,79,63,63,69,71,71,51,57,80,53,59,80,51,80,62,55,39,31,0,0],"gold":1111,"neow_bonus":"","is_daily":true,"chose_seed":false,"campfire_upgraded":0,"win_rate":0.0,"timestamp":1610068764,"path_taken":["M","M","M","$","?","?","M","M","T","?","M","R","E","M","R","BOSS","M","M","M","?","M"],"items_purchased_type":["Card","Card","Card"],"build_version":"2020-12-22","purchased_purges":0,"victory":false,"max_hp_per_floor":[80,80,80,80,80,80,80,80,80,80,80,80,80,80,80,80,80,80,80,80,80,80,80],"card_choices":[{"not_picked":["Intimidate","Metallicize"],"picked":"Iron Wave","floor":0},{"not_picked":["Rampage","Sword Boomerang"],"picked":"Anger","floor":0},{"not_picked":["Havoc","Clothesline"],"picked":"Wild Strike","floor":0},{"not_picked":["Twin Strike","Anger"],"picked":"Clash","floor":0},{"not_picked":["Pommel Strike","Warcry"],"picked":"Flame Barrier","floor":0},{"not_picked":["Warcry","Disarm"],"picked":"Flex","floor":0},{"not_picked":["Armaments","Cleave"],"picked":"Fire Breathing","floor":0},{"not_picked":["Battle Trance","Rupture"],"picked":"Cleave","floor":0},{"not_picked":["Sword Boomerang","Dual Wield"],"picked":"Sever Soul","floor":0},{"not_picked":["Whirlwind","Combust"],"picked":"Wild Strike","floor":0},{"not_picked":["Metallicize","Reckless Charge"],"picked":"Flex","floor":0},{"not_picked":["Entrench","Battle Trance"],"picked":"Shrug It Off","floor":0},{"not_picked":["True Grit","Reckless Charge"],"picked":"Seeing Red","floor":0},{"not_picked":["Clash","Warcry"],"picked":"Cleave","floor":0},{"not_picked":["Thunderclap","Disarm"],"picked":"Flex","floor":0},{"not_picked":["Armaments","True Grit"],"picked":"Perfected Strike","floor":1},{"not_picked":["Hemokinesis","Ghostly Armor"],"picked":"Flex","floor":2},{"not_picked":["Clothesline","Rupture"],"picked":"Flame Barrier","floor":3},{"not_picked":["Pommel Strike","Wild Strike"],"picked":"Burning Pact","floor":7},{"not_picked":["Bloodletting","Battle Trance"],"picked":"Cleave","floor":8},{"not_picked":["Power Through","Pommel Strike"],"picked":"Corruption","floor":10},{"not_picked":["Perfected Strike","Intimidate"],"picked":"Fire Breathing","floor":11},{"not_picked":["Metallicize","Rage"],"picked":"Infernal Blade","floor":13},{"not_picked":["Clothesline","Combust"],"picked":"Metallicize","floor":14},{"not_picked":["Fiend Fire","Corruption"],"picked":"Immolate","floor":16},{"not_picked":["Thunderclap+1","Warcry"],"picked":"Inflame+1","floor":18},{"not_picked":["Armaments","Clothesline+1"],"picked":"Twin Strike+1","floor":19},{"not_picked":["Ghostly Armor","Shrug It Off"],"picked":"Rampage+1","floor":20}],"player_experience":411656,"relics_obtained":[{"floor":9,"key":"Boot"},{"floor":13,"key":"Gremlin Horn"},{"floor":17,"key":"CeramicFish"},{"floor":17,"key":"Molten Egg 2"},{"floor":17,"key":"Torii"}],"event_choices":[{"damage_healed":0,"gold_gain":0,"player_choice":"Entered Light","damage_taken":16,"max_hp_gain":0,"max_hp_loss":0,"event_name":"Shining Light","floor":5,"gold_loss":0,"cards_upgraded":["Perfected Strike","Clash"]},{"damage_healed":0,"gold_gain":175,"player_choice":"AGREE","damage_taken":0,"max_hp_gain":0,"max_hp_loss":0,"event_name":"Liars Game","floor":6,"gold_loss":0,"cards_obtained":["Doubt"]},{"damage_healed":0,"gold_gain":0,"player_choice":"Searched \u00272\u0027 times","damage_taken":0,"relics_obtained":["Meat on the Bone"],"max_hp_gain":0,"max_hp_loss":0,"event_name":"Dead Adventurer","floor":10,"gold_loss":0},{"damage_healed":0,"gold_gain":0,"player_choice":"Damaged","damage_taken":8,"max_hp_gain":0,"max_hp_loss":0,"event_name":"Wheel of Change","floor":21,"gold_loss":0}],"is_beta":false,"boss_relics":[{"not_picked":["Runic Cube","Runic Pyramid"],"picked":"Calling Bell"}],"items_purged_floors":[],"is_endless":false,"potions_floor_spawned":[1,8,10,13,16,18],"killed_by":"Shelled Parasite and Fungi","ascension_level":0}}