{"host":"gk5m6v7zec9neb0j","time":1610133787,"event":{"mods":["AchievementEnabler","AlwaysNeverKeys","BaseMod","BetterRewards","Block Reminder","Minty Spire (QoL Compilation)","Rare Cards Sparkle","Relic Stats","StSLib"],"gold_per_floor":[109,124,4,24,24,24,24,24],"floor_reached":7,"playtime":203,"items_purged":["Strike_G"],"score":41,"play_id":"d5b9e114-a3bd-460c-b1fa-8a76144f936a","local_time":"20210108142307","is_ascension_mode":false,"campfire_choices":[{"data":"Strike_G","floor":6.0,"key":"PURGE"}],"circlet_count":0,"master_deck":["Strike_G","Strike_G","Strike_G","Defend_G","Defend_G","Defend_G","Defend_G","Defend_G","Survivor","Neutralize","Blade Dance","Cloak And Dagger","Backflip","Footwork","Deflect"],"relics":["Ring of the Snake","Turnip","Orrery","Gambling Chip","Peace Pipe","Unceasing Top"],"acts_visited":["Exordium"],"potions_floor_usage":[],"damage_taken":[{"damage":0.0,"enemies":"Small Slimes","floor":1.0,"turns":3.0},{"damage":0.0,"enemies":"Cultist","floor":2.0,"turns":4.0},{"damage":2.0,"enemies":"Jaw Worm","floor":4.0,"turns":4.0},{"damage":42,"enemies":"Gremlin Nob","floor":7,"turns":5}],"seed_played":"4442135129277090366","potions_obtained":[],"is_trial":false,"path_per_floor":["M","M","$","M","$","R","E"],"character_chosen":"THE_SILENT","items_purchased":["Orrery","Gambling Chip","Unceasing Top","Deflect"],"campfire_rested":0,"item_purchase_floors":[0,0,0,3],"current_hp_per_floor":[28,28,28,26,26,26,0,0],"gold":24,"neow_bonus":"","is_daily":false,"chose_seed":false,"campfire_upgraded":0,"win_rate":0.0,"timestamp":1610133787,"path_taken":["M","M","$","M","$","R","E"],"items_purchased_type":["Relic","Relic","Relic","Card"],"build_version":"2020-12-22","purchased_purges":1,"victory":false,"max_hp_per_floor":[70,70,70,70,70,70,70,70],"relic_stats":{"Peace Pipe":1,"counters":[201,1192],"Gambling Chip":[5],"Turnip":[0],"obtain_stats":[{"Ice Cream":7,"Calipers":13,"CeramicFish":0,"HoveringKite":34,"Vajra":43,"Ginger":0,"Whetstone":11,"Bottled Tornado":43,"Blood Vial":17,"Sozu":34,"Sundial":24,"DollysMirror":4,"Strawberry":26,"Prayer Wheel":38,"Kunai":0,"Toxic Egg 2":28,"Happy Flower":13,"Astrolabe":34,"Oddly Smooth Stone":0,"Eternal Feather":54,"War Paint":43,"Question Card":48,"Bottled Flame":25,"Shuriken":0,"Bronze Scales":10,"MutagenicStrength":19,"Bird Faced Urn":38,"Molten Egg 2":9,"Black Star":17,"StrikeDummy":27,"Unceasing Top":46,"Meat on the Bone":17,"Pocketwatch":17,"Darkstone Periapt":23,"Regal Pillow":9,"Torii":0,"Singing Bowl":43,"Enchiridion":22,"Juzu Bracelet":43,"Ancient Tea Set":4,"Empty Cage":17,"ClockworkSouvenir":20,"Tough Bandages":25,"Nunchaku":31,"Matryoshka":37,"WristBlade":34,"Mummified Hand":30,"Ninja Scroll":0,"Pantograph":12,"Gambling Chip":0,"Tiny Chest":26,"WingedGreaves":17,"Red Mask":47,"Chemical X":37,"InkBottle":54,"Ring of the Snake":0,"Potion Belt":9,"Golden Idol":3,"The Courier":26,"Omamori":39,"Medical Kit":37,"White Beast Statue":9,"Peace Pipe":9,"Calling Bell":17,"Ornamental Fan":0,"Bloody Idol":31,"Orrery":0,"Turnip":38,"Art of War":17,"Bottled Lightning":43,"Membership Card":36,"Toy Ornithopter":27},{"Ice Cream":11,"Calipers":154,"CeramicFish":172,"HoveringKite":21,"Vajra":91,"Ginger":97,"Whetstone":100,"Bottled Tornado":52,"Blood Vial":129,"Sozu":136,"Sundial":44,"DollysMirror":123,"Strawberry":107,"Prayer Wheel":138,"Kunai":31,"Toxic Egg 2":108,"Happy Flower":12,"Astrolabe":86,"Oddly Smooth Stone":122,"Eternal Feather":146,"War Paint":191,"Question Card":94,"Bottled Flame":16,"Shuriken":97,"Bronze Scales":36,"MutagenicStrength":156,"Bird Faced Urn":189,"Molten Egg 2":151,"Black Star":13,"StrikeDummy":17,"Unceasing Top":193,"Meat on the Bone":80,"Pocketwatch":129,"Darkstone Periapt":182,"Regal Pillow":36,"Torii":31,"Singing Bowl":116,"Enchiridion":68,"Juzu Bracelet":141,"Ancient Tea Set":2,"Empty Cage":103,"ClockworkSouvenir":41,"Tough Bandages":16,"Nunchaku":85,"Matryoshka":137,"WristBlade":112,"Mummified Hand":110,"Ninja Scroll":172,"Pantograph":11,"Gambling Chip":197,"Tiny Chest":16,"WingedGreaves":80,"Red Mask":54,"Chemical X":22,"InkBottle":57,"Ring of the Snake":0,"Potion Belt":3,"Golden Idol":2,"The Courier":183,"Omamori":189,"Medical Kit":188,"White Beast Statue":11,"Peace Pipe":62,"Calling Bell":80,"Ornamental Fan":72,"Bloody Idol":161,"Orrery":58,"Turnip":116,"Art of War":80,"Bottled Lightning":24,"Membership Card":163,"Toy Ornithopter":17},{"Ice Cream":57,"Calipers":823,"CeramicFish":996,"HoveringKite":124,"Vajra":558,"Ginger":599,"Whetstone":611,"Bottled Tornado":309,"Blood Vial":722,"Sozu":746,"Sundial":249,"DollysMirror":699,"Strawberry":637,"Prayer Wheel":755,"Kunai":183,"Toxic Egg 2":643,"Happy Flower":68,"Astrolabe":533,"Oddly Smooth Stone":696,"Eternal Feather":781,"War Paint":1131,"Question Card":574,"Bottled Flame":94,"Shuriken":599,"Bronze Scales":206,"MutagenicStrength":843,"Bird Faced Urn":1121,"Molten Egg 2":801,"Black Star":79,"StrikeDummy":100,"Unceasing Top":1141,"Meat on the Bone":500,"Pocketwatch":722,"Darkstone Periapt":1075,"Regal Pillow":206,"Torii":183,"Singing Bowl":676,"Enchiridion":435,"Juzu Bracelet":766,"Ancient Tea Set":5,"Empty Cage":621,"ClockworkSouvenir":234,"Tough Bandages":94,"Nunchaku":521,"Matryoshka":750,"WristBlade":661,"Mummified Hand":652,"Ninja Scroll":996,"Pantograph":57,"Gambling Chip":1176,"Tiny Chest":94,"WingedGreaves":500,"Red Mask":329,"Chemical X":129,"InkBottle":364,"Ring of the Snake":0,"Potion Belt":9,"Golden Idol":5,"The Courier":1085,"Omamori":1121,"Medical Kit":1117,"White Beast Statue":57,"Peace Pipe":387,"Calling Bell":500,"Ornamental Fan":459,"Bloody Idol":873,"Orrery":367,"Turnip":676,"Art of War":500,"Bottled Lightning":139,"Membership Card":899,"Toy Ornithopter":100}],"Unceasing Top":[19],"Ring of the Snake":[402]},"card_choices":[{"not_picked":["Dodge and Roll","Sucker Punch"],"picked":"Blade Dance","floor":0.0},{"not_picked":["Flechettes","Prepared"],"picked":"Cloak And Dagger","floor":0.0},{"not_picked":["Acrobatics","Heel Hook"],"picked":"Backflip","floor":0.0},{"not_picked":["Dodge and Roll","Well Laid Plans"],"picked":"Footwork","floor":1.0},{"not_picked":["Flechettes","Quick Slash","Underhanded Strike"],"picked":"SKIP","floor":2.0},{"not_picked":["Finisher","Poisoned Stab","Sucker Punch"],"picked":"SKIP","floor":4.0}],"player_experience":745269,"relics_obtained":[],"event_choices":[],"is_beta":false,"boss_relics":[],"items_purged_floors":[3],"is_endless":false,"potions_floor_spawned":[1],"killed_by":"Gremlin Nob","ascension_level":0}}