{"host":"f5gffvlv6a66yqkd","time":1610070252,"event":{"mods":["2.2 Compatiblity","BaseMod","Colored Map","DeckTracker","Keyboard Shortcuts","Minty Spire (QoL Compilation)","Permanent Neow","Quick Restart","Relic Stats","StSLib","SuperFastMode"],"gold_per_floor":[15,26,26,43,63,98,98,114,114,125,125,125,125,139,139,217,217,234,159,209,228,278,278,313,313,362,374,46,46,65,83,83,83,83],"floor_reached":33,"playtime":938,"items_purged":["Strike_B"],"score":638,"play_id":"fbe4eea6-c873-4ca3-9a95-b8cd08346d84","local_time":"20210108104412","is_ascension_mode":true,"campfire_choices":[{"data":"Fission","floor":7.0,"key":"SMITH"},{"data":"Dualcast","floor":11.0,"key":"SMITH"},{"floor":13.0,"key":"REST"},{"data":"Zap","floor":15.0,"key":"SMITH"},{"data":"Seek","floor":23,"key":"SMITH"},{"floor":25,"key":"REST"},{"floor":32,"key":"REST"}],"circlet_count":0,"master_deck":["AscendersBane","Strike_B","Defend_B","Defend_B","Defend_B","Defend_B+1","Zap+1","Dualcast+1","Cold Snap","Compile Driver","Coolheaded+1","Conserve Battery","Fission+1","Ball Lightning","Doom and Gloom","Seek+1","CurseOfTheBell","Gash","All For One","Recycle","Go for the Eyes","Beam Cell","Turbo","Self Repair"],"relics":["Cracked Core","TungstenRod","Nunchaku","Orichalcum","Calling Bell","Bag of Preparation","HornCleat","Unceasing Top","Boot","Happy Flower"],"acts_visited":["Exordium","TheCity"],"potions_floor_usage":[],"damage_taken":[{"damage":4.0,"enemies":"Small Slimes","floor":1.0,"turns":3.0},{"damage":0.0,"enemies":"Cultist","floor":2.0,"turns":4.0},{"damage":0.0,"enemies":"2 Louse","floor":4.0,"turns":3.0},{"damage":24.0,"enemies":"Large Slime","floor":5.0,"turns":6.0},{"damage":11.0,"enemies":"3 Sentries","floor":6.0,"turns":10.0},{"damage":0.0,"enemies":"3 Louse","floor":8.0,"turns":3.0},{"damage":0.0,"enemies":"Gremlin Gang","floor":10.0,"turns":4.0},{"damage":2.0,"enemies":"Exordium Thugs","floor":14.0,"turns":3.0},{"damage":0.0,"enemies":"Slime Boss","floor":16.0,"turns":5.0},{"damage":0.0,"enemies":"3 Byrds","floor":18.0,"turns":3.0},{"damage":0.0,"enemies":"Chosen","floor":21.0,"turns":3.0},{"damage":33,"enemies":"Book of Stabbing","floor":24,"turns":6},{"damage":8,"enemies":"Sentry and Sphere","floor":27,"turns":4},{"damage":13,"enemies":"3 Cultists","floor":30,"turns":6},{"damage":25,"enemies":"Chosen and Byrds","floor":31,"turns":5},{"damage":68,"enemies":"Automaton","floor":33,"turns":6}],"seed_played":"5273061869910848060","potions_obtained":[{"floor":5.0,"key":"SpeedPotion"},{"floor":6.0,"key":"Ancient Potion"},{"floor":16.0,"key":"Explosive Potion"},{"floor":18.0,"key":"Ancient Potion"}],"is_trial":false,"path_per_floor":["M","M","?","M","M","E","R","M","T","M","R","?","R","M","R","B",null,"M","?","?","M","?","R","E","R","T","M","$","$","M","M","R","B"],"character_chosen":"DEFECT","items_purchased":["Go for the Eyes","Beam Cell","Turbo","Self Repair"],"campfire_rested":3,"item_purchase_floors":[28,28,28,28],"current_hp_per_floor":[60,60,60,60,36,25,25,25,25,25,25,5,26,24,24,24,59,59,59,59,59,59,59,26,47,47,39,39,39,33,15,36,0,0],"gold":83,"neow_bonus":"ONE_RARE_RELIC","is_daily":false,"chose_seed":false,"campfire_upgraded":4,"win_rate":0.0,"timestamp":1610070252,"path_taken":["M","M","?","?","M","E","R","M","T","M","R","?","R","M","R","BOSS","M","?","?","?","?","R","E","R","T","M","?","$","?","M","R","BOSS"],"items_purchased_type":["Card","Card","Card","Card"],"build_version":"2020-12-22","purchased_purges":1,"victory":false,"max_hp_per_floor":[71,71,71,71,71,71,71,71,71,71,71,71,71,71,71,71,71,71,71,71,71,71,71,71,71,71,71,71,71,71,71,71,71,71],"relic_stats":{"Nunchaku":[11],"Happy Flower":[7],"counters":[16,74],"Bag of Preparation":[14],"Orichalcum":[36],"Boot":[26],"obtain_stats":[{"Calling Bell":17,"Nunchaku":6,"HornCleat":17,"Happy Flower":26,"Bag of Preparation":17,"Orichalcum":9,"Cracked Core":0,"Boot":24,"TungstenRod":0,"Unceasing Top":17},{"Calling Bell":9,"Nunchaku":5,"HornCleat":9,"Happy Flower":12,"Bag of Preparation":9,"Orichalcum":6,"Cracked Core":0,"Boot":12,"TungstenRod":0,"Unceasing Top":9},{"Calling Bell":41,"Nunchaku":26,"HornCleat":41,"Happy Flower":53,"Bag of Preparation":41,"Orichalcum":29,"Cracked Core":0,"Boot":53,"TungstenRod":0,"Unceasing Top":41}],"TungstenRod":30,"Unceasing Top":[5]},"card_choices":[{"not_picked":["Streamline","Chill"],"picked":"Cold Snap","floor":1.0},{"not_picked":["Go for the Eyes","Conserve Battery"],"picked":"Compile Driver","floor":2.0},{"not_picked":["Redo","Hologram"],"picked":"Coolheaded","floor":4.0},{"not_picked":["Redo","Steam Power"],"picked":"Conserve Battery","floor":5.0},{"not_picked":["Reprogram","Steam"],"picked":"Fission","floor":6.0},{"not_picked":["White Noise","Compile Driver"],"picked":"Ball Lightning","floor":8.0},{"not_picked":["Stack","Rebound"],"picked":"Doom and Gloom","floor":10.0},{"not_picked":["Streamline","Compile Driver","Barrage"],"picked":"SKIP","floor":14.0},{"not_picked":["Amplify","Hyperbeam"],"picked":"Seek","floor":16.0},{"not_picked":["Compile Driver","Conserve Battery"],"picked":"Gash","floor":18.0},{"not_picked":["Steam","Hello World+1","Leap"],"picked":"SKIP","floor":21.0},{"not_picked":["Streamline+1","Go for the Eyes"],"picked":"All For One","floor":24},{"not_picked":["Streamline","Turbo"],"picked":"Recycle","floor":27},{"not_picked":["Melter","Stack","Leap"],"picked":"SKIP","floor":30},{"not_picked":["Fission","Doom and Gloom+1","Barrage"],"picked":"SKIP","floor":31}],"player_experience":1529717,"relics_obtained":[{"floor":6.0,"key":"Nunchaku"},{"floor":9.0,"key":"Orichalcum"},{"floor":17.0,"key":"Bag of Preparation"},{"floor":17.0,"key":"HornCleat"},{"floor":17.0,"key":"Unceasing Top"},{"floor":24,"key":"Boot"},{"floor":26,"key":"Happy Flower"}],"event_choices":[{"cards_removed":["Strike_B"],"damage_healed":0.0,"max_hp_gain":0.0,"max_hp_loss":0.0,"gold_gain":0.0,"event_name":"Bonfire Elementals","player_choice":"Offered Basic","floor":3.0,"gold_loss":0.0,"damage_taken":0.0},{"damage_healed":0.0,"max_hp_gain":0.0,"max_hp_loss":0.0,"gold_gain":0.0,"event_name":"Shining Light","player_choice":"Entered Light","floor":12.0,"gold_loss":0.0,"damage_taken":21.0,"cards_upgraded":["Coolheaded","Defend_B"]},{"cards_removed":["Strike_B"],"damage_healed":0.0,"max_hp_gain":0.0,"max_hp_loss":0.0,"gold_gain":0.0,"event_name":"Beggar","player_choice":"Gave Gold","floor":19.0,"gold_loss":75.0,"damage_taken":0.0},{"damage_healed":0.0,"max_hp_gain":0.0,"max_hp_loss":0.0,"gold_gain":50.0,"event_name":"Golden Shrine","player_choice":"Pray","floor":20.0,"gold_loss":0.0,"damage_taken":0.0},{"damage_healed":0,"gold_gain":100,"player_choice":"Bet on Murderer","damage_taken":0,"max_hp_gain":0,"max_hp_loss":0,"event_name":"The Joust","floor":22,"gold_loss":50}],"is_beta":false,"boss_relics":[{"not_picked":["Sozu","Cursed Key"],"picked":"Calling Bell"}],"items_purged_floors":[28],"is_endless":false,"potions_floor_spawned":[5,6,8,16,18,21,30,31],"killed_by":"Automaton","ascension_level":20}}