{"host":"otf1z5955ddlv5pq","time":1610085758,"event":{"mods":["BaseMod","Beaked The Cultist","Better Altar","Better Match","Better Note","Better Sensory Stone","Better Skull","Better Third Choice","Colored Map","Colored Powertips","Downfall","Minty Spire (QoL Compilation)","Rare Cards Sparkle","Replay The Spire","StSLib","The Dragon Tamer"],"gold_per_floor":[117,171,171,49,68,68,168,188,188,188,88,88,101,121,121,220,220,231,231,32,44,56,56,69,69,69,98,123,143,143,23,23,23,23,23],"floor_reached":33,"playtime":1727,"items_purged":["DTMod:Strike","DTMod:Strike","DTMod:Strike","Normality"],"score":330,"play_id":"36dacb8f-9228-4e52-af29-ef7e1a462218","local_time":"20210107220238","is_ascension_mode":false,"metric_token":1043,"campfire_choices":[{"data":"DTMod:CleansingStrike","floor":6,"key":"SMITH"},{"data":"DTMod:FlameSlash","floor":10,"key":"SMITH"},{"data":"DTMod:QuickFly","floor":12,"key":"SMITH"},{"data":"DTMod:MasterPlan","floor":15,"key":"SMITH"},{"data":"DTMod:SwitchingTactic","floor":23,"key":"SMITH"},{"data":"DTMod:Safeguard","floor":25,"key":"SMITH"},{"floor":32,"key":"REST"}],"dtmod_dragon_data":[21,50,1,-1,8,0],"circlet_count":0,"master_deck":["DTMod:Strike","DTMod:DoubleHit","DTMod:TargetDefense","DTMod:TargetDefense+1","DTMod:TargetDefense","DTMod:TargetDefense","DTMod:SwitchingTactic+1","DTMod:CleansingStrike+1","DTMod:Inferno","DTMod:QuickFly+1","DTMod:FlameSlash+1","DTMod:MasterPlan+1","DTMod:FlameSlash","DTMod:Safeguard+1","DTMod:Feint","DTMod:DarkBreath","DTMod:HeatWave","DTMod:WarmUp","DTMod:Hide+1","Regret"],"relics":["DTMod:PactStone","CaptainsWheel","Anchor","Replay:Grab Bag","Sozu","Cursed Key","Black Star","Replay:Accelerometer","MealTicket","The Courier","Juzu Bracelet"],"acts_visited":["Exordium","TheCity"],"potions_floor_usage":[16,16,16],"damage_taken":[{"damage":0,"enemies":"Jaw Worm","floor":1,"turns":4},{"damage":0,"enemies":"2 Louse","floor":5,"turns":2},{"damage":0,"enemies":"Cultist","floor":8,"turns":3},{"damage":0,"enemies":"Lots of Slimes","floor":13,"turns":1},{"damage":0,"enemies":"Looter","floor":14,"turns":3},{"damage":0,"enemies":"Hexaghost","floor":16,"turns":11},{"damage":0,"enemies":"Shell Parasite","floor":18,"turns":3},{"damage":0,"enemies":"3 Byrds","floor":21,"turns":2},{"damage":0,"enemies":"3 Cultists","floor":22,"turns":3},{"damage":0,"enemies":"Shelled Parasite and Fungi","floor":24,"turns":5},{"damage":0,"enemies":"Replay:Snechameleon","floor":27,"turns":5},{"damage":0,"enemies":"Snake Plant","floor":29,"turns":3},{"damage":42,"enemies":"Pondfish","floor":33,"turns":8}],"seed_played":"-4649209115813608759","potions_obtained":[{"floor":2,"key":"Weak Potion"},{"floor":2,"key":"FearPotion"},{"floor":5,"key":"DuplicationPotion"}],"is_trial":false,"path_per_floor":["M","?","?","$","M","R","?","M","T","R","$","R","M","M","R","B",null,"M","?","$","M","M","R","M","R","T","E","T","M","?","$","R","B"],"character_chosen":"THE_DT","items_purchased":["DTMod:QuickFly","DTMod:DarkBreath"],"campfire_rested":1,"item_purchase_floors":[4,20],"current_hp_per_floor":[41,25,25,25,25,25,25,25,25,25,25,25,25,25,25,25,41,41,41,41,41,41,41,41,41,41,41,41,41,41,41,41,0,0,0],"gold":23,"neow_bonus":"ONE_RARE_RELIC","is_daily":false,"chose_seed":false,"campfire_upgraded":6,"win_rate":0.0,"timestamp":1610085758,"path_taken":["M","?","?","$","?","R","?","?","T","R","$","R","?","M","R","BOSS","M","?","$","M","M","R","M","R","T","E","?","M","?","$","R","BOSS"],"items_purchased_type":["Card","Card"],"build_version":"2020-12-22","purchased_purges":4,"victory":false,"max_hp_per_floor":[41,41,41,41,41,41,41,41,41,41,41,41,41,41,41,41,41,41,41,41,41,41,41,41,41,41,41,41,41,41,41,41,41,41,41],"card_choices":[{"not_picked":["DTMod:MagicField","DTMod:Threaten"],"picked":"DTMod:CleansingStrike","floor":1},{"not_picked":["DTMod:Weaken","DTMod:CrossStep"],"picked":"DTMod:Inferno","floor":2},{"not_picked":["DTMod:Cover","DTMod:MaximumCharge","DTMod:QuickFly"],"picked":"SKIP","floor":5},{"not_picked":["DTMod:BurningEnergy","DTMod:Shift"],"picked":"DTMod:FlameSlash","floor":8},{"not_picked":["DTMod:BuildUp","DTMod:Training"],"picked":"DTMod:MasterPlan","floor":13},{"not_picked":["DTMod:MaximumCharge","DTMod:Threaten"],"picked":"DTMod:FlameSlash","floor":14},{"not_picked":["DTMod:EchoTactic","DTMod:ExcessFootwork"],"picked":"DTMod:Safeguard","floor":16},{"not_picked":["DTMod:BreakAttack","DTMod:BuildUp"],"picked":"DTMod:Feint","floor":18},{"not_picked":["DTMod:BizarreTactic","DTMod:CleansingStrike","DTMod:Threaten"],"picked":"SKIP","floor":21},{"not_picked":["DTMod:Cover","DTMod:Training"],"picked":"DTMod:HeatWave","floor":22},{"not_picked":["DTMod:MagicField","DTMod:LowKick"],"picked":"DTMod:WarmUp","floor":24},{"not_picked":["DTMod:Feint","DTMod:Conduct"],"picked":"DTMod:Hide+1","floor":27},{"not_picked":["DTMod:MagicField+1","DTMod:ComboAttack+1","DTMod:FlameSlash"],"picked":"SKIP","floor":29}],"player_experience":1165502,"relics_obtained":[{"floor":2,"key":"Anchor"},{"floor":26,"key":"Replay:Accelerometer"},{"floor":27,"key":"MealTicket"},{"floor":27,"key":"The Courier"},{"floor":28,"key":"Juzu Bracelet"}],"event_choices":[{"damage_healed":0,"gold_gain":100,"player_choice":"Pray","damage_taken":0,"max_hp_gain":0,"max_hp_loss":0,"event_name":"Golden Shrine","floor":7,"gold_loss":0},{"cards_removed":["DTMod:CleansingStrike"],"damage_healed":0,"gold_gain":0,"player_choice":"Give","damage_taken":0,"max_hp_gain":0,"max_hp_loss":0,"event_name":"betterNote:BetterNote","floor":19,"gold_loss":0,"cards_obtained":["None"]}],"is_beta":false,"boss_relics":[{"not_picked":["Replay:Bronze Core","Velvet Choker"],"picked":"Replay:Grab Bag"},{"not_picked":["beaked:MawFillet","Ectoplasm"],"picked":"Sozu"},{"not_picked":["Fusion Hammer","ReplayTheSpireMod:DimensionalGlitch"],"picked":"Cursed Key"},{"not_picked":["Kintsugi","SacredBark"],"picked":"Black Star"}],"items_purged_floors":[4,11,20,31],"is_endless":false,"potions_floor_spawned":[5,8,13,18,21,24,29],"killed_by":"Pondfish","ascension_level":0}}