{"host":"873t0y8ybyo38pfq","time":1610133049,"event":{"mods":["BaseMod","Bestiary","Colored Map","Colored Powertips","Highlight Path","Minty Spire (QoL Compilation)","Quick Restart","RNG Fix","Rare Cards Sparkle","Relic Stats","StSLib"],"gold_per_floor":[11,28,28,44,55,55,89,89,115,115,143,143,13,13,13],"floor_reached":14,"playtime":3849,"items_purged":["Strike_B"],"score":196,"play_id":"67030f48-8650-4579-95fb-d73b24a90ee6","local_time":"20210108141049","is_ascension_mode":true,"campfire_choices":[{"data":"Defragment","floor":6,"key":"SMITH"},{"floor":8,"key":"REST"},{"data":"Dualcast","floor":12,"key":"SMITH"}],"circlet_count":0,"master_deck":["AscendersBane","Strike_B","Strike_B","Defend_B","Defend_B","Defend_B","Defend_B","Zap","Dualcast+1","Hologram","Steam","Defragment+1","Doom and Gloom","Leap"],"relics":["Cracked Core","Unceasing Top","Symbiotic Virus","Toy Ornithopter","Art of War"],"acts_visited":["Exordium"],"potions_floor_usage":[7,7,11,14],"damage_taken":[{"damage":6,"enemies":"2 Louse","floor":1,"turns":3},{"damage":4,"enemies":"Jaw Worm","floor":2,"turns":3},{"damage":3,"enemies":"Small Slimes","floor":4,"turns":3},{"damage":6,"enemies":"2 Fungi Beasts","floor":5,"turns":4},{"damage":39,"enemies":"Gremlin Nob","floor":7,"turns":4},{"damage":4,"enemies":"Lagavulin","floor":11,"turns":5},{"damage":54,"enemies":"Gremlin Nob","floor":14,"turns":3}],"seed_played":"6785615797627510564","potions_obtained":[{"floor":1,"key":"Fruit Juice"},{"floor":5,"key":"AttackPotion"},{"floor":7,"key":"BlessingOfTheForge"}],"is_trial":false,"path_per_floor":["M","M","?","M","M","R","E","R","T","?","E","R","$","E"],"character_chosen":"DEFECT","items_purchased":["SkillPotion"],"campfire_rested":1,"item_purchase_floors":[13],"current_hp_per_floor":[58,54,47,44,38,38,4,26,26,26,27,27,27,0,0],"gold":13,"neow_bonus":"ONE_RARE_RELIC","is_daily":false,"chose_seed":false,"campfire_upgraded":2,"win_rate":0.0,"timestamp":1610133049,"path_taken":["M","M","?","M","M","R","E","R","T","?","E","R","?","E"],"items_purchased_type":["Potion"],"build_version":"2020-12-22","purchased_purges":1,"victory":false,"max_hp_per_floor":[71,71,71,71,71,71,76,76,76,76,76,76,76,76,76],"relic_stats":{"counters":[7,25],"Art of War":[1],"obtain_stats":[{"Art of War":11,"Cracked Core":0,"Symbiotic Virus":7,"Unceasing Top":0,"Toy Ornithopter":9},{"Art of War":6,"Cracked Core":0,"Symbiotic Virus":5,"Unceasing Top":0,"Toy Ornithopter":5},{"Art of War":22,"Cracked Core":0,"Symbiotic Virus":17,"Unceasing Top":0,"Toy Ornithopter":17}],"Unceasing Top":[0],"Toy Ornithopter":10},"card_choices":[{"not_picked":["Leap","Loop"],"picked":"Hologram","floor":1},{"not_picked":["Glacier","Static Discharge"],"picked":"Steam","floor":2},{"not_picked":["Stack","BootSequence","Sweeping Beam"],"picked":"SKIP","floor":4},{"not_picked":["Loop","Scrape"],"picked":"Defragment","floor":5},{"not_picked":["Coolheaded","Streamline"],"picked":"Doom and Gloom","floor":7},{"not_picked":["Double Energy","Amplify"],"picked":"Leap","floor":11}],"player_experience":1552922,"relics_obtained":[{"floor":7,"key":"Symbiotic Virus"},{"floor":9,"key":"Toy Ornithopter"},{"floor":11,"key":"Art of War"}],"event_choices":[{"cards_removed":["Strike_B"],"damage_healed":0,"gold_gain":0,"player_choice":"Card Removal","damage_taken":7,"max_hp_gain":0,"max_hp_loss":0,"event_name":"Golden Wing","floor":3,"gold_loss":0},{"damage_healed":0,"gold_gain":0,"player_choice":"Fled","damage_taken":0,"max_hp_gain":0,"max_hp_loss":0,"event_name":"Scrap Ooze","floor":10,"gold_loss":0}],"is_beta":false,"boss_relics":[],"items_purged_floors":[13],"is_endless":false,"potions_floor_spawned":[1,5,7],"killed_by":"Gremlin Nob","ascension_level":20}}