{"host":"oiw60b5ins9fyx34","time":1610101828,"event":{"mods":["BaseMod","Colored Powertips","Minty Spire (QoL Compilation)","Permanent Neow","Quick Restart","Relic Stats","StSLib"],"gold_per_floor":[37,73,105,30,64,113,113,113,113,35,35,61,61,151,151,151,151],"floor_reached":16,"playtime":556,"items_purged":[],"score":135,"play_id":"8f60d93a-5000-421d-848a-ca5f5aedcae5","local_time":"20210108193028","is_ascension_mode":false,"campfire_choices":[{"data":"Crescendo","floor":8,"key":"SMITH"},{"data":"Adaptation","floor":11,"key":"SMITH"},{"data":"Crescendo","floor":13,"key":"SMITH"},{"floor":15,"key":"REST"}],"circlet_count":0,"master_deck":["Strike_P","Strike_P","Strike_P","Strike_P","Defend_P","Defend_P","Defend_P","Defend_P","Eruption","Vigilance","HandOfGreed","Adaptation+1","Consecrate","Crescendo+1","SignatureMove","Crescendo+1","FlurryOfBlows","Wallop","Adaptation","MentalFortress"],"relics":["PureWater","Bag of Preparation","SsserpentHead","Blue Candle"],"acts_visited":["Exordium"],"potions_floor_usage":[],"damage_taken":[{"damage":2,"enemies":"2 Louse","floor":1,"turns":3},{"damage":0,"enemies":"Cultist","floor":2,"turns":2},{"damage":6,"enemies":"Jaw Worm","floor":3,"turns":2},{"damage":0,"enemies":"Blue Slaver","floor":5,"turns":1},{"damage":0,"enemies":"Gremlin Nob","floor":6,"turns":2},{"damage":36,"enemies":"Lagavulin","floor":12,"turns":5},{"damage":0,"enemies":"Gremlin Gang","floor":14,"turns":3},{"damage":48,"enemies":"Hexaghost","floor":16,"turns":11}],"seed_played":"-17389615535364305","potions_obtained":[{"floor":3,"key":"Regen Potion"},{"floor":12,"key":"Dexterity Potion"}],"is_trial":false,"path_per_floor":["M","M","M","$","M","E","?","R","T","$","R","E","R","M","R","B"],"character_chosen":"WATCHER","items_purchased":["SignatureMove","Wallop"],"campfire_rested":1,"item_purchase_floors":[4,10],"current_hp_per_floor":[70,70,64,64,64,64,64,64,64,64,64,28,28,28,49,1,1],"gold":151,"neow_bonus":"RANDOM_COLORLESS_2","is_daily":false,"chose_seed":false,"campfire_upgraded":3,"win_rate":0.0,"timestamp":1610101828,"path_taken":["M","M","M","$","M","E","?","R","T","$","R","E","R","?","R","BOSS"],"items_purchased_type":["Card","Card"],"build_version":"2020-12-22","purchased_purges":0,"victory":false,"max_hp_per_floor":[72,72,72,72,72,72,72,72,72,72,72,72,72,72,72,72,72],"relic_stats":{"SsserpentHead":50,"counters":[8,29],"Blue Candle":[0],"Bag of Preparation":[6],"obtain_stats":[{"SsserpentHead":7,"Blue Candle":12,"Bag of Preparation":6,"PureWater":0},{"SsserpentHead":5,"Blue Candle":6,"Bag of Preparation":5,"PureWater":0},{"SsserpentHead":10,"Blue Candle":15,"Bag of Preparation":10,"PureWater":0}]},"card_choices":[{"not_picked":["Transmutation","Metamorphosis"],"picked":"HandOfGreed","floor":0},{"not_picked":["Halt","EmptyFist"],"picked":"Adaptation","floor":1},{"not_picked":["EmptyBody","Prostrate"],"picked":"Consecrate","floor":2},{"not_picked":["ThirdEye","EmptyBody"],"picked":"Crescendo","floor":3},{"not_picked":["EmptyFist","Halt"],"picked":"Crescendo","floor":5},{"not_picked":["Protect","SashWhip"],"picked":"FlurryOfBlows","floor":6},{"not_picked":["Consecrate","Indignation"],"picked":"Adaptation","floor":12},{"not_picked":["Perseverance","ReachHeaven"],"picked":"MentalFortress","floor":14}],"player_experience":557384,"relics_obtained":[{"floor":6,"key":"Bag of Preparation"},{"floor":12,"key":"Blue Candle"}],"event_choices":[{"damage_healed":0,"gold_gain":0,"player_choice":"Trade","damage_taken":0,"relics_obtained":["SsserpentHead"],"max_hp_gain":0,"max_hp_loss":0,"event_name":"FaceTrader","floor":7,"gold_loss":0}],"is_beta":false,"boss_relics":[],"items_purged_floors":[],"is_endless":false,"potions_floor_spawned":[3,12],"killed_by":"Hexaghost","ascension_level":0}}