{"host":"3a1ypf1irl30q4k8","time":1610138538,"event":{"mods":["AchievementEnabler","BaseMod","Bestiary","Colored Map","Minty Spire (QoL Compilation)","Relic Stats"],"gold_per_floor":[213,226,226,240,256,256,29,29,53,65,106,118,199,227,239,354,366,392,420,347,374,405,449,461,473,485,497,524,536,583,605,617,733,745,771,802,814,307,321,335,348,366,366,392,392,392,392,423,423,423,423,423,36,68,68,68],"floor_reached":55,"playtime":4102,"items_purged":["Strike_G","Outmaneuver"],"score":884,"play_id":"4a7baa99-8f96-4006-aa8d-d2dc66dd8fc2","local_time":"20210108204218","is_ascension_mode":true,"campfire_choices":[{"data":"Underhanded Strike","floor":6,"key":"SMITH"},{"data":"Survivor","floor":8,"key":"SMITH"},{"data":"Survivor","floor":10,"key":"SMITH"},{"floor":15,"key":"REST"},{"data":"Accuracy","floor":24,"key":"SMITH"},{"data":"Tools of the Trade","floor":27,"key":"SMITH"},{"data":"Expertise","floor":29,"key":"SMITH"},{"floor":32,"key":"REST"},{"floor":47,"key":"RECALL"},{"data":"Calculated Gamble","floor":49,"key":"SMITH"},{"data":"Calculated Gamble","floor":52,"key":"SMITH"}],"circlet_count":0,"master_deck":["Survivor+1","Neutralize","Blade Dance","Blade Dance","Prepared","Underhanded Strike+1","Survivor+1","PiercingWail","Tactician","After Image","Tools of the Trade+1","Phantasmal Killer","Bullet Time","Grand Finale","Calculated Gamble+1","Caltrops","Finisher","Acrobatics","Quick Slash","Acrobatics","Accuracy+1","Quick Slash+1","Pain","Expertise+1","PiercingWail","Calculated Gamble","Die Die Die","Blade Dance+1","Leg Sweep+1","Calculated Gamble+1","Footwork+1","Predator+1","Adrenaline","Doubt","Acrobatics","Caltrops","Cloak And Dagger+1"],"relics":["Ring of the Snake","DollysMirror","MawBank","Toy Ornithopter","Eternal Feather","Pandora\u0027s Box","Bronze Scales","StoneCalendar","WarpedTongs","Calipers","Tingsha","WristBlade","Ancient Tea Set","Centennial Puzzle","Dream Catcher","The Specimen","Nunchaku","Kunai","Oddly Smooth Stone"],"acts_visited":["Exordium","TheCity","TheBeyond","TheEnding"],"potions_floor_usage":[5,16,16,21,21,23,33,36,36,48,50,55],"damage_taken":[{"damage":0,"enemies":"Jaw Worm","floor":1,"turns":4},{"damage":0,"enemies":"Cultist","floor":2,"turns":3},{"damage":0,"enemies":"Small Slimes","floor":4,"turns":2},{"damage":22,"enemies":"Exordium Thugs","floor":5,"turns":6},{"damage":34,"enemies":"Gremlin Nob","floor":11,"turns":4},{"damage":0,"enemies":"Exordium Wildlife","floor":14,"turns":4},{"damage":43,"enemies":"Slime Boss","floor":16,"turns":14},{"damage":2,"enemies":"3 Byrds","floor":18,"turns":4},{"damage":21,"enemies":"Spheric Guardian","floor":19,"turns":4},{"damage":10,"enemies":"Snake Plant","floor":21,"turns":4},{"damage":2,"enemies":"Chosen and Byrds","floor":22,"turns":5},{"damage":27,"enemies":"Book of Stabbing","floor":23,"turns":5},{"damage":11,"enemies":"Snecko","floor":28,"turns":5},{"damage":24,"enemies":"Slavers","floor":30,"turns":4},{"damage":11,"enemies":"Snake Plant","floor":31,"turns":2},{"damage":2,"enemies":"Champ","floor":33,"turns":7},{"damage":24,"enemies":"Orb Walker","floor":35,"turns":3},{"damage":6,"enemies":"3 Darklings","floor":36,"turns":5},{"damage":10,"enemies":"Maw","floor":39,"turns":5},{"damage":8,"enemies":"Spire Growth","floor":40,"turns":3},{"damage":18,"enemies":"Jaw Worm Horde","floor":41,"turns":3},{"damage":1,"enemies":"Maw","floor":42,"turns":6},{"damage":2,"enemies":"Giant Head","floor":44,"turns":6},{"damage":7,"enemies":"Nemesis","floor":48,"turns":3},{"damage":48,"enemies":"Donu and Deca","floor":50,"turns":5},{"damage":13,"enemies":"Shield and Spear","floor":54,"turns":2},{"damage":101,"enemies":"The Heart","floor":55,"turns":5}],"seed_played":"-3184406641488538585","potions_obtained":[{"floor":2,"key":"DuplicationPotion"},{"floor":4,"key":"SneckoOil"},{"floor":14,"key":"BlessingOfTheForge"},{"floor":16,"key":"ColorlessPotion"},{"floor":19,"key":"Fruit Juice"},{"floor":22,"key":"Block Potion"},{"floor":23,"key":"FearPotion"},{"floor":31,"key":"Energy Potion"},{"floor":33,"key":"Poison Potion"},{"floor":35,"key":"AttackPotion"},{"floor":42,"key":"FairyPotion"},{"floor":48,"key":"Poison Potion"}],"is_trial":false,"path_per_floor":["M","M","?","M","M","R","$","R","T","R","E","$","T","M","R","B",null,"M","M","?","M","M","E","R","?","T","R","M","R","E","M","R","B",null,"M","M","?","$","M","M","M","M","T","E","T","?","R","E","R","B",null,"R","$","E","B"],"character_chosen":"THE_SILENT","items_purchased":["DollysMirror","Calculated Gamble","Ancient Tea Set","Centennial Puzzle","SteroidPotion","Kunai","Acrobatics","Caltrops"],"campfire_rested":2,"item_purchase_floors":[7,38,38,38,38,53,53,53],"current_hp_per_floor":[70,70,70,70,48,48,48,48,48,48,14,14,14,14,44,11,70,68,47,47,52,50,28,40,40,40,52,41,56,32,21,58,61,75,51,55,55,55,45,37,19,18,18,16,16,75,75,73,75,32,75,75,75,62,0,0],"gold":68,"neow_bonus":"HUNDRED_GOLD","is_daily":false,"chose_seed":false,"campfire_upgraded":8,"win_rate":0.0,"timestamp":1610138538,"path_taken":["M","M","?","M","M","R","?","R","T","R","E","$","?","M","R","BOSS","M","?","?","M","M","E","R","?","T","R","M","R","E","M","R","BOSS","M","M","?","$","M","M","M","M","T","E","?","?","R","E","R","BOSS","R","$","E","BOSS"],"items_purchased_type":["Relic","Card","Relic","Relic","Potion","Relic","Card","Card"],"build_version":"2020-12-22","purchased_purges":2,"victory":false,"max_hp_per_floor":[70,70,70,70,70,70,70,70,70,70,70,70,70,70,70,70,70,70,70,70,75,75,75,75,75,75,75,75,75,75,75,75,75,75,75,75,75,75,75,75,75,75,75,75,75,75,75,75,75,75,75,75,75,75,75,75],"relic_stats":{"counters":[27,123],"Eternal Feather":65,"StoneCalendar":[0],"Tingsha":[421],"MawBank":348,"WarpedTongs":[63],"Centennial Puzzle":[27],"Dream Catcher":0,"Nunchaku":[5],"Bronze Scales":[252],"Pandora\u0027s Box":["Outmaneuver","Tools of the Trade","Phantasmal Killer","Bullet Time","Grand Finale","Calculated Gamble","Caltrops","Finisher"],"Kunai":[7],"obtain_stats":[{"Calipers":26,"The Specimen":45,"Oddly Smooth Stone":54,"Eternal Feather":13,"StoneCalendar":23,"Tingsha":30,"MawBank":9,"Ancient Tea Set":38,"WarpedTongs":25,"Centennial Puzzle":38,"Dream Catcher":44,"Nunchaku":48,"WristBlade":34,"DollysMirror":7,"Bronze Scales":20,"Pandora\u0027s Box":17,"Kunai":53,"Toy Ornithopter":11,"Ring of the Snake":0},{"Calipers":12,"The Specimen":23,"Oddly Smooth Stone":26,"Eternal Feather":5,"StoneCalendar":12,"Tingsha":14,"MawBank":4,"Ancient Tea Set":18,"WarpedTongs":12,"Centennial Puzzle":18,"Dream Catcher":23,"Nunchaku":24,"WristBlade":16,"DollysMirror":4,"Bronze Scales":9,"Pandora\u0027s Box":7,"Kunai":25,"Toy Ornithopter":5,"Ring of the Snake":0},{"Calipers":59,"The Specimen":108,"Oddly Smooth Stone":118,"Eternal Feather":19,"StoneCalendar":59,"Tingsha":68,"MawBank":15,"Ancient Tea Set":85,"WarpedTongs":59,"Centennial Puzzle":85,"Dream Catcher":108,"Nunchaku":111,"WristBlade":77,"DollysMirror":15,"Bronze Scales":45,"Pandora\u0027s Box":37,"Kunai":116,"Toy Ornithopter":19,"Ring of the Snake":0}],"Toy Ornithopter":55,"Ring of the Snake":[54]},"card_choices":[{"not_picked":["Dodge and Roll","Bouncing Flask"],"picked":"Blade Dance","floor":1},{"not_picked":["Riddle With Holes","Expertise"],"picked":"Blade Dance","floor":2},{"not_picked":["Poisoned Stab","Reflex"],"picked":"Prepared","floor":4},{"not_picked":["Outmaneuver","Deadly Poison"],"picked":"Underhanded Strike","floor":5},{"not_picked":["Blur","Underhanded Strike"],"picked":"PiercingWail","floor":11},{"not_picked":["Underhanded Strike","Riddle With Holes"],"picked":"Tactician","floor":14},{"not_picked":["Phantasmal Killer","Wraith Form v2"],"picked":"After Image","floor":16},{"not_picked":["Dagger Spray","Sucker Punch"],"picked":"Acrobatics","floor":18},{"not_picked":["Slice+1","Leg Sweep+1"],"picked":"Quick Slash","floor":19},{"not_picked":["Noxious Fumes","Poisoned Stab"],"picked":"Acrobatics","floor":21},{"not_picked":["Quick Slash","Sucker Punch+1"],"picked":"Accuracy","floor":22},{"not_picked":["Dodge and Roll+1","Bane"],"picked":"Quick Slash+1","floor":23},{"not_picked":["Caltrops","Grand Finale"],"picked":"Expertise","floor":28},{"not_picked":["All Out Attack","Finisher"],"picked":"PiercingWail","floor":30},{"not_picked":["Outmaneuver","Blade Dance+1"],"picked":"Calculated Gamble","floor":31},{"not_picked":["Malaise","Tools of the Trade"],"picked":"Die Die Die","floor":33},{"not_picked":["Sucker Punch","Deflect"],"picked":"Blade Dance+1","floor":35},{"not_picked":["Dash","Eviscerate+1"],"picked":"Leg Sweep+1","floor":36},{"not_picked":["Blur","Backstab+1"],"picked":"Footwork+1","floor":39},{"not_picked":["Endless Agony+1","Backstab","Quick Slash"],"picked":"SKIP","floor":40},{"not_picked":["Dagger Throw","Outmaneuver"],"picked":"Predator+1","floor":41},{"not_picked":["Tactician","Dodge and Roll","Slice"],"picked":"SKIP","floor":42},{"not_picked":["Outmaneuver+1","Calculated Gamble"],"picked":"Adrenaline","floor":44},{"not_picked":["Deflect","Predator","Doppelganger"],"picked":"SKIP","floor":48},{"not_picked":["Dodge and Roll+1","Eviscerate"],"picked":"Cloak And Dagger+1","floor":54}],"player_experience":999022,"relics_obtained":[{"floor":9,"key":"MawBank"},{"floor":11,"key":"Toy Ornithopter"},{"floor":13,"key":"Eternal Feather"},{"floor":23,"key":"StoneCalendar"},{"floor":26,"key":"Calipers"},{"floor":30,"key":"Tingsha"},{"floor":44,"key":"Dream Catcher"},{"floor":45,"key":"The Specimen"},{"floor":48,"key":"Nunchaku"},{"floor":54,"key":"Oddly Smooth Stone"}],"event_choices":[{"cards_removed":["Strike_G"],"damage_healed":0,"gold_gain":0,"player_choice":"Purged","damage_taken":0,"max_hp_gain":0,"max_hp_loss":0,"event_name":"Purifier","floor":3,"gold_loss":0},{"damage_healed":0,"gold_gain":0,"player_choice":"Obtained Relic","damage_taken":0,"relics_obtained":["Bronze Scales"],"max_hp_gain":0,"max_hp_loss":0,"event_name":"Addict","floor":20,"gold_loss":85},{"damage_healed":0,"gold_gain":0,"player_choice":"Rummage","damage_taken":0,"relics_obtained":["WarpedTongs"],"max_hp_gain":0,"max_hp_loss":0,"event_name":"Accursed Blacksmith","floor":25,"gold_loss":0,"cards_obtained":["Pain"]},{"damage_healed":0,"gold_gain":0,"player_choice":"Ignored","damage_taken":0,"max_hp_gain":0,"max_hp_loss":0,"event_name":"Tomb of Lord Red Mask","floor":37,"gold_loss":0},{"damage_healed":59,"gold_gain":0,"player_choice":"Heal","damage_taken":0,"max_hp_gain":0,"max_hp_loss":0,"event_name":"MindBloom","floor":46,"gold_loss":0,"cards_obtained":["Doubt"]}],"is_beta":false,"boss_relics":[{"not_picked":["Tiny House","Empty Cage"],"picked":"Pandora\u0027s Box"},{"not_picked":["Astrolabe","SlaversCollar"],"picked":"WristBlade"}],"items_purged_floors":[7,38],"is_endless":false,"potions_floor_spawned":[2,4,14,16,19,22,23,31,33,35,42,44,48],"killed_by":"The Heart","ascension_level":1}}