{"host":"ueaobptuyu87ouwy","time":1610099482,"event":{"mods":["Aspiration","Bard","BaseMod","Better Altar","Better Match","Better Note","Better Sensory Stone","Better Skull","Better Third Choice","BetterRewards","CCEM","Colored Map","Conspire","Downfall","GifTheSpireLib","GungeonMod","Halation","Hermit","Highlight Path","Hubris","Infinite Spire","Jedi Mod","Jorbs\u0027s Wanderer Trilogy","Marisa????????","Marked Mod","Mimic Mod","Minty Spire (QoL Compilation)","Permanent Neow","Replay The Spire","Shop Mod","Small Relic Pack","StSLib","Stuff the Spire","The Runesmith","Unceasing Turn Reminder","everything is the same but u backflip on backflip","slay the spire mod where everything is the same but ironclad has a cowboy hat"],"gold_per_floor":[99,109,109,119,119,119,119,149,149,164,217,236,263,263,119,119,119,228,228,245,265,245,266,266,266,282,316,316,356,556,69,106,147,147,251,251,273,548,571,571,571],"floor_reached":40,"playtime":2260,"items_purged":["DemoMod:Strike_Huntress"],"score":466,"play_id":"7fef72ff-2e4c-4b4d-b2d1-a77fa97f9f40","local_time":"20210108175122","is_ascension_mode":false,"campfire_choices":[{"data":"DemoMod:TableSutra","floor":9.0,"key":"SMITH"},{"floor":14,"key":"REST"},{"data":"DemoMod:ConditionalReflex","floor":17,"key":"SMITH"},{"data":"DemoMod:Unmoved","floor":25,"key":"SMITH"}],"circlet_count":0,"master_deck":["DemoMod:Strike_Huntress","DemoMod:Strike_Huntress","DemoMod:Defend_Huntress","DemoMod:Defend_Huntress","DemoMod:Defend_Huntress","DemoMod:Defend_Huntress","DemoMod:Roll","DemoMod:ManualReload+1","DemoMod:RustySidearm","DemoMod:CrossBow","DemoMod:TableSutra+1","DemoMod:PotionOfGunFriendShip+1","DemoMod:DarkMarker","DemoMod:HuntsMan","DemoMod:ConditionalReflex+1","DemoMod:FinishedGun","DemoMod:Unmoved+1","DemoMod:HuntsMan+1","DemoMod:SniperShot+1","DemoMod:FightSabre","DemoMod:GunslingerForm","DemoMod:RadGun+1","Regret","DemoMod:CursedBullets+1"],"relics":["DemoMod:Dog","StuffTheSpire:Barrel","halation:EternalFortune","CCEMRelics:PorcelainBowl","PreservedInsect","infinitespire:PuzzleCube","halation:AfternoonTea","DemoMod:Wolf","conspire:TopHat","CCEMRelics:CocoNut","Pear","InkBottle","Runesmith:UraniumAnvil"],"acts_visited":["Exordium","TheCity","TheBeyond"],"potions_floor_usage":[13,18,27,33,33,35,40,40],"damage_taken":[{"damage":0.0,"enemies":"2 Louse","floor":1.0,"turns":2.0},{"damage":0.0,"enemies":"Small Slimes","floor":2.0,"turns":4.0},{"damage":0.0,"enemies":"Cultist","floor":4.0,"turns":4.0},{"damage":29.0,"enemies":"Gremlin Nob","floor":8.0,"turns":4.0},{"damage":14.0,"enemies":"2 Fungi Beasts","floor":10.0,"turns":3.0},{"damage":1.0,"enemies":"Exordium Wildlife","floor":12.0,"turns":3.0},{"damage":17,"enemies":"Lagavulin","floor":13,"turns":3},{"damage":48,"enemies":"The Guardian","floor":18,"turns":11},{"damage":0,"enemies":"Shell Parasite","floor":20,"turns":1},{"damage":7,"enemies":"3 Byrds","floor":21,"turns":4},{"damage":11,"enemies":"Snecko","floor":23,"turns":5},{"damage":7,"enemies":"Chosen and Byrds","floor":26,"turns":4},{"damage":12,"enemies":"conspire:SneckoGhost","floor":27,"turns":4},{"damage":12,"enemies":"3 Cultists","floor":29,"turns":4},{"damage":0,"enemies":"Snake Plant","floor":32,"turns":4},{"damage":15,"enemies":"Snake Plant","floor":33,"turns":2},{"damage":5,"enemies":"Champ","floor":35,"turns":10},{"damage":47,"enemies":"3 Darklings","floor":37,"turns":6},{"damage":1,"enemies":"Orb Walker","floor":39,"turns":3}],"seed_played":"-8968621679276129801","potions_obtained":[{"floor":2.0,"key":"DemoMod:LeadSkinPotion"},{"floor":4.0,"key":"Strength Potion"},{"floor":12.0,"key":"Fire Potion"},{"floor":13,"key":"champ:CounterPotion"},{"floor":18,"key":"DemoMod:LeadSkinPotion"},{"floor":22,"key":"hexamod:EctoCoolerPotion"},{"floor":26,"key":"jedi:StrikingPotion"},{"floor":27,"key":"Dexterity Potion"},{"floor":33,"key":"AttackPotion"},{"floor":39,"key":"ColorlessPotion"}],"is_trial":false,"path_per_floor":["M","M","?","M","PTL","PTL","?","E","R","M","T","M","E","R","$","?","R","B",null,"M","M","?","M","?","R","M","E","T","M","?","$","MIM","M","R_BF","B",null,"M","?","M","M"],"character_chosen":"HUNTRESS","items_purchased":["halation:AfternoonTea","Pear","DemoMod:FightSabre"],"campfire_rested":1,"item_purchase_floors":[15,31,31],"current_hp_per_floor":[70,70,70,70,70,70,73,44,44,30,30,29,12,33,33,57,57,9,73,73,66,66,55,55,55,48,36,41,29,29,39,42,27,54,64,91,44,44,43,0,0],"gold":571,"neow_bonus":"RANDOM_COMMON_RELIC","is_daily":false,"chose_seed":false,"campfire_upgraded":3,"win_rate":0.0,"timestamp":1610099482,"path_taken":["M","M","?","M","PTL","PTL","?","E","R","M","T","M","E","R","$","?","R","BOSS","M","M","?","?","?","R","M","E","T","?","?","$","?","?","R_BF","BOSS","M","?","M","?"],"items_purchased_type":["Relic","Relic","Card"],"build_version":"2020-12-13","purchased_purges":1,"victory":false,"max_hp_per_floor":[70,70,70,70,70,70,73,73,73,73,73,73,73,73,73,73,73,73,73,73,73,73,73,73,73,73,73,78,78,78,88,91,91,91,91,91,91,91,91,91,91],"card_choices":[{"not_picked":["DemoMod:SniperShot","DemoMod:MachoBrace"],"picked":"DemoMod:TableSutra","floor":1.0},{"not_picked":["DemoMod:StickyCrossBow","DemoMod:BattleInHaste"],"picked":"DemoMod:PotionOfGunFriendShip","floor":2.0},{"not_picked":["DemoMod:Desperate","DemoMod:BattleInHaste","DemoMod:AC15"],"picked":"SKIP","floor":4.0},{"not_picked":["DemoMod:FeignSurrender","DemoMod:BattleInHaste","DemoMod:PotionOfGunFriendShip"],"picked":"SKIP","floor":8.0},{"not_picked":["DemoMod:MachoBrace","DemoMod:Ejector"],"picked":"DemoMod:DarkMarker","floor":10.0},{"not_picked":["DemoMod:JK47","DemoMod:MachoBrace"],"picked":"DemoMod:HuntsMan","floor":12.0},{"not_picked":["DemoMod:HungryBullets","DemoMod:FortunesFavor"],"picked":"DemoMod:ConditionalReflex","floor":13},{"not_picked":["DemoMod:ThirdPartyController","DemoMod:SuppressiveFire"],"picked":"DemoMod:FinishedGun","floor":18},{"not_picked":["DemoMod:AC15","DemoMod:SAA","DemoMod:DirectionalPad+1"],"picked":"SKIP","floor":20},{"not_picked":["DemoMod:AC15+1","DemoMod:EasyReloadBullets"],"picked":"DemoMod:Unmoved","floor":21},{"not_picked":["DemoMod:HardPowerCard","DemoMod:MegaHand"],"picked":"DemoMod:HuntsMan+1","floor":23},{"not_picked":["DemoMod:DoubleSwitch+1","DemoMod:PotionOfGunFriendShip+1","DemoMod:JK47"],"picked":"SKIP","floor":26},{"not_picked":["DemoMod:MegaHand","DemoMod:AWP"],"picked":"DemoMod:SniperShot","floor":27},{"not_picked":["DemoMod:SuppressiveFire","DemoMod:TeaPot","DemoMod:MachoBrace"],"picked":"SKIP","floor":29},{"not_picked":["DemoMod:AC15","DemoMod:Ejector","DemoMod:ThirdPartyController"],"picked":"SKIP","floor":33},{"not_picked":["DemoMod:BSG","DemoMod:SuppressiveFire"],"picked":"DemoMod:GunslingerForm","floor":35},{"not_picked":["DemoMod:StickyCrossBow","DemoMod:GunstockTap+1"],"picked":"DemoMod:RadGun+1","floor":37},{"not_picked":["DemoMod:MegaHand","DemoMod:SAA+1"],"picked":"DemoMod:CursedBullets+1","floor":39}],"player_experience":67222,"relics_obtained":[{"floor":8.0,"key":"CCEMRelics:PorcelainBowl"},{"floor":11.0,"key":"PreservedInsect"},{"floor":13,"key":"infinitespire:PuzzleCube"},{"floor":27,"key":"conspire:TopHat"},{"floor":28,"key":"CCEMRelics:CocoNut"},{"floor":32,"key":"halation:EternalFortune"},{"floor":32,"key":"InkBottle"}],"event_choices":[{"damage_healed":24,"gold_gain":0,"player_choice":"Banana","damage_taken":0,"max_hp_gain":0,"max_hp_loss":0,"event_name":"Big Fish","floor":16,"gold_loss":0},{"damage_healed":0,"gold_gain":0,"player_choice":"Bought 1 Potion","damage_taken":0,"max_hp_gain":0,"max_hp_loss":0,"event_name":"The Woman in Blue","floor":22,"gold_loss":0},{"damage_healed":0,"gold_gain":0,"player_choice":"Upgraded","damage_taken":0,"max_hp_gain":0,"max_hp_loss":0,"event_name":"Upgrade Shrine","floor":24,"gold_loss":0,"cards_upgraded":["DemoMod:ManualReload"]},{"damage_healed":0,"gold_gain":250,"player_choice":"Bet on Owner","damage_taken":0,"max_hp_gain":0,"max_hp_loss":0,"event_name":"The Joust","floor":30,"gold_loss":50},{"damage_healed":0,"gold_gain":275,"player_choice":"Desecrate","damage_taken":0,"max_hp_gain":0,"max_hp_loss":0,"event_name":"Golden Shrine","floor":38,"gold_loss":0,"cards_obtained":["Regret"]}],"is_beta":false,"boss_relics":[{"not_picked":["conspire:RunicOctahedron","aspiration:FutureDiary"],"picked":"DemoMod:Wolf"},{"not_picked":["conspire:SeveredTorchhead","aspiration:SecretTechniqueScroll"],"picked":"Runesmith:UraniumAnvil"}],"items_purged_floors":[31],"is_endless":false,"potions_floor_spawned":[2,4,12,13,18,23,26,27,33,39],"killed_by":"Writhing Mass","ascension_level":0}}