{"host":"j1eo1fqrqta44853","time":1610143117,"event":{"mods":["Act Like it!","Bartender","BaseMod","CatGirl Mod","Custom Start","Downfall","Elementarium","Gensokyo","GungeonMod","HololiveMod","Hubris","Infinite Spire","KinomotoSakuraMod(????)","Koishi","Lobotomy","LobotomyExtend","Marisa????????","Minty Spire (QoL Compilation)","Pale of the Ancients","Rare Cards Sparkle","Reimu??????","Replay The Spire","SIMod","Shedinja","StSLib","The Alterego","The Jungle","The Marked","The Mystic","The Runesmith","The Senshi","The Vixen","TheBandit","Waifu the Spire","WarShipGirlsR/????R mod","Yakumo Yukari mod"],"gold_per_floor":[115,190,190,190,207,207,207,232,232,259,259,272,272,272],"floor_reached":13,"playtime":1005,"items_purged":[],"score":116,"play_id":"0f56cbc8-5409-4f9c-9061-e2f5de319d0b","local_time":"20210108155837","is_ascension_mode":false,"campfire_choices":[{"floor":6,"key":"RECALL"},{"floor":11,"key":"REST"}],"circlet_count":0,"master_deck":["alterego_mod:Strike","alterego_mod:Strike","alterego_mod:Strike","alterego_mod:Strike","alterego_mod:Defend","alterego_mod:Defend","alterego_mod:Defend","alterego_mod:Defend","alterego_mod:Impale","alterego_mod:BigMeatyClaws","alterego_mod:BrynhildrsRune","alterego_mod:Punishment","Burn","alterego_mod:DiscoLights","alterego_mod:Rip","alterego_mod:Valentines","alterego_mod:Punishment","alterego_mod:BustOut","alterego_mod:Cushion","alterego_mod:Bounce","alterego_mod:Jiggle+1","alterego_mod:Pet+1"],"relics":["alterego_mod:MasochisticConstitution","NeowsBlessing","Runesmith:AutoHammer","Bottled Lightning","Toxic Egg 2"],"acts_visited":["Exordium"],"potions_floor_usage":[13],"damage_taken":[{"damage":6,"enemies":"2 Louse","floor":1,"turns":3},{"damage":12,"enemies":"Small Slimes","floor":5,"turns":3},{"damage":0,"enemies":"Gremlin Nob","floor":8,"turns":1},{"damage":43,"enemies":"Lagavulin","floor":10,"turns":10},{"damage":19,"enemies":"Cultist","floor":12,"turns":5},{"damage":56,"enemies":"Gremlin Nob","floor":13,"turns":6}],"seed_played":"-4328164001513330126","potions_obtained":[{"floor":10,"key":"DuplicationPotion"},{"floor":12,"key":"champ:CounterPotion"}],"is_trial":false,"path_per_floor":["M","?","?","?","M","R","T","E","T","E","R","M","E"],"character_chosen":"The_Alterego","items_purchased":[],"campfire_rested":1,"item_purchase_floors":[],"current_hp_per_floor":[71,71,71,71,63,63,63,63,63,32,53,35,0,0],"gold":272,"neow_bonus":"THREE_ENEMY_KILL","is_daily":false,"chose_seed":false,"campfire_upgraded":0,"win_rate":0.0,"timestamp":1610143117,"path_taken":["M","?","?","?","M","R","?","E","T","E","R","M","E"],"items_purchased_type":[],"build_version":"2020-12-22","purchased_purges":0,"victory":false,"max_hp_per_floor":[71,71,71,71,72,72,72,72,72,73,73,74,74,74],"card_choices":[{"not_picked":["alterego_mod:Pet","alterego_mod:RocketPunch"],"picked":"alterego_mod:Punishment","floor":1},{"not_picked":["alterego_mod:Skirt","alterego_mod:Undulate"],"picked":"alterego_mod:Cushion","floor":5},{"not_picked":["alterego_mod:TrashNCrash","alterego_mod:Valkyrie"],"picked":"alterego_mod:Bounce","floor":8},{"not_picked":["alterego_mod:Complex","alterego_mod:GoddessCore"],"picked":"alterego_mod:Jiggle+1","floor":10},{"not_picked":["alterego_mod:Maid","alterego_mod:BoobPocket+1"],"picked":"alterego_mod:Pet+1","floor":12}],"player_experience":1092051,"relics_obtained":[{"floor":8,"key":"Runesmith:AutoHammer"},{"floor":9,"key":"Bottled Lightning"},{"floor":10,"key":"Toxic Egg 2"}],"event_choices":[],"is_beta":false,"boss_relics":[],"items_purged_floors":[],"is_endless":false,"potions_floor_spawned":[10,12],"killed_by":"Gremlin Nob","ascension_level":0}}