{"host":"duxoyu97j36znyap","time":1610086179,"event":{"mods":["AlwaysNeverKeys","BaseMod","Bestiary","BetterRewards","Colored Map","DeckTracker","Filter the Spire","Googly Eyes","Minty Spire (QoL Compilation)","Permanent Neow","Rare Cards Sparkle","Relic Stats","StSLib"],"gold_per_floor":[109,109,127,143,143,176,190,190,190,216,244,257,257,257,257,257,257],"floor_reached":16,"playtime":402,"items_purged":[],"score":176,"play_id":"d9968bf7-0030-4604-83c4-2b9d95a8e1cf","local_time":"20210108010939","is_ascension_mode":true,"campfire_choices":[{"data":"Eruption","floor":8,"key":"SMITH"},{"data":"MentalFortress","floor":13,"key":"SMITH"},{"data":"Pray","floor":15,"key":"SMITH"}],"circlet_count":0,"master_deck":["Strike_P","Strike_P","Strike_P","Strike_P","Defend_P","Defend_P","Defend_P","Eruption+1","Vigilance","Halt","MentalFortress+1","FollowUp","ReachHeaven","Prostrate","BattleHymn","EmptyBody","Pray+1"],"relics":["Black Star","Eternal Feather","Torii","Ancient Tea Set","Question Card","Juzu Bracelet","Strawberry","Mercury Hourglass"],"acts_visited":["Exordium"],"potions_floor_usage":[11],"damage_taken":[{"damage":9,"enemies":"Small Slimes","floor":1,"turns":4},{"damage":1,"enemies":"Jaw Worm","floor":3,"turns":5},{"damage":0,"enemies":"Cultist","floor":4,"turns":4},{"damage":25,"enemies":"3 Sentries","floor":6,"turns":5},{"damage":8,"enemies":"Lots of Slimes","floor":7,"turns":5},{"damage":0,"enemies":"Gremlin Nob","floor":11,"turns":2},{"damage":7,"enemies":"2 Fungi Beasts","floor":12,"turns":2},{"damage":41,"enemies":"Hexaghost","floor":16,"turns":2}],"seed_played":"-2941002170322742217","potions_obtained":[{"floor":1,"key":"LiquidBronze"},{"floor":6,"key":"DistilledChaos"},{"floor":11,"key":"Dexterity Potion"},{"floor":12,"key":"SkillPotion"},{"floor":14,"key":"Energy Potion"}],"is_trial":false,"path_per_floor":["M","?","M","M","?","E","M","R","T","T","E","M","R","?","R","B"],"character_chosen":"WATCHER","items_purchased":[],"campfire_rested":0,"item_purchase_floors":[],"current_hp_per_floor":[56,44,43,43,43,18,10,19,19,19,26,19,28,28,37,0,0],"gold":257,"neow_bonus":"BOSS_RELIC","is_daily":false,"chose_seed":false,"campfire_upgraded":3,"win_rate":0.0,"timestamp":1610086179,"path_taken":["M","?","M","M","?","E","M","R","T","?","E","M","R","?","R","BOSS"],"items_purchased_type":[],"build_version":"2020-12-22","purchased_purges":0,"victory":false,"max_hp_per_floor":[72,72,72,72,72,72,72,72,72,72,79,79,79,79,79,79,79],"relic_stats":{"Torii":8,"counters":[8,29],"Eternal Feather":27,"Black Star":2,"Juzu Bracelet":0,"Question Card":2,"obtain_stats":[{"Torii":6,"Strawberry":11,"Eternal Feather":2,"Black Star":0,"Juzu Bracelet":10,"PureWater":0,"Ancient Tea Set":6,"Question Card":9,"Mercury Hourglass":11},{"Torii":4,"Strawberry":6,"Eternal Feather":1,"Black Star":0,"Juzu Bracelet":5,"PureWater":0,"Ancient Tea Set":4,"Question Card":5,"Mercury Hourglass":6},{"Torii":18,"Strawberry":25,"Eternal Feather":4,"Black Star":0,"Juzu Bracelet":23,"PureWater":0,"Ancient Tea Set":18,"Question Card":23,"Mercury Hourglass":25}],"Mercury Hourglass":[18]},"card_choices":[{"not_picked":["Indignation","Crescendo"],"picked":"Halt","floor":1},{"not_picked":["CrushJoints","FlurryOfBlows"],"picked":"MentalFortress","floor":3},{"not_picked":["Halt","CrushJoints"],"picked":"FollowUp","floor":4},{"not_picked":["PathToVictory","Nirvana"],"picked":"Prostrate","floor":6},{"not_picked":["Prostrate","LikeWater"],"picked":"BattleHymn","floor":7},{"not_picked":["Collect","FlyingSleeves","CrushJoints"],"picked":"EmptyBody","floor":11},{"not_picked":["PathToVictory","FlurryOfBlows","BowlingBash"],"picked":"Pray","floor":12}],"player_experience":555561,"relics_obtained":[{"floor":6,"key":"Torii"},{"floor":6,"key":"Ancient Tea Set"},{"floor":9,"key":"Question Card"},{"floor":10,"key":"Juzu Bracelet"},{"floor":11,"key":"Strawberry"},{"floor":11,"key":"Mercury Hourglass"}],"event_choices":[{"damage_healed":0,"gold_gain":0,"player_choice":"Success","damage_taken":12,"relics_obtained":["Eternal Feather"],"max_hp_gain":0,"max_hp_loss":0,"event_name":"Scrap Ooze","floor":2,"gold_loss":0},{"damage_healed":0,"gold_gain":0,"cards_transformed":["Defend_P"],"player_choice":"Change","damage_taken":0,"max_hp_gain":0,"max_hp_loss":0,"event_name":"Living Wall","floor":5,"gold_loss":0,"cards_obtained":["ReachHeaven"]},{"damage_healed":0,"gold_gain":0,"player_choice":"Got Potions","damage_taken":0,"max_hp_gain":0,"max_hp_loss":0,"event_name":"Lab","floor":14,"gold_loss":0}],"is_beta":false,"boss_relics":[],"items_purged_floors":[],"is_endless":false,"potions_floor_spawned":[1,6,11,12],"killed_by":"Hexaghost","ascension_level":6}}