{"host":"dyggtcpod2kd5hqt","time":1610116397,"event":{"mods":["2.2 Compatiblity","AchievementEnabler","BaseMod","Bestiary","Block Reminder","Colored Map","Colored Powertips","Minty Spire (QoL Compilation)","Quick Restart","Rare Cards Sparkle","Relic Stats","Unknown Chances"],"gold_per_floor":[118,118,70,70,21,48,48,60,60,79,79,79,95,108,108,211,211,226,226,293,311,361,361,361],"floor_reached":23,"playtime":834,"items_purged":[],"score":277,"play_id":"98c18c1a-83ca-44e0-a0c9-5e666e7b10cf","local_time":"20210108093317","is_ascension_mode":true,"campfire_choices":[{"data":"Glacier","floor":7.0,"key":"SMITH"},{"data":"Chaos","floor":15,"key":"SMITH"}],"circlet_count":0,"master_deck":["Strike_B+1","Strike_B","Strike_B","Strike_B","Defend_B","Defend_B","Zap","Dualcast","Core Surge","Streamline+1","Glacier+1","Conserve Battery","Sweeping Beam","Auto Shields","FTL","Hologram","Chaos+1","Fission","Sunder+1","Stack+1","Conserve Battery+1"],"relics":["Cracked Core","Matryoshka","Omamori","Cursed Key","SsserpentHead","Nloth\u0027s Gift"],"acts_visited":["Exordium","TheCity"],"potions_floor_usage":[23,23,23],"damage_taken":[{"damage":12.0,"enemies":"Small Slimes","floor":1.0,"turns":2.0},{"damage":28.0,"enemies":"Gremlin Nob","floor":6.0,"turns":6.0},{"damage":0,"enemies":"Jaw Worm","floor":8,"turns":2},{"damage":0,"enemies":"Cultist","floor":10,"turns":3},{"damage":8,"enemies":"Blue Slaver","floor":13,"turns":3},{"damage":0,"enemies":"Red Slaver","floor":14,"turns":3},{"damage":24,"enemies":"The Guardian","floor":16,"turns":11},{"damage":0,"enemies":"Chosen","floor":18,"turns":4},{"damage":4,"enemies":"3 Byrds","floor":20,"turns":4},{"damage":15,"enemies":"Snake Plant","floor":21,"turns":4},{"damage":61,"enemies":"Gremlin Leader","floor":23,"turns":7}],"seed_played":"-1779378501054889298","potions_obtained":[{"floor":6.0,"key":"FocusPotion"},{"floor":13,"key":"Weak Potion"},{"floor":18,"key":"Energy Potion"}],"is_trial":false,"path_per_floor":["M","?","$","?","$","E","R","M","T","M","?","?","M","M","R","B",null,"M","?","M","M","?","E"],"character_chosen":"DEFECT","items_purchased":["Conserve Battery","Sweeping Beam"],"campfire_rested":0,"item_purchase_floors":[3,5],"current_hp_per_floor":[56,56,56,42,42,14,14,14,24,24,17,88,80,80,80,56,80,80,80,76,61,61,0,0],"gold":361,"neow_bonus":"THREE_RARE_CARDS","is_daily":false,"chose_seed":false,"campfire_upgraded":2,"win_rate":0.0,"timestamp":1610116397,"path_taken":["M","?","$","?","?","E","R","M","T","M","?","?","?","M","R","BOSS","M","?","?","M","?","E"],"items_purchased_type":["Card","Card"],"build_version":"2020-12-22","purchased_purges":0,"victory":false,"max_hp_per_floor":[68,68,68,68,68,68,68,68,78,78,78,88,88,88,88,88,88,88,88,88,88,88,88,88],"relic_stats":{"SsserpentHead":100,"counters":[11,49],"Nloth\u0027s Gift":0,"Cursed Key":0,"obtain_stats":[{"SsserpentHead":19,"Matryoshka":6,"Pear":9,"Omamori":9,"Nloth\u0027s Gift":22,"Cracked Core":0,"Cursed Key":17},{"SsserpentHead":8,"Matryoshka":2,"Pear":3,"Omamori":3,"Nloth\u0027s Gift":10,"Cracked Core":0,"Cursed Key":7},{"SsserpentHead":34,"Matryoshka":8,"Pear":10,"Omamori":10,"Nloth\u0027s Gift":42,"Cracked Core":0,"Cursed Key":30}]},"card_choices":[{"not_picked":["Seek","Meteor Strike"],"picked":"Core Surge","floor":0.0},{"not_picked":["Redo","Compile Driver"],"picked":"Streamline","floor":1.0},{"not_picked":["Skim","Storm"],"picked":"Meteor Strike","floor":6.0},{"not_picked":["Cold Snap","Turbo"],"picked":"Auto Shields","floor":8},{"not_picked":["Stack","Sweeping Beam"],"picked":"FTL","floor":10},{"not_picked":["Cold Snap","Undo"],"picked":"Hologram","floor":13},{"not_picked":["Cold Snap","Stack"],"picked":"Chaos","floor":14},{"not_picked":["Multi-Cast","Thunder Strike"],"picked":"Fission","floor":16},{"not_picked":["Melter","Coolheaded+1"],"picked":"Sunder+1","floor":18},{"not_picked":["Leap","Force Field"],"picked":"Stack+1","floor":20},{"not_picked":["Redo","Gash"],"picked":"Conserve Battery+1","floor":21}],"player_experience":518791,"relics_obtained":[{"floor":6.0,"key":"Matryoshka"},{"floor":9,"key":"Omamori"},{"floor":9,"key":"Pear"}],"event_choices":[{"damage_healed":0.0,"max_hp_gain":0.0,"max_hp_loss":0.0,"gold_gain":0.0,"cards_transformed":["Defend_B"],"event_name":"Living Wall","player_choice":"Change","floor":2.0,"gold_loss":0.0,"damage_taken":0.0,"cards_obtained":["Glacier"]},{"damage_healed":0.0,"max_hp_gain":0.0,"max_hp_loss":0.0,"gold_gain":0.0,"event_name":"Shining Light","player_choice":"Entered Light","floor":4.0,"gold_loss":0.0,"damage_taken":14.0,"cards_upgraded":["Strike_B","Streamline"]},{"cards_removed":["Defend_B"],"damage_healed":0,"gold_gain":0,"player_choice":"Card Removal","damage_taken":7,"max_hp_gain":0,"max_hp_loss":0,"event_name":"Golden Wing","floor":11,"gold_loss":0},{"cards_removed":["Meteor Strike"],"damage_healed":61,"gold_gain":0,"player_choice":"Offered Rare","damage_taken":0,"max_hp_gain":10,"max_hp_loss":0,"event_name":"Bonfire Elementals","floor":12,"gold_loss":0},{"damage_healed":0,"gold_gain":0,"player_choice":"Trade","damage_taken":0,"relics_obtained":["SsserpentHead"],"max_hp_gain":0,"max_hp_loss":0,"event_name":"FaceTrader","floor":19,"gold_loss":0},{"damage_healed":0,"gold_gain":0,"player_choice":"Traded Relic","damage_taken":0,"relics_obtained":["Nloth\u0027s Gift"],"max_hp_gain":0,"max_hp_loss":0,"event_name":"N\u0027loth","floor":22,"relics_lost":["Pear"],"gold_loss":0}],"is_beta":false,"boss_relics":[{"not_picked":["Tiny House","Black Star"],"picked":"Cursed Key"}],"items_purged_floors":[],"is_endless":false,"potions_floor_spawned":[6,13,18,21],"killed_by":"Gremlin Leader","ascension_level":9}}