{"host":"69rply1jf2d1wbmp","time":1610099188,"event":{"mods":["BaseMod","Minty Spire (QoL Compilation)","Quick Restart"],"gold_per_floor":[112,124,136,29,29,29,56,56,79,79,4,15,30,42,42,141,141,156,56,56,73,73,108,108,7,7,20,46,61,77,29,29,133,183,200,200,212,87,97,97,129,129,182,210,229,240,274,121,121,121,121],"floor_reached":50,"playtime":2025,"items_purged":["Strike_R","Strike_R","Defend_R"],"score":447,"play_id":"f171b5b9-b64c-4a18-91cc-e5c10ba50905","local_time":"20210108044628","is_ascension_mode":false,"campfire_choices":[{"data":"Armaments","floor":6,"key":"SMITH"},{"data":"Metallicize","floor":15,"key":"SMITH"},{"floor":24,"key":"REST"},{"data":"Bash","floor":32,"key":"SMITH"},{"data":"RitualDagger","floor":40,"key":"SMITH"},{"floor":42,"key":"REST"},{"floor":49,"key":"REST"}],"circlet_count":0,"master_deck":["Strike_R+1","Strike_R","Defend_R","Defend_R+1","Defend_R","Bash+1","Armaments+1","Anger","Twin Strike","Metallicize+1","Double Tap+1","RitualDagger+1","Rage","Rampage+1","Flame Barrier+1"],"relics":["Burning Blood","Champion Belt","Red Skull","Strawberry","Runic Pyramid","Frozen Egg 2","War Paint","Gremlin Horn","Bottled Lightning","Tiny House","Bag of Preparation","Art of War","Bottled Tornado","Juzu Bracelet"],"acts_visited":["Exordium","TheCity","TheBeyond"],"potions_floor_usage":[7,28,28,41,41,41,50,50,50],"damage_taken":[{"damage":2,"enemies":"2 Louse","floor":1,"turns":3},{"damage":6,"enemies":"Cultist","floor":2,"turns":4},{"damage":4,"enemies":"Small Slimes","floor":3,"turns":4},{"damage":10,"enemies":"3 Sentries","floor":7,"turns":10},{"damage":0,"enemies":"Red Slaver","floor":12,"turns":4},{"damage":1,"enemies":"2 Fungi Beasts","floor":13,"turns":4},{"damage":1,"enemies":"Blue Slaver","floor":14,"turns":5},{"damage":37,"enemies":"The Guardian","floor":16,"turns":9},{"damage":1,"enemies":"Chosen","floor":18,"turns":5},{"damage":11,"enemies":"Shell Parasite","floor":21,"turns":7},{"damage":43,"enemies":"Book of Stabbing","floor":23,"turns":8},{"damage":5,"enemies":"Snecko","floor":27,"turns":8},{"damage":6,"enemies":"Slavers","floor":28,"turns":6},{"damage":8,"enemies":"Snake Plant","floor":29,"turns":4},{"damage":0,"enemies":"Centurion and Healer","floor":30,"turns":5},{"damage":46,"enemies":"Automaton","floor":33,"turns":10},{"damage":14,"enemies":"Orb Walker","floor":35,"turns":5},{"damage":9,"enemies":"3 Shapes","floor":37,"turns":4},{"damage":23,"enemies":"3 Darklings","floor":39,"turns":6},{"damage":51,"enemies":"Giant Head","floor":41,"turns":9},{"damage":4,"enemies":"Nemesis","floor":44,"turns":5},{"damage":0,"enemies":"Jaw Worm Horde","floor":45,"turns":3},{"damage":18,"enemies":"Transient","floor":46,"turns":5},{"damage":14,"enemies":"Giant Head","floor":47,"turns":7},{"damage":63,"enemies":"Awakened One","floor":50,"turns":10}],"seed_played":"1280818451150082294","potions_obtained":[{"floor":3,"key":"BlessingOfTheForge"},{"floor":5,"key":"SpeedPotion"},{"floor":5,"key":"Energy Potion"},{"floor":7,"key":"BlessingOfTheForge"},{"floor":28,"key":"Explosive Potion"},{"floor":34,"key":"AttackPotion"},{"floor":41,"key":"DuplicationPotion"},{"floor":44,"key":"Strength Potion"},{"floor":47,"key":"PowerPotion"}],"is_trial":false,"path_per_floor":["M","M","M","$","?","R","E","$","T","?","$","M","M","M","R","B",null,"M","$","?","M","T","E","R","$","T","M","E","M","M","$","R","B",null,"M","?","M","$","M","R","E","R","T","E","M","M","E","$","R","B"],"character_chosen":"IRONCLAD","items_purchased":["Twin Strike","Metallicize","HeartOfIron","Strength Potion","Juzu Bracelet"],"campfire_rested":3,"item_purchase_floors":[4,4,25,31,48],"current_hp_per_floor":[80,80,80,80,80,80,76,76,83,83,83,87,87,87,87,56,87,87,87,81,76,76,39,65,65,65,66,66,64,70,70,70,30,92,84,84,81,81,64,64,19,46,46,48,54,42,34,34,61,0,0],"gold":121,"neow_bonus":"ONE_RARE_RELIC","is_daily":false,"chose_seed":false,"campfire_upgraded":4,"win_rate":0.0,"timestamp":1610099188,"path_taken":["M","M","M","$","?","R","E","?","T","?","$","M","M","M","R","BOSS","M","?","?","M","?","E","R","$","T","M","E","?","M","$","R","BOSS","M","?","M","$","M","R","E","R","T","E","M","?","E","$","R","BOSS"],"items_purchased_type":["Card","Card","Potion","Potion","Relic"],"build_version":"2020-12-22","purchased_purges":3,"victory":false,"max_hp_per_floor":[80,80,80,80,80,80,80,80,87,87,87,87,87,87,87,87,87,87,87,87,87,87,87,87,87,87,87,87,87,87,87,87,87,92,92,92,92,92,92,92,92,92,92,92,92,92,92,92,92,92,92],"card_choices":[{"not_picked":["Havoc","Flex","Sever Soul"],"picked":"SKIP","floor":1},{"not_picked":["Pommel Strike","Havoc"],"picked":"Armaments","floor":2},{"not_picked":["Armaments","Dual Wield"],"picked":"Anger","floor":3},{"not_picked":["Entrench","Whirlwind","Sword Boomerang"],"picked":"SKIP","floor":7},{"not_picked":["Dropkick","Heavy Blade","Evolve"],"picked":"SKIP","floor":12},{"not_picked":["Heavy Blade","Disarm","Exhume"],"picked":"SKIP","floor":13},{"not_picked":["Blood for Blood","Perfected Strike","True Grit"],"picked":"SKIP","floor":14},{"not_picked":["Corruption","Reaper"],"picked":"Double Tap","floor":16},{"not_picked":["Clothesline","Shrug It Off","Reckless Charge"],"picked":"SKIP","floor":18},{"not_picked":["Power Through","True Grit","Twin Strike+1"],"picked":"SKIP","floor":21},{"not_picked":["Infernal Blade","Armaments"],"picked":"Rage","floor":23},{"not_picked":["Body Slam","Armaments","Dropkick+1"],"picked":"SKIP","floor":27},{"not_picked":["Havoc","Clash+1","Dropkick"],"picked":"SKIP","floor":28},{"not_picked":["True Grit","Body Slam","Dropkick+1"],"picked":"SKIP","floor":29},{"not_picked":["Pommel Strike+1","Fire Breathing+1"],"picked":"Rampage+1","floor":30},{"not_picked":["Iron Wave+1","Shockwave+1","Hemokinesis+1"],"picked":"SKIP","floor":35},{"not_picked":["Dropkick+1","Disarm"],"picked":"Flame Barrier+1","floor":37},{"not_picked":["Ghostly Armor","Pummel+1","Warcry+1"],"picked":"SKIP","floor":39},{"not_picked":["Offering","Rage+1","Iron Wave+1"],"picked":"SKIP","floor":41},{"not_picked":["Combust+1","Uppercut","Seeing Red"],"picked":"SKIP","floor":44},{"not_picked":["Shrug It Off","Warcry+1","Burning Pact+1"],"picked":"SKIP","floor":45},{"not_picked":["Flex","Clothesline+1","Searing Blow"],"picked":"SKIP","floor":46},{"not_picked":["Entrench+1","Iron Wave+1","Perfected Strike+1"],"picked":"SKIP","floor":47}],"player_experience":427371,"relics_obtained":[{"floor":7,"key":"Red Skull"},{"floor":9,"key":"Strawberry"},{"floor":22,"key":"Frozen Egg 2"},{"floor":23,"key":"War Paint"},{"floor":26,"key":"Gremlin Horn"},{"floor":28,"key":"Bottled Lightning"},{"floor":41,"key":"Bag of Preparation"},{"floor":44,"key":"Art of War"},{"floor":47,"key":"Bottled Tornado"}],"event_choices":[{"damage_healed":0,"gold_gain":0,"player_choice":"Got Potions","damage_taken":0,"max_hp_gain":0,"max_hp_loss":0,"event_name":"Lab","floor":5,"gold_loss":0},{"cards_removed":["Decay"],"damage_healed":0,"gold_gain":0,"player_choice":"Purged","damage_taken":0,"max_hp_gain":0,"max_hp_loss":0,"event_name":"Purifier","floor":10,"gold_loss":0},{"damage_healed":0,"gold_gain":0,"player_choice":"Joined the Cult","damage_taken":6,"max_hp_gain":0,"max_hp_loss":0,"event_name":"Nest","floor":20,"gold_loss":0,"cards_obtained":["RitualDagger"]},{"cards_removed":["Strike_R"],"damage_healed":0,"gold_gain":0,"player_choice":"Offered Basic","damage_taken":0,"max_hp_gain":0,"max_hp_loss":0,"event_name":"Bonfire Elementals","floor":36,"gold_loss":0}],"is_beta":false,"boss_relics":[{"not_picked":["Ectoplasm","Velvet Choker"],"picked":"Runic Pyramid"},{"not_picked":["Mark of Pain","Snecko Eye"],"picked":"Tiny House"}],"items_purged_floors":[11,19,38],"is_endless":false,"potions_floor_spawned":[3,7,12,16,18,28,29,41,44,47],"killed_by":"Awakened One","ascension_level":0}}