{"host":"a3oe3gstxz77c7qu","time":1610116315,"event":{"mods":["2.2 Compatiblity","Act Like it!","BaseMod","Bestiary","Better Altar","Better Match","Better Note","Better Skull","Better Third Choice","Block Reminder","Curses Come First","Custom Start","Downfall","Friendly Minions","GifTheSpireLib","Hermit","Infinite Spire","Jorbs\u0027s Wanderer Trilogy","Lobotomy","LobotomyExtend","Marisa????????","Minty Spire (QoL Compilation)","Permanent Neow","Quick Restart","Relic Stats","Replay The Spire","StSLib","The Bug Knight","The Disciple","Uncapped","Wandering Minibosses"],"gold_per_floor":[114,114,131,81,91,91,91,121,198,213,213,231,52,71,71,171,171,171,171,191,173,16,48,48,67,67,95,95,124,124,124],"floor_reached":30,"playtime":2579,"items_purged":["Defend_Br"],"score":372,"play_id":"04fb01ae-7860-44ad-9e39-dde34f53991a","local_time":"20210108143155","is_ascension_mode":true,"campfire_choices":[{"data":"SecondHand","floor":6.0,"key":"SMITH"},{"floor":11.0,"key":"REST"},{"floor":15.0,"key":"DIG"},{"data":"OracleForm","floor":24.0,"key":"SMITH"},{"data":"LockedThread","floor":28.0,"key":"SMITH"}],"circlet_count":0,"master_deck":["Strike_Br","Strike_Br","Strike_Br","Defend_Br","Defend_Br","Defend_Br","SecondHand+1","PatternShift","LockedBlood","LockedAnchor","CrunchTime","ReplayUltimateDefense+1","Allargando","OldTimer+1","MeatLantern","ExoVibe","ResonantCall","LockedThread+1","Scarecrow","OracleForm+1","NakedNest","HandsUpB+1","ReplayTheSpireMod:Book of Names","LockedWarPaint+1"],"relics":["Chronometer","CogitoBucket","RabbitCall","LetterFromLob","Lantern","Replay:Bottled Snecko","TreeSap","Replay:Accelerometer","Velvet Choker","Gaze_r","LaetitiaHeart","Moonlight_r","Vajra","BlueBox","Darkstone Periapt","ReplayTheSpireMod:Ninjato","Omamori"],"acts_visited":["Exordium","TheCity"],"potions_floor_usage":[],"damage_taken":[{"damage":2.0,"enemies":"Jaw Worm","floor":1.0,"turns":5.0},{"damage":0.0,"enemies":"2 Louse","floor":3.0,"turns":3.0},{"damage":3.0,"enemies":"Cultist","floor":5.0,"turns":5.0},{"damage":40.0,"enemies":"3 Sentries","floor":8.0,"turns":20.0},{"damage":9.0,"enemies":"Large Slime","floor":10.0,"turns":14.0},{"damage":6.0,"enemies":"Lots of Slimes","floor":12.0,"turns":11.0},{"damage":3.0,"enemies":"Gremlin Gang","floor":14.0,"turns":4.0},{"damage":23.0,"enemies":"Hexaghost","floor":16.0,"turns":15.0},{"damage":15.0,"enemies":"Chosen","floor":18.0,"turns":7.0},{"damage":0.0,"enemies":"Chosen","floor":18.0,"turns":4.0},{"damage":0.0,"enemies":"Chosen","floor":18.0,"turns":2.0},{"damage":0.0,"enemies":"Chosen","floor":18.0,"turns":3.0},{"damage":0.0,"enemies":"Chosen","floor":20.0,"turns":6.0},{"damage":14.0,"enemies":"2 Thieves","floor":21.0,"turns":4.0},{"damage":0.0,"enemies":"Book of Stabbing","floor":23.0,"turns":5.0},{"damage":2.0,"enemies":"3 Cultists","floor":25.0,"turns":8.0},{"damage":0.0,"enemies":"Slavers","floor":27.0,"turns":5.0},{"damage":10.0,"enemies":"Nightmare","floor":29.0,"turns":10.0},{"damage":2,"enemies":"Centurion and Healer","floor":30,"turns":2}],"seed_played":"6813220804884847644","potions_obtained":[{"floor":8.0,"key":"Venom Potion"},{"floor":12.0,"key":"FearPotion"},{"floor":14.0,"key":"LiquidBronze"},{"floor":16.0,"key":"SpeedPotion"},{"floor":23.0,"key":"Elixir"},{"floor":25.0,"key":"SkillPotion"}],"is_trial":false,"path_per_floor":["M","?","M","?","M","R","?","E","T","M","R","M","$","M","R","B",null,"M","?","M","M","$","E","R","M","T","E","R","NM","M"],"character_chosen":"CHRONO_CLASS","items_purchased":["ReplayUltimateDefense","ResonantCall"],"campfire_rested":1,"item_purchase_floors":[13,22],"current_hp_per_floor":[63,63,65,65,65,65,47,13,13,10,29,29,29,32,32,27,65,38,38,44,34,34,46,46,65,65,65,65,59,57,57],"gold":124,"neow_bonus":"","is_daily":false,"chose_seed":false,"campfire_upgraded":3,"win_rate":0.0,"timestamp":1610116315,"path_taken":["M","?","M","?","M","R","?","E","T","?","R","M","?","M","R","BOSS","M","?","M","?","$","E","R","?","T","E","R","NM","M"],"items_purchased_type":["Card","Card"],"build_version":"2020-12-22","purchased_purges":1,"victory":false,"max_hp_per_floor":[65,65,65,65,65,65,65,65,65,65,65,65,65,65,65,65,65,65,65,65,65,65,65,65,65,65,65,65,65,65,65],"relic_stats":{"Darkstone Periapt":0,"counters":[21,135],"obtain_stats":[{"Darkstone Periapt":26,"RabbitCall":0,"Replay:Accelerometer":15,"Lantern":7,"ReplayTheSpireMod:Ninjato":27,"Velvet Choker":17,"Vajra":19,"Omamori":29,"Gaze_r":18,"Moonlight_r":18,"CogitoBucket":0,"LaetitiaHeart":18,"Chronometer":0,"TreeSap":12,"BlueBox":23,"LetterFromLob":1,"Replay:Bottled Snecko":8},{"Darkstone Periapt":18,"RabbitCall":0,"Replay:Accelerometer":8,"Lantern":3,"ReplayTheSpireMod:Ninjato":19,"Velvet Choker":9,"Vajra":13,"Omamori":20,"Gaze_r":10,"Moonlight_r":13,"CogitoBucket":0,"LaetitiaHeart":10,"Chronometer":0,"TreeSap":7,"BlueBox":16,"LetterFromLob":1,"Replay:Bottled Snecko":4},{"Darkstone Periapt":118,"RabbitCall":0,"Replay:Accelerometer":63,"Lantern":13,"ReplayTheSpireMod:Ninjato":123,"Velvet Choker":78,"Vajra":94,"Omamori":133,"Gaze_r":85,"Moonlight_r":94,"CogitoBucket":0,"LaetitiaHeart":85,"Chronometer":0,"TreeSap":59,"BlueBox":109,"LetterFromLob":5,"Replay:Bottled Snecko":33}]},"card_choices":[{"not_picked":["CrunchTime","WindUp"],"picked":"LockedBlood","floor":1.0},{"not_picked":["Porccubus","Bloodbath","OSAHOGD"],"picked":"Singing Bowl","floor":1.0},{"not_picked":["Scorched","BigBadWolf","OSAHOGD"],"picked":"Singing Bowl","floor":3.0},{"not_picked":["Parity","WindUp","Goo"],"picked":"SKIP","floor":3.0},{"not_picked":["LockedMedicine","Break"],"picked":"LockedAnchor","floor":5.0},{"not_picked":["SingingMachine","Mercenary","Wellcheers"],"picked":"Singing Bowl","floor":5.0},{"not_picked":["GalaxyChild","Scarecrow","BlackSwan"],"picked":"Singing Bowl","floor":8.0},{"not_picked":["VestedLegacy","Goo","Recurrance"],"picked":"SKIP","floor":8.0},{"not_picked":["Echoward","LockedScales"],"picked":"Tempo","floor":10.0},{"not_picked":["ShyLook","MHz","Laetitia"],"picked":"Singing Bowl","floor":10.0},{"not_picked":["LockedTurtyl","TiringSlam"],"picked":"CrunchTime","floor":12.0},{"not_picked":["Mercenary","VoidDream","GalaxyChild"],"picked":"Singing Bowl","floor":12.0},{"not_picked":["Murderer","Scarecrow","FieryBird"],"picked":"Singing Bowl","floor":14.0},{"not_picked":["BiteCommand","Goo","CrunchTime"],"picked":"SKIP","floor":14.0},{"not_picked":["Chronoelasticity","Fragmentalize"],"picked":"OldTimer","floor":16.0},{"not_picked":["WhitesApple","Scarecrow","CherryBlossoms"],"picked":"Singing Bowl","floor":16.0},{"not_picked":["FairyFestival","ShyLook"],"picked":"MeatLantern","floor":16.0},{"not_picked":["Scarecrow","OSAHOGD","BlackSwan"],"picked":"Singing Bowl","floor":20.0},{"not_picked":["LockedAnchor","SlimeSpray","AlternateTimeline"],"picked":"SKIP","floor":20.0},{"not_picked":["ShyLook","VoidDream","HeroicMonk"],"picked":"Singing Bowl","floor":21.0},{"not_picked":["ReapSow","Tempo"],"picked":"ExoVibe","floor":21.0},{"not_picked":["Tempo","OracleForm"],"picked":"LockedThread","floor":23.0},{"not_picked":["Murderer","OldLady","GalaxyChild"],"picked":"Singing Bowl","floor":23.0},{"not_picked":["HappyTeddy","ShyLook","HeroicMonk"],"picked":"Singing Bowl","floor":25.0},{"not_picked":["OldLady","HappyTeddy"],"picked":"NakedNest","floor":25.0},{"not_picked":["Tempo+1","LockedMedicine+1","CrunchTime"],"picked":"SKIP","floor":25.0},{"not_picked":["LockedMedicine+1","Engulf+1"],"picked":"HandsUpB+1","floor":27.0},{"not_picked":["SingingMachine","Yin","Mercenary"],"picked":"Singing Bowl","floor":27.0},{"not_picked":["infinitespire:Oblivion","ReplayTheSpireMod:Echoes of Time"],"picked":"ReplayTheSpireMod:Book of Names","floor":29.0},{"not_picked":["VoidDream","Wellcheers","BigBird"],"picked":"Singing Bowl","floor":29.0},{"not_picked":["LockedScales","BackFourSeconds"],"picked":"LockedWarPaint+1","floor":29.0}],"player_experience":930610,"relics_obtained":[{"floor":1.0,"key":"LetterFromLob"},{"floor":8.0,"key":"Replay:Bottled Snecko"},{"floor":15.0,"key":"Replay:Accelerometer"},{"floor":23.0,"key":"BlueBox"},{"floor":26.0,"key":"Darkstone Periapt"},{"floor":27.0,"key":"ReplayTheSpireMod:Ninjato"},{"floor":29.0,"key":"Omamori"}],"event_choices":[{"cards_removed":["Strike_Br"],"damage_healed":0.0,"max_hp_gain":0.0,"max_hp_loss":0.0,"gold_gain":0.0,"event_name":"The Cleric","player_choice":"Card Removal","floor":4.0,"gold_loss":50.0,"damage_taken":0.0},{"damage_healed":0.0,"max_hp_gain":0.0,"max_hp_loss":0.0,"gold_gain":1.0,"event_name":"betterThird:BetterScrap","player_choice":"Relic ","floor":7.0,"gold_loss":0.0,"damage_taken":18.0,"cards_obtained":["Catalyst"]},{"damage_healed":0.0,"max_hp_gain":0.0,"max_hp_loss":0.0,"gold_gain":0.0,"event_name":"WeMeetAgain","player_choice":"Gave Potion","floor":19.0,"gold_loss":0.0,"damage_taken":0.0,"relics_obtained":["Vajra"]}],"is_beta":false,"boss_relics":[{"not_picked":["Tiny House","Coffee Dripper"],"picked":"Velvet Choker"}],"items_purged_floors":[22],"is_endless":false,"potions_floor_spawned":[8,12,14,16,18,23,25],"killed_by":"Centurion and Healer","ascension_level":2}}