{"host":"wha9hktbkslqvblg","time":1610084544,"event":{"mods":["BaseMod","Colored Map","Minty Spire (QoL Compilation)","Relic Stats","SuperFastMode","everything is the same but u backflip on backflip"],"gold_per_floor":[15,15,15,31,46,46,80,98,98,112,37,53,84,103,103,196,196,220,145,222,222,65,65,83,122,122,137,137,137,37,50,50,144,144,164,164,195,216,549,549,320,346,346,346,116,134,167,182,182,182,182,182,182,42,74,74],"floor_reached":57,"playtime":1958,"items_purged":["Strike_P","Defend_P","Strike_P","Vengeance","JustLucky"],"score":2880,"play_id":"2d37d662-23a3-4303-9961-42e4207dc15e","local_time":"20210108144224","is_ascension_mode":true,"campfire_choices":[{"data":"Eruption","floor":6.0,"key":"SMITH"},{"data":"ConjureBlade","floor":15.0,"key":"SMITH"},{"data":"Adaptation","floor":23.0,"key":"SMITH"},{"data":"Vault","floor":28.0,"key":"SMITH"},{"data":"Halt","floor":32.0,"key":"SMITH"},{"data":"Scrawl","floor":40.0,"key":"SMITH"},{"floor":44.0,"key":"RECALL"},{"data":"WreathOfFlame","floor":49.0,"key":"SMITH"},{"data":"Vault","floor":53.0,"key":"SMITH"}],"circlet_count":0,"master_deck":["AscendersBane","Eruption+1","Vigilance","WheelKick","Halt+1","Adaptation+1","ConjureBlade+1","Vault+1","MentalFortress+1","Vault+1","Adaptation","Scrawl+1","Indignation","WreathOfFlame+1","MentalFortress+1","EmptyBody"],"relics":["PureWater","Lantern","Strawberry","Shuriken","Sozu","TeardropLocket","Orrery","Art of War","Philosopher\u0027s Stone","Ginger","Membership Card","Smiling Mask","The Courier","Bottled Lightning","Bag of Marbles","Pen Nib","Mango"],"acts_visited":["Exordium","TheCity","TheBeyond","TheEnding"],"potions_floor_usage":[56],"damage_taken":[{"damage":0.0,"enemies":"Jaw Worm","floor":1.0,"turns":3.0},{"damage":0.0,"enemies":"Cultist","floor":4.0,"turns":2.0},{"damage":0.0,"enemies":"Small Slimes","floor":5.0,"turns":3.0},{"damage":17.0,"enemies":"3 Sentries","floor":7.0,"turns":5.0},{"damage":0.0,"enemies":"Looter","floor":8.0,"turns":2.0},{"damage":0.0,"enemies":"Large Slime","floor":10.0,"turns":2.0},{"damage":0.0,"enemies":"Blue Slaver","floor":12.0,"turns":2.0},{"damage":0.0,"enemies":"Lagavulin","floor":13.0,"turns":4.0},{"damage":5.0,"enemies":"3 Louse","floor":14.0,"turns":3.0},{"damage":0.0,"enemies":"Slime Boss","floor":16.0,"turns":5.0},{"damage":0.0,"enemies":"Chosen","floor":18.0,"turns":3.0},{"damage":0.0,"enemies":"Shell Parasite","floor":24.0,"turns":5.0},{"damage":9.0,"enemies":"Book of Stabbing","floor":25.0,"turns":6.0},{"damage":1.0,"enemies":"Sentry and Sphere","floor":27.0,"turns":4.0},{"damage":0.0,"enemies":"Snake Plant","floor":31.0,"turns":3.0},{"damage":19.0,"enemies":"Champ","floor":33.0,"turns":6.0},{"damage":7.0,"enemies":"3 Shapes","floor":35.0,"turns":4.0},{"damage":2.0,"enemies":"Mind Bloom Boss Battle","floor":37.0,"turns":4.0},{"damage":0.0,"enemies":"Orb Walker","floor":38.0,"turns":2.0},{"damage":0.0,"enemies":"Reptomancer","floor":42.0,"turns":6.0},{"damage":0.0,"enemies":"3 Darklings","floor":46.0,"turns":2.0},{"damage":2.0,"enemies":"Giant Head","floor":47.0,"turns":3.0},{"damage":0.0,"enemies":"4 Shapes","floor":48.0,"turns":3.0},{"damage":23.0,"enemies":"Awakened One","floor":50.0,"turns":4.0},{"damage":12.0,"enemies":"Donu and Deca","floor":51.0,"turns":5.0},{"damage":14.0,"enemies":"Shield and Spear","floor":55.0,"turns":3.0},{"damage":59,"enemies":"The Heart","floor":56,"turns":8}],"seed_played":"-2309229098733814838","potions_obtained":[{"floor":1.0,"key":"Ambrosia"},{"floor":4.0,"key":"FearPotion"},{"floor":7.0,"key":"FearPotion"},{"floor":10.0,"key":"CultistPotion"},{"floor":16.0,"key":"BlessingOfTheForge"}],"is_trial":false,"path_per_floor":["M","?","?","M","M","R","E","M","T","M","$","M","E","M","R","B",null,"M","?","T","?","$","R","M","E","T","M","R","?","$","M","R","B",null,"M","?","?","M","?","R","$","E","T","R","$","M","E","M","R","B","B",null,"R","$","E","B",null],"character_chosen":"WATCHER","items_purchased":["Orrery","Membership Card","Bottled Lightning","Indignation","WreathOfFlame","Pen Nib","EmptyBody"],"campfire_rested":0,"item_purchase_floors":[22,41,45,45,45,54,54],"current_hp_per_floor":[61,38,38,38,38,38,21,21,28,28,28,28,28,23,23,23,62,62,62,62,58,58,58,58,49,49,48,48,48,48,48,48,29,64,57,57,55,55,55,55,55,55,55,55,55,55,53,53,53,30,18,61,61,61,61,2],"gold":74,"neow_bonus":"REMOVE_TWO","is_daily":false,"chose_seed":false,"campfire_upgraded":8,"win_rate":0.0,"timestamp":1610084544,"path_taken":["M","?","?","M","?","R","E","M","T","M","$","?","E","M","R","BOSS","M","?","?","?","$","R","?","E","T","M","R","?","$","M","R","BOSS","M","?","?","M","?","R","?","E","T","R","$","M","E","M","R","BOSS","BOSS","R","$","E","BOSS"],"items_purchased_type":["Relic","Relic","Relic","Card","Card","Relic","Card"],"build_version":"2020-12-22","purchased_purges":5,"victory":true,"max_hp_per_floor":[68,68,68,68,68,68,68,68,75,75,75,75,75,75,75,75,75,75,75,75,75,75,75,75,75,75,75,75,75,75,75,75,75,75,75,75,75,75,75,75,75,75,75,75,75,75,75,75,75,75,75,75,75,75,89,89],"relic_stats":{"Sozu":7,"counters":[27,102],"Shuriken":[23],"Pen Nib":[1],"Art of War":[2],"Ginger":[2],"Smiling Mask":30,"obtain_stats":[{"Lantern":7,"Golden Idol":2,"Mango":55,"The Courier":43,"Pen Nib":54,"TeardropLocket":20,"Ginger":37,"Smiling Mask":42,"Sozu":17,"Shuriken":13,"Strawberry":9,"Orrery":22,"Philosopher\u0027s Stone":34,"Art of War":25,"Bag of Marbles":47,"Membership Card":41,"Bottled Lightning":45,"PureWater":0},{"Lantern":4,"Golden Idol":1,"Mango":26,"The Courier":20,"Pen Nib":25,"TeardropLocket":11,"Ginger":18,"Smiling Mask":20,"Sozu":10,"Shuriken":8,"Strawberry":5,"Orrery":11,"Philosopher\u0027s Stone":16,"Art of War":13,"Bag of Marbles":22,"Membership Card":19,"Bottled Lightning":20,"PureWater":0},{"Lantern":13,"Golden Idol":3,"Mango":94,"The Courier":74,"Pen Nib":91,"TeardropLocket":34,"Ginger":66,"Smiling Mask":74,"Sozu":31,"Shuriken":23,"Strawberry":15,"Orrery":34,"Philosopher\u0027s Stone":58,"Art of War":45,"Bag of Marbles":79,"Membership Card":68,"Bottled Lightning":74,"PureWater":0}]},"card_choices":[{"not_picked":["EmptyMind","Swivel","EmptyBody"],"picked":"SKIP","floor":1.0},{"not_picked":["Perseverance","Sanctity","Study"],"picked":"SKIP","floor":4.0},{"not_picked":["SashWhip","Conclude"],"picked":"WheelKick","floor":5.0},{"not_picked":["Consecrate","JustLucky","WaveOfTheHand"],"picked":"SKIP","floor":7.0},{"not_picked":["FlyingSleeves","TalkToTheHand","WindmillStrike"],"picked":"SKIP","floor":8.0},{"not_picked":["Pray","FollowUp"],"picked":"Halt","floor":10.0},{"not_picked":["BattleHymn","TalkToTheHand"],"picked":"Adaptation","floor":12.0},{"not_picked":["ReachHeaven","Evaluate","Wireheading"],"picked":"SKIP","floor":13.0},{"not_picked":["ClearTheMind","JustLucky"],"picked":"ConjureBlade","floor":14.0},{"not_picked":["Omniscience","DeusExMachina"],"picked":"Vault","floor":16.0},{"not_picked":["FlurryOfBlows","Swivel"],"picked":"JustLucky","floor":18.0},{"not_picked":["FollowUp","PathToVictory"],"picked":"MentalFortress+1","floor":22.0},{"not_picked":["JustLucky","Halt"],"picked":"Vault","floor":22.0},{"not_picked":["CrushJoints","BowlingBash","Nirvana"],"picked":"SKIP","floor":24.0},{"not_picked":["Halt","ClearTheMind","MasterReality"],"picked":"SKIP","floor":25.0},{"not_picked":["ReachHeaven","BattleHymn","Halt"],"picked":"SKIP","floor":27.0},{"not_picked":["CarveReality","Consecrate"],"picked":"Adaptation","floor":31.0},{"not_picked":["LessonLearned","Alpha"],"picked":"Scrawl","floor":33.0},{"not_picked":["Evaluate+1","FlyingSleeves+1","Protect"],"picked":"SKIP","floor":35.0},{"not_picked":["CrushJoints","Consecrate","CutThroughFate"],"picked":"SKIP","floor":38.0},{"not_picked":["SashWhip","WindmillStrike+1","FollowUp"],"picked":"SKIP","floor":42.0},{"not_picked":["EmptyBody","PathToVictory"],"picked":"MentalFortress+1","floor":46.0},{"not_picked":["Protect","FlurryOfBlows","MasterReality"],"picked":"SKIP","floor":47.0},{"not_picked":["Crescendo+1","Halt","WreathOfFlame+1"],"picked":"SKIP","floor":48.0},{"not_picked":["PathToVictory+1","SashWhip","WaveOfTheHand"],"picked":"SKIP","floor":55.0}],"player_experience":942222,"relics_obtained":[{"floor":7.0,"key":"Lantern"},{"floor":9.0,"key":"Strawberry"},{"floor":13.0,"key":"Shuriken"},{"floor":20.0,"key":"TeardropLocket"},{"floor":25.0,"key":"Art of War"},{"floor":37.0,"key":"Ginger"},{"floor":42.0,"key":"Smiling Mask"},{"floor":43.0,"key":"The Courier"},{"floor":47.0,"key":"Bag of Marbles"},{"floor":55.0,"key":"Mango"}],"event_choices":[{"damage_healed":0.0,"max_hp_gain":0.0,"max_hp_loss":0.0,"gold_gain":0.0,"event_name":"Golden Idol","player_choice":"Take Damage","floor":2.0,"gold_loss":0.0,"damage_taken":23.0,"relics_obtained":["Golden Idol"]},{"damage_healed":0.0,"max_hp_gain":0.0,"max_hp_loss":0.0,"gold_gain":0.0,"cards_transformed":["Defend_P"],"event_name":"Transmorgrifier","player_choice":"Transformed","floor":3.0,"gold_loss":0.0,"damage_taken":0.0,"cards_obtained":["Vengeance"]},{"cards_removed":["Strike_P"],"damage_healed":0.0,"max_hp_gain":0.0,"max_hp_loss":0.0,"gold_gain":0.0,"event_name":"Beggar","player_choice":"Gave Gold","floor":19.0,"gold_loss":75.0,"damage_taken":0.0},{"damage_healed":0.0,"max_hp_gain":0.0,"max_hp_loss":0.0,"gold_gain":0.0,"event_name":"The Woman in Blue","player_choice":"Bought 0 Potions","floor":21.0,"gold_loss":0.0,"damage_taken":0.0},{"damage_healed":0.0,"max_hp_gain":0.0,"max_hp_loss":0.0,"gold_gain":0.0,"event_name":"Cursed Tome","player_choice":"Ignored","floor":29.0,"gold_loss":0.0,"damage_taken":0.0},{"cards_removed":["Defend_P"],"damage_healed":0.0,"max_hp_gain":0.0,"max_hp_loss":0.0,"gold_gain":0.0,"event_name":"Falling","player_choice":"Removed Skill","floor":36.0,"gold_loss":0.0,"damage_taken":0.0},{"damage_healed":0.0,"max_hp_gain":0.0,"max_hp_loss":0.0,"gold_gain":0.0,"event_name":"MindBloom","player_choice":"Fight","floor":37.0,"gold_loss":0.0,"damage_taken":0.0},{"damage_healed":0.0,"max_hp_gain":0.0,"max_hp_loss":0.0,"gold_gain":333.0,"event_name":"The Moai Head","player_choice":"Gave Idol","floor":39.0,"relics_lost":["Golden Idol"],"gold_loss":0.0,"damage_taken":0.0}],"is_beta":false,"boss_relics":[{"not_picked":["Black Star","Tiny House"],"picked":"Sozu"},{"not_picked":["Runic Dome","Pandora\u0027s Box"],"picked":"Philosopher\u0027s Stone"}],"items_purged_floors":[11,30,41,45,54],"is_endless":false,"potions_floor_spawned":[1,4,7,10,16,24,25,38,46,47,48,55],"ascension_level":20}}