{"host":"ig7tc0uedzltt2sr","time":1610066403,"event":{"mods":["BaseMod","Better Twitch Integration","Block Reminder","Colored Map","Colored Powertips","Communication Mod","Current Relic Mod","GifTheSpireLib","HexUI Lib","Minty Spire (QoL Compilation)","Quick Restart","Random Character Button","Rare Cards Sparkle","Relic Sorter","Relic Stats","Slay the Relics Exporter","StSLib","SuperFastMode","Synergy Search","Twitch Decklist","Twitch Utils","everything is the same but u backflip on backflip","slay the spire mod where everything is the same but ironclad has a cowboy hat"],"gold_per_floor":[111,111,126,126,145,145,145],"floor_reached":6,"playtime":57,"items_purged":[],"score":38,"play_id":"6e3e1bbf-62a6-4c64-8a3b-07f3f57b0855","local_time":"20210107164003","is_ascension_mode":false,"campfire_choices":[],"circlet_count":0,"master_deck":["Strike_R","Strike_R","Strike_R","Strike_R","Strike_R","Defend_R","Defend_R","Defend_R","Defend_R","Bash","Seeing Red","Armaments","Clash"],"relics":["Burning Blood"],"acts_visited":["Exordium"],"potions_floor_usage":[],"damage_taken":[{"damage":32,"enemies":"Cultist","floor":1,"turns":8},{"damage":6,"enemies":"Jaw Worm","floor":2,"turns":2},{"damage":16,"enemies":"2 Louse","floor":3,"turns":4},{"damage":20,"enemies":"Blue Slaver","floor":5,"turns":9},{"damage":54,"enemies":"Gremlin Nob","floor":6,"turns":4}],"seed_played":"-476494936506306283","potions_obtained":[{"floor":1,"key":"SmokeBomb"}],"is_trial":false,"path_per_floor":["M","M","M","?","M","E"],"character_chosen":"IRONCLAD","items_purchased":[],"campfire_rested":0,"item_purchase_floors":[],"current_hp_per_floor":[62,62,52,52,38,0,0],"gold":145,"neow_bonus":"TEN_PERCENT_HP_BONUS","is_daily":false,"chose_seed":false,"campfire_upgraded":0,"win_rate":0.0,"timestamp":1610066403,"path_taken":["M","M","M","?","M","E"],"items_purchased_type":[],"build_version":"2020-12-22","purchased_purges":0,"victory":false,"max_hp_per_floor":[88,88,88,88,88,88,88],"relic_stats":{"counters":[5,27],"obtain_stats":[{"Burning Blood":0},{"Burning Blood":0},{"Burning Blood":0}],"Burning Blood":24},"card_choices":[{"not_picked":["Inflame","Clothesline"],"picked":"Seeing Red","floor":1},{"not_picked":["True Grit","Carnage"],"picked":"Armaments","floor":3},{"not_picked":["Perfected Strike","Pommel Strike"],"picked":"Clash","floor":5}],"player_experience":1464449,"relics_obtained":[],"event_choices":[{"damage_healed":0,"gold_gain":0,"player_choice":"Ignored","damage_taken":0,"max_hp_gain":0,"max_hp_loss":0,"event_name":"Upgrade Shrine","floor":4,"gold_loss":0}],"is_beta":false,"boss_relics":[],"items_purged_floors":[],"is_endless":false,"potions_floor_spawned":[1],"killed_by":"Gremlin Nob","ascension_level":0}}