{"host":"qdfumeom6htv8yxl","time":1610120520,"event":{"mods":["AchievementEnabler","BaseMod","Bestiary","Block Reminder","Minty Spire (QoL Compilation)","Quick Restart","Relic Stats"],"gold_per_floor":[109,34,34,34,46,46,79,79,105,63,63,97,97,114,114,114,114],"floor_reached":16,"playtime":406,"items_purged":["Strike_G"],"score":262,"play_id":"820439b6-3c5f-4fdb-aa91-4dbf4798320a","local_time":"20210108094200","is_ascension_mode":true,"campfire_choices":[{"data":"Crippling Poison","floor":6,"key":"SMITH"},{"data":"Choke","floor":8,"key":"SMITH"},{"floor":11,"key":"REST"},{"floor":13,"key":"REST"},{"data":"Bouncing Flask","floor":15,"key":"SMITH"}],"circlet_count":0,"master_deck":["AscendersBane","Strike_G","Strike_G","Strike_G","Defend_G","Defend_G","Defend_G","Defend_G","Defend_G","Survivor","Neutralize","Bouncing Flask+1","Crippling Poison+1","Choke+1","Accuracy"],"relics":["Ring of the Snake","NeowsBlessing","Toy Ornithopter","Sundial","Pen Nib","CaptainsWheel"],"acts_visited":["Exordium"],"potions_floor_usage":[12,16],"damage_taken":[{"damage":0,"enemies":"2 Louse","floor":1,"turns":1},{"damage":0,"enemies":"Small Slimes","floor":5,"turns":1},{"damage":0,"enemies":"Lagavulin","floor":7,"turns":1},{"damage":47,"enemies":"Gremlin Nob","floor":12,"turns":5},{"damage":2,"enemies":"Jaw Worm","floor":14,"turns":4},{"damage":0,"enemies":"The Guardian","floor":16,"turns":2}],"seed_played":"67334677303628407","potions_obtained":[{"floor":1,"key":"CunningPotion"},{"floor":7,"key":"SmokeBomb"},{"floor":12,"key":"ColorlessPotion"}],"is_trial":false,"path_per_floor":["M","$","?","?","M","R","E","R","T","$","R","E","R","M","R","B"],"character_chosen":"THE_SILENT","items_purchased":["Accuracy"],"campfire_rested":2,"item_purchase_floors":[10],"current_hp_per_floor":[59,59,41,34,34,34,34,34,34,34,53,11,30,28,28,33,33],"gold":114,"neow_bonus":"THREE_ENEMY_KILL","is_daily":false,"chose_seed":false,"campfire_upgraded":3,"win_rate":0.0,"timestamp":1610120520,"path_taken":["M","$","?","?","M","R","E","R","T","$","R","E","R","M","R","BOSS"],"items_purchased_type":["Card"],"build_version":"2020-12-22","purchased_purges":1,"victory":false,"max_hp_per_floor":[66,66,66,66,66,66,66,66,66,66,66,66,66,66,66,66,66],"relic_stats":{"counters":[6,14],"Sundial":[2],"Pen Nib":[1],"obtain_stats":[{"CaptainsWheel":12,"NeowsBlessing":0,"Sundial":7,"Pen Nib":9,"Toy Ornithopter":3,"Ring of the Snake":0},{"CaptainsWheel":4,"NeowsBlessing":0,"Sundial":3,"Pen Nib":3,"Toy Ornithopter":1,"Ring of the Snake":0},{"CaptainsWheel":8,"NeowsBlessing":0,"Sundial":3,"Pen Nib":3,"Toy Ornithopter":1,"Ring of the Snake":0}],"Toy Ornithopter":10,"Ring of the Snake":[12]},"card_choices":[{"not_picked":["Sucker Punch","Deflect"],"picked":"Bouncing Flask","floor":1},{"not_picked":["Distraction","Escape Plan"],"picked":"Crippling Poison","floor":5},{"not_picked":["Blade Dance","Slice"],"picked":"Choke","floor":7},{"not_picked":["Setup","Dash","Endless Agony"],"picked":"SKIP","floor":12},{"not_picked":["Dagger Spray","Expertise","Slice"],"picked":"SKIP","floor":14}],"player_experience":1737662,"relics_obtained":[{"floor":7,"key":"Sundial"},{"floor":9,"key":"Pen Nib"},{"floor":12,"key":"CaptainsWheel"}],"event_choices":[{"damage_healed":0,"gold_gain":0,"player_choice":"Success","damage_taken":18,"relics_obtained":["Toy Ornithopter"],"max_hp_gain":0,"max_hp_loss":0,"event_name":"Scrap Ooze","floor":3,"gold_loss":0},{"cards_removed":["Strike_G"],"damage_healed":0,"gold_gain":0,"player_choice":"Card Removal","damage_taken":7,"max_hp_gain":0,"max_hp_loss":0,"event_name":"Golden Wing","floor":4,"gold_loss":0}],"is_beta":false,"boss_relics":[],"items_purged_floors":[2],"is_endless":false,"potions_floor_spawned":[1,7,12],"killed_by":"The Guardian","ascension_level":20}}