{"host":"g0kvl32a5uvdvg3r","time":1610148864,"event":{"mods":["BaseMod","Hermit","Minty Spire (QoL Compilation)","Replay The Spire","Shop Mod","StSLib"],"gold_per_floor":[144,189,234,279,324,414,459,459,484,574,619,709,709,709,709,1009,1159,1204,1204,1249,1294,562,562,652,652,677,767,417,462,462,462,462,762,762,807,807,207,252,252,342,387,432,432,477,122,122,122,221,221,221,221],"floor_reached":50,"playtime":4851,"items_purged":["Decay","Regret"],"score":762,"play_id":"83bbc8cb-b438-4552-891e-a54b63b06853","local_time":"20210108233424","daily_mods":["Draft","ControlledChaos","Midas"],"is_ascension_mode":false,"campfire_choices":[{"floor":15,"key":"REST"},{"floor":23,"key":"REST"},{"floor":25,"key":"REST"},{"floor":32,"key":"REST"},{"floor":46,"key":"REST"},{"floor":49,"key":"REST"}],"circlet_count":0,"master_deck":["Blur","Calculated Gamble","Backflip","Flying Knee","Underhanded Strike","Blade Dance","Replay:Poison Smokescreen","Leg Sweep","Blur","All Out Attack","All Out Attack","Blur","Blade Dance","Cloak And Dagger+1","Prepared","Sneak Up","Backstab","Slice","Bullet Time","Choke+1","Pot Of Greed","Pot Of Greed","Masterful Stab","Burst","Blade Dance","Pot Of Greed","Deflect","Dash","Panache","ReplayTheSpireMod:Scrap Shanks","Panache","Storm of Steel","Quick Slash+1","Slice","Doppelganger","Pain","Adrenaline","Pot Of Greed","Deflect","Dash+1","Prepared+1"],"relics":["Ring of the Snake","Frozen Eye","Mirror","Grinning Jar","HornCleat","Replay:Accelerometer","Turnip","Tiny House","Gremlin Horn","DollysMirror","InkBottle","PreservedInsect","Divine Protection","Bottled Lightning","HoveringKite","Potion Belt","ClockworkSouvenir","Pocketwatch","WarpedTongs","Bag of Preparation","Bottled Flame","Shovel","CeramicFish"],"acts_visited":["Exordium","TheCity","TheBeyond"],"potions_floor_usage":[10,16,24,24,38,50,50,50,50],"damage_taken":[{"damage":0,"enemies":"2 Louse","floor":1,"turns":2},{"damage":0,"enemies":"Small Slimes","floor":2,"turns":3},{"damage":0,"enemies":"Jaw Worm","floor":3,"turns":4},{"damage":4,"enemies":"Gremlin Gang","floor":4,"turns":2},{"damage":0,"enemies":"2 Fungi Beasts","floor":5,"turns":2},{"damage":6,"enemies":"Replay:BlueRogue","floor":6,"turns":5},{"damage":2,"enemies":"3 Louse","floor":7,"turns":2},{"damage":14,"enemies":"Lagavulin","floor":10,"turns":5},{"damage":0,"enemies":"Blue Slaver","floor":11,"turns":2},{"damage":0,"enemies":"Replay:BlueRogue","floor":12,"turns":5},{"damage":26,"enemies":"The Guardian","floor":16,"turns":9},{"damage":1,"enemies":"Chosen","floor":18,"turns":3},{"damage":2,"enemies":"Shell Parasite","floor":20,"turns":4},{"damage":2,"enemies":"Sentry and Sphere","floor":21,"turns":6},{"damage":3,"enemies":"Slavers","floor":24,"turns":4},{"damage":1,"enemies":"Gremlin Leader","floor":27,"turns":4},{"damage":0,"enemies":"Shelled Parasite and Fungi","floor":29,"turns":4},{"damage":36,"enemies":"Automaton","floor":33,"turns":9},{"damage":0,"enemies":"3 Shapes","floor":35,"turns":2},{"damage":1,"enemies":"3 Darklings","floor":38,"turns":3},{"damage":43,"enemies":"Giant Head","floor":40,"turns":7},{"damage":0,"enemies":"Writhing Mass","floor":41,"turns":4},{"damage":0,"enemies":"4 Shapes","floor":42,"turns":1},{"damage":0,"enemies":"Jaw Worm Horde","floor":44,"turns":2},{"damage":21,"enemies":"Nemesis","floor":48,"turns":3},{"damage":74,"enemies":"Awakened One","floor":50,"turns":9}],"seed_played":"-6062085814737979882","potions_obtained":[{"floor":1,"key":"PowerPotion"},{"floor":2,"key":"Regen Potion"},{"floor":11,"key":"AttackPotion"},{"floor":16,"key":"Regen Potion"},{"floor":17,"key":"BlessingOfTheForge"},{"floor":18,"key":"Strength Potion"},{"floor":33,"key":"Swift Potion"},{"floor":36,"key":"Cursed Concoction"},{"floor":40,"key":"Ancient Potion"},{"floor":42,"key":"FearPotion"},{"floor":44,"key":"SmokeBomb"}],"is_trial":false,"path_per_floor":["M","M","M","M","M","E","M","?","T","E","M","E","?","?","R","B",null,"M","?","M","M","$","R","E","R","T","E","$","M","?","?","R","B",null,"M","?","$","M","?","E","M","M","T","M","$","R","$","E","R","B"],"character_chosen":"THE_SILENT","items_purchased":["Gremlin Horn","Panache","ReplayTheSpireMod:Scrap Shanks","DollysMirror","Bottled Lightning","Potion Belt","ClockworkSouvenir","Pocketwatch","Dash+1","Shovel"],"campfire_rested":6,"item_purchase_floors":[22,22,22,22,28,37,37,37,45,45],"current_hp_per_floor":[70,70,70,66,66,60,58,58,58,44,44,44,44,44,65,39,75,74,74,72,70,70,75,72,75,75,74,74,74,74,74,75,39,75,75,75,75,74,74,31,31,31,31,31,31,53,53,32,54,0,0],"gold":221,"neow_bonus":"","is_daily":true,"chose_seed":false,"campfire_upgraded":0,"win_rate":0.0,"timestamp":1610148864,"path_taken":["M","M","M","M","M","E","M","?","T","E","M","E","?","?","R","BOSS","M","?","M","M","$","R","E","R","T","E","$","?","?","?","R","BOSS","M","?","?","M","?","E","M","?","T","M","$","R","$","E","R","BOSS"],"items_purchased_type":["Relic","Card","Card","Relic","Relic","Relic","Relic","Relic","Card","Relic"],"build_version":"2020-12-22","purchased_purges":2,"victory":false,"max_hp_per_floor":[70,70,70,70,70,70,70,70,70,70,70,70,70,70,70,70,75,75,75,75,75,75,75,75,75,75,75,75,75,75,75,75,75,75,75,75,75,75,75,75,75,75,75,75,75,75,75,75,75,75,75],"card_choices":[{"not_picked":["Quick Slash","Infinite Blades"],"picked":"Blur","floor":0},{"not_picked":["Dodge and Roll","Deadly Poison"],"picked":"Calculated Gamble","floor":0},{"not_picked":["Dagger Throw","Bane"],"picked":"Backflip","floor":0},{"not_picked":["Hidden Blade","Deadly Poison"],"picked":"Flying Knee","floor":0},{"not_picked":["Reflex","Blade Dance"],"picked":"Underhanded Strike","floor":0},{"not_picked":["Poisoned Stab","Catalyst"],"picked":"Blade Dance","floor":0},{"not_picked":["Deflect","Dagger Spray"],"picked":"Replay:Poison Smokescreen","floor":0},{"not_picked":["Dagger Spray","Finisher"],"picked":"Leg Sweep","floor":0},{"not_picked":["Dodge and Roll","Escape Plan"],"picked":"Blur","floor":0},{"not_picked":["Backflip","Leg Sweep"],"picked":"Distraction","floor":0},{"not_picked":["Poisoned Stab","Catalyst"],"picked":"All Out Attack","floor":0},{"not_picked":["Sucker Punch","Escape Plan"],"picked":"All Out Attack","floor":0},{"not_picked":["PiercingWail","Flechettes"],"picked":"Blur","floor":0},{"not_picked":["Flying Knee","Dagger Spray"],"picked":"Blade Dance","floor":0},{"not_picked":["Concentrate","Poisoned Stab"],"picked":"Cloak And Dagger","floor":0},{"not_picked":["Deflect","PiercingWail"],"picked":"Prepared","floor":1},{"not_picked":["Heel Hook","Poisoned Stab"],"picked":"Sneak Up","floor":2},{"not_picked":["Sneak Up","Bane","ReplayTheSpireMod:Shiv Toss"],"picked":"SKIP","floor":3},{"not_picked":["Outmaneuver","Underhanded Strike"],"picked":"Backstab","floor":4},{"not_picked":["Replay:Poison Smokescreen","Backflip"],"picked":"Slice","floor":5},{"not_picked":["ReplayTheSpireMod:Speed Training","Backflip"],"picked":"Bullet Time","floor":6},{"not_picked":["Dodge and Roll","Backflip","Predator"],"picked":"SKIP","floor":7},{"not_picked":["Sucker Punch","Hidden Blade"],"picked":"Masterful Stab","floor":10},{"not_picked":["Quick Slash","Setup","Backflip"],"picked":"SKIP","floor":11},{"not_picked":["Flechettes","Sucker Punch","Tactician"],"picked":"SKIP","floor":12},{"not_picked":["Replay:Bag of Tricks","Malaise"],"picked":"Burst","floor":16},{"not_picked":["All Out Attack+1","Cloak And Dagger"],"picked":"Blade Dance","floor":18},{"not_picked":["Hidden Blade","Bane"],"picked":"Deflect","floor":20},{"not_picked":["Well Laid Plans","Sucker Punch"],"picked":"Dash","floor":21},{"not_picked":["Poisoned Stab+1","Acrobatics"],"picked":"Storm of Steel","floor":24},{"not_picked":["Outmaneuver+1","All Out Attack"],"picked":"Quick Slash+1","floor":27},{"not_picked":["Dagger Spray","All Out Attack"],"picked":"Slice","floor":29},{"not_picked":["Envenom","Poison Darts"],"picked":"Doppelganger","floor":33},{"not_picked":["Dodge and Roll","Deflect","Slice"],"picked":"SKIP","floor":35},{"not_picked":["Sucker Punch","Dagger Throw","Toxin Wave"],"picked":"SKIP","floor":38},{"not_picked":["Poisoned Stab+1","Distraction+1"],"picked":"Adrenaline","floor":40},{"not_picked":["Quick Slash+1","Prepared","Setup"],"picked":"SKIP","floor":41},{"not_picked":["Accuracy","Dagger Spray+1"],"picked":"Deflect","floor":42},{"not_picked":["Expertise+1","Eviscerate+1","Noxious Fumes+1"],"picked":"SKIP","floor":44},{"not_picked":["Backflip+1","Acrobatics+1"],"picked":"Prepared+1","floor":48}],"player_experience":1134109,"relics_obtained":[{"floor":6,"key":"Mirror"},{"floor":9,"key":"Grinning Jar"},{"floor":10,"key":"HornCleat"},{"floor":12,"key":"Replay:Accelerometer"},{"floor":24,"key":"InkBottle"},{"floor":26,"key":"PreservedInsect"},{"floor":27,"key":"Divine Protection"},{"floor":40,"key":"Bag of Preparation"},{"floor":43,"key":"Bottled Flame"},{"floor":48,"key":"CeramicFish"}],"event_choices":[{"damage_healed":0,"gold_gain":0,"player_choice":"Box","damage_taken":0,"relics_obtained":["Turnip"],"max_hp_gain":0,"max_hp_loss":0,"event_name":"Big Fish","floor":14,"gold_loss":0,"cards_obtained":["Regret"]},{"damage_healed":0,"gold_gain":0,"player_choice":"Cursed","damage_taken":0,"max_hp_gain":0,"max_hp_loss":0,"event_name":"Wheel of Change","floor":19,"gold_loss":0,"cards_obtained":["Decay"]},{"damage_healed":0,"gold_gain":0,"player_choice":"Ignored","damage_taken":0,"max_hp_gain":0,"max_hp_loss":0,"event_name":"Vampires","floor":30,"gold_loss":0},{"damage_healed":0,"gold_gain":0,"player_choice":"Ignored","damage_taken":0,"max_hp_gain":0,"max_hp_loss":0,"event_name":"Ghosts","floor":31,"gold_loss":0},{"damage_healed":0,"gold_gain":0,"player_choice":"Got Potions","damage_taken":0,"max_hp_gain":0,"max_hp_loss":0,"event_name":"Lab","floor":36,"gold_loss":0},{"damage_healed":0,"gold_gain":0,"player_choice":"Rummage","damage_taken":0,"relics_obtained":["WarpedTongs"],"max_hp_gain":0,"max_hp_loss":0,"event_name":"Accursed Blacksmith","floor":39,"gold_loss":0,"cards_obtained":["Pain"]}],"is_beta":false,"boss_relics":[{"not_picked":["Honey Jar","Painkiller Herb"],"picked":"Tiny House"},{"not_picked":["Runic Dome","ChewingGum"],"picked":"HoveringKite"}],"items_purged_floors":[22,28],"is_endless":false,"potions_floor_spawned":[1,2,11,16,18,20,33,40,42,44],"killed_by":"Awakened One","ascension_level":0}}