{"host":"17trt2gvjgnh9jmc","time":1610116184,"event":{"mods":["AchievementEnabler","BaseMod","Bestiary","Colored Map","Minty Spire (QoL Compilation)","Relic Stats"],"gold_per_floor":[116,135,135,135,151,151,179,196,248,277,277,308,191,202,202,298,298,316,333,333,7,20,50,50,79,79,79,79,95,95,130,130,130,130],"floor_reached":33,"playtime":10589,"items_purged":["Defend_R"],"score":339,"play_id":"282d61d4-7362-452a-a032-4e377f2a9eda","local_time":"20210108152944","is_ascension_mode":true,"campfire_choices":[{"data":"Armaments","floor":6,"key":"SMITH"},{"floor":11,"key":"REST"},{"data":"Havoc","floor":15,"key":"SMITH"},{"data":"True Grit","floor":24,"key":"SMITH"},{"data":"Thinking Ahead","floor":27,"key":"SMITH"},{"data":"Carnage","floor":30,"key":"SMITH"},{"data":"Havoc","floor":32,"key":"SMITH"}],"circlet_count":0,"master_deck":["Strike_R","Strike_R+1","Defend_R","Defend_R","Bash+1","Havoc+1","Carnage+1","Armaments+1","Dark Embrace","Shockwave","Uppercut+1","Dropkick+1","Headbutt+1","Bludgeon+1","Rampage+1","Clash+1","Flex","Exhume","True Grit+1","Thinking Ahead+1","Sever Soul+1","Iron Wave+1","Wild Strike+1","Havoc+1"],"relics":["Burning Blood","Molten Egg 2","Whetstone","Bronze Scales","Ancient Tea Set","Omamori","Cursed Key","Lantern","Paper Frog","Regal Pillow","Sundial"],"acts_visited":["Exordium","TheCity"],"potions_floor_usage":[16,23,33],"damage_taken":[{"damage":0,"enemies":"Small Slimes","floor":1,"turns":4},{"damage":5,"enemies":"Jaw Worm","floor":2,"turns":5},{"damage":1,"enemies":"Cultist","floor":5,"turns":4},{"damage":34,"enemies":"Lagavulin","floor":7,"turns":7},{"damage":11,"enemies":"Large Slime","floor":8,"turns":5},{"damage":23,"enemies":"3 Sentries","floor":10,"turns":8},{"damage":10,"enemies":"Lagavulin","floor":12,"turns":7},{"damage":3,"enemies":"Exordium Thugs","floor":14,"turns":4},{"damage":35,"enemies":"The Guardian","floor":16,"turns":7},{"damage":13,"enemies":"3 Byrds","floor":18,"turns":3},{"damage":6,"enemies":"Chosen","floor":19,"turns":2},{"damage":10,"enemies":"Shelled Parasite and Fungi","floor":22,"turns":2},{"damage":61,"enemies":"Slavers","floor":23,"turns":5},{"damage":6,"enemies":"Book of Stabbing","floor":25,"turns":3},{"damage":0,"enemies":"Chosen and Byrds","floor":29,"turns":2},{"damage":12,"enemies":"Slavers","floor":31,"turns":3},{"damage":58,"enemies":"Automaton","floor":33,"turns":6}],"seed_played":"-7864919832321317566","potions_obtained":[{"floor":1,"key":"Explosive Potion"},{"floor":8,"key":"Dexterity Potion"},{"floor":10,"key":"Regen Potion"},{"floor":16,"key":"BloodPotion"},{"floor":18,"key":"Explosive Potion"},{"floor":23,"key":"SteroidPotion"},{"floor":31,"key":"BloodPotion"}],"is_trial":false,"path_per_floor":["M","M","?","?","M","R","E","M","T","E","R","E","?","M","R","B",null,"M","M","?","$","M","E","R","E","T","R","?","M","R","E","R","B"],"character_chosen":"IRONCLAD","items_purchased":["True Grit","Thinking Ahead","Sever Soul+1"],"campfire_rested":1,"item_purchase_floors":[21,21,21],"current_hp_per_floor":[88,88,81,81,86,86,58,53,53,36,62,58,58,61,61,46,88,81,81,81,81,77,39,39,39,39,39,39,45,45,39,39,0,0],"gold":130,"neow_bonus":"TEN_PERCENT_HP_BONUS","is_daily":false,"chose_seed":false,"campfire_upgraded":6,"win_rate":0.0,"timestamp":1610116184,"path_taken":["M","M","?","?","M","R","E","?","T","E","R","E","?","M","R","BOSS","M","M","?","$","M","E","R","E","T","R","?","?","R","E","R","BOSS"],"items_purchased_type":["Card","Card","Card"],"build_version":"2020-12-22","purchased_purges":1,"victory":false,"max_hp_per_floor":[88,88,88,88,88,88,88,88,88,88,88,88,88,88,88,88,88,88,88,88,88,88,88,88,88,88,88,88,88,88,88,88,88,88],"relic_stats":{"Regal Pillow":0,"counters":[17,77],"Sundial":[0],"Bronze Scales":[149],"Whetstone":["Strike_R","Bash"],"Cursed Key":1,"obtain_stats":[{"Lantern":23,"Regal Pillow":26,"Sundial":31,"Bronze Scales":10,"Molten Egg 2":7,"Omamori":13,"Whetstone":9,"Ancient Tea Set":12,"Cursed Key":17,"Burning Blood":0,"Paper Frog":25},{"Lantern":13,"Regal Pillow":14,"Sundial":16,"Bronze Scales":6,"Molten Egg 2":4,"Omamori":7,"Whetstone":5,"Ancient Tea Set":7,"Cursed Key":9,"Burning Blood":0,"Paper Frog":14},{"Lantern":63,"Regal Pillow":66,"Sundial":71,"Bronze Scales":33,"Molten Egg 2":20,"Omamori":40,"Whetstone":25,"Ancient Tea Set":40,"Cursed Key":51,"Burning Blood":0,"Paper Frog":66}],"Burning Blood":89},"card_choices":[{"not_picked":["Rupture","Second Wind"],"picked":"Havoc","floor":1},{"not_picked":["Sword Boomerang","Armaments"],"picked":"Carnage","floor":2},{"not_picked":["Bloodletting","Sword Boomerang"],"picked":"Armaments","floor":5},{"not_picked":["Pommel Strike+1","Clothesline+1"],"picked":"Dark Embrace","floor":7},{"not_picked":["Fire Breathing","Infernal Blade"],"picked":"Shockwave","floor":8},{"not_picked":["Armaments","Evolve"],"picked":"Uppercut+1","floor":10},{"not_picked":["Reckless Charge+1","Bludgeon+1"],"picked":"Dropkick+1","floor":12},{"not_picked":["Shrug It Off","Disarm"],"picked":"Headbutt+1","floor":14},{"not_picked":["Barricade","Offering"],"picked":"Bludgeon+1","floor":16},{"not_picked":["Havoc","Entrench+1"],"picked":"Rampage+1","floor":18},{"not_picked":["Heavy Blade+1","Whirlwind+1"],"picked":"Clash+1","floor":19},{"not_picked":["Body Slam+1","Thunderclap+1"],"picked":"Iron Wave+1","floor":22},{"not_picked":["Twin Strike+1","Metallicize"],"picked":"Wild Strike+1","floor":23},{"not_picked":["Wild Strike+1","Sever Soul+1","Twin Strike+1"],"picked":"SKIP","floor":25},{"not_picked":["Demon Form","Armaments","Bloodletting"],"picked":"SKIP","floor":29},{"not_picked":["Sentinel","Pommel Strike+1"],"picked":"Havoc","floor":31}],"player_experience":387509,"relics_obtained":[{"floor":7,"key":"Molten Egg 2"},{"floor":9,"key":"Whetstone"},{"floor":10,"key":"Bronze Scales"},{"floor":12,"key":"Ancient Tea Set"},{"floor":23,"key":"Lantern"},{"floor":25,"key":"Paper Frog"},{"floor":26,"key":"Regal Pillow"},{"floor":31,"key":"Sundial"}],"event_choices":[{"cards_removed":["Strike_R"],"damage_healed":0,"gold_gain":0,"player_choice":"Card Removal","damage_taken":7,"max_hp_gain":0,"max_hp_loss":0,"event_name":"Golden Wing","floor":3,"gold_loss":0},{"cards_removed":["Defend_R"],"damage_healed":0,"gold_gain":0,"player_choice":"Purged","damage_taken":0,"max_hp_gain":0,"max_hp_loss":0,"event_name":"Purifier","floor":4,"gold_loss":0},{"damage_healed":0,"gold_gain":0,"player_choice":"Paid Gold","damage_taken":0,"relics_obtained":["Omamori"],"max_hp_gain":0,"max_hp_loss":0,"event_name":"WeMeetAgain","floor":13,"gold_loss":117},{"damage_healed":0,"gold_gain":0,"cards_transformed":["Strike_R","Strike_R"],"player_choice":"Became Test Subject","damage_taken":0,"max_hp_gain":0,"max_hp_loss":0,"event_name":"Drug Dealer","floor":20,"gold_loss":0,"cards_obtained":["Flex","Exhume"]},{"damage_healed":0,"gold_gain":0,"player_choice":"Relic","damage_taken":0,"max_hp_gain":0,"max_hp_loss":0,"event_name":"Wheel of Change","floor":28,"gold_loss":0}],"is_beta":false,"boss_relics":[{"not_picked":["Ectoplasm","Busted Crown"],"picked":"Cursed Key"}],"items_purged_floors":[21],"is_endless":false,"potions_floor_spawned":[1,8,10,16,18,22,23,31],"killed_by":"Automaton","ascension_level":1}}