{"host":"a4s27ghlnr83kbqz","time":1610112154,"event":{"mods":["AchievementEnabler","BaseMod","Colored Map","Minty Spire (QoL Compilation)","Permanent Neow","SuperFastMode"],"gold_per_floor":[116,116,136,211,10,43,43,55,128,142,142,142,142,175,175,247,247,259,209,124,124,136,163,163,173,173,200,215,229,329,340,340,340,340],"floor_reached":33,"playtime":977,"items_purged":["Strike_R","Defend_R"],"score":690,"play_id":"bb5fc8db-d3e2-4789-aef4-93a9d65e36aa","local_time":"20210108212234","is_ascension_mode":true,"campfire_choices":[{"data":"Wild Strike","floor":11,"key":"SMITH"},{"data":"Bash","floor":13,"key":"SMITH"},{"data":"Disarm","floor":15,"key":"SMITH"},{"floor":24,"key":"REST"},{"floor":32,"key":"REST"}],"circlet_count":0,"master_deck":["AscendersBane","Defend_R","Defend_R","Defend_R","Bash+1","Battle Trance","Wild Strike+1","Rampage","Offering","Disarm+1","Carnage","Impervious","Sever Soul+1","Exhume+1","Burning Pact+1","Armaments","Corruption","Feel No Pain"],"relics":["Burning Blood","NeowsBlessing","Vajra","Membership Card","Sundial","White Beast Statue","FaceOfCleric","Matryoshka","Astrolabe","Paper Frog","Smiling Mask","Strawberry","Calipers","Gambling Chip","CaptainsWheel","Bottled Lightning"],"acts_visited":["Exordium","TheCity"],"potions_floor_usage":[10,22,22,23,25,27,28,29,30,33,33],"damage_taken":[{"damage":0,"enemies":"Jaw Worm","floor":1,"turns":1},{"damage":0,"enemies":"Cultist","floor":3,"turns":1},{"damage":0,"enemies":"Gremlin Nob","floor":6,"turns":1},{"damage":2,"enemies":"2 Louse","floor":8,"turns":2},{"damage":14,"enemies":"Large Slime","floor":10,"turns":4},{"damage":16,"enemies":"3 Sentries","floor":14,"turns":6},{"damage":24,"enemies":"Hexaghost","floor":16,"turns":8},{"damage":8,"enemies":"Shell Parasite","floor":18,"turns":4},{"damage":14,"enemies":"2 Thieves","floor":22,"turns":4},{"damage":46,"enemies":"Slavers","floor":23,"turns":7},{"damage":25,"enemies":"Shelled Parasite and Fungi","floor":25,"turns":4},{"damage":6,"enemies":"Book of Stabbing","floor":27,"turns":4},{"damage":6,"enemies":"Sentry and Sphere","floor":28,"turns":3},{"damage":6,"enemies":"3 Cultists","floor":29,"turns":4},{"damage":20,"enemies":"Colosseum Slavers","floor":30,"turns":4},{"damage":13,"enemies":"Colosseum Nobs","floor":30,"turns":4},{"damage":6,"enemies":"Snake Plant","floor":31,"turns":4},{"damage":74,"enemies":"Automaton","floor":33,"turns":6}],"seed_played":"-913505979268825337","potions_obtained":[{"floor":1,"key":"Explosive Potion"},{"floor":8,"key":"Explosive Potion"},{"floor":10,"key":"LiquidMemories"},{"floor":14,"key":"EssenceOfSteel"},{"floor":18,"key":"PowerPotion"},{"floor":22,"key":"AttackPotion"},{"floor":23,"key":"Explosive Potion"},{"floor":25,"key":"DistilledChaos"},{"floor":27,"key":"SneckoOil"},{"floor":28,"key":"ColorlessPotion"},{"floor":29,"key":"Energy Potion"},{"floor":30,"key":"Dexterity Potion"},{"floor":31,"key":"Fire Potion"}],"is_trial":false,"path_per_floor":["M","?","M","?","$","E","?","M","T","M","R","?","R","E","R","B",null,"M","$","?","?","M","E","R","M","T","E","M","M","?","M","R","B"],"character_chosen":"IRONCLAD","items_purchased":["Membership Card"],"campfire_rested":2,"item_purchase_floors":[5],"current_hp_per_floor":[74,74,75,64,64,70,63,67,67,59,59,59,59,50,50,33,66,65,65,65,65,58,19,43,25,32,33,34,35,16,17,45,0,0],"gold":340,"neow_bonus":"THREE_ENEMY_KILL","is_daily":false,"chose_seed":false,"campfire_upgraded":3,"win_rate":0.0,"timestamp":1610112154,"path_taken":["M","?","?","?","$","E","?","M","T","M","R","?","R","E","R","BOSS","M","$","?","?","?","E","R","M","T","E","M","M","?","M","R","BOSS"],"items_purchased_type":["Relic"],"build_version":"2020-12-22","purchased_purges":2,"victory":false,"max_hp_per_floor":[75,75,75,75,75,75,75,75,75,75,75,75,75,76,76,77,77,78,78,78,78,79,80,80,81,88,89,90,91,93,94,94,94,94],"card_choices":[{"not_picked":["Flex","Iron Wave"],"picked":"Battle Trance","floor":1},{"not_picked":["Clothesline","Thunderclap"],"picked":"Wild Strike","floor":3},{"not_picked":["Whirlwind","Metallicize"],"picked":"Rampage","floor":6},{"not_picked":["Twin Strike","Thunderclap"],"picked":"Offering","floor":8},{"not_picked":["Uppercut","Perfected Strike"],"picked":"Disarm","floor":10},{"not_picked":["Body Slam","Clothesline"],"picked":"Carnage","floor":14},{"not_picked":["Juggernaut","Reaper"],"picked":"Impervious","floor":16},{"not_picked":["Twin Strike+1","Dual Wield","Anger"],"picked":"SKIP","floor":18},{"not_picked":["Wild Strike","Sever Soul","Pommel Strike"],"picked":"SKIP","floor":22},{"not_picked":["Wild Strike","Sever Soul","Pommel Strike"],"picked":"SKIP","floor":22},{"not_picked":["Combust","Blood for Blood"],"picked":"Corruption","floor":23},{"not_picked":["Intimidate","Wild Strike","Iron Wave+1"],"picked":"SKIP","floor":25},{"not_picked":["Dual Wield","Headbutt","Bloodletting+1"],"picked":"SKIP","floor":27},{"not_picked":["Warcry","Twin Strike"],"picked":"Feel No Pain","floor":28},{"not_picked":["Berserk","Iron Wave","Anger"],"picked":"SKIP","floor":29},{"not_picked":["Heavy Blade","Cleave","Havoc"],"picked":"SKIP","floor":31}],"player_experience":1091071,"relics_obtained":[{"floor":6,"key":"Sundial"},{"floor":9,"key":"White Beast Statue"},{"floor":14,"key":"Matryoshka"},{"floor":23,"key":"Smiling Mask"},{"floor":26,"key":"Strawberry"},{"floor":26,"key":"Calipers"},{"floor":27,"key":"Gambling Chip"},{"floor":30,"key":"CaptainsWheel"},{"floor":30,"key":"Bottled Lightning"}],"event_choices":[{"damage_healed":0,"gold_gain":0,"player_choice":"Gave Potion","damage_taken":0,"relics_obtained":["Vajra"],"max_hp_gain":0,"max_hp_loss":0,"event_name":"WeMeetAgain","floor":2,"gold_loss":0},{"damage_healed":0,"gold_gain":75,"player_choice":"Gather Gold","damage_taken":11,"max_hp_gain":0,"max_hp_loss":0,"event_name":"World of Goop","floor":4,"gold_loss":0},{"cards_removed":["Strike_R"],"damage_healed":0,"gold_gain":0,"player_choice":"Card Removal","damage_taken":7,"max_hp_gain":0,"max_hp_loss":0,"event_name":"Golden Wing","floor":7,"gold_loss":0},{"damage_healed":0,"gold_gain":0,"player_choice":"Trade","damage_taken":0,"relics_obtained":["FaceOfCleric"],"max_hp_gain":0,"max_hp_loss":0,"event_name":"FaceTrader","floor":12,"gold_loss":0},{"damage_healed":0,"gold_gain":0,"player_choice":"Obtained Relic","damage_taken":0,"relics_obtained":["Paper Frog"],"max_hp_gain":0,"max_hp_loss":0,"event_name":"Addict","floor":20,"gold_loss":85},{"damage_healed":0,"gold_gain":0,"player_choice":"Read","damage_taken":0,"max_hp_gain":0,"max_hp_loss":0,"event_name":"The Library","floor":21,"gold_loss":0,"cards_obtained":["Armaments"]},{"damage_healed":0,"gold_gain":0,"player_choice":"Fight","damage_taken":0,"max_hp_gain":0,"max_hp_loss":0,"event_name":"Colosseum","floor":30,"gold_loss":0},{"damage_healed":0,"gold_gain":0,"player_choice":"Fought Nobs","damage_taken":0,"max_hp_gain":0,"max_hp_loss":0,"event_name":"Colosseum","floor":30,"gold_loss":0}],"is_beta":false,"boss_relics":[{"not_picked":["Busted Crown","Philosopher\u0027s Stone"],"picked":"Astrolabe"}],"items_purged_floors":[5,19],"is_endless":false,"potions_floor_spawned":[1,8,10,14,16,18,22,23,25,27,28,29,30,30,31],"killed_by":"Automaton","ascension_level":20}}