{"host":"g01l53quoe6lrer0","time":1610140359,"event":{"mods":["2.2 Compatiblity","AchievementEnabler","BaseMod","Colored Map","Highlight Path","Keyboard Shortcuts","Minty Spire (QoL Compilation)","Permanent Neow","StSLib","SuperFastMode","everything is the same but u backflip on backflip"],"gold_per_floor":[117,134,151,169,169,197,213,239,239,265,61,76,76,92,92,168,168,182,182,22,40,57,91,91,91,91,91,120,131,131,161,161,238,238,257,71,71,84,84,109,109,122,168,168,193,193,21,37,37,37],"floor_reached":51,"playtime":1372,"items_purged":["Strike_R","Parasite"],"score":1463,"play_id":"df060aa2-7ac5-4484-babd-105275f0594c","local_time":"20210109061239","is_ascension_mode":true,"campfire_choices":[{"data":"Immolate","floor":13.0,"key":"SMITH"},{"data":"Whirlwind","floor":15.0,"key":"SMITH"},{"data":"Flex","floor":24.0,"key":"SMITH"},{"data":"Limit Break","floor":27.0,"key":"SMITH"},{"data":"Sword Boomerang","floor":30.0,"key":"SMITH"},{"data":"Flame Barrier","floor":32.0,"key":"SMITH"},{"data":"Evolve","floor":41.0,"key":"SMITH"},{"floor":46.0,"key":"REST"},{"data":"Shockwave","floor":49,"key":"SMITH"}],"circlet_count":0,"master_deck":["AscendersBane","Strike_R","Strike_R","Strike_R","Defend_R","Defend_R","Defend_R","Defend_R","Bash","Immolate+1","Wild Strike+1","Shrug It Off","Impervious","Shrug It Off","Headbutt+1","Whirlwind+1","Flex+1","Flame Barrier+1","Limit Break+1","Sword Boomerang+1","True Grit+1","Double Tap","Seeing Red","Evolve+1","Reaper","Injury","Parasite","Flex+1","Bloodletting+1","Shockwave+1"],"relics":["Burning Blood","Centennial Puzzle","Pocketwatch","Pear","Mango","Cursed Key","ClockworkSouvenir","HornCleat","MealTicket","Bottled Flame","Ancient Tea Set","Mark of Pain","Self Forming Clay","Whetstone","Question Card","Vajra","Orrery"],"acts_visited":["Exordium","TheCity","TheBeyond"],"potions_floor_usage":[50,50],"damage_taken":[{"damage":5.0,"enemies":"Small Slimes","floor":1.0,"turns":2.0},{"damage":1.0,"enemies":"Cultist","floor":2.0,"turns":3.0},{"damage":0.0,"enemies":"2 Louse","floor":3.0,"turns":1.0},{"damage":4.0,"enemies":"Looter","floor":4.0,"turns":3.0},{"damage":26.0,"enemies":"Gremlin Nob","floor":6.0,"turns":4.0},{"damage":0.0,"enemies":"Exordium Thugs","floor":7.0,"turns":4.0},{"damage":20.0,"enemies":"3 Sentries","floor":8.0,"turns":5.0},{"damage":20.0,"enemies":"Gremlin Nob","floor":10.0,"turns":4.0},{"damage":5.0,"enemies":"Blue Slaver","floor":12.0,"turns":3.0},{"damage":4.0,"enemies":"Looter","floor":14.0,"turns":3.0},{"damage":14.0,"enemies":"Slime Boss","floor":16.0,"turns":7.0},{"damage":0.0,"enemies":"3 Byrds","floor":18.0,"turns":4.0},{"damage":12.0,"enemies":"Chosen","floor":21.0,"turns":2.0},{"damage":16.0,"enemies":"Snake Plant","floor":22.0,"turns":3.0},{"damage":0.0,"enemies":"Gremlin Leader","floor":23.0,"turns":4.0},{"damage":12.0,"enemies":"Slavers","floor":28.0,"turns":3.0},{"damage":9.0,"enemies":"Centurion and Healer","floor":29.0,"turns":4.0},{"damage":6.0,"enemies":"Gremlin Leader","floor":31.0,"turns":3.0},{"damage":37.0,"enemies":"Champ","floor":33.0,"turns":8.0},{"damage":0.0,"enemies":"3 Darklings","floor":35.0,"turns":1.0},{"damage":11.0,"enemies":"Orb Walker","floor":38.0,"turns":3.0},{"damage":0.0,"enemies":"Reptomancer","floor":40.0,"turns":3.0},{"damage":0.0,"enemies":"3 Darklings","floor":42.0,"turns":1.0},{"damage":74.0,"enemies":"Giant Head","floor":45.0,"turns":8.0},{"damage":0,"enemies":"Sphere and 2 Shapes","floor":48,"turns":1},{"damage":45,"enemies":"Awakened One","floor":50,"turns":8}],"seed_played":"6691944972922617769","potions_obtained":[{"floor":1.0,"key":"BlessingOfTheForge"},{"floor":2.0,"key":"SpeedPotion"},{"floor":8.0,"key":"ColorlessPotion"},{"floor":12.0,"key":"Block Potion"},{"floor":16.0,"key":"BloodPotion"},{"floor":23.0,"key":"DuplicationPotion"},{"floor":33.0,"key":"Strength Potion"},{"floor":45.0,"key":"Explosive Potion"},{"floor":48,"key":"Fire Potion"}],"is_trial":false,"path_per_floor":["M","M","M","M","?","E","M","E","T","E","$","M","R","M","R","B",null,"M","?","$","M","M","E","R","?","T","R","E","M","R","E","R","B",null,"M","$","?","M","$","E","R","M","T","T","E","R","$","M","R","B",null],"character_chosen":"IRONCLAD","items_purchased":["Whirlwind","Flex","ClockworkSouvenir","Evolve","Orrery"],"campfire_rested":1,"item_purchase_floors":[11,11,20,36,47],"current_hp_per_floor":[51,56,62,64,64,44,50,36,46,46,46,47,47,49,49,41,85,91,91,91,85,94,99,99,99,99,99,93,90,90,90,90,59,89,95,96,91,86,91,91,91,91,91,91,43,70,85,91,91,52],"gold":37,"neow_bonus":"THREE_RARE_CARDS","is_daily":false,"chose_seed":false,"campfire_upgraded":8,"win_rate":0.0,"timestamp":1610140359,"path_taken":["M","M","M","M","?","E","?","E","T","E","$","M","R","M","R","BOSS","M","?","$","M","M","E","R","?","T","R","E","M","R","E","R","BOSS","M","$","?","M","?","E","R","M","T","?","E","R","$","M","R","BOSS"],"items_purchased_type":["Card","Card","Relic","Card","Relic"],"build_version":"2020-12-22","purchased_purges":2,"victory":true,"max_hp_per_floor":[75,75,75,75,75,75,75,75,85,99,99,99,99,99,99,99,99,99,99,99,99,99,99,99,99,99,99,99,99,99,99,99,99,99,99,96,91,91,91,91,91,91,91,91,91,91,91,91,91,91],"card_choices":[{"not_picked":["Juggernaut","Demon Form"],"picked":"Immolate","floor":0.0},{"not_picked":["Iron Wave","Pommel Strike"],"picked":"Wild Strike","floor":1.0},{"not_picked":["Warcry","Flex","Heavy Blade"],"picked":"SKIP","floor":2.0},{"not_picked":["Sword Boomerang","Pommel Strike"],"picked":"Shrug It Off","floor":3.0},{"not_picked":["Blood for Blood","Sword Boomerang","Armaments"],"picked":"SKIP","floor":4.0},{"not_picked":["Havoc","Bloodletting"],"picked":"Impervious","floor":6.0},{"not_picked":["Heavy Blade","Cleave","True Grit"],"picked":"SKIP","floor":7.0},{"not_picked":["Uppercut","True Grit"],"picked":"Shrug It Off","floor":8.0},{"not_picked":["Burning Pact","Heavy Blade"],"picked":"Headbutt","floor":10.0},{"not_picked":["Havoc","Wild Strike","Rage"],"picked":"SKIP","floor":12.0},{"not_picked":["Body Slam","Clash"],"picked":"Flame Barrier","floor":14.0},{"not_picked":["Exhume","Juggernaut"],"picked":"Limit Break","floor":16.0},{"not_picked":["Body Slam","Dark Embrace","Twin Strike"],"picked":"SKIP","floor":18.0},{"not_picked":["True Grit","Anger"],"picked":"Sword Boomerang","floor":21.0},{"not_picked":["Iron Wave","Perfected Strike","Sentinel"],"picked":"SKIP","floor":22.0},{"not_picked":["Carnage","Headbutt"],"picked":"True Grit+1","floor":23.0},{"not_picked":["Iron Wave","Sentinel+1","Pummel"],"picked":"SKIP","floor":28.0},{"not_picked":["Disarm","Hemokinesis","True Grit"],"picked":"SKIP","floor":29.0},{"not_picked":["Thunderclap","Ghostly Armor","True Grit"],"picked":"SKIP","floor":31.0},{"not_picked":["Fiend Fire","Bludgeon"],"picked":"Double Tap","floor":33.0},{"not_picked":["Wild Strike+1","Infernal Blade+1"],"picked":"Seeing Red","floor":35.0},{"not_picked":["Fire Breathing","Clash+1","Heavy Blade"],"picked":"SKIP","floor":38.0},{"not_picked":["Anger","Berserk"],"picked":"Reaper","floor":40.0},{"not_picked":["Shrug It Off","Dual Wield+1","Thunderclap"],"picked":"SKIP","floor":42.0},{"not_picked":["Dropkick+1","Perfected Strike","Rampage","Rupture+1"],"picked":"SKIP","floor":45.0},{"not_picked":["Havoc","Twin Strike","Anger"],"picked":"Flex+1","floor":47},{"not_picked":["Reckless Charge","Dual Wield+1","Entrench+1"],"picked":"Bloodletting+1","floor":47},{"not_picked":["Twin Strike+1","Dual Wield","Anger"],"picked":"Shockwave","floor":47},{"not_picked":["Wild Strike+1","Pommel Strike","True Grit","Flame Barrier+1"],"picked":"SKIP","floor":48}],"player_experience":96671,"relics_obtained":[{"floor":6.0,"key":"Centennial Puzzle"},{"floor":8.0,"key":"Pocketwatch"},{"floor":9.0,"key":"Pear"},{"floor":10.0,"key":"Mango"},{"floor":23.0,"key":"HornCleat"},{"floor":26.0,"key":"MealTicket"},{"floor":28.0,"key":"Bottled Flame"},{"floor":31.0,"key":"Ancient Tea Set"},{"floor":40.0,"key":"Self Forming Clay"},{"floor":43.0,"key":"Whetstone"},{"floor":44.0,"key":"Question Card"},{"floor":45.0,"key":"Vajra"}],"event_choices":[{"cards_removed":["Strike_R"],"damage_healed":0.0,"max_hp_gain":0.0,"max_hp_loss":0.0,"gold_gain":0.0,"event_name":"Purifier","player_choice":"Purged","floor":5.0,"gold_loss":0.0,"damage_taken":0.0},{"damage_healed":0.0,"max_hp_gain":0.0,"max_hp_loss":0.0,"gold_gain":0.0,"event_name":"Vampires","player_choice":"Ignored","floor":19.0,"gold_loss":0.0,"damage_taken":0.0},{"damage_healed":0.0,"max_hp_gain":0.0,"max_hp_loss":0.0,"gold_gain":0.0,"event_name":"Ghosts","player_choice":"Ignored","floor":25.0,"gold_loss":0.0,"damage_taken":0.0},{"damage_healed":0.0,"max_hp_gain":0.0,"max_hp_loss":5.0,"gold_gain":0.0,"event_name":"Winding Halls","player_choice":"Max HP","floor":37.0,"gold_loss":0.0,"damage_taken":0.0}],"is_beta":false,"boss_relics":[{"not_picked":["Runic Pyramid","Black Blood"],"picked":"Cursed Key"},{"not_picked":["Black Star","Astrolabe"],"picked":"Mark of Pain"}],"items_purged_floors":[11,36],"is_endless":false,"potions_floor_spawned":[1,2,8,12,16,21,23,29,33,45,48],"ascension_level":16}}