{"host":"gndxudri6ebovps6","time":1610097364,"event":{"mods":["AchievementEnabler","Act Like it!","Aspiration","BaseMod","Better Altar","Better Match","Better Note","Better Sensory Stone","Better Skull","Better Vampires","BetterRewards","Block Reminder","Conspire","GifTheSpireLib","Hubris","Infinite Spire","Marked Mod","Minty Spire (QoL Compilation)","Pale of the Ancients","Quick Restart","Replay The Spire","Shop Mod","Spicy Shops","Spikes Relics","StSLib","Stuff the Spire","The Cursed","The Disciple","The Judge","The Necromancer","everything is the same but u backflip on backflip","vexMod"],"gold_per_floor":[119,119,134,85,85,85,116,35,60,102,112,112,112,124,124,124,124],"floor_reached":16,"playtime":749,"items_purged":[],"score":133,"play_id":"816016c9-c797-40f7-a512-d8c992e9e783","local_time":"20210108071604","is_ascension_mode":false,"campfire_choices":[{"data":"HandsUpC","floor":6,"key":"SMITH"},{"data":"SecondHand","floor":12,"key":"SMITH"},{"data":"FormalWear","floor":15,"key":"SMITH"}],"circlet_count":0,"master_deck":["Strike_Br","Strike_Br","Strike_Br","Strike_Br","Defend_Br","Defend_Br","Defend_Br","Defend_Br","SecondHand+1","PatternShift","SlimeSpray","HandsUpC+1","PrimeTime","FormalWear+1","TickedOff","LockedMercury","PrimeTime","Parasite","BeatsPerMinute"],"relics":["Chronometer","NeowsBlessing","Whetstone?","Toy Ornithopter","Lantern","infinitespire:Bottled Soul"],"acts_visited":["Exordium"],"potions_floor_usage":[10,10],"damage_taken":[{"damage":0,"enemies":"2 Louse","floor":1,"turns":1},{"damage":0,"enemies":"Cultist","floor":3,"turns":1},{"damage":0,"enemies":"3 Sentries","floor":7,"turns":1},{"damage":37,"enemies":"Lagavulin","floor":10,"turns":8},{"damage":1,"enemies":"Jaw Worm","floor":11,"turns":2},{"damage":0,"enemies":"2 Fungi Beasts","floor":14,"turns":3},{"damage":44,"enemies":"Hexaghost","floor":16,"turns":8}],"seed_played":"-5207182495826336909","potions_obtained":[{"floor":1,"key":"Block Potion"},{"floor":3,"key":"PowerPotion"}],"is_trial":false,"path_per_floor":["M","?","M","$","?","R","E","$","T","E","M","R","?","M","R","B"],"character_chosen":"CHRONO_CLASS","items_purchased":["PrimeTime","TickedOff"],"campfire_rested":0,"item_purchase_floors":[4,8],"current_hp_per_floor":[65,65,65,65,65,65,65,65,65,28,27,27,43,43,43,0,0],"gold":124,"neow_bonus":"THREE_ENEMY_KILL","is_daily":false,"chose_seed":false,"campfire_upgraded":3,"win_rate":0.0,"timestamp":1610097364,"path_taken":["M","?","M","?","?","R","E","$","T","E","M","R","?","M","R","BOSS"],"items_purchased_type":["Card","Card"],"build_version":"2020-12-22","purchased_purges":0,"victory":false,"max_hp_per_floor":[65,65,65,65,65,65,65,65,65,65,65,65,65,65,65,65,65],"card_choices":[{"not_picked":["Cuckoo","LockedScales"],"picked":"SlimeSpray","floor":1},{"not_picked":["Parity","HandsUpB"],"picked":"HandsUpC","floor":3},{"not_picked":["AlternateTimeline","LockedScales"],"picked":"FormalWear","floor":7},{"not_picked":["CrunchTime","LockedAstrolabe"],"picked":"LockedMercury","floor":10},{"not_picked":["LockedUrn","TiringSlam"],"picked":"PrimeTime","floor":11},{"not_picked":["TickedOff","ExoVibe"],"picked":"BeatsPerMinute","floor":14}],"player_experience":492595,"relics_obtained":[{"floor":7,"key":"Toy Ornithopter"},{"floor":9,"key":"Lantern"},{"floor":10,"key":"infinitespire:Bottled Soul"}],"event_choices":[{"damage_healed":16,"gold_gain":0,"player_choice":"Healed and dodged fight","damage_taken":0,"max_hp_gain":0,"max_hp_loss":0,"event_name":"Mushrooms","floor":13,"gold_loss":0,"cards_obtained":["Parasite"]}],"is_beta":false,"boss_relics":[],"items_purged_floors":[],"is_endless":false,"potions_floor_spawned":[1,3],"killed_by":"Hexaghost","ascension_level":0}}