{"host":"96bpdudduaq3ttpf","time":1610114195,"event":{"mods":["2.2 Compatiblity","Act Like it!","Astrologer","Bard","Bartender","BaseMod","CapriCore","Challenge The Spire","Chen","Downfall","Elementarium","Energized Spire","Friendly Minions","Gensokyo","GifTheSpireLib","Hallownest","Hermit","Jorbs\u0027s Wanderer Trilogy","KinomotoSakuraMod(????)","Koishi","KomeijiMod","Mari Mod (Legacy)","Mari\u0027s V1 Patch","Marisa????????","Mimic Mod","Minty Spire (QoL Compilation)","Prisma Mod","Quick Restart","Remilia??????","Replay The Spire","Robot Space Explorer","Shade Mod","StSLib","Td1madao Mod","The Administrix","The Bladedancer","The Bug Knight","The Construct","The Cursed","The Factory","The Forsaken","The Gatherer","The Hierophant","The Immortal","The IronCluck","The Jungle","The Marked","The Mystic","The Necromancer","The Runesmith","The Senshi","The Servant 0.9.4","Wandering Minibosses","WarShipGirlsR/????R mod","Yohane!","Yuyuko"],"gold_per_floor":[109,126,138,138,150,183,54,54,54,121,136,233,233,233],"floor_reached":13,"playtime":978,"items_purged":["TheCursedMod:Defend_TheCursed"],"score":89,"play_id":"da7e4e35-0f65-4d05-aaf8-5c05c6228154","local_time":"20210108065635","is_ascension_mode":false,"campfire_choices":[{"floor":8,"key":"REST"}],"circlet_count":0,"master_deck":["TheCursedMod:Strike_TheCursed","TheCursedMod:Strike_TheCursed","TheCursedMod:Strike_TheCursed","TheCursedMod:Strike_TheCursed","TheCursedMod:Defend_TheCursed","TheCursedMod:Defend_TheCursed","TheCursedMod:Defend_TheCursed","TheCursedMod:CursedWand","TheCursedMod:CleanUpWorkshop","TheCursedMod:Dregs","TheCursedMod:TroublousMinions","TheCursedMod:WearCloak","TheCursedMod:Obscuration","TheCursedMod:SpitefulStrike","TheCursedMod:ReleasedStrength","TheCursedMod:CircleOfFlame","TheCursedMod:Evocation"],"relics":["TheCursedMod:BlackMagic101","NeowsBlessing","Bottled Flame","Gremlin Horn"],"acts_visited":["Exordium"],"potions_floor_usage":[6,6,12],"damage_taken":[{"damage":0,"enemies":"Jaw Worm","floor":1,"turns":1},{"damage":0,"enemies":"Cultist","floor":2,"turns":1},{"damage":0,"enemies":"Small Slimes","floor":3,"turns":1},{"damage":8,"enemies":"Exordium Thugs","floor":5,"turns":7},{"damage":37,"enemies":"Gremlin Nob","floor":6,"turns":6},{"damage":4,"enemies":"Large Slime","floor":10,"turns":8},{"damage":7,"enemies":"2 Fungi Beasts","floor":11,"turns":3},{"damage":1,"enemies":"Exordium Thugs","floor":12,"turns":7},{"damage":9,"enemies":"3 Sentries","floor":13,"turns":2}],"seed_played":"7300555148901267916","potions_obtained":[{"floor":1,"key":"Block Potion"},{"floor":3,"key":"LiquidMemories"},{"floor":4,"key":"Dexterity Potion"},{"floor":10,"key":"Fire Potion"},{"floor":11,"key":"Toxic Potion"},{"floor":12,"key":"Weak Potion"}],"is_trial":false,"path_per_floor":["M","M","M","?","M","E","$","R","T","M","M","M","E"],"character_chosen":"THE_CURSED","items_purchased":["TheCursedMod:CircleOfFlame"],"campfire_rested":1,"item_purchase_floors":[7],"current_hp_per_floor":[75,75,75,75,67,30,30,52,52,48,41,40,31,31],"gold":233,"neow_bonus":"THREE_ENEMY_KILL","is_daily":false,"chose_seed":false,"campfire_upgraded":0,"win_rate":0.0,"timestamp":1610114195,"path_taken":["M","M","M","?","M","E","$","R","T","M","M","M","E"],"items_purchased_type":["Card"],"build_version":"2020-12-22","purchased_purges":1,"victory":false,"max_hp_per_floor":[75,75,75,75,75,75,75,75,75,75,75,75,75,75],"card_choices":[{"not_picked":["TheCursedMod:RavingStaff","TheCursedMod:DoubleShield"],"picked":"TheCursedMod:TroublousMinions","floor":1},{"not_picked":["TheCursedMod:TacticalStrike","TheCursedMod:BlessingInDisguise"],"picked":"TheCursedMod:WearCloak","floor":2},{"not_picked":["TheCursedMod:RavingStaff","TheCursedMod:SoulReap"],"picked":"TheCursedMod:Obscuration","floor":3},{"not_picked":["TheCursedMod:SurpriseAttack","TheCursedMod:SaltUponWound"],"picked":"TheCursedMod:SpitefulStrike","floor":5},{"not_picked":["TheCursedMod:CircleOfWindfury","TheCursedMod:AshesToAshes"],"picked":"TheCursedMod:ReleasedStrength","floor":6},{"not_picked":["TheCursedMod:WearCloak","TheCursedMod:Obscuration","TheCursedMod:PrepareRite"],"picked":"SKIP","floor":10},{"not_picked":["TheCursedMod:SoulReap","TheCursedMod:UltimatePain","TheCursedMod:SaltUponWound"],"picked":"SKIP","floor":11},{"not_picked":["TheCursedMod:Wield","TheCursedMod:SpitefulPray"],"picked":"TheCursedMod:Evocation","floor":12}],"player_experience":817900,"relics_obtained":[{"floor":6,"key":"Bottled Flame"},{"floor":9,"key":"Gremlin Horn"}],"event_choices":[{"damage_healed":0,"gold_gain":0,"player_choice":"Got Potions","damage_taken":0,"max_hp_gain":0,"max_hp_loss":0,"event_name":"Lab","floor":4,"gold_loss":0}],"is_beta":false,"boss_relics":[],"items_purged_floors":[7],"is_endless":false,"potions_floor_spawned":[1,3,10,11,12],"killed_by":"3 Sentries","ascension_level":0}}