{"host":"t5s60ss6drvva5tc","time":1610125329,"event":{"mods":["BaseMod","Colored Map","Colored Powertips","Minty Spire (QoL Compilation)"],"gold_per_floor":[110,110,128,303,322,322,357,357,357,357,376,407,417,417,417,513,513,523,523,523,535,85,85,112,130,157,169,191,232,244,256,268,379,391,421,448,205,223,25,51,51,51,51,51,67,100,119,119,119,119],"floor_reached":51,"playtime":3348,"items_purged":["Strike_R","Strike_R","Strike_R"],"score":778,"play_id":"c46bed37-82e2-45ba-a926-211b411abe07","local_time":"20210108200209","is_ascension_mode":false,"campfire_choices":[{"data":"Feed","floor":6,"key":"SMITH"},{"floor":8,"key":"REST"},{"data":"Hemokinesis","floor":10,"key":"SMITH"},{"data":"Combust","floor":15,"key":"SMITH"},{"data":"Bloodletting","floor":23,"key":"SMITH"},{"floor":30,"key":"REST"},{"floor":32,"key":"REST"},{"floor":42,"key":"REST"},{"data":"Rage","floor":49,"key":"SMITH"}],"circlet_count":0,"master_deck":["Strike_R","Defend_R+1","Defend_R","Defend_R","Bash","Combust+1","Burning Pact","Feed+1","Clash","Hemokinesis+1","Anger","Heavy Blade","Pommel Strike","Reaper","CurseOfTheBell","Pommel Strike","Bloodletting+1","Bloodletting+1","Rupture+1","Twin Strike+1","Bloodletting+1","Double Tap","Fire Breathing+1","Seeing Red+1","Heavy Blade+1","Rupture+1","Anger+1","Rage+1"],"relics":["Burning Blood","Bronze Scales","HornCleat","Question Card","Centennial Puzzle","Calling Bell","MealTicket","Frozen Egg 2","Champion Belt","Happy Flower","Regal Pillow","Calipers","MawBank","War Paint","SlaversCollar","Sling","Red Skull","Meat on the Bone","Bag of Preparation"],"acts_visited":["Exordium","TheCity","TheBeyond"],"potions_floor_usage":[24,25,46,50,50],"damage_taken":[{"damage":7,"enemies":"2 Louse","floor":1,"turns":2},{"damage":4,"enemies":"Cultist","floor":3,"turns":4},{"damage":11,"enemies":"Small Slimes","floor":5,"turns":3},{"damage":63,"enemies":"Lagavulin","floor":7,"turns":7},{"damage":10,"enemies":"Red Slaver","floor":11,"turns":3},{"damage":11,"enemies":"3 Sentries","floor":12,"turns":4},{"damage":2,"enemies":"2 Fungi Beasts","floor":13,"turns":3},{"damage":40,"enemies":"Slime Boss","floor":16,"turns":9},{"damage":18,"enemies":"Shell Parasite","floor":18,"turns":4},{"damage":2,"enemies":"Spheric Guardian","floor":21,"turns":3},{"damage":51,"enemies":"Slavers","floor":24,"turns":4},{"damage":34,"enemies":"Chosen and Byrds","floor":25,"turns":5},{"damage":26,"enemies":"Snake Plant","floor":28,"turns":3},{"damage":26,"enemies":"Gremlin Leader","floor":29,"turns":3},{"damage":66,"enemies":"Champ","floor":33,"turns":8},{"damage":15,"enemies":"3 Shapes","floor":35,"turns":5},{"damage":15,"enemies":"Orb Walker","floor":36,"turns":3},{"damage":78,"enemies":"Writhing Mass","floor":38,"turns":5},{"damage":70,"enemies":"Nemesis","floor":40,"turns":5},{"damage":25,"enemies":"4 Shapes","floor":45,"turns":3},{"damage":35,"enemies":"Reptomancer","floor":46,"turns":4},{"damage":17,"enemies":"Spire Growth","floor":47,"turns":3},{"damage":83,"enemies":"Awakened One","floor":50,"turns":6}],"seed_played":"-5837052195070564654","potions_obtained":[{"floor":5,"key":"Strength Potion"},{"floor":11,"key":"FairyPotion"},{"floor":12,"key":"CultistPotion"},{"floor":16,"key":"DuplicationPotion"},{"floor":25,"key":"Ancient Potion"},{"floor":31,"key":"Strength Potion"},{"floor":45,"key":"Regen Potion"}],"is_trial":false,"path_per_floor":["M","?","M","?","M","R","E","R","T","R","M","E","M","?","R","B",null,"M","?","?","M","$","R","E","M","T","$","M","E","R","?","R","B",null,"M","M","$","M","$","E","?","R","T","?","M","E","M","?","R","B",null],"character_chosen":"IRONCLAD","items_purchased":["Happy Flower","Regal Pillow","Bloodletting","Sling","Rupture+1"],"campfire_rested":4,"item_purchase_floors":[22,22,22,37,39],"current_hp_per_floor":[79,79,80,80,78,78,21,45,45,45,45,44,52,52,52,18,95,83,64,64,68,83,83,53,31,31,46,32,12,57,57,100,50,100,91,82,97,25,40,34,34,79,79,79,68,88,81,81,81,28],"gold":119,"neow_bonus":"RANDOM_COMMON_RELIC","is_daily":false,"chose_seed":false,"campfire_upgraded":5,"win_rate":0.0,"timestamp":1610125329,"path_taken":["M","?","?","?","M","R","E","R","T","R","M","E","M","?","R","BOSS","M","?","?","?","?","R","E","M","T","$","M","E","R","?","R","BOSS","M","M","?","M","$","E","?","R","T","?","?","E","M","?","R","BOSS"],"items_purchased_type":["Relic","Relic","Card","Relic","Card"],"build_version":"2020-12-22","purchased_purges":3,"victory":true,"max_hp_per_floor":[80,80,80,80,83,83,83,83,83,83,87,91,95,95,95,95,95,95,100,100,100,100,100,100,100,100,100,100,100,100,100,100,100,100,100,100,100,100,100,100,100,100,100,100,100,100,104,104,104,104],"card_choices":[{"not_picked":["True Grit","Sever Soul"],"picked":"Combust","floor":1},{"not_picked":["Fire Breathing","Body Slam","Iron Wave"],"picked":"SKIP","floor":3},{"not_picked":["Sword Boomerang","Dark Embrace"],"picked":"Clash","floor":5},{"not_picked":["Rampage","Spot Weakness"],"picked":"Hemokinesis","floor":7},{"not_picked":["Whirlwind","Cleave","Sword Boomerang"],"picked":"Anger","floor":11},{"not_picked":["Clothesline","Combust","Body Slam"],"picked":"Heavy Blade","floor":12},{"not_picked":["Bludgeon","Perfected Strike","Combust"],"picked":"Pommel Strike","floor":13},{"not_picked":["Barricade","Demon Form","Corruption"],"picked":"Reaper","floor":16},{"not_picked":["Intimidate","Body Slam","Warcry+1"],"picked":"Pommel Strike","floor":18},{"not_picked":["Seeing Red+1","Body Slam+1","Dual Wield"],"picked":"Bloodletting","floor":21},{"not_picked":["Bloodletting","Intimidate","Heavy Blade+1"],"picked":"Rupture+1","floor":24},{"not_picked":["Perfected Strike+1","Body Slam+1","Shrug It Off+1"],"picked":"Twin Strike+1","floor":25},{"not_picked":["Clash","True Grit+1","Twin Strike"],"picked":"Bloodletting+1","floor":28},{"not_picked":["Battle Trance","Uppercut","Thunderclap","Corruption+1"],"picked":"SKIP","floor":29},{"not_picked":["Berserk+1","Demon Form+1","Feed"],"picked":"Double Tap","floor":33},{"not_picked":["Clothesline+1","Pummel+1","Reckless Charge"],"picked":"Fire Breathing+1","floor":35},{"not_picked":["Shrug It Off","Twin Strike+1","Iron Wave"],"picked":"Seeing Red+1","floor":36},{"not_picked":["Body Slam+1","Flame Barrier+1","Bloodletting"],"picked":"Heavy Blade+1","floor":38},{"not_picked":["Perfected Strike+1","Demon Form+1","Feel No Pain+1","Heavy Blade"],"picked":"SKIP","floor":40},{"not_picked":["Heavy Blade+1","Feel No Pain+1","Second Wind"],"picked":"Anger+1","floor":45},{"not_picked":["Clothesline","Iron Wave+1","Juggernaut+1","Perfected Strike"],"picked":"SKIP","floor":46},{"not_picked":["Perfected Strike","Pummel","Dark Embrace+1"],"picked":"Rage","floor":47}],"player_experience":5795,"relics_obtained":[{"floor":7,"key":"HornCleat"},{"floor":9,"key":"Question Card"},{"floor":12,"key":"Centennial Puzzle"},{"floor":17,"key":"MealTicket"},{"floor":17,"key":"Frozen Egg 2"},{"floor":17,"key":"Champion Belt"},{"floor":24,"key":"Calipers"},{"floor":26,"key":"MawBank"},{"floor":29,"key":"War Paint"},{"floor":40,"key":"Red Skull"},{"floor":43,"key":"Meat on the Bone"},{"floor":46,"key":"Bag of Preparation"}],"event_choices":[{"damage_healed":0,"gold_gain":0,"player_choice":"2 cards matched","damage_taken":0,"max_hp_gain":0,"max_hp_loss":0,"event_name":"Match and Keep!","floor":2,"gold_loss":0,"cards_obtained":["Burning Pact","Feed"]},{"damage_healed":0,"gold_gain":0,"player_choice":"2 cards matched","damage_taken":0,"max_hp_gain":0,"max_hp_loss":0,"event_name":"Match and Keep!","floor":2,"gold_loss":0,"cards_obtained":["Burning Pact","Feed"]},{"damage_healed":0,"gold_gain":175,"player_choice":"AGREE","damage_taken":0,"max_hp_gain":0,"max_hp_loss":0,"event_name":"Liars Game","floor":4,"gold_loss":0,"cards_obtained":["Doubt"]},{"damage_healed":0,"gold_gain":0,"cards_transformed":["Defend_R"],"player_choice":"Transformed","damage_taken":0,"max_hp_gain":0,"max_hp_loss":0,"event_name":"Transmorgrifier","floor":14,"gold_loss":0,"cards_obtained":["Reckless Charge"]},{"damage_healed":0,"gold_gain":0,"player_choice":"Shed Blood","damage_taken":24,"max_hp_gain":5,"max_hp_loss":0,"event_name":"Forgotten Altar","floor":19,"gold_loss":0},{"cards_removed":["Doubt"],"damage_healed":0,"gold_gain":0,"player_choice":"Purged","damage_taken":0,"max_hp_gain":0,"max_hp_loss":0,"event_name":"Purifier","floor":20,"gold_loss":0},{"damage_healed":0,"gold_gain":0,"player_choice":"Got Potions","damage_taken":0,"max_hp_gain":0,"max_hp_loss":0,"event_name":"Lab","floor":31,"gold_loss":0},{"cards_removed":["Reckless Charge"],"damage_healed":0,"gold_gain":0,"player_choice":"Removed Attack","damage_taken":0,"max_hp_gain":0,"max_hp_loss":0,"event_name":"Falling","floor":41,"gold_loss":0},{"cards_removed":["Strike_R"],"damage_healed":0,"gold_gain":0,"player_choice":"Purged","damage_taken":0,"max_hp_gain":0,"max_hp_loss":0,"event_name":"Purifier","floor":44,"gold_loss":0},{"damage_healed":0,"gold_gain":0,"player_choice":"Ignored","damage_taken":0,"max_hp_gain":0,"max_hp_loss":0,"event_name":"SecretPortal","floor":48,"gold_loss":0}],"is_beta":false,"boss_relics":[{"not_picked":["Runic Pyramid","Fusion Hammer"],"picked":"Calling Bell"},{"not_picked":["Astrolabe","Snecko Eye"],"picked":"SlaversCollar"}],"items_purged_floors":[22,37,39],"is_endless":false,"potions_floor_spawned":[5,11,12,16,18,21,25,33,38,45],"ascension_level":0}}