{"host":"f5n4tidiz2n5sooh","time":1610097383,"event":{"mods":["BaseMod","Colored Map","Minty Spire (QoL Compilation)","Relic Stats","StSLib"],"gold_per_floor":[110,127,137,151,116,116,116,116],"floor_reached":7,"playtime":272,"items_purged":[],"score":86,"play_id":"2c3b65c2-5140-4e44-b19b-162578803253","local_time":"20210108031623","is_ascension_mode":true,"campfire_choices":[{"data":"Bash","floor":6,"key":"SMITH"}],"circlet_count":0,"master_deck":["AscendersBane","Strike_R","Strike_R","Strike_R","Strike_R","Strike_R","Defend_R","Defend_R","Defend_R","Defend_R","Bash+1","CurseOfTheBell","Sever Soul","Twin Strike","Power Through"],"relics":["Calling Bell","Bag of Preparation","Shuriken","Peace Pipe"],"acts_visited":["Exordium"],"potions_floor_usage":[7],"damage_taken":[{"damage":15,"enemies":"Small Slimes","floor":1,"turns":3},{"damage":2,"enemies":"2 Louse","floor":2,"turns":3},{"damage":7,"enemies":"Jaw Worm","floor":3,"turns":2},{"damage":21,"enemies":"3 Louse","floor":4,"turns":4},{"damage":45,"enemies":"3 Sentries","floor":7,"turns":10}],"seed_played":"-6523416102722804815","potions_obtained":[{"floor":4,"key":"FearPotion"}],"is_trial":false,"path_per_floor":["M","M","M","M","?","R","E"],"character_chosen":"IRONCLAD","items_purchased":[],"campfire_rested":0,"item_purchase_floors":[],"current_hp_per_floor":[53,51,44,23,41,41,0,0],"gold":116,"neow_bonus":"BOSS_RELIC","is_daily":false,"chose_seed":false,"campfire_upgraded":1,"win_rate":0.0,"timestamp":1610097383,"path_taken":["M","M","M","M","?","R","E"],"items_purchased_type":[],"build_version":"2020-12-22","purchased_purges":0,"victory":false,"max_hp_per_floor":[75,75,75,75,75,75,75,75],"relic_stats":{"Peace Pipe":0,"counters":[5,22],"Shuriken":[1],"Bag of Preparation":[10],"obtain_stats":[{"Calling Bell":0,"Peace Pipe":0,"Shuriken":0,"Bag of Preparation":0,"Burning Blood":0},{"Calling Bell":0,"Peace Pipe":0,"Shuriken":0,"Bag of Preparation":0,"Burning Blood":0},{"Calling Bell":0,"Peace Pipe":0,"Shuriken":0,"Bag of Preparation":0,"Burning Blood":0}]},"card_choices":[{"not_picked":["Heavy Blade","Shrug It Off"],"picked":"Sever Soul","floor":1},{"not_picked":["Headbutt","Burning Pact"],"picked":"Twin Strike","floor":2},{"not_picked":["Body Slam","Fire Breathing","Thunderclap"],"picked":"SKIP","floor":3},{"not_picked":["Sword Boomerang","Hemokinesis"],"picked":"Power Through","floor":4}],"player_experience":1980901,"relics_obtained":[{"floor":0.0,"key":"Bag of Preparation"},{"floor":0.0,"key":"Shuriken"},{"floor":0.0,"key":"Peace Pipe"}],"event_choices":[{"damage_healed":18,"gold_gain":0,"player_choice":"Healed","damage_taken":0,"max_hp_gain":0,"max_hp_loss":0,"event_name":"The Cleric","floor":5,"gold_loss":35}],"is_beta":false,"boss_relics":[],"items_purged_floors":[],"is_endless":false,"potions_floor_spawned":[4],"killed_by":"3 Sentries","ascension_level":20}}