{"host":"28p8ce41sjwa6lzf","time":1610124916,"event":{"mods":["BaseMod","Bestiary","Colored Map","Colored Powertips","Dark Map","Highlight Path","Minty Spire (QoL Compilation)","Permanent Neow","Quick Restart","Random Character Button","Rare Cards Sparkle","Relic Stats","StSLib","Unceasing Turn Reminder"],"gold_per_floor":[365,210,228,3,15,15,48,48,75,75,89,146,200,212,212,291,291,305,322,71,71,71,71,71,85,111,146,162,197,215,244,244,319,319,331,131,131,145,161,196,215,215,239,250,305,305,305,318,318,318,318],"floor_reached":50,"playtime":3446,"items_purged":["Regret"],"score":1189,"play_id":"d930ed62-398c-4977-995b-323c9998c269","local_time":"20210108105516","is_ascension_mode":true,"campfire_choices":[{"data":"BowlingBash","floor":6.0,"key":"SMITH"},{"data":"Devotion","floor":8.0,"key":"SMITH"},{"data":"SashWhip","floor":10.0,"key":"SMITH"},{"data":"Fasting2","floor":15.0,"key":"SMITH"},{"data":"Scrawl","floor":24.0,"key":"SMITH"},{"floor":32.0,"key":"REST"},{"floor":47.0,"key":"REST"},{"floor":49,"key":"RECALL"}],"circlet_count":0,"master_deck":["AscendersBane","Vigilance","SashWhip+1","FearNoEvil","ThirdEye","Devotion+1","EmptyFist","Fasting2+1","Scrawl+1","Wallop","Prostrate","Adaptation","Prostrate","FlurryOfBlows","Protect","CutThroughFate","Devotion","Tantrum","Brilliance","ThirdEye+1","Wallop","Tantrum+1","FlurryOfBlows"],"relics":["PureWater","ClockworkSouvenir","Oddly Smooth Stone","Omamori","Bottled Flame","Pandora\u0027s Box","Anchor","Nunchaku","Gremlin Horn","Vajra","Potion Belt","Runic Dome","Blood Vial","Art of War","TungstenRod"],"acts_visited":["Exordium","TheCity","TheBeyond"],"potions_floor_usage":[48,48],"damage_taken":[{"damage":6.0,"enemies":"Jaw Worm","floor":1.0,"turns":4.0},{"damage":0.0,"enemies":"2 Louse","floor":3.0,"turns":2.0},{"damage":0.0,"enemies":"Cultist","floor":5.0,"turns":2.0},{"damage":1.0,"enemies":"Gremlin Nob","floor":7.0,"turns":3.0},{"damage":0.0,"enemies":"3 Louse","floor":11.0,"turns":4.0},{"damage":9.0,"enemies":"3 Sentries","floor":12.0,"turns":7.0},{"damage":4.0,"enemies":"Lots of Slimes","floor":14.0,"turns":3.0},{"damage":29.0,"enemies":"Hexaghost","floor":16.0,"turns":8.0},{"damage":9.0,"enemies":"3 Byrds","floor":18.0,"turns":5.0},{"damage":0.0,"enemies":"Chosen","floor":19.0,"turns":4.0},{"damage":0.0,"enemies":"Centurion and Healer","floor":25.0,"turns":4.0},{"damage":2.0,"enemies":"Gremlin Leader","floor":27.0,"turns":4.0},{"damage":0.0,"enemies":"Snecko","floor":28.0,"turns":3.0},{"damage":16.0,"enemies":"Slavers","floor":29.0,"turns":5.0},{"damage":9.0,"enemies":"Snake Plant","floor":30.0,"turns":3.0},{"damage":3.0,"enemies":"Book of Stabbing","floor":31.0,"turns":5.0},{"damage":0.0,"enemies":"Automaton","floor":33.0,"turns":5.0},{"damage":0.0,"enemies":"Orb Walker","floor":35.0,"turns":2.0},{"damage":1.0,"enemies":"3 Shapes","floor":38.0,"turns":2.0},{"damage":0.0,"enemies":"Transient","floor":39.0,"turns":6.0},{"damage":33.0,"enemies":"Nemesis","floor":40.0,"turns":5.0},{"damage":7.0,"enemies":"Maw","floor":41.0,"turns":5.0},{"damage":10.0,"enemies":"Writhing Mass","floor":44.0,"turns":4.0},{"damage":17.0,"enemies":"2 Orb Walkers","floor":45.0,"turns":3.0},{"damage":0,"enemies":"Spire Growth","floor":48,"turns":2},{"damage":49,"enemies":"Awakened One","floor":50,"turns":5}],"seed_played":"-8999049784664101783","potions_obtained":[{"floor":3.0,"key":"PowerPotion"},{"floor":5.0,"key":"AttackPotion"},{"floor":11.0,"key":"LiquidMemories"},{"floor":14.0,"key":"Strength Potion"},{"floor":18.0,"key":"Strength Potion"},{"floor":25.0,"key":"PowerPotion"},{"floor":27.0,"key":"SteroidPotion"},{"floor":28.0,"key":"SpeedPotion"},{"floor":33.0,"key":"SteroidPotion"},{"floor":35.0,"key":"Strength Potion"},{"floor":38.0,"key":"FearPotion"},{"floor":45.0,"key":"StancePotion"}],"is_trial":false,"path_per_floor":["M","$","M","$","M","R","E","R","T","R","M","?","?","M","R","B",null,"M","M","$","?","?","$","R","M","T","E","M","E","M","E","R","B",null,"M","$","?","M","M","E","M","?","T","M","?","?","R","M","R","B"],"character_chosen":"WATCHER","items_purchased":["FearNoEvil","ClockworkSouvenir","Dexterity Potion","Anchor","Adaptation","Tantrum","Blood Vial"],"campfire_rested":2,"item_purchase_floors":[2,4,4,20,20,36,36],"current_hp_per_floor":[55,55,55,55,55,55,54,54,54,54,54,45,45,41,41,12,54,45,45,45,45,45,45,45,45,45,43,43,27,18,15,35,35,60,60,60,60,61,63,32,27,27,27,19,4,4,24,26,26,0,0],"gold":318,"neow_bonus":"TWO_FIFTY_GOLD","is_daily":false,"chose_seed":false,"campfire_upgraded":5,"win_rate":0.0,"timestamp":1610124916,"path_taken":["M","$","M","$","M","R","E","R","T","R","M","?","?","M","R","BOSS","M","M","$","?","?","?","R","M","T","E","?","E","M","E","R","BOSS","M","$","?","?","M","E","M","?","T","?","?","?","R","?","R","BOSS"],"items_purchased_type":["Card","Relic","Potion","Relic","Card","Card","Relic"],"build_version":"2020-12-22","purchased_purges":1,"victory":false,"max_hp_per_floor":[68,68,68,68,68,68,68,68,68,68,68,68,68,68,68,68,68,68,68,68,68,68,68,68,68,68,68,68,68,68,68,68,68,68,68,68,68,68,68,68,68,68,68,68,68,68,68,68,68,68,68],"relic_stats":{"Blood Vial":16,"Nunchaku":[16],"Gremlin Horn":[10,10],"counters":[26,105],"Pandora\u0027s Box":["DeceiveReality","WindmillStrike","JustLucky","WaveOfTheHand","SashWhip","Omniscience","EmptyFist","Nirvana"],"Art of War":[1],"obtain_stats":[{"Potion Belt":31,"Gremlin Horn":27,"Oddly Smooth Stone":7,"Vajra":29,"Omamori":9,"ClockworkSouvenir":4,"Blood Vial":36,"Runic Dome":34,"Bottled Flame":12,"Anchor":20,"Nunchaku":26,"Pandora\u0027s Box":17,"Art of War":40,"PureWater":0,"TungstenRod":45},{"Potion Belt":16,"Gremlin Horn":12,"Oddly Smooth Stone":4,"Vajra":14,"Omamori":4,"ClockworkSouvenir":2,"Blood Vial":18,"Runic Dome":17,"Bottled Flame":6,"Anchor":10,"Nunchaku":11,"Pandora\u0027s Box":8,"Art of War":21,"PureWater":0,"TungstenRod":24},{"Potion Belt":66,"Gremlin Horn":50,"Oddly Smooth Stone":11,"Vajra":58,"Omamori":11,"ClockworkSouvenir":6,"Blood Vial":73,"Runic Dome":71,"Bottled Flame":22,"Anchor":42,"Nunchaku":46,"Pandora\u0027s Box":33,"Art of War":86,"PureWater":0,"TungstenRod":98}],"TungstenRod":3},"card_choices":[{"not_picked":["WindmillStrike","Indignation"],"picked":"SashWhip","floor":1.0},{"not_picked":["JustLucky","Collect"],"picked":"ThirdEye","floor":3.0},{"not_picked":["Pray","Swivel"],"picked":"BowlingBash","floor":5.0},{"not_picked":["Consecrate","Halt"],"picked":"Devotion","floor":7.0},{"not_picked":["Indignation","DeceiveReality","JustLucky"],"picked":"SKIP","floor":11.0},{"not_picked":["Collect","ClearTheMind"],"picked":"EmptyFist","floor":12.0},{"not_picked":["ReachHeaven","ConjureBlade"],"picked":"Fasting2","floor":14.0},{"not_picked":["Alpha","Ragnarok"],"picked":"Scrawl","floor":16.0},{"not_picked":["CrushJoints","EmptyFist"],"picked":"Wallop","floor":18.0},{"not_picked":["SashWhip","Sanctity"],"picked":"Prostrate","floor":19.0},{"not_picked":["EmptyBody","Crescendo"],"picked":"Prostrate","floor":25.0},{"not_picked":["Wish","ThirdEye"],"picked":"FlurryOfBlows","floor":27.0},{"not_picked":["ThirdEye","Evaluate","Halt"],"picked":"SKIP","floor":28.0},{"not_picked":["ForeignInfluence","Vengeance","BattleHymn"],"picked":"SKIP","floor":29.0},{"not_picked":["BowlingBash","Consecrate"],"picked":"Protect","floor":30.0},{"not_picked":["FlyingSleeves","ThirdEye"],"picked":"CutThroughFate","floor":31.0},{"not_picked":["Blasphemy","Ragnarok"],"picked":"Devotion","floor":33.0},{"not_picked":["Prostrate","SashWhip+1"],"picked":"ThirdEye","floor":35.0},{"not_picked":["PathToVictory","EmptyFist+1"],"picked":"ThirdEye+1","floor":38.0},{"not_picked":["Prostrate","SignatureMove","FollowUp+1"],"picked":"SKIP","floor":39.0},{"not_picked":["Nirvana","ThirdEye"],"picked":"Wallop","floor":40.0},{"not_picked":["CutThroughFate","MasterReality"],"picked":"Tantrum+1","floor":41.0},{"not_picked":["FlyingSleeves","EmptyFist+1","Indignation"],"picked":"SKIP","floor":44.0},{"not_picked":["EmptyFist","SashWhip"],"picked":"FlurryOfBlows","floor":45.0},{"not_picked":["CrushJoints","WreathOfFlame","JustLucky"],"picked":"SKIP","floor":48}],"player_experience":1116502,"relics_obtained":[{"floor":7.0,"key":"Oddly Smooth Stone"},{"floor":9.0,"key":"Omamori"},{"floor":12.0,"key":"Bottled Flame"},{"floor":26.0,"key":"Nunchaku"},{"floor":27.0,"key":"Gremlin Horn"},{"floor":29.0,"key":"Vajra"},{"floor":31.0,"key":"Potion Belt"},{"floor":40.0,"key":"Art of War"},{"floor":45.0,"key":"TungstenRod"}],"event_choices":[{"damage_healed":0.0,"max_hp_gain":0.0,"max_hp_loss":0.0,"gold_gain":0.0,"event_name":"Dead Adventurer","player_choice":"Searched \u00271\u0027 times","floor":12.0,"gold_loss":0.0,"damage_taken":0.0},{"damage_healed":0.0,"max_hp_gain":0.0,"max_hp_loss":0.0,"gold_gain":54.0,"event_name":"Golden Wing","player_choice":"Gained Gold","floor":13.0,"gold_loss":0.0,"damage_taken":0.0},{"cards_removed":["BowlingBash"],"damage_healed":0.0,"max_hp_gain":0.0,"max_hp_loss":0.0,"gold_gain":0.0,"event_name":"Back to Basics","player_choice":"Elegance","floor":21.0,"gold_loss":0.0,"damage_taken":0.0},{"damage_healed":0.0,"max_hp_gain":0.0,"max_hp_loss":0.0,"gold_gain":0.0,"event_name":"Forgotten Altar","player_choice":"Smashed Altar","floor":22.0,"gold_loss":0.0,"damage_taken":0.0,"cards_obtained":["Decay"]},{"damage_healed":0.0,"max_hp_gain":0.0,"max_hp_loss":0.0,"gold_gain":0.0,"cards_transformed":["Eruption"],"event_name":"Transmorgrifier","player_choice":"Transformed","floor":37.0,"gold_loss":0.0,"damage_taken":0.0,"cards_obtained":["Brilliance"]},{"cards_removed":["ThirdEye"],"damage_healed":0.0,"max_hp_gain":0.0,"max_hp_loss":0.0,"gold_gain":0.0,"event_name":"Purifier","player_choice":"Purged","floor":42.0,"gold_loss":0.0,"damage_taken":0.0},{"damage_healed":0.0,"max_hp_gain":0.0,"max_hp_loss":0.0,"gold_gain":0.0,"event_name":"Mysterious Sphere","player_choice":"Fight","floor":45.0,"gold_loss":0.0,"damage_taken":0.0},{"damage_healed":0.0,"max_hp_gain":0.0,"max_hp_loss":0.0,"gold_gain":0.0,"event_name":"SensoryStone","player_choice":"Memory 1","floor":46.0,"gold_loss":0.0,"damage_taken":0.0}],"is_beta":false,"boss_relics":[{"not_picked":["Astrolabe","Cursed Key"],"picked":"Pandora\u0027s Box"},{"not_picked":["Calling Bell","Snecko Eye"],"picked":"Runic Dome"}],"items_purged_floors":[2],"is_endless":false,"potions_floor_spawned":[3,5,11,14,18,25,27,28,33,35,38,45],"killed_by":"Awakened One","ascension_level":20}}