{"host":"0vobf7lgf552vogm","time":1610141461,"event":{"mods":["AchievementEnabler","Act Like it!","BaseMod","Better Sensory Stone","Colored Map","DeckTracker","Downfall","Hermit","Minty Spire (QoL Compilation)","Pale of the Ancients","Rare Cards Sparkle","Relic Stats","StSLib","Synergy Search","Unceasing Turn Reminder","Wandering Minibosses"],"gold_per_floor":[99,114,114,214,226,240,295,305,215,228,246,246,171,198,209,306,306,231,249,264,264,284,284,284,234,248,266,266,266,111,128,148,148,148,148],"floor_reached":33,"playtime":4179,"items_purged":["champ:Defend","champ:Defend"],"score":268,"play_id":"c20210c9-f0ea-4c86-b07a-bb36fa8f8fb0","local_time":"20210108223101","is_ascension_mode":false,"campfire_choices":[{"floor":1.0,"key":"RECALL"},{"data":"champ:StanceDance","floor":13.0,"key":"SMITH"},{"data":"champ:VampiricStrike","floor":18.0,"key":"SMITH"},{"floor":29.0,"key":"REST"}],"circlet_count":0,"master_deck":["champ:Defend","champ:Execute","champ:Taunt","champ:Backstep","champ:StanceDance+1","champ:DeathBlow","champ:FocusedGladiator","champ:LastStand","champ:Shatter","champ:SkillfulDodge","champ:FalseCounter","champ:VampiricStrike+1","champ:FaceSlap","champ:PreciseThrust","Bite","Bite","Bite","Bite","Bite","champ:FlashCut+1","champ:TornadoPunch+1","champ:Duel+1","champ:RisingSlash","champ:DefensiveShout"],"relics":["champ:ChampionCrown","champ:FightingForDummies","downfall:HeartBlessingBlue","Art of War","SacredBark","downfall:HeartBlessingRed","Pantograph"],"acts_visited":["Exordium","TheCity"],"potions_floor_usage":[31,33],"damage_taken":[{"damage":5.0,"enemies":"2 Louse","floor":2.0,"turns":2.0},{"damage":8.0,"enemies":"Cultist","floor":5.0,"turns":6.0},{"damage":5.0,"enemies":"Small Slimes","floor":6.0,"turns":3.0},{"damage":23.0,"enemies":"Blue Slaver","floor":8.0,"turns":6.0},{"damage":15.0,"enemies":"downfall:FleeingMerchant","floor":9.0,"turns":4.0},{"damage":22.0,"enemies":"Red Slaver","floor":10.0,"turns":5.0},{"damage":36.0,"enemies":"2 Fungi Beasts","floor":11.0,"turns":6.0},{"damage":11.0,"enemies":"Blue Slaver","floor":15.0,"turns":4.0},{"damage":71.0,"enemies":"downfall:Watcher","floor":16.0,"turns":11.0},{"damage":13.0,"enemies":"Chosen","floor":19.0,"turns":4.0},{"damage":30.0,"enemies":"3 Byrds","floor":20.0,"turns":6.0},{"damage":64.0,"enemies":"Cultist and Chosen","floor":22.0,"turns":7.0},{"damage":50.0,"enemies":"Snecko","floor":26.0,"turns":6.0},{"damage":20.0,"enemies":"Snake Plant","floor":27.0,"turns":6.0},{"damage":10.0,"enemies":"downfall:FleeingMerchant","floor":30.0,"turns":4.0},{"damage":59,"enemies":"Centurion and Healer","floor":31,"turns":5},{"damage":16,"enemies":"Cultist and Chosen","floor":32,"turns":6},{"damage":113,"enemies":"downfall:Ironclad","floor":33,"turns":9}],"seed_played":"-8887899190003408370","potions_obtained":[{"floor":5.0,"key":"BlessingOfTheForge"},{"floor":6.0,"key":"AttackPotion"},{"floor":8.0,"key":"FairyPotion"},{"floor":16.0,"key":"hexamod:EctoCoolerPotion"},{"floor":19.0,"key":"Guardian:BlockOnCardUsePotion"},{"floor":20.0,"key":"champ:OpenerPotion"}],"is_trial":false,"path_per_floor":["R","M","?","?","M","M","T","M","$","M","M","?","R","T","M","B",null,"R","M","M","?","M","?","T","?","M","M","?","R","$","M","M","B"],"character_chosen":"THE_CHAMP","items_purchased":["champ:RisingSlash"],"campfire_rested":1,"item_purchase_floors":[30],"current_hp_per_floor":[99,99,99,99,99,99,99,91,86,82,66,99,109,109,108,83,109,109,104,108,76,37,37,37,66,34,39,39,61,65,53,62,0,0,0],"gold":148,"neow_bonus":"TEN_PERCENT_HP_BONUS","is_daily":false,"chose_seed":false,"campfire_upgraded":2,"win_rate":0.0,"timestamp":1610141461,"path_taken":["R","M","?","?","?","?","T","M","?","M","M","?","R","?","M","BOSS","R","M","M","?","M","?","T","?","?","M","?","R","?","M","M","BOSS"],"items_purchased_type":["Card"],"build_version":"2020-12-22","purchased_purges":2,"victory":false,"max_hp_per_floor":[99,99,99,99,99,99,99,99,99,99,99,99,109,109,109,109,109,109,109,109,76,76,76,76,76,76,76,76,76,76,76,76,76,76,76],"relic_stats":{"counters":[18,100],"Pantograph":14,"Art of War":[5],"obtain_stats":[{"downfall:HeartBlessingRed":18,"downfall:HeartBlessingBlue":13,"SacredBark":17,"Pantograph":24,"champ:ChampionCrown":0,"Art of War":14,"champ:FightingForDummies":3},{"downfall:HeartBlessingRed":9,"downfall:HeartBlessingBlue":7,"SacredBark":9,"Pantograph":12,"champ:ChampionCrown":0,"Art of War":7,"champ:FightingForDummies":1},{"downfall:HeartBlessingRed":47,"downfall:HeartBlessingBlue":32,"SacredBark":47,"Pantograph":64,"champ:ChampionCrown":0,"Art of War":32,"champ:FightingForDummies":2}]},"card_choices":[{"not_picked":["champ:FightOn","champ:BerserkersShout"],"picked":"champ:Backstep","floor":2.0},{"not_picked":["champ:FlashCut","champ:PerfectedStrike"],"picked":"champ:StanceDance","floor":5.0},{"not_picked":["champ:BringItOn","champ:Haymaker"],"picked":"champ:DeathBlow","floor":6.0},{"not_picked":["champ:FanOfKnives","champ:CalledShot"],"picked":"champ:FocusedGladiator","floor":8.0},{"not_picked":["champ:RecklessLeap","champ:ShieldWall"],"picked":"champ:LastStand","floor":9.0},{"not_picked":["champ:BladeFlurry","champ:GutPunch"],"picked":"champ:Shatter","floor":10.0},{"not_picked":["champ:BringItOn","champ:FanOfKnives"],"picked":"champ:SkillfulDodge","floor":11.0},{"not_picked":["champ:BladeFlurry","champ:AdrenalArmor"],"picked":"champ:FalseCounter","floor":15.0},{"not_picked":["champ:Improvising","champ:ShieldSlam"],"picked":"champ:VampiricStrike","floor":16.0},{"not_picked":["champ:Backstep","champ:CrookedStrike"],"picked":"champ:FaceSlap","floor":19.0},{"not_picked":["champ:CrookedStrike","champ:FlashCut"],"picked":"champ:PreciseThrust","floor":20.0},{"not_picked":["champ:PerfectedStrike","champ:Backstep"],"picked":"champ:FlashCut+1","floor":22.0},{"not_picked":["champ:GladiatorsShout","champ:FocusedDefense"],"picked":"champ:TornadoPunch+1","floor":26.0},{"not_picked":["champ:RecklessLeap","champ:PerfectedStrike"],"picked":"champ:Duel+1","floor":27.0},{"not_picked":["champ:GladiatorStyle+1","champ:TornadoPunch","champ:SwordThrow"],"picked":"SKIP","floor":30.0},{"not_picked":["champ:TornadoPunch","champ:DeathBlow+1"],"picked":"champ:DefensiveShout","floor":31},{"not_picked":["champ:BladeFlurry","champ:FalseCounter","champ:DeathBlow+1"],"picked":"SKIP","floor":32}],"player_experience":874012,"relics_obtained":[{"floor":14.0,"key":"Art of War"},{"floor":24.0,"key":"Pantograph"}],"event_choices":[{"damage_healed":33.0,"max_hp_gain":0.0,"max_hp_loss":0.0,"gold_gain":0.0,"event_name":"Big Fish","player_choice":"Banana","floor":12.0,"gold_loss":0.0,"damage_taken":0.0},{"damage_healed":0.0,"max_hp_gain":0.0,"max_hp_loss":33.0,"gold_gain":0.0,"event_name":"Vampires","player_choice":"Became a vampire","floor":21.0,"gold_loss":0.0,"damage_taken":0.0,"cards_obtained":["Bite","Bite","Bite","Bite","Bite"]},{"cards_removed":["champ:Defend"],"damage_healed":0.0,"max_hp_gain":0.0,"max_hp_loss":0.0,"gold_gain":0.0,"event_name":"Purifier","player_choice":"Purged","floor":28.0,"gold_loss":0.0,"damage_taken":0.0}],"is_beta":false,"boss_relics":[{"not_picked":["Coffee Dripper","downfall:Hecktoplasm"],"picked":"SacredBark"}],"items_purged_floors":[9,30],"is_endless":false,"potions_floor_spawned":[5,6,8,10,16,19,20],"killed_by":"downfall:Ironclad","ascension_level":0}}