{"host":"zjc1tzo4ovig5lll","time":1610122414,"event":{"mods":["AchievementEnabler","Aspiration","BaseMod","Beaked The Cultist","Better Altar","Better Match","Better Note","Better Sensory Stone","Colored Map","Colored Powertips","Conspire","Energized Spire","Friendly Minions","GifTheSpireLib","Halation","Hermit","Hubris","Minty Spire (QoL Compilation)","Rare Cards Sparkle","Replay The Spire","StSLib","The Blue Laboratory","The Bug Knight","The Construct","The Jungle","everything is the same but u backflip on backflip","vexMod"],"gold_per_floor":[116,116,66,66,81,81,115,115,115,133,133,149,166,166,166,267,267,278,203,221,221,221,221,253,253,253],"floor_reached":25,"playtime":835,"items_purged":["construct:AttackMode"],"score":342,"play_id":"78cd3d18-07af-4dc5-b2df-523472311b9a","local_time":"20210108181334","is_ascension_mode":true,"campfire_choices":[{"data":"construct:Analyze+1","floor":6.0,"key":"SMITH"},{"floor":15.0,"key":"REST"},{"data":"construct:GuardCore+1","floor":23.0,"key":"SMITH"}],"circlet_count":0,"master_deck":["construct:Strike_Gold","construct:Strike_Gold","construct:Strike_Gold","construct:Strike_Gold","construct:Strike_Gold","construct:Defend_Gold","construct:Defend_Gold","construct:Defend_Gold","construct:Defend_Gold","construct:DefenseMode","Injury","construct:Analyze+2","construct:GuardCore+2","construct:Failsafe","construct:ScopeCore+1","construct:ReactiveShield","construct:GuardCore+2","construct:Reinforce+1"],"relics":["construct:ClockworkPhoenix","NeowsBlessing","Toxic Egg 2","hubris:OldNail","conspire:RunicOctahedron","Nloth\u0027s Gift","MealTicket"],"acts_visited":["Exordium","TheCity"],"potions_floor_usage":[],"damage_taken":[{"damage":0.0,"enemies":"2 Louse","floor":1.0,"turns":2.0},{"damage":0.0,"enemies":"Jaw Worm","floor":5.0,"turns":1.0},{"damage":0.0,"enemies":"3 Sentries","floor":7.0,"turns":2.0},{"damage":0.0,"enemies":"Small Slimes","floor":10.0,"turns":4.0},{"damage":34.0,"enemies":"Exordium Wildlife","floor":12.0,"turns":7.0},{"damage":16.0,"enemies":"Blue Slaver","floor":13.0,"turns":3.0},{"damage":7.0,"enemies":"Hexaghost","floor":16.0,"turns":9.0},{"damage":4.0,"enemies":"Spheric Guardian","floor":18.0,"turns":6.0},{"damage":7.0,"enemies":"Chosen","floor":20.0,"turns":7.0},{"damage":49,"enemies":"Slavers","floor":24,"turns":9},{"damage":25,"enemies":"Snake Plant","floor":25,"turns":2}],"seed_played":"-6576342198926092237","potions_obtained":[{"floor":1.0,"key":"blueLaboratory:FruitPunch"}],"is_trial":false,"path_per_floor":["M","?","$","?","M","R","E","?","T","M","?","M","M","?","R","B",null,"M","$","M","?","?","R","E","M"],"character_chosen":"THE_CONSTRUCT_MOD","items_purchased":["construct:Analyze+1"],"campfire_rested":1,"item_purchase_floors":[3],"current_hp_per_floor":[77,77,77,74,74,74,74,74,74,74,74,40,24,24,49,44,76,72,72,65,74,74,74,25,0,0],"gold":253,"neow_bonus":"THREE_ENEMY_KILL","is_daily":false,"chose_seed":false,"campfire_upgraded":2,"win_rate":0.0,"timestamp":1610122414,"path_taken":["M","?","$","?","M","R","E","?","T","M","?","M","?","?","R","BOSS","M","$","M","?","?","R","E","?"],"items_purchased_type":["Card"],"build_version":"2020-12-22","purchased_purges":1,"victory":false,"max_hp_per_floor":[85,85,85,85,85,85,85,85,85,85,85,85,85,85,85,87,87,87,87,87,87,87,87,87,87,87],"card_choices":[{"not_picked":["construct:Electrocute","construct:Antimatter","construct:SaveState"],"picked":"SKIP","floor":1.0},{"not_picked":["construct:Forcefield+1","construct:FierceBash","construct:SyphonStrike"],"picked":"SKIP","floor":5.0},{"not_picked":["construct:FierceBash","construct:Chainstrike","construct:SaveState+1"],"picked":"SKIP","floor":7.0},{"not_picked":["construct:MetalShell+1","construct:Missile"],"picked":"construct:Failsafe","floor":10.0},{"not_picked":["construct:ClusterMines","construct:Dampening+1"],"picked":"construct:ScopeCore+1","floor":12.0},{"not_picked":["construct:Versatility","construct:Boost"],"picked":"construct:ReactiveShield","floor":13.0},{"not_picked":["construct:QuickAttack","construct:Construct_Overclock"],"picked":"construct:GuardCore+1","floor":18.0},{"not_picked":["construct:Stasis+1","construct:ShiftStrike","construct:ElectricArmor+1"],"picked":"SKIP","floor":20.0},{"not_picked":["construct:Electrocute","construct:SuppressiveFire"],"picked":"construct:Reinforce+1","floor":24}],"player_experience":634955,"relics_obtained":[{"floor":7.0,"key":"Replay:Baseball"},{"floor":24,"key":"MealTicket"}],"event_choices":[{"damage_healed":0.0,"max_hp_gain":0.0,"max_hp_loss":0.0,"gold_gain":0.0,"event_name":"Scrap Ooze","player_choice":"Success","floor":4.0,"gold_loss":0.0,"damage_taken":3.0,"relics_obtained":["hubris:OldNail"]},{"damage_healed":0.0,"max_hp_gain":0.0,"max_hp_loss":0.0,"gold_gain":0.0,"event_name":"Golden Wing","player_choice":"Ignored","floor":11.0,"gold_loss":0.0,"damage_taken":0.0},{"damage_healed":0.0,"max_hp_gain":0.0,"max_hp_loss":0.0,"gold_gain":0.0,"event_name":"Living Wall","player_choice":"Grow","floor":14.0,"gold_loss":0.0,"damage_taken":0.0,"cards_upgraded":["construct:GuardCore"]},{"damage_healed":0.0,"max_hp_gain":0.0,"max_hp_loss":0.0,"gold_gain":0.0,"event_name":"N\u0027loth","player_choice":"Traded Relic","floor":22.0,"relics_lost":["Replay:Baseball"],"gold_loss":0.0,"damage_taken":0.0,"relics_obtained":["Nloth\u0027s Gift"]}],"is_beta":false,"boss_relics":[{"not_picked":["Kintsugi","halation:Prosthetics"],"picked":"conspire:RunicOctahedron"}],"items_purged_floors":[19],"is_endless":false,"potions_floor_spawned":[1,7,13],"killed_by":"Snake Plant","ascension_level":8}}