{"host":"ig7tc0uedzltt2sr","time":1610066607,"event":{"mods":["BaseMod","Better Twitch Integration","Block Reminder","Colored Map","Colored Powertips","Communication Mod","Current Relic Mod","GifTheSpireLib","HexUI Lib","Minty Spire (QoL Compilation)","Quick Restart","Random Character Button","Rare Cards Sparkle","Relic Sorter","Relic Stats","Slay the Relics Exporter","StSLib","SuperFastMode","Synergy Search","Twitch Decklist","Twitch Utils","everything is the same but u backflip on backflip","slay the spire mod where everything is the same but ironclad has a cowboy hat"],"gold_per_floor":[119,135,148,159,169,169,169],"floor_reached":6,"playtime":63,"items_purged":[],"score":40,"play_id":"6b0d6fde-155a-4ba0-87c0-e90154131767","local_time":"20210107164327","is_ascension_mode":false,"campfire_choices":[],"circlet_count":0,"master_deck":["Strike_R","Strike_R","Strike_R","Strike_R","Strike_R","Defend_R","Defend_R","Defend_R","Defend_R","Bash","Ghostly Armor","Wild Strike","Thunderclap","Dual Wield","Headbutt"],"relics":["Burning Blood","NeowsBlessing"],"acts_visited":["Exordium"],"potions_floor_usage":[],"damage_taken":[{"damage":0,"enemies":"2 Louse","floor":1,"turns":1},{"damage":0,"enemies":"Jaw Worm","floor":2,"turns":2},{"damage":0,"enemies":"Cultist","floor":3,"turns":1},{"damage":14,"enemies":"Blue Slaver","floor":4,"turns":6},{"damage":12,"enemies":"Exordium Wildlife","floor":5,"turns":7},{"damage":71,"enemies":"Lagavulin","floor":6,"turns":12}],"seed_played":"3544367032712300236","potions_obtained":[{"floor":5,"key":"SpeedPotion"}],"is_trial":false,"path_per_floor":["M","M","M","M","M","E"],"character_chosen":"IRONCLAD","items_purchased":[],"campfire_rested":0,"item_purchase_floors":[],"current_hp_per_floor":[80,80,80,72,66,0,0],"gold":169,"neow_bonus":"THREE_ENEMY_KILL","is_daily":false,"chose_seed":false,"campfire_upgraded":0,"win_rate":0.0,"timestamp":1610066607,"path_taken":["M","M","M","M","M","E"],"items_purchased_type":[],"build_version":"2020-12-22","purchased_purges":0,"victory":false,"max_hp_per_floor":[80,80,80,80,80,80,80],"relic_stats":{"counters":[6,29],"obtain_stats":[{"NeowsBlessing":0,"Burning Blood":0},{"NeowsBlessing":0,"Burning Blood":0},{"NeowsBlessing":0,"Burning Blood":0}],"Burning Blood":12},"card_choices":[{"not_picked":["Flex","Thunderclap"],"picked":"Ghostly Armor","floor":1},{"not_picked":["Dark Embrace","Clash"],"picked":"Wild Strike","floor":2},{"not_picked":["Heavy Blade","Pommel Strike"],"picked":"Thunderclap","floor":3},{"not_picked":["Cleave","Rampage"],"picked":"Dual Wield","floor":4},{"not_picked":["Uppercut","Bloodletting"],"picked":"Headbutt","floor":5}],"player_experience":1464590,"relics_obtained":[],"event_choices":[],"is_beta":false,"boss_relics":[],"items_purged_floors":[],"is_endless":false,"potions_floor_spawned":[5],"killed_by":"Lagavulin","ascension_level":0}}