{"host":"p6y17sixyu8q9v1f","time":1610133411,"event":{"mods":["BaseMod","Colored Map","Minty Spire (QoL Compilation)"],"gold_per_floor":[115,128,78,96,371,371,390,390,413,221,221,221,250,264,264,363,363,377,377,132,147,161,161,4,184,184,200,200,200,200],"floor_reached":29,"playtime":805,"items_purged":["Regret","Strike_B"],"score":279,"play_id":"b1dcc34e-09c8-4320-adc8-8cf57f964393","local_time":"20210108131651","is_ascension_mode":true,"campfire_choices":[{"data":"Zap","floor":6,"key":"SMITH"},{"data":"Static Discharge","floor":8,"key":"SMITH"},{"data":"Redo","floor":11,"key":"SMITH"},{"data":"Redo","floor":15,"key":"SMITH"},{"data":"Dualcast","floor":23,"key":"SMITH"},{"data":"Defragment","floor":28,"key":"SMITH"}],"circlet_count":0,"master_deck":["Strike_B","Strike_B","Strike_B","Defend_B","Defend_B","Defend_B+1","Zap+1","Dualcast+1","Coolheaded+1","Conserve Battery","Loop","Static Discharge+1","Defragment","Redo+1","Echo Form","Redo+1","Defragment+1","Conserve Battery","Steam+1"],"relics":["Cracked Core","NeowsBlessing","Orichalcum","War Paint","Centennial Puzzle","Philosopher\u0027s Stone","MealTicket","Lee\u0027s Waffle","Tiny Chest"],"acts_visited":["Exordium","TheCity"],"potions_floor_usage":[21],"damage_taken":[{"damage":0,"enemies":"Jaw Worm","floor":1,"turns":1},{"damage":0,"enemies":"Small Slimes","floor":2,"turns":1},{"damage":0,"enemies":"Cultist","floor":4,"turns":1},{"damage":13,"enemies":"Exordium Thugs","floor":7,"turns":5},{"damage":18,"enemies":"3 Sentries","floor":13,"turns":5},{"damage":6,"enemies":"Exordium Wildlife","floor":14,"turns":4},{"damage":12,"enemies":"Hexaghost","floor":16,"turns":7},{"damage":14,"enemies":"Shell Parasite","floor":18,"turns":4},{"damage":17,"enemies":"3 Byrds","floor":21,"turns":3},{"damage":21,"enemies":"Snake Plant","floor":22,"turns":3},{"damage":40,"enemies":"Shelled Parasite and Fungi","floor":27,"turns":4},{"damage":26,"enemies":"Slavers","floor":29,"turns":2}],"seed_played":"-7431509147345675035","potions_obtained":[{"floor":4,"key":"Ancient Potion"},{"floor":13,"key":"SteroidPotion"},{"floor":16,"key":"Dexterity Potion"},{"floor":18,"key":"LiquidBronze"},{"floor":27,"key":"Dexterity Potion"}],"is_trial":false,"path_per_floor":["M","M","?","M","?","R","M","R","T","$","R","T","E","M","R","B",null,"M","?","$","M","M","R","$","?","T","M","R","E"],"character_chosen":"DEFECT","items_purchased":["Defragment","Redo","MealTicket","Lee\u0027s Waffle"],"campfire_rested":0,"item_purchase_floors":[10,10,20,24],"current_hp_per_floor":[75,75,75,75,75,75,62,62,62,62,62,62,44,38,38,26,63,49,49,49,32,11,11,82,63,63,23,23,0,0],"gold":200,"neow_bonus":"THREE_ENEMY_KILL","is_daily":false,"chose_seed":false,"campfire_upgraded":6,"win_rate":0.0,"timestamp":1610133411,"path_taken":["M","M","?","M","?","R","?","R","T","?","R","?","E","M","R","BOSS","M","?","$","?","M","R","$","?","T","?","R","E"],"items_purchased_type":["Card","Card","Relic","Relic"],"build_version":"2020-12-22","purchased_purges":2,"victory":false,"max_hp_per_floor":[75,75,75,75,75,75,75,75,75,75,75,75,75,75,75,75,75,75,75,75,75,75,75,82,82,82,82,82,82,82],"card_choices":[{"not_picked":["Genetic Algorithm","Redo"],"picked":"Coolheaded","floor":1},{"not_picked":["Gash","Ball Lightning"],"picked":"Conserve Battery","floor":2},{"not_picked":["Compile Driver","Rip and Tear"],"picked":"Loop","floor":4},{"not_picked":["Go for the Eyes","Force Field"],"picked":"Static Discharge","floor":7},{"not_picked":["Turbo","White Noise"],"picked":"Echo Form","floor":13},{"not_picked":["Rip and Tear","Gash"],"picked":"Redo","floor":14},{"not_picked":["Turbo","Barrage","Go for the Eyes"],"picked":"SKIP","floor":18},{"not_picked":["Turbo","Darkness","Stack"],"picked":"SKIP","floor":21},{"not_picked":["Cold Snap","Ball Lightning"],"picked":"Conserve Battery","floor":22},{"not_picked":["Barrage","Stack"],"picked":"Steam+1","floor":27}],"player_experience":1061217,"relics_obtained":[{"floor":9,"key":"Orichalcum"},{"floor":12,"key":"War Paint"},{"floor":13,"key":"Centennial Puzzle"},{"floor":26,"key":"Tiny Chest"}],"event_choices":[{"cards_removed":["Defend_B"],"damage_healed":0,"gold_gain":0,"player_choice":"Card Removal","damage_taken":0,"max_hp_gain":0,"max_hp_loss":0,"event_name":"The Cleric","floor":3,"gold_loss":50},{"damage_healed":0,"gold_gain":275,"player_choice":"Desecrate","damage_taken":0,"max_hp_gain":0,"max_hp_loss":0,"event_name":"Golden Shrine","floor":5,"gold_loss":0,"cards_obtained":["Regret"]},{"damage_healed":0,"gold_gain":0,"player_choice":"Copied","damage_taken":0,"max_hp_gain":0,"max_hp_loss":0,"event_name":"Duplicator","floor":19,"gold_loss":0,"cards_obtained":["Defragment"]},{"damage_healed":0,"gold_gain":180,"player_choice":"GOLD GOLD ","damage_taken":19,"max_hp_gain":0,"max_hp_loss":0,"event_name":"Knowing Skull","floor":25,"potions_obtained":[],"gold_loss":0,"cards_obtained":[]}],"is_beta":false,"boss_relics":[{"not_picked":["Busted Crown","Velvet Choker"],"picked":"Philosopher\u0027s Stone"}],"items_purged_floors":[10,20],"is_endless":false,"potions_floor_spawned":[4,13,16,18,27],"killed_by":"Slavers","ascension_level":5}}