{"host":"b7j598ve05halrwk","time":1610089753,"event":{"mods":["2.2 Compatiblity","BaseMod","Block Reminder","DeckTracker","Minty Spire (QoL Compilation)","Relic Stats","Slay the Relics Exporter","StSLib","ojb\u0027s Better Paths Mod","ojb\u0027s Info Mod"],"gold_per_floor":[117,117,26,26,37,70,70,105,105,105,133,149,166,166,166,238,238,251,79,79,79,90,90,115,115,115,115,115],"floor_reached":27,"playtime":1338,"items_purged":["Regret"],"score":544,"play_id":"a7db9fef-80fb-4006-8c5b-17b48e4f4fe5","local_time":"20210108020913","is_ascension_mode":true,"campfire_choices":[{"data":"Biased Cognition","floor":7.0,"key":"SMITH"},{"data":"Zap","floor":10.0,"key":"SMITH"},{"data":"Capacitor","floor":15.0,"key":"SMITH"},{"data":"Defragment","floor":23,"key":"SMITH"},{"data":"Self Repair","floor":25,"key":"SMITH"}],"circlet_count":0,"master_deck":["AscendersBane","Strike_B","Strike_B","Defend_B","Defend_B","Defend_B","Defend_B","Zap+1","Dualcast","Beam Cell","Cold Snap","Self Repair+1","Rebound","Biased Cognition+1","Chill+1","Defragment+1","Glacier+1","Capacitor+1","Core Surge","Cold Snap","Hologram+1","Storm","Conserve Battery+1","Tempest+1"],"relics":["Cracked Core","NeowsBlessing","Toxic Egg 2","Lantern","Strawberry","Matryoshka","Pantograph","Symbiotic Virus","Sozu","Question Card","Orichalcum","MealTicket"],"acts_visited":["Exordium","TheCity"],"potions_floor_usage":[18,22],"damage_taken":[{"damage":0.0,"enemies":"Small Slimes","floor":1.0,"turns":1.0},{"damage":0.0,"enemies":"Jaw Worm","floor":5.0,"turns":1.0},{"damage":0.0,"enemies":"Gremlin Nob","floor":6.0,"turns":1.0},{"damage":20.0,"enemies":"Lagavulin","floor":8.0,"turns":6.0},{"damage":12.0,"enemies":"3 Sentries","floor":11.0,"turns":12.0},{"damage":0.0,"enemies":"Cultist","floor":12.0,"turns":3.0},{"damage":2.0,"enemies":"Blue Slaver","floor":13.0,"turns":4.0},{"damage":52.0,"enemies":"Slime Boss","floor":16.0,"turns":12.0},{"damage":8,"enemies":"Spheric Guardian","floor":18,"turns":6},{"damage":0,"enemies":"3 Byrds","floor":22,"turns":5},{"damage":22,"enemies":"Book of Stabbing","floor":24,"turns":6},{"damage":53,"enemies":"Slavers","floor":27,"turns":3}],"seed_played":"-8719517240779212840","potions_obtained":[{"floor":1.0,"key":"Weak Potion"},{"floor":8.0,"key":"AttackPotion"},{"floor":12.0,"key":"Regen Potion"}],"is_trial":false,"path_per_floor":["M","?","$","?","M","E","R","E","T","R","E","M","M","?","R","B",null,"M","$","?","?","M","R","E","R","T","E"],"character_chosen":"DEFECT","items_purchased":["Cold Snap","Self Repair","Hologram+1","Storm"],"campfire_rested":0,"item_purchase_floors":[3,3,19,19],"current_hp_per_floor":[64,57,57,57,64,71,71,65,65,65,60,67,72,72,72,33,67,66,66,44,44,63,63,48,48,48,0,0],"gold":115,"neow_bonus":"THREE_ENEMY_KILL","is_daily":false,"chose_seed":false,"campfire_upgraded":5,"win_rate":0.0,"timestamp":1610089753,"path_taken":["M","?","$","?","?","E","R","E","T","R","E","M","M","?","R","BOSS","M","$","?","?","?","R","E","R","T","E"],"items_purchased_type":["Card","Card","Card","Card"],"build_version":"2020-12-22","purchased_purges":1,"victory":false,"max_hp_per_floor":[71,71,71,71,71,71,71,78,78,78,78,78,78,78,78,78,78,78,78,83,83,83,83,83,83,83,83,83],"relic_stats":{"Sozu":1,"counters":[12,60],"Pantograph":6,"MealTicket":0,"Orichalcum":[0],"Question Card":0,"obtain_stats":[{"Sozu":17,"Lantern":6,"Matryoshka":9,"NeowsBlessing":0,"Strawberry":8,"Pantograph":11,"MealTicket":26,"Toxic Egg 2":4,"Orichalcum":26,"Cracked Core":0,"Symbiotic Virus":14,"Question Card":24},{"Sozu":8,"Lantern":3,"Matryoshka":4,"NeowsBlessing":0,"Strawberry":4,"Pantograph":5,"MealTicket":11,"Toxic Egg 2":1,"Orichalcum":11,"Cracked Core":0,"Symbiotic Virus":7,"Question Card":11},{"Sozu":40,"Lantern":3,"Matryoshka":9,"NeowsBlessing":0,"Strawberry":9,"Pantograph":21,"MealTicket":57,"Toxic Egg 2":1,"Orichalcum":57,"Cracked Core":0,"Symbiotic Virus":28,"Question Card":57}]},"card_choices":[{"not_picked":["Fusion","Gash"],"picked":"Beam Cell","floor":1.0},{"not_picked":["Steam+1","Force Field+1"],"picked":"Rebound","floor":5.0},{"not_picked":["Scrape","Go for the Eyes"],"picked":"Biased Cognition","floor":6.0},{"not_picked":["Conserve Battery+1","Rebound"],"picked":"Chill+1","floor":8.0},{"not_picked":["Fusion+1","Gash"],"picked":"Defragment","floor":11.0},{"not_picked":["Hyperbeam","Steam+1"],"picked":"Glacier+1","floor":12.0},{"not_picked":["Rip and Tear","Force Field+1"],"picked":"Capacitor","floor":13.0},{"not_picked":["Buffer","Meteor Strike"],"picked":"Core Surge","floor":16.0},{"not_picked":["Redo+1","Go for the Eyes"],"picked":"Cold Snap","floor":18},{"not_picked":["Double Energy+1","Lockon"],"picked":"Conserve Battery+1","floor":22},{"not_picked":["Turbo+1","Go for the Eyes"],"picked":"Tempest+1","floor":24}],"player_experience":865486,"relics_obtained":[{"floor":6.0,"key":"Lantern"},{"floor":8.0,"key":"Strawberry"},{"floor":9.0,"key":"Matryoshka"},{"floor":11.0,"key":"Pantograph"},{"floor":24,"key":"Question Card"},{"floor":26,"key":"Orichalcum"},{"floor":26,"key":"MealTicket"}],"event_choices":[{"cards_removed":["Strike_B"],"damage_healed":0.0,"max_hp_gain":0.0,"max_hp_loss":0.0,"gold_gain":0.0,"event_name":"Golden Wing","player_choice":"Card Removal","floor":2.0,"gold_loss":0.0,"damage_taken":7.0},{"damage_healed":0.0,"max_hp_gain":0.0,"max_hp_loss":0.0,"gold_gain":0.0,"event_name":"WeMeetAgain","player_choice":"Gave Potion","floor":4.0,"gold_loss":0.0,"damage_taken":0.0,"relics_obtained":["Toxic Egg 2"]},{"damage_healed":0.0,"max_hp_gain":0.0,"max_hp_loss":0.0,"gold_gain":0.0,"event_name":"Big Fish","player_choice":"Box","floor":14.0,"gold_loss":0.0,"damage_taken":0.0,"relics_obtained":["Symbiotic Virus"],"cards_obtained":["Regret"]},{"damage_healed":0,"gold_gain":0,"player_choice":"Shed Blood","damage_taken":27,"max_hp_gain":5,"max_hp_loss":0,"event_name":"Forgotten Altar","floor":20,"gold_loss":0},{"cards_removed":["Strike_B"],"damage_healed":0,"gold_gain":0,"player_choice":"Card Removal","damage_taken":0,"max_hp_gain":0,"max_hp_loss":0,"event_name":"Wheel of Change","floor":21,"gold_loss":0}],"is_beta":false,"boss_relics":[{"not_picked":["Ectoplasm","FrozenCore"],"picked":"Sozu"}],"items_purged_floors":[19],"is_endless":false,"potions_floor_spawned":[1,8,12,22],"killed_by":"Slavers","ascension_level":20}}