{"host":"ul7yvwhigba0nw36","time":1610127171,"event":{"mods":["AchievementEnabler","Act Like it!","Aspiration","BaseMod","Colored Map","Colored Powertips","Downfall","Gensokyo","Hermit","Highlight Path","Hubris","Infinite Spire","Minty Spire (QoL Compilation)","Random Character Button","Replay The Spire","StSLib","The Construct","The Cursed","The Disciple","The Necromancer"],"gold_per_floor":[114,114,106,123,134,167,167,193,193,193,193,193,8,8,81,182,182,193,208,208,0,10,10,42,61,61,61,79,79,126,138,138,234,234,247,247,264,264,277,254,271,51,51,77,113,151,151,177,177],"floor_reached":48,"playtime":2427,"items_purged":["Amnesia"],"score":576,"play_id":"07fdfe0c-0803-437b-80a1-ff3a9084f8e5","local_time":"20210108173251","is_ascension_mode":true,"campfire_choices":[{"data":"Deadly Poison","floor":7,"key":"SMITH"},{"floor":12,"key":"REST"},{"data":"Noxious Fumes","floor":23,"key":"SMITH"},{"floor":27,"key":"REST"},{"floor":29,"key":"REST"},{"floor":32,"key":"REST"}],"circlet_count":0,"master_deck":["Strike_G","Strike_G","Strike_G","Defend_G+1","Defend_G+1","Defend_G","Defend_G","Defend_G","Survivor","Deadly Poison+1","Poisoned Stab","Poisoned Stab","Deadly Poison","Noxious Fumes+1","Bane","Poisoned Stab","Sucker Punch","Flying Knee","MasterKey","Deadly Poison","infinitespire:Neurotoxin","Prepared","Noxious Fumes+1","Prepared+1","Noxious Fumes","Bane+1","Bouncing Flask","Gensokyo:EverlastingLife"],"relics":["Ring of the Snake","aspiration:Nostalgia","m_MercuryCore","Happy Flower","ReplayFunnel","ReplayTheSpireMod:Ninjato","ReplayTheSpireMod:Shallot","hubris:Icosahedron","Orrery","Replay:Bronze Core","Ring of Hypnosis","Ring of Misfortune","aspiration:TomeofQuesting","hubris:GlazedTorus","Replay:Accelerometer","aspiration:Lifesprig","hubris:HollowSoul","SlaversCollar","Tough Bandages","aspiration:AnachronicSnailShell","infinitespire:Satchel","Replay:Bandana"],"acts_visited":["Exordium","Gensokyo:Gensokyo","Gensokyo:Gensokyoer"],"potions_floor_usage":[6,8,24,40,40],"damage_taken":[{"damage":4,"enemies":"Gensokyo:3_Fairies","floor":1,"turns":4},{"damage":0,"enemies":"Gensokyo:2_Kodama","floor":4,"turns":3},{"damage":6,"enemies":"Gensokyo:Gryphon","floor":5,"turns":3},{"damage":10,"enemies":"Gensokyo:Mamizou","floor":6,"turns":6},{"damage":33,"enemies":"Gensokyo:Cirno","floor":8,"turns":8},{"damage":34,"enemies":"Gensokyo:Reimu","floor":16,"turns":7},{"damage":0,"enemies":"Gensokyo:CosmicMonolith","floor":18,"turns":4},{"damage":14,"enemies":"Gensokyo:AngelMirror","floor":19,"turns":2},{"damage":4,"enemies":"Gensokyo:Wraith","floor":22,"turns":4},{"damage":12,"enemies":"Gensokyo:Reisen","floor":24,"turns":4},{"damage":22,"enemies":"Gensokyo:Slime_Group","floor":25,"turns":5},{"damage":0,"enemies":"Gensokyo:Swordslinger","floor":28,"turns":4},{"damage":16,"enemies":"Gensokyo:Monolith_and_Dog","floor":31,"turns":4},{"damage":20,"enemies":"Gensokyo:Eternal_Rivals","floor":33,"turns":9},{"damage":0,"enemies":"Gensokyo:3_Boulders","floor":35,"turns":5},{"damage":6,"enemies":"Gensokyo:3_Bats","floor":37,"turns":4},{"damage":21,"enemies":"Gensokyo:Rafflesia","floor":39,"turns":6},{"damage":7,"enemies":"Gensokyo:Marisa","floor":40,"turns":6},{"damage":6,"enemies":"Gensokyo:AtlasGolem","floor":41,"turns":5},{"damage":4,"enemies":"Gensokyo:3_Boulders","floor":44,"turns":4},{"damage":14,"enemies":"Gensokyo:4_Bats","floor":45,"turns":4},{"damage":9,"enemies":"Gensokyo:SeedOfUnknown","floor":46,"turns":4},{"damage":15,"enemies":"Gensokyo:Rafflesia","floor":48,"turns":3}],"seed_played":"-2619003965672732545","potions_obtained":[{"floor":1,"key":"Ancient Potion"},{"floor":4,"key":"AttackPotion"},{"floor":6,"key":"Block Potion"},{"floor":19,"key":"Explosive Potion"},{"floor":24,"key":"EssenceOfSteel"},{"floor":31,"key":"Strength Potion"},{"floor":41,"key":"LiquidBronze"},{"floor":44,"key":"SteroidPotion"}],"is_trial":false,"path_per_floor":["M","?","?","M","M","E","R","E","T","?","?","R","COS","$","R_BF","B",null,"M","M","?","?","M","R","E","M","T","R","M","R","T","M","R","B",null,"M","AVR","M","?","M","E","M","$","T","M","M","M","?","M"],"character_chosen":"THE_SILENT","items_purchased":["infinitespire:Satchel","Noxious Fumes"],"campfire_rested":4,"item_purchase_floors":[42,42],"current_hp_per_floor":[66,66,70,70,64,54,54,21,21,21,21,42,42,42,42,8,70,70,56,56,56,52,52,40,18,18,39,39,60,60,44,65,45,70,70,70,64,64,43,35,29,29,29,25,11,2,2,0,0],"gold":177,"neow_bonus":"NOSTALGIA","is_daily":false,"chose_seed":false,"campfire_upgraded":2,"win_rate":0.0,"timestamp":1610127171,"path_taken":["M","?","?","M","?","E","R","E","T","?","?","R","COS","?","R_BF","BOSS","M","M","?","?","M","R","E","?","T","R","M","R","?","M","R","BOSS","M","AVR","M","?","M","E","M","$","T","M","M","?","?","M"],"items_purchased_type":["Relic","Card"],"build_version":"2020-12-22","purchased_purges":1,"victory":false,"max_hp_per_floor":[70,70,70,70,70,70,70,70,70,70,70,70,70,70,70,70,70,70,70,70,70,70,70,70,70,70,70,70,70,70,70,70,70,70,70,70,70,70,70,70,70,70,70,70,70,70,70,70,70],"card_choices":[{"not_picked":["Dagger Spray","LockedScales"],"picked":"Deadly Poison","floor":1},{"not_picked":["Slice","Cloak And Dagger"],"picked":"Poisoned Stab","floor":4},{"not_picked":["Acrobatics","Creative AI","Underhanded Strike"],"picked":"SKIP","floor":5},{"not_picked":["Skewer","White Noise"],"picked":"Poisoned Stab","floor":6},{"not_picked":["Concentrate","ReplayTheSpireMod:Speed Training"],"picked":"Deadly Poison","floor":8},{"not_picked":["ReplayTheSpireMod:Scrap Shanks","LockedScales"],"picked":"Bane","floor":13},{"not_picked":["Toxin Wave","Predator"],"picked":"Poisoned Stab","floor":13},{"not_picked":["Caltrops","LockedOrichalcum"],"picked":"Sucker Punch","floor":13},{"not_picked":["Backflip","Blade Dance"],"picked":"Flying Knee","floor":13},{"not_picked":["Atom Bomb","Doppelganger"],"picked":"MasterKey","floor":16},{"not_picked":["Cloak And Dagger","Dodge and Roll","Distraction+1"],"picked":"SKIP","floor":18},{"not_picked":["Concentrate+1","Cloak And Dagger"],"picked":"Deadly Poison","floor":19},{"not_picked":["Cloak And Dagger","hubris:SlightOfHand","Footwork"],"picked":"SKIP","floor":22},{"not_picked":["Sucker Punch","Flying Knee+1","Slice+1"],"picked":"SKIP","floor":24},{"not_picked":["Replay:Bag of Tricks","Sneak Up","Dagger Throw"],"picked":"SKIP","floor":25},{"not_picked":["Hidden Blade+1","Backstab","Dagger Throw"],"picked":"SKIP","floor":28},{"not_picked":["Expertise","Masterful Stab","Deflect"],"picked":"SKIP","floor":31},{"not_picked":["After Image","Venomology"],"picked":"infinitespire:Neurotoxin","floor":33},{"not_picked":["Flying Knee+1","Skewer+1","PiercingWail+1"],"picked":"SKIP","floor":35},{"not_picked":["Cloak And Dagger","Infinite Blades"],"picked":"Prepared","floor":37},{"not_picked":["Backflip+1","hubris:SlightOfHand"],"picked":"Noxious Fumes+1","floor":39},{"not_picked":["Draining Mist+1","ReplayTheSpireMod:Scrap Shanks+1"],"picked":"Prepared+1","floor":40},{"not_picked":["Underhanded Strike","Dagger Spray+1","Blade Dance+1"],"picked":"SKIP","floor":41},{"not_picked":["Reflex","Deflect+1"],"picked":"Bane+1","floor":44},{"not_picked":["Dodge and Roll+1","Terror","Grand Finale"],"picked":"SKIP","floor":45},{"not_picked":["hubris:SlightOfHand","Dagger Spray"],"picked":"Bouncing Flask","floor":46},{"not_picked":["Gensokyo:MorningMist","Gensokyo:RisingWorld"],"picked":"Gensokyo:EverlastingLife","floor":47}],"player_experience":432510,"relics_obtained":[{"floor":6,"key":"ReplayFunnel"},{"floor":8,"key":"ReplayTheSpireMod:Ninjato"},{"floor":9,"key":"ReplayTheSpireMod:Shallot"},{"floor":20,"key":"Ring of Hypnosis"},{"floor":20,"key":"Ring of Misfortune"},{"floor":24,"key":"hubris:GlazedTorus"},{"floor":26,"key":"Replay:Accelerometer"},{"floor":30,"key":"aspiration:Lifesprig"},{"floor":40,"key":"aspiration:AnachronicSnailShell"},{"floor":43,"key":"Replay:Bandana"}],"event_choices":[],"is_beta":false,"boss_relics":[{"not_picked":["Astrolabe","aspiration:IroncladSkillbook"],"picked":"Replay:Bronze Core"},{"not_picked":["Velvet Choker","aspiration:FutureDiary"],"picked":"hubris:HollowSoul"}],"items_purged_floors":[36],"is_endless":false,"potions_floor_spawned":[1,4,6,19,24,31,37,41,44],"killed_by":"Gensokyo:Rafflesia","ascension_level":4}}