{"host":"bxn2em57qlx5u4i0","time":1610069751,"event":{"mods":["BaseMod","Colored Map","Colored Powertips","Highlight Path","Minty Spire (QoL Compilation)","Random Character Button","Relic Sorter","Relic Stats","StSLib","SuperFastMode"],"gold_per_floor":[109,34,47,47,71,71,17,61,61,79,98,98,131,158,158,251,251,271,271,284,284,303,303,303],"floor_reached":23,"playtime":625,"items_purged":["Strike_G"],"score":402,"play_id":"fbbfb27c-9ee0-4829-aa45-565d735b707d","local_time":"20210107203551","is_ascension_mode":true,"campfire_choices":[{"data":"Neutralize","floor":6.0,"key":"SMITH"},{"data":"Accuracy","floor":12.0,"key":"SMITH"},{"floor":15.0,"key":"REST"}],"circlet_count":0,"master_deck":["AscendersBane","Strike_G","Defend_G","Defend_G","Defend_G","Defend_G","Defend_G","Survivor","Neutralize+1","Blade Dance","Blade Dance","Endless Agony","Accuracy+1","Blade Dance","Backflip","Burst","Outmaneuver+1","Skewer+1","Envenom+1","Escape Plan+1"],"relics":["Ring of the Snake","Toy Ornithopter","Golden Idol","The Specimen","Ice Cream","Tiny Chest","PreservedInsect","Astrolabe"],"acts_visited":["Exordium","TheCity"],"potions_floor_usage":[22,22],"damage_taken":[{"damage":2.0,"enemies":"Cultist","floor":1.0,"turns":5.0},{"damage":4.0,"enemies":"Jaw Worm","floor":3.0,"turns":6.0},{"damage":2.0,"enemies":"Small Slimes","floor":5.0,"turns":3.0},{"damage":17.0,"enemies":"Lagavulin","floor":8.0,"turns":5.0},{"damage":0.0,"enemies":"Gremlin Gang","floor":10.0,"turns":3.0},{"damage":3.0,"enemies":"Looter","floor":11.0,"turns":3.0},{"damage":20.0,"enemies":"3 Sentries","floor":13.0,"turns":5.0},{"damage":37.0,"enemies":"Slime Boss","floor":16.0,"turns":5.0},{"damage":26.0,"enemies":"Chosen","floor":18.0,"turns":7.0},{"damage":10.0,"enemies":"2 Thieves","floor":20.0,"turns":4.0},{"damage":8,"enemies":"Snake Plant","floor":22,"turns":3},{"damage":16,"enemies":"Book of Stabbing","floor":23,"turns":4}],"seed_played":"-4472652712527740386","potions_obtained":[{"floor":1.0,"key":"ColorlessPotion"},{"floor":5.0,"key":"Energy Potion"},{"floor":16.0,"key":"LiquidBronze"},{"floor":21.0,"key":"Fire Potion"}],"is_trial":false,"path_per_floor":["M","$","M","?","M","R","$","E","T","M","M","R","E","T","R","B",null,"M","?","M","?","M","E"],"character_chosen":"THE_SILENT","items_purchased":["Strength Potion"],"campfire_rested":1,"item_purchase_floors":[7],"current_hp_per_floor":[57,57,53,53,51,51,51,39,39,44,41,41,21,21,39,2,46,20,20,10,10,12,0,0],"gold":303,"neow_bonus":"RANDOM_COMMON_RELIC","is_daily":false,"chose_seed":false,"campfire_upgraded":2,"win_rate":0.0,"timestamp":1610069751,"path_taken":["M","?","M","?","M","R","$","E","T","M","M","R","E","?","R","BOSS","M","?","M","?","M","E"],"items_purchased_type":["Potion"],"build_version":"2020-12-22","purchased_purges":1,"victory":false,"max_hp_per_floor":[66,66,66,60,60,60,60,60,60,60,60,60,60,60,60,60,60,60,60,60,60,60,60,60],"relic_stats":{"counters":[12,53],"Golden Idol":59,"Astrolabe":["Outmaneuver","Skewer","Envenom"],"Tiny Chest":0,"PreservedInsect":43,"obtain_stats":[{"Ice Cream":9,"The Specimen":8,"Golden Idol":4,"Astrolabe":17,"Tiny Chest":13,"PreservedInsect":14,"Toy Ornithopter":0,"Ring of the Snake":0},{"Ice Cream":4,"The Specimen":4,"Golden Idol":2,"Astrolabe":8,"Tiny Chest":7,"PreservedInsect":7,"Toy Ornithopter":0,"Ring of the Snake":0},{"Ice Cream":19,"The Specimen":19,"Golden Idol":11,"Astrolabe":35,"Tiny Chest":30,"PreservedInsect":30,"Toy Ornithopter":0,"Ring of the Snake":0}],"Toy Ornithopter":20,"Ring of the Snake":[24]},"card_choices":[{"not_picked":["Finisher","Outmaneuver"],"picked":"Blade Dance","floor":1.0},{"not_picked":["Flying Knee","Dodge and Roll"],"picked":"Blade Dance","floor":3.0},{"not_picked":["Underhanded Strike","Acrobatics"],"picked":"Endless Agony","floor":5.0},{"not_picked":["Adrenaline","Slice"],"picked":"Accuracy","floor":8.0},{"not_picked":["Predator","Slice"],"picked":"Blade Dance","floor":10.0},{"not_picked":["Endless Agony","Dagger Spray"],"picked":"Backflip","floor":11.0},{"not_picked":["Dodge and Roll","Bane","Eviscerate"],"picked":"SKIP","floor":13.0},{"not_picked":["Storm of Steel","Malaise"],"picked":"Burst","floor":16.0},{"not_picked":["Blade Dance","Outmaneuver"],"picked":"Escape Plan+1","floor":18.0},{"not_picked":["Distraction","Outmaneuver","Underhanded Strike"],"picked":"SKIP","floor":20.0},{"not_picked":["Flying Knee","Poisoned Stab+1","Blade Dance"],"picked":"SKIP","floor":22}],"player_experience":2868068,"relics_obtained":[{"floor":8.0,"key":"The Specimen"},{"floor":9.0,"key":"Ice Cream"},{"floor":13.0,"key":"Tiny Chest"},{"floor":14.0,"key":"PreservedInsect"}],"event_choices":[{"damage_healed":0.0,"max_hp_gain":0.0,"max_hp_loss":6.0,"gold_gain":0.0,"event_name":"Golden Idol","player_choice":"Lose Max HP","floor":4.0,"gold_loss":0.0,"damage_taken":0.0,"relics_obtained":["Golden Idol"]},{"damage_healed":0.0,"max_hp_gain":0.0,"max_hp_loss":0.0,"gold_gain":0.0,"event_name":"The Mausoleum","player_choice":"Ignored","floor":19.0,"gold_loss":0.0,"damage_taken":0.0},{"damage_healed":0.0,"max_hp_gain":0.0,"max_hp_loss":0.0,"gold_gain":0.0,"event_name":"Lab","player_choice":"Got Potions","floor":21.0,"gold_loss":0.0,"damage_taken":0.0}],"is_beta":false,"boss_relics":[{"not_picked":["Ectoplasm","Velvet Choker"],"picked":"Astrolabe"}],"items_purged_floors":[2],"is_endless":false,"potions_floor_spawned":[1,5,16],"killed_by":"Book of Stabbing","ascension_level":20}}