{"host":"y3h3n3f7seyagppx","time":1610125206,"event":{"mods":["BaseMod","Colored Map","Colored Powertips","DeckTracker","Minty Spire (QoL Compilation)","Random Character Button","Rare Cards Sparkle","Relic Sorter","Relic Stats","StSLib"],"gold_per_floor":[117,117,130,145,156,156,187,187,187,220,220,231,243,269,269,345,345,359,274,294,294,305,305,330,330,354,454,474,507,34,62,62,139,139,156,167,186,200,43,43,43,71,98,143,156,186,216,266,266,266,266,266,266,73,98,98],"floor_reached":57,"playtime":7174,"items_purged":["Pain"],"score":3240,"play_id":"9b38e4df-848b-4166-9a4c-4793d82fd2c1","local_time":"20210108120006","is_ascension_mode":true,"campfire_choices":[{"data":"Uppercut","floor":6,"key":"SMITH"},{"data":"Twin Strike","floor":8,"key":"SMITH"},{"data":"Offering","floor":11,"key":"SMITH"},{"data":"Inflame","floor":15,"key":"SMITH"},{"data":"Dual Wield","floor":23,"key":"SMITH"},{"data":"Heavy Blade","floor":25,"key":"SMITH"},{"data":"Flame Barrier","floor":32,"key":"SMITH"},{"data":"Impervious","floor":40,"key":"SMITH"},{"floor":49,"key":"RECALL"},{"data":"Feel No Pain","floor":53,"key":"SMITH"}],"circlet_count":0,"master_deck":["AscendersBane","Strike_R","Strike_R","Strike_R","Defend_R","Defend_R","Defend_R","Defend_R","Bash","Twin Strike+1","Uppercut+1","Ghostly Armor","Offering+1","Inflame+1","Barricade","Heavy Blade+1","Dual Wield+1","Immolate","Reaper","Flame Barrier+1","Impervious+1","Body Slam","Entrench","PanicButton","Feel No Pain+1","Whirlwind+1","Second Wind","Dual Wield+1","Impervious","Evolve","Shockwave"],"relics":["Burning Blood","PreservedInsect","Sundial","Bronze Scales","HornCleat","Turnip","Snecko Eye","Regal Pillow","WarpedTongs","WingedGreaves","MealTicket","Incense Burner","Shuriken","Peace Pipe","TungstenRod","Happy Flower","Empty Cage","Red Skull","Self Forming Clay","Dead Branch","Bird Faced Urn","Akabeko","Art of War"],"acts_visited":["Exordium","TheCity","TheBeyond","TheEnding"],"potions_floor_usage":[7,10,18,24,24,24,33,44],"damage_taken":[{"damage":19,"enemies":"Small Slimes","floor":1,"turns":4},{"damage":1,"enemies":"2 Louse","floor":3,"turns":3},{"damage":0,"enemies":"Cultist","floor":4,"turns":3},{"damage":28,"enemies":"Large Slime","floor":5,"turns":7},{"damage":6,"enemies":"Gremlin Nob","floor":7,"turns":3},{"damage":6,"enemies":"3 Sentries","floor":10,"turns":4},{"damage":6,"enemies":"2 Fungi Beasts","floor":12,"turns":2},{"damage":2,"enemies":"Lots of Slimes","floor":13,"turns":4},{"damage":6,"enemies":"Gremlin Nob","floor":14,"turns":2},{"damage":24,"enemies":"Slime Boss","floor":16,"turns":6},{"damage":0,"enemies":"Spheric Guardian","floor":18,"turns":3},{"damage":6,"enemies":"Chosen","floor":20,"turns":3},{"damage":11,"enemies":"Centurion and Healer","floor":22,"turns":4},{"damage":18,"enemies":"Slavers","floor":24,"turns":5},{"damage":27,"enemies":"Colosseum Slavers","floor":27,"turns":5},{"damage":10,"enemies":"Colosseum Nobs","floor":27,"turns":3},{"damage":9,"enemies":"Chosen and Byrds","floor":28,"turns":3},{"damage":0,"enemies":"Book of Stabbing","floor":29,"turns":1},{"damage":0,"enemies":"Gremlin Leader","floor":31,"turns":4},{"damage":0,"enemies":"Automaton","floor":33,"turns":7},{"damage":7,"enemies":"Orb Walker","floor":35,"turns":4},{"damage":9,"enemies":"3 Darklings","floor":36,"turns":5},{"damage":0,"enemies":"4 Shapes","floor":37,"turns":9},{"damage":18,"enemies":"Transient","floor":38,"turns":6},{"damage":5,"enemies":"Giant Head","floor":42,"turns":8},{"damage":5,"enemies":"2 Orb Walkers","floor":44,"turns":3},{"damage":29,"enemies":"Jaw Worm Horde","floor":45,"turns":3},{"damage":15,"enemies":"Reptomancer","floor":46,"turns":6},{"damage":51,"enemies":"Giant Head","floor":47,"turns":7},{"damage":25,"enemies":"Time Eater","floor":50,"turns":16},{"damage":5,"enemies":"Awakened One","floor":51,"turns":18},{"damage":19,"enemies":"Shield and Spear","floor":55,"turns":5},{"damage":13,"enemies":"The Heart","floor":56,"turns":10}],"seed_played":"7947694209311858994","potions_obtained":[{"floor":3,"key":"AttackPotion"},{"floor":5,"key":"AttackPotion"},{"floor":7,"key":"EntropicBrew"},{"floor":13,"key":"FearPotion"},{"floor":18,"key":"Block Potion"},{"floor":28,"key":"Dexterity Potion"},{"floor":35,"key":"LiquidMemories"},{"floor":44,"key":"ElixirPotion"}],"is_trial":false,"path_per_floor":["M","?","M","M","M","R","E","R","T","E","R","M","M","E","R","B",null,"M","?","M","?","M","R","E","R","T","?","M","E","$","E","R","B",null,"M","M","M","M","$","R","?","E","T","?","M","E","E","?","R","B","B",null,"R","$","E","B",null],"character_chosen":"IRONCLAD","items_purchased":["Reaper","TungstenRod","Red Skull","Impervious","Evolve"],"campfire_rested":0,"item_purchase_floors":[30,30,39,54,54],"current_hp_per_floor":[62,57,62,68,46,46,46,46,46,46,46,46,50,50,50,32,70,76,76,76,76,71,71,59,59,59,34,31,37,52,58,58,71,79,78,82,82,82,82,82,73,82,82,82,59,68,65,65,65,82,82,82,82,82,82,82],"gold":98,"neow_bonus":"TEN_PERCENT_HP_BONUS","is_daily":false,"chose_seed":false,"campfire_upgraded":9,"win_rate":0.0,"timestamp":1610125206,"path_taken":["M","?","M","M","M","R","E","R","T","E","R","M","M","E","R","BOSS","M","?","M","?","?","R","E","R","T","?","M","E","$","E","R","BOSS","M","M","M","M","$","R","?","E","T","?","M","E","E","?","R","BOSS","BOSS","R","$","E","BOSS"],"items_purchased_type":["Card","Relic","Relic","Card","Card"],"build_version":"2020-12-22","purchased_purges":1,"victory":true,"max_hp_per_floor":[82,82,82,82,82,82,82,82,82,82,82,82,82,82,82,82,82,82,82,82,82,82,82,82,82,82,82,82,82,82,82,82,82,82,82,82,82,82,82,82,82,82,82,82,82,82,82,82,82,82,82,82,82,82,82,82],"relic_stats":{"Regal Pillow":0,"Happy Flower":[35],"counters":[33,176],"Self Forming Clay":[81],"Dead Branch":[70],"PreservedInsect":648,"Burning Blood":159,"WarpedTongs":[131],"Peace Pipe":0,"Sundial":[24],"Shuriken":[25],"Bronze Scales":[549],"Bird Faced Urn":[30],"Snecko Eye":[218,224,244,245],"MealTicket":15,"Turnip":[16],"Art of War":[1],"obtain_stats":[{"Regal Pillow":19,"Happy Flower":31,"Self Forming Clay":42,"Dead Branch":44,"PreservedInsect":2,"Incense Burner":27,"Empty Cage":34,"Burning Blood":0,"Akabeko":47,"WarpedTongs":21,"Peace Pipe":29,"HornCleat":10,"Sundial":7,"Shuriken":27,"Bronze Scales":9,"Bird Faced Urn":46,"Snecko Eye":17,"MealTicket":26,"Turnip":14,"WingedGreaves":24,"Art of War":55,"TungstenRod":30,"Red Skull":39},{"Regal Pillow":11,"Happy Flower":19,"Self Forming Clay":25,"Dead Branch":26,"PreservedInsect":1,"Incense Burner":16,"Empty Cage":20,"Burning Blood":0,"Akabeko":29,"WarpedTongs":12,"Peace Pipe":18,"HornCleat":6,"Sundial":5,"Shuriken":16,"Bronze Scales":5,"Bird Faced Urn":28,"Snecko Eye":10,"MealTicket":14,"Turnip":9,"WingedGreaves":14,"Art of War":32,"TungstenRod":18,"Red Skull":24},{"Regal Pillow":41,"Happy Flower":69,"Self Forming Clay":108,"Dead Branch":111,"PreservedInsect":4,"Incense Burner":61,"Empty Cage":76,"Burning Blood":0,"Akabeko":127,"WarpedTongs":44,"Peace Pipe":65,"HornCleat":24,"Sundial":20,"Shuriken":61,"Bronze Scales":20,"Bird Faced Urn":120,"Snecko Eye":38,"MealTicket":53,"Turnip":32,"WingedGreaves":53,"Art of War":166,"TungstenRod":65,"Red Skull":100}],"TungstenRod":44},"card_choices":[{"not_picked":["Metallicize","True Grit"],"picked":"Twin Strike","floor":1},{"not_picked":["Cleave","Armaments"],"picked":"Uppercut","floor":3},{"not_picked":["Cleave","True Grit"],"picked":"Ghostly Armor","floor":4},{"not_picked":["Seeing Red","Clash","Cleave"],"picked":"SKIP","floor":5},{"not_picked":["Blood for Blood","Infernal Blade"],"picked":"Offering","floor":7},{"not_picked":["Pommel Strike","Cleave","Heavy Blade"],"picked":"SKIP","floor":10},{"not_picked":["Searing Blow","Clash","Havoc"],"picked":"SKIP","floor":12},{"not_picked":["Shockwave","Twin Strike"],"picked":"Inflame","floor":13},{"not_picked":["Iron Wave","Perfected Strike","Bloodletting"],"picked":"SKIP","floor":14},{"not_picked":["Brutality","Juggernaut"],"picked":"Barricade","floor":16},{"not_picked":["True Grit","Flex","Iron Wave+1"],"picked":"SKIP","floor":18},{"not_picked":["Havoc","Flex"],"picked":"Heavy Blade","floor":20},{"not_picked":["Flex+1","Clothesline","Dual Wield"],"picked":"SKIP","floor":22},{"not_picked":["Flex+1","Clothesline"],"picked":"Dual Wield","floor":22},{"not_picked":["Pommel Strike","Clothesline","Whirlwind"],"picked":"SKIP","floor":24},{"not_picked":["Seeing Red","Perfected Strike+1"],"picked":"Immolate","floor":28},{"not_picked":["Cleave","Headbutt","Inflame+1"],"picked":"SKIP","floor":29},{"not_picked":["Havoc+1","Juggernaut"],"picked":"Flame Barrier","floor":31},{"not_picked":["Immolate","Exhume"],"picked":"Impervious","floor":33},{"not_picked":["Thunderclap","Searing Blow+1","Wild Strike"],"picked":"SKIP","floor":35},{"not_picked":["Shrug It Off","Thunderclap"],"picked":"Body Slam","floor":36},{"not_picked":["Pommel Strike+1","Twin Strike","Cleave"],"picked":"SKIP","floor":37},{"not_picked":["Body Slam+1","Wild Strike+1"],"picked":"Entrench","floor":38},{"not_picked":["Enlightenment","Dramatic Entrance"],"picked":"PanicButton","floor":41},{"not_picked":["Body Slam+1","Clash"],"picked":"Feel No Pain","floor":42},{"not_picked":["Shrug It Off","Immolate"],"picked":"Whirlwind+1","floor":44},{"not_picked":["Flex","Twin Strike"],"picked":"Second Wind","floor":45},{"not_picked":["Havoc","Headbutt"],"picked":"Dual Wield+1","floor":46},{"not_picked":["Dual Wield","Pommel Strike","Battle Trance"],"picked":"SKIP","floor":47},{"not_picked":["Barricade","Warcry"],"picked":"Shockwave","floor":55}],"player_experience":20478341,"relics_obtained":[{"floor":7,"key":"Sundial"},{"floor":9,"key":"Bronze Scales"},{"floor":10,"key":"HornCleat"},{"floor":14,"key":"Turnip"},{"floor":24,"key":"WingedGreaves"},{"floor":26,"key":"MealTicket"},{"floor":27,"key":"Incense Burner"},{"floor":27,"key":"Shuriken"},{"floor":29,"key":"Peace Pipe"},{"floor":31,"key":"Happy Flower"},{"floor":42,"key":"Self Forming Clay"},{"floor":44,"key":"Dead Branch"},{"floor":46,"key":"Bird Faced Urn"},{"floor":47,"key":"Akabeko"},{"floor":55,"key":"Art of War"}],"event_choices":[{"damage_healed":0,"gold_gain":0,"player_choice":"Success","damage_taken":5,"relics_obtained":["PreservedInsect"],"max_hp_gain":0,"max_hp_loss":0,"event_name":"Scrap Ooze","floor":2,"gold_loss":0},{"damage_healed":0,"gold_gain":0,"player_choice":"Obtained Relic","damage_taken":0,"relics_obtained":["Regal Pillow"],"max_hp_gain":0,"max_hp_loss":0,"event_name":"Addict","floor":19,"gold_loss":85},{"damage_healed":0,"gold_gain":0,"player_choice":"Rummage","damage_taken":0,"relics_obtained":["WarpedTongs"],"max_hp_gain":0,"max_hp_loss":0,"event_name":"Accursed Blacksmith","floor":21,"gold_loss":0,"cards_obtained":["Pain"]},{"damage_healed":0,"gold_gain":0,"player_choice":"Fight","damage_taken":0,"max_hp_gain":0,"max_hp_loss":0,"event_name":"Colosseum","floor":27,"gold_loss":0},{"damage_healed":0,"gold_gain":0,"player_choice":"Fought Nobs","damage_taken":0,"max_hp_gain":0,"max_hp_loss":0,"event_name":"Colosseum","floor":27,"gold_loss":0},{"damage_healed":0,"gold_gain":0,"player_choice":"Memory 3","damage_taken":10,"max_hp_gain":0,"max_hp_loss":0,"event_name":"SensoryStone","floor":41,"gold_loss":0},{"damage_healed":0,"gold_gain":0,"player_choice":"Fight","damage_taken":0,"max_hp_gain":0,"max_hp_loss":0,"event_name":"Mysterious Sphere","floor":44,"gold_loss":0},{"damage_healed":0,"gold_gain":50,"player_choice":"Pray","damage_taken":0,"max_hp_gain":0,"max_hp_loss":0,"event_name":"Golden Shrine","floor":48,"gold_loss":0}],"is_beta":false,"boss_relics":[{"not_picked":["Tiny House","Fusion Hammer"],"picked":"Snecko Eye"},{"not_picked":["Runic Cube","Runic Pyramid"],"picked":"Empty Cage"}],"items_purged_floors":[30],"is_endless":false,"potions_floor_spawned":[3,5,7,13,16,18,20,27,28,35,36,38,44],"ascension_level":20}}