{"host":"mmqs5ul2bvb60kyc","time":1610078905,"event":{"mods":["AchievementEnabler","BaseMod","Minty Spire (QoL Compilation)","StSLib"],"gold_per_floor":[118,193,211,230,230,230,255,274,274,20,20,52,63,83,83,179,179,189,203,203,203,221,251,251,104,129,129,140,140,169,169,169,169,169],"floor_reached":33,"playtime":1749,"items_purged":["Doubt"],"score":521,"play_id":"5a0c0bb1-15e3-49c1-aaa6-818201b39bab","local_time":"20210108120825","is_ascension_mode":true,"campfire_choices":[{"data":"Eruption","floor":6.0,"key":"SMITH"},{"data":"Vault","floor":11.0,"key":"SMITH"},{"floor":15.0,"key":"REST"},{"data":"1","floor":24.0,"key":"LIFT"},{"data":"2","floor":27.0,"key":"LIFT"},{"data":"3","floor":29.0,"key":"LIFT"},{"data":"TalkToTheHand","floor":32.0,"key":"SMITH"}],"circlet_count":0,"master_deck":["AscendersBane","Strike_P+1","Strike_P+1","Strike_P+1","Strike_P","Defend_P","Defend_P","Defend_P","Eruption+1","Vigilance","TalkToTheHand+1","Vault+1","FearNoEvil","EmptyBody","InnerPeace","Conclude+1","MasterReality","Pray","EmptyFist+1","Shame","Study+1","MentalFortress","Writhe"],"relics":["Cursed Key","Darkstone Periapt","HornCleat","Oddly Smooth Stone","Runic Pyramid","FossilizedHelix","Nloth\u0027s Gift","Girya","Whetstone","Juzu Bracelet"],"acts_visited":["Exordium","TheCity"],"potions_floor_usage":[],"damage_taken":[{"damage":0.0,"enemies":"Small Slimes","floor":1.0,"turns":5.0},{"damage":0.0,"enemies":"2 Louse","floor":3.0,"turns":4.0},{"damage":4.0,"enemies":"Cultist","floor":4.0,"turns":4.0},{"damage":26.0,"enemies":"Gremlin Nob","floor":7.0,"turns":5.0},{"damage":1.0,"enemies":"Red Slaver","floor":8.0,"turns":3.0},{"damage":12.0,"enemies":"Lagavulin","floor":12.0,"turns":8.0},{"damage":0.0,"enemies":"Blue Slaver","floor":13.0,"turns":2.0},{"damage":0.0,"enemies":"Looter","floor":14.0,"turns":4.0},{"damage":20.0,"enemies":"Hexaghost","floor":16.0,"turns":10.0},{"damage":0.0,"enemies":"3 Byrds","floor":18.0,"turns":6.0},{"damage":0.0,"enemies":"2 Thieves","floor":19.0,"turns":4.0},{"damage":10.0,"enemies":"3 Cultists","floor":22.0,"turns":5.0},{"damage":0.0,"enemies":"Book of Stabbing","floor":23.0,"turns":5.0},{"damage":0.0,"enemies":"Cultist and Chosen","floor":28.0,"turns":6.0},{"damage":6.0,"enemies":"Gremlin Leader","floor":30.0,"turns":7.0},{"damage":97,"enemies":"Collector","floor":33,"turns":8}],"seed_played":"-5049750736431614633","potions_obtained":[{"floor":7.0,"key":"BlessingOfTheForge"},{"floor":13.0,"key":"Strength Potion"},{"floor":16.0,"key":"BlessingOfTheForge"},{"floor":19.0,"key":"Strength Potion"},{"floor":23.0,"key":"LiquidMemories"},{"floor":30.0,"key":"FearPotion"}],"is_trial":false,"path_per_floor":["M","?","M","M","?","R","E","M","T","$","R","E","M","M","R","B",null,"M","M","?","?","M","E","R","$","T","R","M","R","E","?","R","B"],"character_chosen":"WATCHER","items_purchased":["TeardropLocket","MentalFortress"],"campfire_rested":1,"item_purchase_floors":[10,25],"current_hp_per_floor":[65,54,54,50,36,36,10,9,15,15,15,3,3,3,26,6,60,60,60,66,66,56,56,56,56,62,62,62,62,56,56,56,0,0],"gold":169,"neow_bonus":"BOSS_RELIC","is_daily":false,"chose_seed":false,"campfire_upgraded":3,"win_rate":0.0,"timestamp":1610078905,"path_taken":["M","?","M","M","?","R","E","M","T","$","R","E","M","M","R","BOSS","M","M","?","?","M","E","R","$","T","R","M","R","E","?","R","BOSS"],"items_purchased_type":["Relic","Card"],"build_version":"2020-12-22","purchased_purges":1,"victory":false,"max_hp_per_floor":[72,72,72,72,72,72,72,72,78,78,78,78,78,78,78,78,78,78,78,84,84,84,84,84,84,90,90,90,90,90,90,90,90,90],"card_choices":[{"not_picked":["Evaluate","PathToVictory","ReachHeaven"],"picked":"SKIP","floor":1.0},{"not_picked":["EmptyMind","Consecrate"],"picked":"TalkToTheHand","floor":3.0},{"not_picked":["ThirdEye","Evaluate","FollowUp"],"picked":"SKIP","floor":4.0},{"not_picked":["Perseverance","SashWhip"],"picked":"Vault","floor":7.0},{"not_picked":["Evaluate","FollowUp"],"picked":"FearNoEvil","floor":8.0},{"not_picked":["BowlingBash","CrushJoints"],"picked":"EmptyBody","floor":12.0},{"not_picked":["ConjureBlade","Swivel"],"picked":"InnerPeace","floor":13.0},{"not_picked":["Collect","ClearTheMind"],"picked":"Conclude","floor":14.0},{"not_picked":["ConjureBlade","Wish"],"picked":"MasterReality","floor":16.0},{"not_picked":["SashWhip","FlurryOfBlows"],"picked":"Pray","floor":18.0},{"not_picked":["SignatureMove","PathToVictory+1"],"picked":"EmptyFist+1","floor":19.0},{"not_picked":["Meditate","EmptyBody","PathToVictory"],"picked":"SKIP","floor":22.0},{"not_picked":["Establishment","Worship+1"],"picked":"Study+1","floor":23.0},{"not_picked":["FollowUp","Study","InnerPeace"],"picked":"SKIP","floor":28.0},{"not_picked":["Evaluate","Halt","FearNoEvil+1"],"picked":"SKIP","floor":30.0}],"player_experience":237369,"relics_obtained":[{"floor":7.0,"key":"Darkstone Periapt"},{"floor":9.0,"key":"HornCleat"},{"floor":12.0,"key":"Oddly Smooth Stone"},{"floor":23.0,"key":"Girya"},{"floor":26.0,"key":"Whetstone"},{"floor":30.0,"key":"Juzu Bracelet"}],"event_choices":[{"damage_healed":0.0,"max_hp_gain":0.0,"max_hp_loss":0.0,"gold_gain":75.0,"event_name":"World of Goop","player_choice":"Gather Gold","floor":2.0,"gold_loss":0.0,"damage_taken":11.0},{"damage_healed":0.0,"max_hp_gain":0.0,"max_hp_loss":0.0,"gold_gain":0.0,"event_name":"Shining Light","player_choice":"Entered Light","floor":5.0,"gold_loss":0.0,"damage_taken":14.0,"cards_upgraded":["Strike_P","Strike_P"]},{"damage_healed":0.0,"max_hp_gain":0.0,"max_hp_loss":0.0,"gold_gain":0.0,"event_name":"Addict","player_choice":"Stole Relic","floor":20.0,"gold_loss":0.0,"damage_taken":0.0,"relics_obtained":["FossilizedHelix"],"cards_obtained":["Shame"]},{"damage_healed":0.0,"max_hp_gain":0.0,"max_hp_loss":0.0,"gold_gain":0.0,"event_name":"N\u0027loth","player_choice":"Traded Relic","floor":21.0,"relics_lost":["TeardropLocket"],"gold_loss":0.0,"damage_taken":0.0,"relics_obtained":["Nloth\u0027s Gift"]},{"cards_removed":["Defend_P"],"damage_healed":0.0,"max_hp_gain":0.0,"max_hp_loss":0.0,"gold_gain":0.0,"event_name":"Purifier","player_choice":"Purged","floor":31.0,"gold_loss":0.0,"damage_taken":0.0}],"is_beta":false,"boss_relics":[{"not_picked":["Black Star","VioletLotus"],"picked":"Runic Pyramid"}],"items_purged_floors":[25],"is_endless":false,"potions_floor_spawned":[7,13,16,18,19,23,30],"killed_by":"Collector","ascension_level":11}}