{"host":"tw7a6rmo9h75ssrt","time":1610110437,"event":{"mods":["AchievementEnabler","Act Like it!","BaseMod","Colored Map","Highlight Path","Minty Spire (QoL Compilation)","Permanent Neow","Quick Restart","Relic Stats","SuperFastMode"],"gold_per_floor":[111,111,111,131,146,146,146,171,220,220,237,237,237,260,260,351,351,365,0,99,124,149,149,187,211,211,211,255,276,276,38,38,137,137,156,180,180,180,205,205,105,130,130,130,168,168,204,228,228,228,228],"floor_reached":50,"playtime":2137,"items_purged":["Strike_R","Injury"],"score":957,"play_id":"08aa6d07-a924-499c-b1c2-06f2d01cac89","local_time":"20210108205357","is_ascension_mode":true,"campfire_choices":[{"data":"Immolate","floor":6.0,"key":"SMITH"},{"data":"Flame Barrier","floor":10.0,"key":"SMITH"},{"data":"Demon Form","floor":12.0,"key":"SMITH"},{"data":"Bash","floor":15.0,"key":"SMITH"},{"floor":23.0,"key":"REST"},{"floor":30.0,"key":"REST"},{"data":"1","floor":32.0,"key":"LIFT"},{"data":"2","floor":40.0,"key":"LIFT"},{"data":"3","floor":44.0,"key":"LIFT"},{"data":"Heavy Blade","floor":46.0,"key":"SMITH"},{"data":"Limit Break","floor":49.0,"key":"SMITH"}],"circlet_count":0,"master_deck":["AscendersBane","Strike_R","Strike_R","Defend_R","Defend_R","Defend_R","Defend_R","Bash+1","Immolate+1","Flame Barrier+1","Demon Form+1","Headbutt","Limit Break+1","Barricade","Heavy Blade+1","Reaper"],"relics":["Burning Blood","NeowsBlessing","Vajra","Orichalcum","Golden Idol","Busted Crown","PreservedInsect","Girya","Bottled Lightning","Juzu Bracelet","Snecko Eye","Mango","Frozen Egg 2","Ancient Tea Set"],"acts_visited":["Exordium","TheCity","TheBeyond"],"potions_floor_usage":[],"damage_taken":[{"damage":0.0,"enemies":"2 Louse","floor":1.0,"turns":1.0},{"damage":0.0,"enemies":"Small Slimes","floor":4.0,"turns":2.0},{"damage":0.0,"enemies":"Cultist","floor":5.0,"turns":1.0},{"damage":16.0,"enemies":"Gremlin Nob","floor":8.0,"turns":3.0},{"damage":7.0,"enemies":"Blue Slaver","floor":11.0,"turns":3.0},{"damage":2.0,"enemies":"Large Slime","floor":14.0,"turns":5.0},{"damage":35.0,"enemies":"Hexaghost","floor":16.0,"turns":7.0},{"damage":30.0,"enemies":"Spheric Guardian","floor":18.0,"turns":6.0},{"damage":11.0,"enemies":"Shell Parasite","floor":22.0,"turns":4.0},{"damage":4.0,"enemies":"Gremlin Leader","floor":24.0,"turns":4.0},{"damage":8.0,"enemies":"Snake Plant","floor":25.0,"turns":3.0},{"damage":18.0,"enemies":"Slavers","floor":28.0,"turns":2.0},{"damage":18.0,"enemies":"Cultist and Chosen","floor":29.0,"turns":4.0},{"damage":33.0,"enemies":"Champ","floor":33.0,"turns":14.0},{"damage":5.0,"enemies":"3 Shapes","floor":35.0,"turns":5.0},{"damage":1.0,"enemies":"Orb Walker","floor":36.0,"turns":4.0},{"damage":22.0,"enemies":"Spire Growth","floor":39.0,"turns":3.0},{"damage":2.0,"enemies":"4 Shapes","floor":42.0,"turns":4.0},{"damage":0.0,"enemies":"Giant Head","floor":45.0,"turns":6.0},{"damage":73.0,"enemies":"Nemesis","floor":47.0,"turns":7.0},{"damage":0.0,"enemies":"Jaw Worm Horde","floor":48.0,"turns":1.0},{"damage":66,"enemies":"Donu and Deca","floor":50,"turns":3}],"seed_played":"1927618292270274670","potions_obtained":[{"floor":3.0,"key":"EntropicBrew"},{"floor":3.0,"key":"BloodPotion"},{"floor":18.0,"key":"SteroidPotion"},{"floor":24.0,"key":"Dexterity Potion"},{"floor":33.0,"key":"Strength Potion"},{"floor":39.0,"key":"Explosive Potion"}],"is_trial":false,"path_per_floor":["M","?","?","M","M","R","$","E","T","R","M","R","?","M","R","B",null,"M","?","?","T","M","R","E","M","T","?","E","M","R","$","R","B",null,"M","M","?","?","M","R","$","M","T","R","E","R","E","M","R","B"],"character_chosen":"IRONCLAD","items_purchased":["Barricade"],"campfire_rested":2,"item_purchase_floors":[31],"current_hp_per_floor":[74,74,74,75,75,75,75,65,65,65,64,64,64,68,68,54,70,46,46,46,46,41,63,65,63,63,63,51,39,61,61,61,34,65,66,71,71,71,55,55,55,59,73,73,79,79,12,54,54,0,0],"gold":228,"neow_bonus":"THREE_ENEMY_KILL","is_daily":false,"chose_seed":false,"campfire_upgraded":6,"win_rate":0.0,"timestamp":1610110437,"path_taken":["M","?","?","?","M","R","$","E","T","R","M","R","?","M","R","BOSS","M","?","?","?","?","R","E","M","T","?","E","M","R","$","R","BOSS","M","M","?","?","M","R","$","M","T","R","E","R","E","M","R","BOSS"],"items_purchased_type":["Card"],"build_version":"2020-12-22","purchased_purges":2,"victory":false,"max_hp_per_floor":[75,75,75,75,75,75,75,75,75,75,75,75,75,75,75,75,75,75,75,75,75,75,75,75,75,75,75,75,75,75,75,75,75,75,75,75,71,71,71,71,71,71,85,85,85,85,85,85,85,85,85],"relic_stats":{"Busted Crown":30,"counters":[22,92],"Golden Idol":116,"Snecko Eye":[52,45,43,48],"PreservedInsect":270,"Juzu Bracelet":0,"Orichalcum":[126],"obtain_stats":[{"Girya":24,"NeowsBlessing":0,"Golden Idol":13,"Vajra":8,"Mango":43,"PreservedInsect":21,"Juzu Bracelet":28,"Orichalcum":9,"Frozen Egg 2":45,"Ancient Tea Set":47,"Burning Blood":0,"Busted Crown":17,"Snecko Eye":34,"Bottled Lightning":26},{"Girya":10,"NeowsBlessing":0,"Golden Idol":5,"Vajra":4,"Mango":18,"PreservedInsect":8,"Juzu Bracelet":12,"Orichalcum":4,"Frozen Egg 2":19,"Ancient Tea Set":20,"Burning Blood":0,"Busted Crown":7,"Snecko Eye":14,"Bottled Lightning":11},{"Girya":36,"NeowsBlessing":0,"Golden Idol":10,"Vajra":7,"Mango":75,"PreservedInsect":28,"Juzu Bracelet":41,"Orichalcum":7,"Frozen Egg 2":81,"Ancient Tea Set":88,"Burning Blood":0,"Busted Crown":22,"Snecko Eye":59,"Bottled Lightning":39}],"Burning Blood":115},"card_choices":[{"not_picked":["Armaments","Heavy Blade","Sword Boomerang"],"picked":"SKIP","floor":1.0},{"not_picked":["Whirlwind","Perfected Strike"],"picked":"Immolate","floor":4.0},{"not_picked":["Pommel Strike","Warcry"],"picked":"Flame Barrier","floor":5.0},{"not_picked":["Headbutt","Havoc","Clothesline"],"picked":"SKIP","floor":8.0},{"not_picked":["Shrug It Off","Uppercut"],"picked":"Demon Form","floor":11.0},{"not_picked":["Headbutt","Iron Wave","Perfected Strike"],"picked":"SKIP","floor":14.0},{"not_picked":["Iron Wave","Perfected Strike"],"picked":"Headbutt","floor":14.0},{"not_picked":["Bludgeon","Exhume"],"picked":"Limit Break","floor":16.0},{"not_picked":["Cleave"],"picked":"SKIP","floor":18.0},{"not_picked":["Flex"],"picked":"SKIP","floor":22.0},{"not_picked":["Iron Wave"],"picked":"SKIP","floor":24.0},{"not_picked":["Armaments"],"picked":"SKIP","floor":25.0},{"not_picked":["Flex"],"picked":"SKIP","floor":28.0},{"not_picked":["Havoc"],"picked":"SKIP","floor":29.0},{"not_picked":["Iron Wave+1"],"picked":"SKIP","floor":35.0},{"not_picked":["Inflame+1"],"picked":"SKIP","floor":36.0},{"not_picked":["Twin Strike+1"],"picked":"SKIP","floor":39.0},{"not_picked":["Rupture"],"picked":"SKIP","floor":42.0},{"not_picked":[],"picked":"Heavy Blade","floor":45.0},{"not_picked":[],"picked":"Reaper","floor":47.0},{"not_picked":["Clothesline"],"picked":"SKIP","floor":48.0}],"player_experience":117841,"relics_obtained":[{"floor":8.0,"key":"Vajra"},{"floor":9.0,"key":"Orichalcum"},{"floor":21.0,"key":"PreservedInsect"},{"floor":24.0,"key":"Girya"},{"floor":26.0,"key":"Bottled Lightning"},{"floor":28.0,"key":"Juzu Bracelet"},{"floor":43.0,"key":"Mango"},{"floor":45.0,"key":"Frozen Egg 2"},{"floor":47.0,"key":"Ancient Tea Set"}],"event_choices":[{"cards_removed":["Strike_R"],"damage_healed":0.0,"max_hp_gain":0.0,"max_hp_loss":0.0,"gold_gain":0.0,"event_name":"Living Wall","player_choice":"Forget","floor":2.0,"gold_loss":0.0,"damage_taken":0.0},{"damage_healed":0.0,"max_hp_gain":0.0,"max_hp_loss":0.0,"gold_gain":0.0,"event_name":"Lab","player_choice":"Got Potions","floor":3.0,"gold_loss":0.0,"damage_taken":0.0},{"damage_healed":0.0,"max_hp_gain":0.0,"max_hp_loss":0.0,"gold_gain":0.0,"event_name":"Golden Idol","player_choice":"Take Wound","floor":13.0,"gold_loss":0.0,"damage_taken":0.0,"relics_obtained":["Golden Idol"],"cards_obtained":["Injury"]},{"damage_healed":0.0,"max_hp_gain":0.0,"max_hp_loss":0.0,"gold_gain":0.0,"event_name":"Masked Bandits","player_choice":"Paid Fearfully","floor":19.0,"gold_loss":365.0,"damage_taken":0.0},{"damage_healed":0.0,"max_hp_gain":0.0,"max_hp_loss":0.0,"gold_gain":99.0,"event_name":"Nest","player_choice":"Stole From Cult","floor":20.0,"gold_loss":0.0,"damage_taken":0.0},{"cards_removed":["Strike_R"],"damage_healed":0.0,"max_hp_gain":0.0,"max_hp_loss":0.0,"gold_gain":0.0,"event_name":"Back to Basics","player_choice":"Elegance","floor":27.0,"gold_loss":0.0,"damage_taken":0.0},{"damage_healed":0.0,"max_hp_gain":0.0,"max_hp_loss":4.0,"gold_gain":0.0,"event_name":"Winding Halls","player_choice":"Max HP","floor":37.0,"gold_loss":0.0,"damage_taken":0.0},{"damage_healed":0.0,"max_hp_gain":0.0,"max_hp_loss":0.0,"gold_gain":0.0,"event_name":"SensoryStone","player_choice":"Memory 1","floor":38.0,"gold_loss":0.0,"damage_taken":0.0}],"is_beta":false,"boss_relics":[{"not_picked":["Runic Pyramid","SacredBark"],"picked":"Busted Crown"},{"not_picked":["Calling Bell","Fusion Hammer"],"picked":"Snecko Eye"}],"items_purged_floors":[31,41],"is_endless":false,"potions_floor_spawned":[5,14,18,24,33,39],"killed_by":"Donu and Deca","ascension_level":14}}