{"host":"359hz4210ybch7ku","time":1610077627,"event":{"mods":["BaseMod","Block Reminder","Colored Map","Colored Powertips","Highlight Path","Minty Spire (QoL Compilation)","Slay the Relics Exporter","StSLib"],"gold_per_floor":[359,9,19,19,19,19,32,65,88,88,110,110,174,202,202,314,314,341,18,41,69,6,6,6,6,29,50,86,112,129,143,143,143,143],"floor_reached":33,"playtime":3976,"items_purged":["Shame","Defend_P","Eruption+1"],"score":309,"play_id":"31ef02e0-7d9e-4a0e-91ab-cf5a14b29d7a","local_time":"20210107194707","is_ascension_mode":true,"campfire_choices":[{"data":"Devotion","floor":6,"key":"SMITH"},{"data":"Eruption","floor":10,"key":"SMITH"},{"data":"Consecrate","floor":12,"key":"SMITH"},{"floor":15,"key":"REST"},{"data":"WaveOfTheHand","floor":23,"key":"SMITH"},{"floor":32,"key":"REST"}],"circlet_count":0,"master_deck":["Strike_P+1","Strike_P+1","Strike_P+1","Defend_P","Defend_P","Defend_P+1","Vigilance","Prostrate","Devotion+1","Consecrate+1","Prostrate","Wallop+1","WaveOfTheHand+1","LessonLearned","LikeWater","Metamorphosis","Consecrate+1","LikeWater","Consecrate","BattleHymn","Study"],"relics":["HolyWater","Membership Card","Potion Belt","CultistMask","Nunchaku","CeramicFish","Damaru","Lantern","Ancient Tea Set","Whetstone","Letter Opener"],"acts_visited":["Exordium","TheCity"],"potions_floor_usage":[8,8,16,18,27,28,29,31,33],"damage_taken":[{"damage":0,"enemies":"Cultist","floor":1,"turns":3},{"damage":2,"enemies":"2 Louse","floor":3,"turns":3},{"damage":0,"enemies":"Jaw Worm","floor":7,"turns":3},{"damage":8,"enemies":"3 Sentries","floor":8,"turns":7},{"damage":0,"enemies":"2 Fungi Beasts","floor":11,"turns":4},{"damage":27,"enemies":"Gremlin Nob","floor":13,"turns":4},{"damage":5,"enemies":"Red Slaver","floor":14,"turns":4},{"damage":36,"enemies":"Hexaghost","floor":16,"turns":13},{"damage":29,"enemies":"3 Byrds","floor":18,"turns":5},{"damage":0,"enemies":"Chosen","floor":20,"turns":4},{"damage":0,"enemies":"Snecko","floor":21,"turns":4},{"damage":10,"enemies":"Centurion and Healer","floor":27,"turns":3},{"damage":14,"enemies":"Gremlin Leader","floor":28,"turns":3},{"damage":15,"enemies":"Snake Plant","floor":29,"turns":4},{"damage":18,"enemies":"Snecko","floor":30,"turns":5},{"damage":16,"enemies":"Shelled Parasite and Fungi","floor":31,"turns":4},{"damage":47,"enemies":"Automaton","floor":33,"turns":6}],"seed_played":"-6234954609207660777","potions_obtained":[{"floor":1,"key":"Block Potion"},{"floor":7,"key":"Swift Potion"},{"floor":8,"key":"Ambrosia"},{"floor":16,"key":"Explosive Potion"},{"floor":18,"key":"FairyPotion"},{"floor":21,"key":"DistilledChaos"},{"floor":28,"key":"Swift Potion"},{"floor":30,"key":"LiquidBronze"},{"floor":31,"key":"Explosive Potion"}],"is_trial":false,"path_per_floor":["M","$","M","?","?","R","M","E","T","R","M","R","?","M","R","B",null,"M","$","M","M","$","R","?","?","T","M","E","M","M","M","R","B"],"character_chosen":"WATCHER","items_purchased":["Membership Card","Devotion","Potion Belt","Lantern","Ancient Tea Set","Metamorphosis","LiquidMemories"],"campfire_rested":2,"item_purchase_floors":[2,2,2,19,19,19,19],"current_hp_per_floor":[72,72,70,63,63,63,63,55,55,55,55,55,28,23,44,8,72,43,43,43,43,43,43,43,43,43,33,19,4,19,3,24,0,0],"gold":143,"neow_bonus":"TWO_FIFTY_GOLD","is_daily":false,"chose_seed":false,"campfire_upgraded":4,"win_rate":0.0,"timestamp":1610077627,"path_taken":["M","$","M","?","?","R","?","E","T","R","M","R","?","M","R","BOSS","M","$","M","M","$","R","?","?","T","?","E","M","?","M","R","BOSS"],"items_purchased_type":["Relic","Card","Relic","Relic","Relic","Card","Potion"],"build_version":"2020-12-22","purchased_purges":3,"victory":false,"max_hp_per_floor":[72,72,72,72,72,72,72,72,72,72,72,72,72,72,72,72,72,72,72,72,72,72,72,72,72,72,72,72,72,72,72,72,72,72],"card_choices":[{"not_picked":["Halt","JustLucky"],"picked":"Prostrate","floor":1},{"not_picked":["BowlingBash","MentalFortress","Meditate"],"picked":"SKIP","floor":3},{"not_picked":["CrushJoints","ClearTheMind"],"picked":"Consecrate","floor":7},{"not_picked":["EmptyFist","Ragnarok","PathToVictory"],"picked":"SKIP","floor":8},{"not_picked":["Crescendo","SashWhip"],"picked":"Prostrate","floor":11},{"not_picked":["Weave","Prostrate"],"picked":"Wallop","floor":13},{"not_picked":["Evaluate","EmptyBody"],"picked":"WaveOfTheHand","floor":14},{"not_picked":["Blasphemy","Devotion"],"picked":"LessonLearned","floor":16},{"not_picked":["CrushJoints+1","WaveOfTheHand"],"picked":"LikeWater","floor":18},{"not_picked":["Protect","Indignation"],"picked":"Consecrate+1","floor":20},{"not_picked":["EmptyFist","Ragnarok"],"picked":"LikeWater","floor":21},{"not_picked":["CrushJoints","Perseverance"],"picked":"Consecrate","floor":27},{"not_picked":["Collect+1","TalkToTheHand"],"picked":"BattleHymn","floor":28},{"not_picked":["EmptyFist","Worship"],"picked":"Study","floor":29},{"not_picked":["MentalFortress","Tantrum","CutThroughFate"],"picked":"SKIP","floor":30},{"not_picked":["Nirvana","FlurryOfBlows","Adaptation"],"picked":"SKIP","floor":31}],"player_experience":161206,"relics_obtained":[{"floor":8,"key":"Nunchaku"},{"floor":9,"key":"CeramicFish"},{"floor":13,"key":"Damaru"},{"floor":26,"key":"Whetstone"},{"floor":28,"key":"Letter Opener"}],"event_choices":[{"cards_removed":["Strike_P"],"damage_healed":0,"gold_gain":0,"player_choice":"Card Removal","damage_taken":7,"max_hp_gain":0,"max_hp_loss":0,"event_name":"Golden Wing","floor":4,"gold_loss":0},{"damage_healed":0,"gold_gain":0,"player_choice":"Trade","damage_taken":0,"relics_obtained":["CultistMask"],"max_hp_gain":0,"max_hp_loss":0,"event_name":"FaceTrader","floor":5,"gold_loss":0},{"damage_healed":0,"gold_gain":30,"player_choice":"Searched \u00272\u0027 times","damage_taken":0,"max_hp_gain":0,"max_hp_loss":0,"event_name":"Dead Adventurer","floor":13,"gold_loss":0},{"damage_healed":0,"gold_gain":0,"player_choice":"Upgraded","damage_taken":0,"max_hp_gain":0,"max_hp_loss":0,"event_name":"Upgrade Shrine","floor":25,"gold_loss":0,"cards_upgraded":["Wallop"]}],"is_beta":false,"boss_relics":[{"not_picked":["Runic Dome","SacredBark"],"picked":"HolyWater"}],"items_purged_floors":[2,19,22],"is_endless":false,"potions_floor_spawned":[1,7,8,16,18,21,28,30,31],"killed_by":"Automaton","ascension_level":3}}