{"host":"mydft8i2zzydgggw","time":1610138637,"event":{"mods":["AchievementEnabler","BaseMod","Colored Map","Colored Powertips","DeckTracker","Keyboard Shortcuts","Minty Spire (QoL Compilation)","Rare Cards Sparkle","StSLib","SuperFastMode","The Poker Player","everything is the same but u backflip on backflip"],"gold_per_floor":[114,114,133,146,146,146,146],"floor_reached":6,"playtime":67,"items_purged":[],"score":43,"play_id":"0c215f9e-5d4c-443a-ace5-d1ae9f3baba7","local_time":"20210109054357","is_ascension_mode":true,"campfire_choices":[],"circlet_count":0,"master_deck":["Strike_P","Strike_P+1","Strike_P","Strike_P","Defend_P","Defend_P","Defend_P","Defend_P","Eruption+1","Vigilance","DevaForm","Finesse","Study"],"relics":["PureWater","NeowsBlessing"],"acts_visited":["Exordium"],"potions_floor_usage":[],"damage_taken":[{"damage":0,"enemies":"Cultist","floor":1,"turns":1},{"damage":0,"enemies":"Jaw Worm","floor":3,"turns":1},{"damage":0,"enemies":"2 Louse","floor":4,"turns":2},{"damage":60,"enemies":"Gremlin Nob","floor":6,"turns":3}],"seed_played":"-1077490387853937069","potions_obtained":[{"floor":1,"key":"SmokeBomb"},{"floor":3,"key":"DuplicationPotion"}],"is_trial":false,"path_per_floor":["M","?","M","M","?","E"],"character_chosen":"WATCHER","items_purchased":[],"campfire_rested":0,"item_purchase_floors":[],"current_hp_per_floor":[72,72,72,72,58,0,0],"gold":146,"neow_bonus":"THREE_ENEMY_KILL","is_daily":false,"chose_seed":false,"campfire_upgraded":0,"win_rate":0.0,"timestamp":1610138637,"path_taken":["M","?","?","?","?","E"],"items_purchased_type":[],"build_version":"2020-12-22","purchased_purges":0,"victory":false,"max_hp_per_floor":[72,72,72,72,72,72,72],"card_choices":[{"not_picked":["SignatureMove","ClearTheMind","Fasting2"],"picked":"SKIP","floor":1},{"not_picked":["Consecrate","SashWhip","Fasting2"],"picked":"SKIP","floor":3},{"not_picked":["Consecrate","FlyingSleeves","Perseverance"],"picked":"SKIP","floor":4}],"player_experience":150978,"relics_obtained":[],"event_choices":[{"damage_healed":0,"gold_gain":0,"player_choice":"3 cards matched","damage_taken":0,"max_hp_gain":0,"max_hp_loss":0,"event_name":"Match and Keep!","floor":2,"gold_loss":0,"cards_obtained":["DevaForm","Finesse","Study"]},{"damage_healed":0,"gold_gain":0,"player_choice":"Entered Light","damage_taken":14,"max_hp_gain":0,"max_hp_loss":0,"event_name":"Shining Light","floor":5,"gold_loss":0,"cards_upgraded":["Strike_P","Eruption"]}],"is_beta":false,"boss_relics":[],"items_purged_floors":[],"is_endless":false,"potions_floor_spawned":[1,3],"killed_by":"Gremlin Nob","ascension_level":4}}