{"host":"0nfdmr2b19ur4mbc","time":1610111551,"event":{"mods":["2.2 Compatiblity","AchievementEnabler","Aspiration","BaseMod","Better Match","Better Note","Better Third Choice","Better Vampires","Disable Question Mark Monsters","Hubris","Infinite Spire","Minty Spire (QoL Compilation)","Quick Restart","Rare Cards Sparkle","Replay The Spire","StSLib"],"gold_per_floor":[112,112,112,132,132,157,157,157,157,186,186,186,200,229,229,330,330,340,406,406,422,432,432,392,418,445,265,284,184,184,194,194,312,312,342,441,441,488,81,111,111,151,201,248,283,333,333,421,421,421],"floor_reached":51,"playtime":1533,"items_purged":["Strike_R","Strike_R"],"score":1692,"play_id":"20492a62-76ac-46cc-91de-46c45eea720f","local_time":"20210108141231","is_ascension_mode":true,"campfire_choices":[{"data":"Carnage","floor":7.0,"key":"SMITH"},{"data":"Reaper","floor":15.0,"key":"SMITH"},{"data":"hubris:InfiniteBlow+66","floor":23.0,"key":"SMITH"},{"data":"hubris:InfiniteBlow+67","floor":30.0,"key":"SMITH"},{"data":"hubris:InfiniteBlow+68","floor":32.0,"key":"SMITH"},{"data":"hubris:InfiniteBlow+69","floor":41.0,"key":"SMITH"},{"data":"hubris:InfiniteBlow+133","floor":47,"key":"SMITH"},{"floor":49,"key":"DIG"}],"circlet_count":0,"master_deck":["Strike_R","Strike_R","Strike_R+1","Defend_R+1","Defend_R+1","Defend_R","Bash","Clothesline","Carnage+1","Flex","Reaper+1","ReplayTheSpireMod:Corrosion Curse","Seeing Red","Bludgeon","Spot Weakness+1","hubris:InfiniteBlow+136","hubris:InfiniteBlow+134","Barricade","Intimidate+1","True Grit"],"relics":["Burning Blood","NeowsBlessing","infinitespire:EmpoweringShard","Centennial Puzzle","hubris:AstralHammer","aspiration:AnachronicSnailShell","SsserpentHead","Singing Bowl","Replay:Grab Bag","hubris:RunicObelisk","ReplayTheSpireMod:Onyx Gauntlets","hubris:ScarierMask","ReplayTheSpireMod:Lightbulb","Bottled Lightning","aspiration:HiddenCompartment","DollysMirror","infinitespire:EvilPickle","aspiration:WatcherSkillbook","Gambling Chip","Kunai","hubris:IronBody","Lee\u0027s Waffle","Omamori","Another Sword","Gremlin Food","Quantum Egg","hubris:Spice"],"acts_visited":["Exordium","TheCity","TheBeyond"],"potions_floor_usage":[45],"damage_taken":[{"damage":0.0,"enemies":"Cultist","floor":1.0,"turns":1.0},{"damage":0.0,"enemies":"2 Louse","floor":4.0,"turns":1.0},{"damage":0.0,"enemies":"Lagavulin","floor":6.0,"turns":1.0},{"damage":12.0,"enemies":"Gremlin Nob","floor":10.0,"turns":3.0},{"damage":6.0,"enemies":"Jaw Worm","floor":13.0,"turns":2.0},{"damage":8.0,"enemies":"Lagavulin","floor":14.0,"turns":3.0},{"damage":48.0,"enemies":"Hexaghost","floor":16.0,"turns":7.0},{"damage":4.0,"enemies":"Chosen","floor":18.0,"turns":3.0},{"damage":2.0,"enemies":"2 Thieves","floor":19.0,"turns":2.0},{"damage":10.0,"enemies":"Shelled Parasite and Fungi","floor":21.0,"turns":3.0},{"damage":1.0,"enemies":"3 Cultists","floor":22.0,"turns":3.0},{"damage":5.0,"enemies":"Nightmare","floor":25.0,"turns":3.0},{"damage":0.0,"enemies":"Centurion and Healer","floor":28.0,"turns":1.0},{"damage":0.0,"enemies":"Sentry and Sphere","floor":31.0,"turns":2.0},{"damage":22.0,"enemies":"Pondfish","floor":33.0,"turns":3.0},{"damage":6.0,"enemies":"3 Shapes","floor":35.0,"turns":2.0},{"damage":6.0,"enemies":"2 Orb Walkers","floor":36.0,"turns":2.0},{"damage":0.0,"enemies":"Orb Walker","floor":38.0,"turns":1.0},{"damage":11.0,"enemies":"Reptomancer","floor":40.0,"turns":3.0},{"damage":0.0,"enemies":"R_Hoarder","floor":42.0,"turns":1.0},{"damage":1,"enemies":"Nemesis","floor":44,"turns":3},{"damage":20,"enemies":"4 Shapes","floor":45,"turns":42},{"damage":0,"enemies":"Maw","floor":48,"turns":1},{"damage":3,"enemies":"infinitespire:MassOfShapes","floor":50,"turns":1}],"seed_played":"3959452370885120134","potions_obtained":[{"floor":1.0,"key":"Regen Potion"},{"floor":6.0,"key":"FearPotion"},{"floor":13.0,"key":"SkillPotion"},{"floor":16.0,"key":"ColorlessPotion"},{"floor":18.0,"key":"Adrenaline Potion"},{"floor":21.0,"key":"BloodPotion"},{"floor":31.0,"key":"Fire Potion"},{"floor":35.0,"key":"Ancient Potion"},{"floor":44,"key":"DistilledChaos"},{"floor":48,"key":"infinitespire:BlackPotion"}],"is_trial":false,"path_per_floor":["M","?","?","M","$","E","R","?","T","E","?","?","M","E","R","B",null,"M","M","AVR","M","M","R","?","NM","T","$","M","$","R","M","R","B",null,"M","?","AVR","M","$","E","R","E","T","E","M","?","R","M","R","B",null],"character_chosen":"IRONCLAD","items_purchased":["DollysMirror","hubris:IronBody","Lee\u0027s Waffle"],"campfire_rested":0,"item_purchase_floors":[27,39,39],"current_hp_per_floor":[78,62,62,68,68,74,74,74,74,68,68,68,68,77,77,51,74,78,82,82,82,88,88,88,90,90,90,92,92,92,94,94,78,90,92,94,94,100,107,102,102,107,107,109,97,99,99,107,115,118],"gold":421,"neow_bonus":"THREE_ENEMY_KILL","is_daily":false,"chose_seed":false,"campfire_upgraded":7,"win_rate":0.0,"timestamp":1610111551,"path_taken":["M","?","?","M","?","E","R","?","T","E","?","?","M","E","R","BOSS","M","?","AVR","M","M","R","?","NM","T","?","M","$","R","M","R","BOSS","M","?","AVR","M","$","E","R","E","T","E","M","?","R","?","R","BOSS"],"items_purchased_type":["Relic","Relic","Relic"],"build_version":"2020-12-22","purchased_purges":2,"victory":true,"max_hp_per_floor":[80,80,80,80,80,80,80,80,80,80,80,80,80,82,82,82,82,84,84,84,86,88,88,88,90,90,90,92,92,92,94,94,94,94,96,98,98,100,107,107,107,107,107,109,111,113,113,115,123,123],"card_choices":[{"not_picked":["Body Slam","Sentinel"],"picked":"Clothesline","floor":1.0},{"not_picked":["Warcry","ReplayReversal"],"picked":"Flex","floor":4.0},{"not_picked":["ReplayTheSpireMod:Muscle Training","hubris:ReadiedAction"],"picked":"Spot Weakness","floor":6.0},{"not_picked":["Anger","Brutality"],"picked":"Reaper","floor":10.0},{"not_picked":["Shockwave","Thunderclap"],"picked":"Seeing Red","floor":13.0},{"not_picked":["Run Through","Thunderclap","hubris:ReadiedAction"],"picked":"Singing Bowl","floor":14.0},{"not_picked":["Replay:Many Hands","Brutality"],"picked":"Bludgeon","floor":16.0},{"not_picked":["Anger+1","Heavy Blade","infinitespire:OneForAll"],"picked":"Singing Bowl","floor":18.0},{"not_picked":["Battle Trance","Body Slam"],"picked":"Spot Weakness+1","floor":19.0},{"not_picked":["Rampage","Iron Wave","Body Slam+1"],"picked":"Singing Bowl","floor":21.0},{"not_picked":["Rampage","ReplayTheSpireMod:Strike From Hell","Blood for Blood+1"],"picked":"Singing Bowl","floor":22.0},{"not_picked":["Hemokinesis+1","Pummel","Sword Boomerang"],"picked":"Singing Bowl","floor":25.0},{"not_picked":["Perfected Strike+1","Whirlwind","Evolve"],"picked":"Singing Bowl","floor":28.0},{"not_picked":["Havoc","Hemokinesis","Flex"],"picked":"Singing Bowl","floor":31.0},{"not_picked":["Eclipse","Hemogenesis"],"picked":"Barricade","floor":33.0},{"not_picked":["Cleave+1","SandsOfTime","True Grit+1","hubris:ReadiedAction"],"picked":"Singing Bowl","floor":35.0},{"not_picked":["Cleave+1","Pommel Strike+1","ClearTheMind+1","SashWhip"],"picked":"Singing Bowl","floor":36.0},{"not_picked":["Crescendo+1","Brilliance","Body Slam+1","FlyingSleeves"],"picked":"Singing Bowl","floor":38.0},{"not_picked":["Study+1","Clash+1","EmptyMind"],"picked":"Intimidate+1","floor":40.0},{"not_picked":["JustLucky+1","hubris:ReadiedAction+1","Replay:BluntJabs+1"],"picked":"True Grit","floor":42.0},{"not_picked":["FlyingSleeves+1","Intimidate","DeceiveReality","Crescendo+1"],"picked":"Singing Bowl","floor":44},{"not_picked":["Wallop+1","Dual Wield+1","hubris:CleavingFinish+1","LikeWater"],"picked":"Singing Bowl","floor":45},{"not_picked":["Magnetism","Specialist","ReplayTheSpireMod:Trickstab","Enlightenment"],"picked":"Singing Bowl","floor":46},{"not_picked":["Rampage","Warcry+1","Run Through+1","Seeing Red"],"picked":"Singing Bowl","floor":48}],"player_experience":161126,"relics_obtained":[{"floor":6.0,"key":"infinitespire:EmpoweringShard"},{"floor":8.0,"key":"Centennial Puzzle"},{"floor":9.0,"key":"hubris:AstralHammer"},{"floor":10.0,"key":"aspiration:AnachronicSnailShell"},{"floor":14.0,"key":"Singing Bowl"},{"floor":25.0,"key":"Bottled Lightning"},{"floor":26.0,"key":"aspiration:HiddenCompartment"},{"floor":36.0,"key":"Gambling Chip"},{"floor":40.0,"key":"Omamori"},{"floor":42.0,"key":"Another Sword"},{"floor":43.0,"key":"Gremlin Food"},{"floor":44,"key":"Quantum Egg"},{"floor":49,"key":"hubris:Spice"}],"event_choices":[{"damage_healed":78.0,"max_hp_gain":0.0,"max_hp_loss":80.0,"gold_gain":0.0,"event_name":"betterThird:BetterShining","player_choice":"Upgrade","floor":2.0,"gold_loss":0.0,"damage_taken":16.0,"cards_upgraded":["Defend_R","Strike_R"]},{"damage_healed":0.0,"max_hp_gain":0.0,"max_hp_loss":0.0,"gold_gain":0.0,"cards_transformed":["Defend_R"],"event_name":"Living Wall","player_choice":"Change","floor":11.0,"gold_loss":0.0,"damage_taken":0.0,"cards_obtained":["ReplayTheSpireMod:Corrosion Curse"]},{"damage_healed":0.0,"max_hp_gain":0.0,"max_hp_loss":0.0,"gold_gain":0.0,"event_name":"FaceTrader","player_choice":"Trade","floor":12.0,"gold_loss":0.0,"damage_taken":0.0,"relics_obtained":["SsserpentHead"]},{"cards_removed":["Spot Weakness"],"damage_healed":0.0,"max_hp_gain":0.0,"max_hp_loss":0.0,"gold_gain":0.0,"event_name":"Designer","player_choice":"Upgrade and Remove","floor":24.0,"gold_loss":90.0,"damage_taken":0.0,"cards_upgraded":["Defend_R"]},{"damage_healed":0.0,"max_hp_gain":0.0,"max_hp_loss":0.0,"gold_gain":0.0,"event_name":"Mysterious Sphere","player_choice":"Fight","floor":36.0,"gold_loss":0.0,"damage_taken":0.0},{"damage_healed":0,"gold_gain":0,"player_choice":"Memory 1","damage_taken":0,"max_hp_gain":0,"max_hp_loss":0,"event_name":"SensoryStone","floor":46,"gold_loss":0}],"is_beta":false,"boss_relics":[{"not_picked":["hubris:Stopwatch","hubris:TerracottaHorce"],"picked":"Replay:Grab Bag"},{"not_picked":["Ooze Armor","Velvet Choker"],"picked":"hubris:RunicObelisk"},{"not_picked":["Painkiller Herb","Mark of Pain"],"picked":"ReplayTheSpireMod:Onyx Gauntlets"},{"not_picked":["Kintsugi","Ring of Chaos"],"picked":"hubris:ScarierMask"},{"not_picked":["aspiration:PoetsPen_weak","Sozu"],"picked":"aspiration:WatcherSkillbook"}],"items_purged_floors":[27,29],"is_endless":false,"potions_floor_spawned":[1,6,13,16,18,19,21,31,35,42,44,48],"ascension_level":9}}