{"host":"36mulxq349byzoa2","time":1610079848,"event":{"mods":["AchievementEnabler","BaseMod","Better Match","Block Reminder","Colored Map","Colored Powertips","Minty Spire (QoL Compilation)","Rare Cards Sparkle","StSLib","SuperFastMode"],"gold_per_floor":[114,114,189,210,82,82,126,141,141,141,179,209,222,222,222,315,315,338,351,272,272,28,72,72,5,5,30,30,45,80,80,80,176,176,197,221,221,221,221,221,241,260,306,306,306],"floor_reached":44,"playtime":1345,"items_purged":["Strike_B"],"score":957,"play_id":"0181838e-84e2-44a0-bffd-2cfadbdc8fe3","local_time":"20210107232408","is_ascension_mode":true,"campfire_choices":[{"data":"Streamline","floor":6,"key":"SMITH"},{"floor":10,"key":"REST"},{"data":"Glacier","floor":15,"key":"SMITH"},{"floor":24,"key":"REST"},{"floor":32,"key":"REST"},{"floor":40,"key":"REST"}],"circlet_count":0,"master_deck":["AscendersBane","Defend_B","Defend_B","Defend_B","Zap","Leap","Streamline+1","Glacier+1","Echo Form","Static Discharge","Echo Form","Capacitor","White Noise","Electrodynamics","Scrape+1","Coolheaded+1","Coolheaded+1"],"relics":["Busted Crown","Golden Idol","Pocketwatch","Ornamental Fan","HornCleat","Fusion Hammer","Membership Card","Gremlin Horn","Tiny Chest","Pantograph","Boot","Astrolabe","Whetstone","Art of War"],"acts_visited":["Exordium","TheCity","TheBeyond"],"potions_floor_usage":[11,23,23,35,41],"damage_taken":[{"damage":7,"enemies":"Jaw Worm","floor":1,"turns":5},{"damage":4,"enemies":"Small Slimes","floor":4,"turns":4},{"damage":37,"enemies":"Gremlin Nob","floor":7,"turns":5},{"damage":0,"enemies":"Cultist","floor":8,"turns":3},{"damage":1,"enemies":"3 Sentries","floor":11,"turns":7},{"damage":2,"enemies":"3 Louse","floor":13,"turns":4},{"damage":0,"enemies":"The Guardian","floor":16,"turns":13},{"damage":4,"enemies":"Spheric Guardian","floor":18,"turns":4},{"damage":3,"enemies":"Shell Parasite","floor":19,"turns":6},{"damage":4,"enemies":"Slavers","floor":23,"turns":6},{"damage":17,"enemies":"Cultist and Chosen","floor":27,"turns":5},{"damage":0,"enemies":"3 Cultists","floor":29,"turns":4},{"damage":19,"enemies":"Book of Stabbing","floor":30,"turns":8},{"damage":59,"enemies":"Champ","floor":33,"turns":12},{"damage":6,"enemies":"3 Darklings","floor":35,"turns":5},{"damage":9,"enemies":"3 Shapes","floor":36,"turns":5},{"damage":14,"enemies":"Maw","floor":41,"turns":9},{"damage":27,"enemies":"Sphere and 2 Shapes","floor":42,"turns":6},{"damage":21,"enemies":"4 Shapes","floor":44,"turns":1}],"seed_played":"-4020771044545515753","potions_obtained":[{"floor":7,"key":"EssenceOfDarkness"},{"floor":8,"key":"Explosive Potion"},{"floor":13,"key":"Fire Potion"},{"floor":29,"key":"FearPotion"},{"floor":33,"key":"AttackPotion"},{"floor":35,"key":"Block Potion"}],"is_trial":false,"path_per_floor":["M","?","?","M","$","R","E","M","T","R","E","?","M","?","R","B",null,"M","M","$","?","$","E","R","?","T","M","?","M","E","?","R","B",null,"M","M","T","?","?","R","M","M","T","M"],"character_chosen":"DEFECT","items_purchased":["Streamline","Static Discharge","Membership Card","Capacitor","White Noise"],"campfire_rested":4,"item_purchase_floors":[5,20,22,22,22],"current_hp_per_floor":[57,57,46,42,42,42,5,5,5,24,23,23,21,21,21,21,53,49,46,46,46,46,42,61,61,61,44,44,44,25,25,44,5,49,43,34,34,34,34,53,39,12,12,0,0],"gold":306,"neow_bonus":"BOSS_RELIC","is_daily":false,"chose_seed":false,"campfire_upgraded":2,"win_rate":0.0,"timestamp":1610079848,"path_taken":["M","?","?","M","?","R","E","?","T","R","E","?","M","?","R","BOSS","M","?","$","?","?","E","R","?","T","?","?","M","E","?","R","BOSS","M","M","?","?","?","R","M","?","T","M"],"items_purchased_type":["Card","Card","Relic","Card","Card"],"build_version":"2020-12-22","purchased_purges":1,"victory":false,"max_hp_per_floor":[71,64,64,64,64,64,64,64,64,64,64,64,64,64,64,64,64,64,64,64,64,64,64,64,64,64,64,64,64,64,64,64,64,64,64,64,64,64,64,64,64,64,64,64,64],"card_choices":[{"not_picked":["Redo"],"picked":"SKIP","floor":1},{"not_picked":[],"picked":"Leap","floor":4},{"not_picked":[],"picked":"Glacier","floor":7},{"not_picked":["Go for the Eyes"],"picked":"SKIP","floor":8},{"not_picked":["Rebound"],"picked":"SKIP","floor":11},{"not_picked":["Hologram"],"picked":"SKIP","floor":13},{"not_picked":[],"picked":"Echo Form","floor":16},{"not_picked":["Sweeping Beam"],"picked":"SKIP","floor":18},{"not_picked":["Storm"],"picked":"SKIP","floor":19},{"not_picked":[],"picked":"Electrodynamics","floor":23},{"not_picked":["Compile Driver+1"],"picked":"SKIP","floor":27},{"not_picked":["Double Energy"],"picked":"SKIP","floor":29},{"not_picked":["Coolheaded"],"picked":"SKIP","floor":30},{"not_picked":["Double Energy+1"],"picked":"SKIP","floor":35},{"not_picked":["Rebound"],"picked":"SKIP","floor":36},{"not_picked":["Steam"],"picked":"SKIP","floor":41},{"not_picked":["Gash"],"picked":"SKIP","floor":42}],"player_experience":1016785,"relics_obtained":[{"floor":7,"key":"Pocketwatch"},{"floor":9,"key":"Ornamental Fan"},{"floor":11,"key":"HornCleat"},{"floor":23,"key":"Gremlin Horn"},{"floor":26,"key":"Pantograph"},{"floor":30,"key":"Boot"},{"floor":37,"key":"Whetstone"},{"floor":43,"key":"Art of War"}],"event_choices":[{"damage_healed":0,"gold_gain":0,"player_choice":"Lose Max HP","damage_taken":0,"relics_obtained":["Golden Idol"],"max_hp_gain":0,"max_hp_loss":7,"event_name":"Golden Idol","floor":2,"gold_loss":0},{"damage_healed":0,"gold_gain":75,"player_choice":"Gather Gold","damage_taken":11,"max_hp_gain":0,"max_hp_loss":0,"event_name":"World of Goop","floor":3,"gold_loss":0},{"damage_healed":0,"gold_gain":30,"player_choice":"Searched \u00271\u0027 times","damage_taken":0,"max_hp_gain":0,"max_hp_loss":0,"event_name":"Dead Adventurer","floor":12,"gold_loss":0},{"cards_removed":["Defend_B"],"damage_healed":0,"gold_gain":0,"player_choice":"Purged","damage_taken":0,"max_hp_gain":0,"max_hp_loss":0,"event_name":"Purifier","floor":14,"gold_loss":0},{"damage_healed":0,"gold_gain":0,"player_choice":"Copied","damage_taken":0,"max_hp_gain":0,"max_hp_loss":0,"event_name":"Duplicator","floor":21,"gold_loss":0,"cards_obtained":["Echo Form"]},{"damage_healed":0,"gold_gain":0,"player_choice":"Paid Gold","damage_taken":0,"relics_obtained":["Tiny Chest"],"max_hp_gain":0,"max_hp_loss":0,"event_name":"WeMeetAgain","floor":25,"gold_loss":67},{"damage_healed":0,"gold_gain":0,"player_choice":"Ignored","damage_taken":0,"max_hp_gain":0,"max_hp_loss":0,"event_name":"The Mausoleum","floor":28,"gold_loss":0},{"damage_healed":0,"gold_gain":0,"player_choice":"Ignored","damage_taken":0,"max_hp_gain":0,"max_hp_loss":0,"event_name":"Ghosts","floor":31,"gold_loss":0},{"damage_healed":0,"gold_gain":0,"player_choice":"Memory 1","damage_taken":0,"max_hp_gain":0,"max_hp_loss":0,"event_name":"SensoryStone","floor":38,"gold_loss":0},{"cards_removed":["Dualcast"],"damage_healed":0,"gold_gain":0,"player_choice":"Removed Skill","damage_taken":0,"max_hp_gain":0,"max_hp_loss":0,"event_name":"Falling","floor":39,"gold_loss":0}],"is_beta":false,"boss_relics":[{"not_picked":["Nuclear Battery","Inserter"],"picked":"Fusion Hammer"},{"not_picked":["Runic Dome","Cursed Key"],"picked":"Astrolabe"}],"items_purged_floors":[5],"is_endless":false,"potions_floor_spawned":[7,8,13,16,18,29,33,35,36],"killed_by":"4 Shapes","ascension_level":17}}