{"host":"r53pw7z744tg3fxg","time":1610134288,"event":{"mods":["AchievementEnabler","BaseMod","Colored Map","Colored Powertips","Highlight Path","Minty Spire (QoL Compilation)","Quick Restart","Transform Curses"],"gold_per_floor":[114,73,73,20,95,124,124,124,124,153,165,177,27,49,49,147,147,164,164,179,193,211,211,211,211],"floor_reached":24,"playtime":851,"items_purged":[],"score":394,"play_id":"b0a798f6-b525-4687-a564-02b69710115c","local_time":"20210108123128","is_ascension_mode":true,"campfire_choices":[{"floor":8.0,"key":"REST"},{"data":"Eruption","floor":15.0,"key":"SMITH"},{"floor":23,"key":"REST"}],"circlet_count":0,"master_deck":["AscendersBane","Strike_P+1","Strike_P","Strike_P+1","Strike_P","Defend_P","Defend_P","Defend_P","Defend_P","Eruption+1","Vigilance","Evaluate","BattleHymn","EmptyBody","ThirdEye","FollowUp","Tantrum","PathToVictory","Establishment","FlurryOfBlows+1","Swivel","SashWhip","Halt"],"relics":["PureWater","NeowsBlessing","Shuriken","Vajra","White Beast Statue","Juzu Bracelet","Odd Mushroom","Sozu","MutagenicStrength"],"acts_visited":["Exordium","TheCity"],"potions_floor_usage":[21,24],"damage_taken":[{"damage":0.0,"enemies":"Small Slimes","floor":1.0,"turns":2.0},{"damage":0.0,"enemies":"Lagavulin","floor":6.0,"turns":1.0},{"damage":0.0,"enemies":"3 Sentries","floor":10.0,"turns":3.0},{"damage":0.0,"enemies":"Cultist","floor":11.0,"turns":2.0},{"damage":0.0,"enemies":"2 Louse","floor":12.0,"turns":2.0},{"damage":0.0,"enemies":"The Mushroom Lair","floor":14.0,"turns":2.0},{"damage":25.0,"enemies":"The Guardian","floor":16.0,"turns":7.0},{"damage":18,"enemies":"2 Thieves","floor":18,"turns":4},{"damage":14,"enemies":"Shell Parasite","floor":20,"turns":4},{"damage":17,"enemies":"Snecko","floor":21,"turns":4},{"damage":11,"enemies":"Chosen and Byrds","floor":22,"turns":3},{"damage":27,"enemies":"Slavers","floor":24,"turns":3}],"seed_played":"-3730084822730165380","potions_obtained":[{"floor":10.0,"key":"SpeedPotion"},{"floor":11.0,"key":"FearPotion"},{"floor":14.0,"key":"StancePotion"},{"floor":16.0,"key":"CultistPotion"}],"is_trial":false,"path_per_floor":["M","$","?","$","?","E","?","R","T","E","M","M","$","?","R","B",null,"M","?","M","M","M","R","E"],"character_chosen":"WATCHER","items_purchased":["BattleHymn","EmptyBody","Juzu Bracelet"],"campfire_rested":2,"item_purchase_floors":[2,4,13],"current_hp_per_floor":[65,65,51,51,40,40,33,54,54,54,54,54,54,54,54,29,61,43,43,29,12,1,22,0,0],"gold":211,"neow_bonus":"THREE_ENEMY_KILL","is_daily":false,"chose_seed":false,"campfire_upgraded":1,"win_rate":0.0,"timestamp":1610134288,"path_taken":["M","$","?","$","?","E","?","R","T","E","?","M","$","?","R","BOSS","M","?","M","M","M","R","E"],"items_purchased_type":["Card","Card","Relic"],"build_version":"2020-12-22","purchased_purges":0,"victory":false,"max_hp_per_floor":[72,72,72,72,72,72,72,72,72,72,72,72,72,72,72,72,72,72,72,72,72,72,72,72,72],"card_choices":[{"not_picked":["Meditate","Pray"],"picked":"Evaluate","floor":1.0},{"not_picked":["EmptyFist","LikeWater"],"picked":"ThirdEye","floor":6.0},{"not_picked":["JustLucky","ThirdEye"],"picked":"FollowUp","floor":10.0},{"not_picked":["EmptyFist","CutThroughFate"],"picked":"Tantrum","floor":11.0},{"not_picked":["EmptyMind","Vengeance","MentalFortress"],"picked":"SKIP","floor":12.0},{"not_picked":["FollowUp","ThirdEye"],"picked":"PathToVictory","floor":14.0},{"not_picked":["Alpha","DevaForm"],"picked":"Establishment","floor":16.0},{"not_picked":["ReachHeaven","Protect"],"picked":"FlurryOfBlows+1","floor":18},{"not_picked":["Crescendo+1","LikeWater"],"picked":"Swivel","floor":20},{"not_picked":["Crescendo","Study+1"],"picked":"SashWhip","floor":21},{"not_picked":["Tantrum","Evaluate"],"picked":"Halt","floor":22}],"player_experience":1214059,"relics_obtained":[{"floor":6.0,"key":"Shuriken"},{"floor":9.0,"key":"Vajra"},{"floor":10.0,"key":"White Beast Statue"},{"floor":14.0,"key":"Odd Mushroom"}],"event_choices":[{"damage_healed":0.0,"max_hp_gain":0.0,"max_hp_loss":0.0,"gold_gain":0.0,"event_name":"Shining Light","player_choice":"Entered Light","floor":3.0,"gold_loss":0.0,"damage_taken":14.0,"cards_upgraded":["Strike_P","Strike_P"]},{"damage_healed":0.0,"max_hp_gain":0.0,"max_hp_loss":0.0,"gold_gain":75.0,"event_name":"World of Goop","player_choice":"Gather Gold","floor":5.0,"gold_loss":0.0,"damage_taken":11.0},{"damage_healed":0.0,"max_hp_gain":0.0,"max_hp_loss":0.0,"gold_gain":0.0,"event_name":"Wheel of Change","player_choice":"Damaged","floor":7.0,"gold_loss":0.0,"damage_taken":7.0},{"damage_healed":0.0,"max_hp_gain":0.0,"max_hp_loss":0.0,"gold_gain":0.0,"event_name":"Mushrooms","player_choice":"Fought Mushrooms","floor":14.0,"gold_loss":0.0,"damage_taken":0.0},{"damage_healed":0,"gold_gain":0,"player_choice":"Inject Mutagens","damage_taken":0,"relics_obtained":["MutagenicStrength"],"max_hp_gain":0,"max_hp_loss":0,"event_name":"Drug Dealer","floor":19,"gold_loss":0}],"is_beta":false,"boss_relics":[{"not_picked":["Runic Dome","Astrolabe"],"picked":"Sozu"}],"items_purged_floors":[],"is_endless":false,"potions_floor_spawned":[10,11,12,14,16,18,20,21,22],"killed_by":"Slavers","ascension_level":11}}