{"host":"htqwg582tjjtn9p7","time":1610133597,"event":{"mods":["2.2 Compatiblity","AchievementEnabler","Act Like it!","Arknights The Spire","Aspiration","BaseMod","Better Third Choice","Colored Map","Conspire","Curses Come First","Displayed Cursed Tome","Energized Spire","Force Act Four","GifTheSpireLib","Hermit","Highlight Path","JesterMod","Mad Scientist","Minty Spire (QoL Compilation)","Pale of the Ancients","Permanent Neow","Random Character Button","Relic Stats","Replay The Spire","Robot Space Explorer","Somnambulant","Spicy Shops","Spikes Relics","StSLib","Stuff the Spire","The Blue Laboratory","The Bug Knight","The Forsaken","The Gatherer","The Judge","The Jungle","The Marked","The Runesmith","The Servant 0.9.4","Uncapped"],"gold_per_floor":[113,133,19,19,35,35,60,60,60,60,60,77,77,23,23,23,23],"floor_reached":16,"playtime":389,"items_purged":[],"score":222,"play_id":"2c01bc9b-e8e7-469a-9175-b4ef30d9e2c5","local_time":"20210108201957","is_ascension_mode":true,"campfire_choices":[{"data":"Rupture","floor":6,"key":"SMITH"},{"data":"ReplayTheSpireMod:Muscle Training","floor":8,"key":"SMITH"},{"data":"StuffTheSpire:Slingshot","floor":10,"key":"SMITH"},{"floor":15,"key":"REST"}],"circlet_count":0,"master_deck":["AscendersBane","conspire:GhostlyStrike","conspire:GhostlyStrike","conspire:GhostlyStrike","conspire:GhostlyStrike","conspire:GhostlyStrike","conspire:GhostlyDefend+1","conspire:GhostlyDefend+1","conspire:GhostlyDefend","conspire:GhostlyDefend","Bash","ReplayTheSpireMod:Muscle Training+1","StuffTheSpire:Slingshot+1","StuffTheSpire:Slingshot+1","Rupture+1","Burning Pact","conspire:ExplosiveBarrier","True Grit"],"relics":["ChewingGum","aspiration:HummingbirdHeart","Runesmith:AutoHammer"],"acts_visited":["Exordium"],"potions_floor_usage":[7],"damage_taken":[{"damage":11,"enemies":"Cultist","floor":1,"turns":4},{"damage":2,"enemies":"conspire:RoseBush","floor":2,"turns":9},{"damage":1,"enemies":"2 Louse","floor":5,"turns":3},{"damage":10,"enemies":"HollowMod:MossKnight","floor":7,"turns":5},{"damage":1,"enemies":"2 Fungi Beasts","floor":12,"turns":3},{"damage":1,"enemies":"Fading Forest","floor":16,"turns":4}],"seed_played":"-1600987344818364354","potions_obtained":[{"floor":1,"key":"blueLaboratory:Moonshine"},{"floor":2,"key":"blueLaboratory:FruitPunch"}],"is_trial":false,"path_per_floor":["M","M","$","?","M","R","E","R","T","R","?","M","?","$","R","B"],"character_chosen":"IRONCLAD","items_purchased":["StuffTheSpire:Slingshot+1","Rupture","True Grit"],"campfire_rested":1,"item_purchase_floors":[3,3,14],"current_hp_per_floor":[57,55,55,55,54,54,46,46,46,46,23,22,26,26,49,48,48],"gold":23,"neow_bonus":"BOSS_RELIC","is_daily":false,"chose_seed":false,"campfire_upgraded":3,"win_rate":0.0,"timestamp":1610133597,"path_taken":["M","?","$","?","M","R","E","R","T","R","?","M","?","$","R","BOSS"],"items_purchased_type":["Card","Card","Card"],"build_version":"2020-12-22","purchased_purges":0,"victory":false,"max_hp_per_floor":[75,75,75,75,75,75,77,77,77,77,77,77,77,77,77,77,77],"relic_stats":{"counters":[6,28],"obtain_stats":[{"ChewingGum":0,"aspiration:HummingbirdHeart":7,"Runesmith:AutoHammer":9,"Burning Blood":0},{"ChewingGum":0,"aspiration:HummingbirdHeart":4,"Runesmith:AutoHammer":4,"Burning Blood":0},{"ChewingGum":0,"aspiration:HummingbirdHeart":21,"Runesmith:AutoHammer":21,"Burning Blood":0}]},"card_choices":[{"not_picked":["Life Link","Seeing Red"],"picked":"ReplayTheSpireMod:Muscle Training","floor":1},{"not_picked":["Clash","StuffTheSpire:RagingBull"],"picked":"StuffTheSpire:Slingshot","floor":2},{"not_picked":["Flex","Abandon","Body Slam"],"picked":"SKIP","floor":5},{"not_picked":["Flex","Twin Strike"],"picked":"Burning Pact","floor":7},{"not_picked":["Clothesline","Anger"],"picked":"conspire:ExplosiveBarrier","floor":12}],"player_experience":1905254,"relics_obtained":[{"floor":7,"key":"aspiration:HummingbirdHeart"},{"floor":9,"key":"Runesmith:AutoHammer"}],"event_choices":[{"damage_healed":0,"gold_gain":0,"player_choice":"Agree","damage_taken":0,"max_hp_gain":0,"max_hp_loss":0,"event_name":"conspire:LoneGhost","floor":4,"gold_loss":0},{"damage_healed":46,"gold_gain":0,"player_choice":"Upgrade","damage_taken":23,"max_hp_gain":0,"max_hp_loss":77,"event_name":"betterThird:BetterShining","floor":11,"gold_loss":0,"cards_upgraded":["conspire:GhostlyDefend","conspire:GhostlyDefend"]}],"is_beta":false,"boss_relics":[],"items_purged_floors":[],"is_endless":false,"potions_floor_spawned":[1,2],"killed_by":"Fading Forest","ascension_level":15}}