{"host":"2i0myh7fqij2ti1z","time":1610120469,"event":{"mods":["Aspiration","BaseMod","Better Third Choice","Colored Powertips","FoggyMod","GifTheSpireLib","Highlight Path","Minty Spire (QoL Compilation)","Permanent Neow","Quick Restart","Random Character Button","Random Character Mod","Relic Sorter","Replay The Spire","Shop Mod","Spicy Shops","StSLib","Stuff the Spire","Transform Curses","Wandering Minibosses","vexMod"],"gold_per_floor":[99,99,8920,8935,8935,8967,8995,9027,9027,9062,9093,9127,9162,7653,7653,7750,7750,7764,7863,7874,7903,6791,6834,5702,5745,5745,4570,4612,4642,4665,4701,4701,4815,4815,4815],"floor_reached":34,"playtime":2426,"items_purged":["Go for the Eyes","Sweeping Beam","Conserve Battery","StuffTheSpire:Purify","Turbo","StuffTheSpire:ForEach"],"score":955,"play_id":"5d82a5e4-c2ac-4c7f-9d9b-3d7fbc66494a","local_time":"20210108234109","daily_mods":["SealedDeck","Specialized","Heirloom","Flight","DeadlyEvents","Elite Swarm"],"is_ascension_mode":true,"campfire_choices":[{"data":"Seek","floor":15,"key":"SMITH"},{"data":"Turbo","floor":32,"key":"SMITH"}],"circlet_count":0,"master_deck":["StuffTheSpire:ForEach+1","StuffTheSpire:ForEach","StuffTheSpire:ForEach","StuffTheSpire:ForEach","Turbo+1","Undo","Redo","Hologram","Hyperbeam+1","Meteor Strike+1","Meteor Strike+1","Seek+1","Amplify","Reboot","Discovery","Echo Form","Conserve Battery+1","Skim+1","Seek","White Noise","Seek","Creative AI","FIFO Queue","Skim+1"],"relics":["Cracked Core","Ring of Chaos","StuffTheSpire:DarkSteelAnvil","StuffTheSpire:CocoNut","Raider\u0027s Mask","Potion Belt","Replay:Mystery Machine","Meat on the Bone","OrangePellets","Strawberry","StuffTheSpire:Tea","Peace Pipe","Boot","Prayer Wheel","Emotion Chip","aspiration:HummingbirdHeart","Replay:Towering Pillar of Hats","Omamori","Runic Capacitor","MerchantsRug","Shovel","vexMod:InvisibilityCloak","Nunchaku","aspiration:ChemicalBlood","Black Star","Smiling Mask","Gambling Chip","Iron Hammer","Dream Catcher","Replay:Bandana","Mango","Orrery","aspiration:DSix","StuffTheSpire:EmeraldSignet","Symbiotic Virus","Replay:Kaleidoscope","TheAbacus","vexMod:Cooldron","Ornamental Fan","Turnip","TungstenRod","Replay:Bottled Steam","StuffTheSpire:Saxophone","Solar Panel","ReplayTheSpireMod:Lightbulb","Ginger","MealTicket","DollysMirror","Whetstone","StuffTheSpire:Expresso","Chameleon Ring","StoneCalendar","wanderingMiniBosses:CarrionFlame","The Courier","Oddly Smooth Stone","aspiration:IroncladSkillbook"],"acts_visited":["Exordium","TheCity","TheBeyond"],"potions_floor_usage":[7,12,12,23,33,33,33,33,33],"damage_taken":[{"damage":4,"enemies":"2 Louse","floor":4,"turns":2},{"damage":19,"enemies":"3 Sentries","floor":6,"turns":3},{"damage":12,"enemies":"Lagavulin","floor":7,"turns":2},{"damage":0,"enemies":"3 Sentries","floor":8,"turns":1},{"damage":31,"enemies":"Lagavulin","floor":10,"turns":6},{"damage":20,"enemies":"Gremlin Nob","floor":11,"turns":3},{"damage":16,"enemies":"Lagavulin","floor":12,"turns":5},{"damage":0,"enemies":"3 Sentries","floor":13,"turns":2},{"damage":1,"enemies":"Slime Boss","floor":16,"turns":4},{"damage":0,"enemies":"3 Byrds","floor":18,"turns":2},{"damage":0,"enemies":"Spheric Guardian","floor":20,"turns":3},{"damage":0,"enemies":"Slavers","floor":21,"turns":2},{"damage":6,"enemies":"Book of Stabbing","floor":23,"turns":4},{"damage":0,"enemies":"Slavers","floor":25,"turns":1},{"damage":3,"enemies":"Gremlin Leader","floor":28,"turns":3},{"damage":14,"enemies":"Book of Stabbing","floor":29,"turns":5},{"damage":29,"enemies":"Shelled Parasite and Fungi","floor":30,"turns":5},{"damage":0,"enemies":"Slavers","floor":31,"turns":1},{"damage":0,"enemies":"Automaton","floor":33,"turns":4}],"seed_played":"-3717629625606708219","potions_obtained":[{"floor":6,"key":"Death Potion"},{"floor":8,"key":"CultistPotion"},{"floor":11,"key":"Adrenaline Potion"},{"floor":13,"key":"PowerPotion"},{"floor":18,"key":"Doom Potion"},{"floor":23,"key":"BlessingOfTheForge"},{"floor":28,"key":"EntropicBrew"}],"is_trial":true,"path_per_floor":["?","?","$","M","?","E","E","E","T","E","E","E","E","$","R","B",null,"M","?","M","E","$","E","$","E","T","$","E","E","M","E","R","B",null],"character_chosen":"DEFECT","items_purchased":["StuffTheSpire:CocoNut","Raider\u0027s Mask","Potion Belt","Replay:Mystery Machine","Meat on the Bone","OrangePellets","Runic Capacitor","StuffTheSpire:HistoryBook","MerchantsRug","Shovel","vexMod:InvisibilityCloak","Nunchaku","aspiration:ChemicalBlood","Discovery","Iron Hammer","Dream Catcher","Replay:Bandana","Mango","Orrery","Symbiotic Virus","Replay:Kaleidoscope","TheAbacus","vexMod:Cooldron","Ornamental Fan","StuffTheSpire:Saxophone","Solar Panel","ReplayTheSpireMod:Lightbulb","Ginger","MealTicket","FIFO Queue","DollysMirror"],"campfire_rested":0,"item_purchase_floors":[3,3,3,3,3,3,14,14,14,14,14,14,14,14,22,22,22,22,22,24,24,24,24,24,27,27,27,27,27,27,27],"current_hp_per_floor":[75,75,82,78,78,66,54,54,54,35,27,23,35,35,35,46,89,89,89,89,89,103,97,97,97,97,97,96,82,53,53,53,55,103,103],"gold":4815,"neow_bonus":"","is_daily":false,"chose_seed":false,"campfire_upgraded":2,"win_rate":0.0,"timestamp":1610120469,"path_taken":["?","?","$","?","?","E","E","E","T","E","E","?","E","$","R","BOSS","M","?","?","?","$","E","$","E","T","?","?","E","?","E","R","BOSS"],"items_purchased_type":["Relic","Relic","Relic","Relic","Relic","Relic","Relic","Relic","Relic","Relic","Relic","Relic","Relic","Card","Relic","Relic","Relic","Relic","Relic","Relic","Relic","Relic","Relic","Relic","Relic","Relic","Relic","Relic","Relic","Card","Relic"],"build_version":"2020-12-22","purchased_purges":6,"victory":false,"max_hp_per_floor":[75,75,82,82,82,89,89,89,89,89,89,89,89,89,89,89,89,89,89,89,89,103,103,103,103,103,103,103,103,103,103,103,103,103,103],"card_choices":[{"not_picked":["StuffTheSpire:LoadUp","Genetic Algorithm","Panic Button"],"picked":"SKIP","floor":4},{"not_picked":["Fission","Mirror Shield"],"picked":"Meteor Strike","floor":6},{"not_picked":["Thunder Strike","Multi-Cast"],"picked":"StuffTheSpire:Purify","floor":7},{"not_picked":["Mirror Shield","StuffTheSpire:LaunchingStrike"],"picked":"ReplayTheSpireMod:Fabricate Wheel","floor":8},{"not_picked":["Hyperbeam","StuffTheSpire:ForEach"],"picked":"Seek","floor":10},{"not_picked":["StuffTheSpire:LaunchingStrike","Thunder Strike"],"picked":"Amplify","floor":11},{"not_picked":["ReplayTheSpireMod:Fabricate Wheel","ReplayRNGCard"],"picked":"Reboot","floor":12},{"not_picked":["ReplayTheSpireMod:Fabricate Wheel","Reboot","ReplayRNGCard"],"picked":"SKIP","floor":13},{"not_picked":["Electrodynamics","Fission"],"picked":"Echo Form","floor":16},{"not_picked":["StuffTheSpire:Plugnplay","Barrage"],"picked":"Conserve Battery+1","floor":18},{"not_picked":["Cold Snap","ReplaySort","StuffTheSpire:LoadUp"],"picked":"SKIP","floor":18},{"not_picked":["StuffTheSpire:ShieldGenerator","StuffTheSpire:Plugnplay"],"picked":"Skim+1","floor":20},{"not_picked":["Redo","ReplayRNGCard","StuffTheSpire:Plugnplay"],"picked":"SKIP","floor":20},{"not_picked":["Electrodynamics","Biased Cognition"],"picked":"Seek","floor":21},{"not_picked":["Gash","ReplayTheSpireMod:Reroute Power"],"picked":"White Noise","floor":22},{"not_picked":["StuffTheSpire:LaunchingStrike","ReplayTheSpireMod:Omega Cannon"],"picked":"Seek","floor":23},{"not_picked":["All For One","Hyperbeam"],"picked":"Creative AI","floor":25},{"not_picked":["Multi-Cast","Fission","StuffTheSpire:ForEach"],"picked":"SKIP","floor":28},{"not_picked":["StuffTheSpire:Purify","ReplayTheSpireMod:Omega Cannon","Biased Cognition"],"picked":"SKIP","floor":29},{"not_picked":["Compile Driver","ReplaySort","Streamline"],"picked":"SKIP","floor":30},{"not_picked":["Leap","Rebound+1","Go for the Eyes+1"],"picked":"SKIP","floor":30},{"not_picked":["ReplayRNGCard","All For One","StuffTheSpire:EventHorizon"],"picked":"SKIP","floor":31}],"player_experience":216827,"relics_obtained":[{"floor":6,"key":"Strawberry"},{"floor":7,"key":"StuffTheSpire:Tea"},{"floor":8,"key":"Peace Pipe"},{"floor":9,"key":"Boot"},{"floor":10,"key":"Emotion Chip"},{"floor":11,"key":"aspiration:HummingbirdHeart"},{"floor":12,"key":"Replay:Towering Pillar of Hats"},{"floor":13,"key":"Omamori"},{"floor":21,"key":"Smiling Mask"},{"floor":21,"key":"Gambling Chip"},{"floor":23,"key":"aspiration:DSix"},{"floor":23,"key":"StuffTheSpire:EmeraldSignet"},{"floor":25,"key":"Turnip"},{"floor":25,"key":"TungstenRod"},{"floor":26,"key":"Replay:Bottled Steam"},{"floor":28,"key":"Whetstone"},{"floor":28,"key":"StuffTheSpire:Expresso"},{"floor":29,"key":"Chameleon Ring"},{"floor":29,"key":"StoneCalendar"},{"floor":30,"key":"wanderingMiniBosses:CarrionFlame"},{"floor":31,"key":"The Courier"},{"floor":31,"key":"Oddly Smooth Stone"}],"event_choices":[{"damage_healed":0,"gold_gain":0,"player_choice":"Upgraded","damage_taken":0,"max_hp_gain":0,"max_hp_loss":0,"event_name":"Upgrade Shrine","floor":5,"gold_loss":0,"cards_upgraded":["StuffTheSpire:ForEach"]},{"damage_healed":0,"gold_gain":99,"player_choice":"Steal","damage_taken":0,"max_hp_gain":0,"max_hp_loss":0,"event_name":"betterThird:BetterNest","floor":19,"gold_loss":0}],"is_beta":false,"boss_relics":[{"not_picked":["vexMod:ImprovementManual","Snecko Heart"],"picked":"Black Star"},{"not_picked":["vexMod:BigBerry","Tiny House"],"picked":"aspiration:IroncladSkillbook"}],"items_purged_floors":[3,14,22,22,24,27],"is_endless":true,"potions_floor_spawned":[6,8,11,13,18,23,28,31],"ascension_level":1}}