{"host":"5fasz840ryq7obdf","time":1610103880,"event":{"mods":["2.2 Compatiblity","AchievementEnabler","BaseMod","Bestiary","Better Altar","Better Skull","Better Third Choice","BetterRewards","Block Reminder","Colored Powertips","Curses Come First","Minty Spire (QoL Compilation)","Quick Restart","Relic Sorter","Relic Stats","Replay The Spire","Shop Mod","Spicy Shops","StSLib","SuperFastMode","ojb\u0027s Better Paths Mod","ojb\u0027s Info Mod"],"gold_per_floor":[144,189,234,27,27,27,72,117,142,142,187,187,277,322,322,622,622,667,712,757,807,852,942,942,987,1012,1012,1057,1102,19,256,256,556,556,601,646,140,48,93,93,183,108,108,153,198,198,198,243,243,243],"floor_reached":51,"playtime":2295,"items_purged":["Regret","Languid","ReplayTheSpireMod:Splinters"],"score":855,"play_id":"4825eff2-2920-424c-b62b-50ea57a8ca07","local_time":"20210108110440","daily_mods":["Draft","Uncertain Future","Midas"],"is_ascension_mode":false,"campfire_choices":[{"floor":12.0,"key":"REST"},{"floor":15.0,"key":"REST"},{"floor":24.0,"key":"REST"},{"floor":27.0,"key":"REST"},{"data":"True Grit","floor":32.0,"key":"PURGE"},{"data":"Parasite","floor":40,"key":"PURGE"},{"data":"Ghostly Armor","floor":46,"key":"PURGE"},{"data":"Wild Strike+1","floor":49,"key":"PURGE"}],"circlet_count":0,"master_deck":["Shrug It Off","Evolve","Hemokinesis","Shockwave","Combust","ReplayTheSpireMod:Stacked","Rupture","Reckless Charge","Rupture","ReplayTheSpireMod:Muscle Training","The Bomb","Shrug It Off","Hemogenesis","ReplayTheSpireMod:Corrosion Curse+1","Heavy Blade+1","Brutality","Blood for Blood","Replay:Undeath\u0027s Touch+1","Hemogenesis","Hemogenesis","Offering","AbeCurse","Whirlwind","ReplayTheSpireMod:Muscle Training"],"relics":["Burning Blood","PreservedInsect","Mirror","HornCleat","Electric Blood","Replay:Accelerometer","Potion Belt","Peace Pipe","Medical Kit","ClockworkSouvenir","Unceasing Top","Akabeko","Replay:Grab Bag","Abe\u0027s Treasure","Busted Crown","Kintsugi","Anchor","Pondfish Scales","InkBottle","OrangePellets","Divine Protection","Replay:Bottled Snecko"],"acts_visited":["Exordium","TheCity","TheBeyond"],"potions_floor_usage":[50,50],"damage_taken":[{"damage":2.0,"enemies":"2 Louse","floor":1.0,"turns":2.0},{"damage":4.0,"enemies":"Small Slimes","floor":2.0,"turns":4.0},{"damage":9.0,"enemies":"Jaw Worm","floor":3.0,"turns":3.0},{"damage":5.0,"enemies":"Gremlin Gang","floor":7.0,"turns":3.0},{"damage":11.0,"enemies":"2 Fungi Beasts","floor":8.0,"turns":3.0},{"damage":11.0,"enemies":"3 Louse","floor":11.0,"turns":3.0},{"damage":9.0,"enemies":"Replay:BlueRogue","floor":13.0,"turns":3.0},{"damage":4.0,"enemies":"Blue Slaver","floor":14.0,"turns":3.0},{"damage":21.0,"enemies":"The Guardian","floor":16.0,"turns":7.0},{"damage":22.0,"enemies":"Chosen","floor":18.0,"turns":4.0},{"damage":17.0,"enemies":"Shell Parasite","floor":19.0,"turns":4.0},{"damage":26.0,"enemies":"Sentry and Sphere","floor":20.0,"turns":4.0},{"damage":23.0,"enemies":"Shelled Parasite and Fungi","floor":22.0,"turns":5.0},{"damage":21.0,"enemies":"Slavers","floor":23.0,"turns":3.0},{"damage":16.0,"enemies":"Centurion and Healer","floor":25.0,"turns":4.0},{"damage":19.0,"enemies":"Snecko","floor":28.0,"turns":5.0},{"damage":12.0,"enemies":"Snake Plant","floor":29.0,"turns":4.0},{"damage":18.0,"enemies":"Automaton","floor":33.0,"turns":5.0},{"damage":32.0,"enemies":"3 Shapes","floor":35.0,"turns":3.0},{"damage":22,"enemies":"3 Darklings","floor":36,"turns":3},{"damage":20,"enemies":"Writhing Mass","floor":39,"turns":3},{"damage":33,"enemies":"Giant Head","floor":41,"turns":5},{"damage":5,"enemies":"4 Shapes","floor":44,"turns":3},{"damage":9,"enemies":"Jaw Worm Horde","floor":45,"turns":3},{"damage":22,"enemies":"Maw","floor":48,"turns":4},{"damage":21,"enemies":"Time Eater","floor":50,"turns":4}],"seed_played":"-6062085814737979882","potions_obtained":[{"floor":1.0,"key":"PowerPotion"},{"floor":8.0,"key":"SneckoOil"},{"floor":13.0,"key":"FearPotion"},{"floor":14.0,"key":"GamblersBrew"},{"floor":22.0,"key":"Regen Potion"},{"floor":25.0,"key":"DistilledChaos"},{"floor":33.0,"key":"BloodPotion"},{"floor":39,"key":"Reflective Coating"},{"floor":41,"key":"SteroidPotion"},{"floor":48,"key":"BlessingOfTheForge"}],"is_trial":false,"path_per_floor":["M","M","M","$","?","?","M","M","T","?","M","R","E","M","R","B",null,"M","M","M","?","M","E","R","M","T","R","M","M","$","?","R","B",null,"M","M","$","?","M","R","E","$","T","M","M","R","?","M","R","B",null],"character_chosen":"IRONCLAD","items_purchased":["The Bomb","Hemogenesis","Peace Pipe","Medical Kit","ClockworkSouvenir","Unceasing Top","Whirlwind","ReplayTheSpireMod:Muscle Training","Anchor","OrangePellets"],"campfire_rested":4,"item_purchase_floors":[4,30,30,30,30,30,37,37,37,42],"current_hp_per_floor":[80,80,77,77,77,70,71,66,66,66,61,80,77,79,80,65,80,64,53,33,33,23,17,41,40,40,64,62,63,63,31,31,38,80,68,72,72,72,67,67,63,63,63,74,77,77,77,77,77,77],"gold":243,"neow_bonus":"","is_daily":true,"chose_seed":false,"campfire_upgraded":0,"win_rate":0.0,"timestamp":1610103880,"path_taken":["M","M","M","$","?","?","M","M","T","?","M","R","E","M","R","BOSS","M","M","M","?","M","E","R","M","T","R","?","M","$","?","R","BOSS","M","M","$","?","M","R","E","?","T","M","M","R","?","M","R","BOSS"],"items_purchased_type":["Card","Card","Relic","Relic","Relic","Relic","Card","Card","Relic","Relic"],"build_version":"2020-12-22","purchased_purges":3,"victory":true,"max_hp_per_floor":[80,80,80,80,80,80,80,80,80,80,80,80,80,80,80,80,80,80,80,80,80,80,80,80,80,80,80,80,80,80,80,80,80,80,80,80,80,80,80,77,77,77,77,77,77,77,77,77,77,77],"relic_stats":{"Peace Pipe":4,"OrangePellets":[2],"Busted Crown":14,"counters":[26,97],"PreservedInsect":186,"Medical Kit":[7],"obtain_stats":[{"Potion Belt":26,"Replay:Accelerometer":23,"Divine Protection":43,"Replay:Grab Bag":34,"PreservedInsect":9,"Medical Kit":30,"Burning Blood":0,"Akabeko":31,"ClockworkSouvenir":30,"Peace Pipe":30,"OrangePellets":42,"Anchor":37,"Pondfish Scales":38,"HornCleat":13,"Busted Crown":34,"Replay:Bottled Snecko":47,"Kintsugi":34,"Mirror":10,"Electric Blood":17,"Unceasing Top":30,"Abe\u0027s Treasure":34,"InkBottle":41},{"Potion Belt":15,"Replay:Accelerometer":14,"Divine Protection":22,"Replay:Grab Bag":18,"PreservedInsect":5,"Medical Kit":17,"Burning Blood":0,"Akabeko":17,"ClockworkSouvenir":17,"Peace Pipe":17,"OrangePellets":22,"Anchor":20,"Pondfish Scales":20,"HornCleat":7,"Busted Crown":18,"Replay:Bottled Snecko":24,"Kintsugi":18,"Mirror":5,"Electric Blood":9,"Unceasing Top":17,"Abe\u0027s Treasure":18,"InkBottle":22},{"Potion Belt":55,"Replay:Accelerometer":51,"Divine Protection":83,"Replay:Grab Bag":69,"PreservedInsect":15,"Medical Kit":64,"Burning Blood":0,"Akabeko":64,"ClockworkSouvenir":64,"Peace Pipe":64,"OrangePellets":83,"Anchor":75,"Pondfish Scales":75,"HornCleat":21,"Busted Crown":69,"Replay:Bottled Snecko":89,"Kintsugi":69,"Mirror":15,"Electric Blood":31,"Unceasing Top":64,"Abe\u0027s Treasure":69,"InkBottle":83}],"Burning Blood":141,"Unceasing Top":[9],"InkBottle":[7]},"card_choices":[{"not_picked":["Iron Wave","Hemokinesis"],"picked":"ReplayTheSpireMod:Limb From Limb","floor":0.0},{"not_picked":["Headbutt","Flex"],"picked":"Disarm","floor":0.0},{"not_picked":["Body Slam","Clothesline"],"picked":"Shrug It Off","floor":0.0},{"not_picked":["Sword Boomerang","Headbutt"],"picked":"Evolve","floor":0.0},{"not_picked":["Clash","Perfected Strike"],"picked":"True Grit","floor":0.0},{"not_picked":["Bloodletting","Run Through"],"picked":"Hemokinesis","floor":0.0},{"not_picked":["Thunderclap","Havoc"],"picked":"Shockwave","floor":0.0},{"not_picked":["Clash","Evolve"],"picked":"Combust","floor":0.0},{"not_picked":["Reckless Charge","Headbutt"],"picked":"ReplayTheSpireMod:Stacked","floor":0.0},{"not_picked":["Shrug It Off","Uppercut"],"picked":"Rupture","floor":0.0},{"not_picked":["Sword Boomerang","ReplayTheSpireMod:LeadingStrike"],"picked":"Reckless Charge","floor":0.0},{"not_picked":["Replay:Undeath\u0027s Touch","Entrench"],"picked":"Rupture","floor":0.0},{"not_picked":["Twin Strike","Sword Boomerang"],"picked":"Reckless Charge","floor":0.0},{"not_picked":["Clash","Havoc"],"picked":"Abandon","floor":0.0},{"not_picked":["Flex","Sword Boomerang"],"picked":"Sentinel","floor":0.0},{"not_picked":["Headbutt","ReplayTheSpireMod:Strike From Hell","Heavy Blade"],"picked":"SKIP","floor":1.0},{"not_picked":["ReplayTheSpireMod:Strike From Hell","Replay:Undeath\u0027s Touch"],"picked":"ReplayTheSpireMod:Muscle Training","floor":2.0},{"not_picked":["Headbutt","Metallicize","Anger"],"picked":"SKIP","floor":3.0},{"not_picked":["Clothesline","ReplayTheSpireMod:LeadingStrike","Dual Wield"],"picked":"SKIP","floor":7.0},{"not_picked":["Feel No Pain","Searing Blow","Run Through"],"picked":"SKIP","floor":8.0},{"not_picked":["Uppercut","Ghostly Armor"],"picked":"Shrug It Off","floor":11.0},{"not_picked":["Second Wind","Sword Boomerang","Abandon"],"picked":"SKIP","floor":13.0},{"not_picked":["Defy Death","Abandon","True Grit"],"picked":"SKIP","floor":14.0},{"not_picked":["Limit Break","Reaper"],"picked":"Hemogenesis","floor":16.0},{"not_picked":["Armaments","True Grit"],"picked":"ReplayTheSpireMod:Corrosion Curse+1","floor":18.0},{"not_picked":["Perfected Strike","Run Through"],"picked":"Replay:Undeath\u0027s Touch","floor":19.0},{"not_picked":["Shockwave","ReplayTheSpireMod:Strike From Hell","Second Wind"],"picked":"SKIP","floor":20.0},{"not_picked":["Entrench","Thunderclap"],"picked":"Heavy Blade+1","floor":22.0},{"not_picked":["True Grit","ReplayTheSpireMod:Limb From Limb+1"],"picked":"Brutality","floor":23.0},{"not_picked":["ReplayTheSpireMod:Strike From Hell","Armaments"],"picked":"Blood for Blood","floor":25.0},{"not_picked":["Cleave","Wild Strike+1","Sword Boomerang"],"picked":"SKIP","floor":28.0},{"not_picked":["Clothesline","True Grit"],"picked":"Replay:Undeath\u0027s Touch+1","floor":29.0},{"not_picked":["Rampage","Iron Wave"],"picked":"Wild Strike","floor":31.0},{"not_picked":["Demon Form","Eclipse"],"picked":"Offering","floor":33.0},{"not_picked":["True Grit"],"picked":"SKIP","floor":35.0},{"not_picked":["Defy Death"],"picked":"SKIP","floor":36},{"not_picked":["Burning Pact"],"picked":"SKIP","floor":39},{"not_picked":["Dropkick"],"picked":"SKIP","floor":41},{"not_picked":["Defy Death+1"],"picked":"SKIP","floor":44},{"not_picked":[],"picked":"Ghostly Armor","floor":45},{"not_picked":["Replay:Undeath\u0027s Touch"],"picked":"SKIP","floor":48}],"player_experience":1450112,"relics_obtained":[{"floor":9.0,"key":"PreservedInsect"},{"floor":13.0,"key":"HornCleat"},{"floor":23.0,"key":"Replay:Accelerometer"},{"floor":26.0,"key":"Potion Belt"},{"floor":31.0,"key":"Akabeko"},{"floor":41,"key":"InkBottle"},{"floor":43,"key":"Divine Protection"},{"floor":47,"key":"Replay:Bottled Snecko"}],"event_choices":[{"cards_removed":["Reckless Charge"],"damage_healed":0.0,"max_hp_gain":0.0,"max_hp_loss":0.0,"gold_gain":0.0,"event_name":"Golden Wing","player_choice":"Card Removal","floor":6.0,"gold_loss":0.0,"damage_taken":7.0},{"damage_healed":0.0,"max_hp_gain":0.0,"max_hp_loss":0.0,"gold_gain":0.0,"event_name":"Big Fish","player_choice":"Box","floor":10.0,"gold_loss":0.0,"damage_taken":0.0,"relics_obtained":["Mirror"],"cards_obtained":["Regret"]},{"damage_healed":0.0,"max_hp_gain":0.0,"max_hp_loss":0.0,"gold_gain":100.0,"event_name":"The Joust","player_choice":"Bet on Murderer","floor":21.0,"gold_loss":50.0,"damage_taken":0.0},{"damage_healed":0,"gold_gain":0,"player_choice":"Paid Gold","damage_taken":0,"relics_obtained":["Pondfish Scales"],"max_hp_gain":0,"max_hp_loss":0,"event_name":"WeMeetAgain","floor":38,"gold_loss":92},{"damage_healed":0,"gold_gain":0,"player_choice":"Relic","damage_taken":0,"max_hp_gain":0,"max_hp_loss":0,"event_name":"Wheel of Change","floor":47,"gold_loss":0}],"is_beta":false,"boss_relics":[{"not_picked":["Astrolabe","Tiny House"],"picked":"Electric Blood"},{"not_picked":["Black Blood","ReplayTheSpireMod:DimensionalGlitch"],"picked":"Replay:Grab Bag"},{"not_picked":["ReplayTheSpireMod:Onyx Gauntlets","Philosopher\u0027s Stone"],"picked":"Abe\u0027s Treasure"},{"not_picked":["Ooze Armor","Cursed Key"],"picked":"Busted Crown"},{"not_picked":["Replay:Drink Me","Snecko Eye"],"picked":"Kintsugi"}],"items_purged_floors":[30,37,37],"is_endless":false,"potions_floor_spawned":[1,8,13,14,22,25,33,39,41,48],"ascension_level":0}}