{"host":"f5gffvlv6a66yqkd","time":1610068649,"event":{"mods":["2.2 Compatiblity","BaseMod","Colored Map","DeckTracker","Keyboard Shortcuts","Minty Spire (QoL Compilation)","Permanent Neow","Quick Restart","Relic Stats","StSLib","SuperFastMode"],"gold_per_floor":[14,25,45,63,79,79,79,90,139,139,139,173,173,197,197,296,296,320,320,300,318,318,318,334,334,382,382,582,593,618,628,628,705,705,717,395,420,436,453,482,215,234,234,234,234,234,248,265,265,265,265,265,265,33,66,66],"floor_reached":57,"playtime":2613,"items_purged":["Strike_B","Strike_B","Defend_B"],"score":2741,"play_id":"d3f24b5e-6fc1-443f-94fd-32983e86c8fb","local_time":"20210108101729","is_ascension_mode":true,"campfire_choices":[{"data":"Defragment","floor":6.0,"key":"SMITH"},{"floor":10.0,"key":"REST"},{"data":"Fission","floor":15.0,"key":"SMITH"},{"data":"Blizzard","floor":23.0,"key":"SMITH"},{"data":"Barrage","floor":25.0,"key":"SMITH"},{"data":"Defragment","floor":27.0,"key":"SMITH"},{"floor":32.0,"key":"REST"},{"floor":44.0,"key":"REST"},{"floor":49.0,"key":"RECALL"},{"floor":53.0,"key":"DIG"}],"circlet_count":0,"master_deck":["AscendersBane","Defend_B","Zap","Dualcast","Blizzard+1","Rebound","Glacier","Barrage+1","Cold Snap","Defragment+1","Undo","Fission+1","Coolheaded","Biased Cognition","Genetic Algorithm+1","Defragment+1","Coolheaded+1","White Noise","Aggregate+1","Turbo","Ball Lightning","Skim+1","Defragment","Glacier+1","Hologram"],"relics":["Cracked Core","Strawberry","Sundial","Bloody Idol","Inserter","InkBottle","Empty Cage","Orrery","Shovel","Bronze Scales","OrangePellets","Mummified Hand","Letter Opener","Dead Branch"],"acts_visited":["Exordium","TheCity","TheBeyond","TheEnding"],"potions_floor_usage":[56],"damage_taken":[{"damage":0.0,"enemies":"2 Louse","floor":1.0,"turns":2.0},{"damage":12.0,"enemies":"Jaw Worm","floor":2.0,"turns":2.0},{"damage":15.0,"enemies":"Small Slimes","floor":3.0,"turns":3.0},{"damage":5.0,"enemies":"2 Fungi Beasts","floor":4.0,"turns":3.0},{"damage":5.0,"enemies":"Gremlin Gang","floor":5.0,"turns":4.0},{"damage":3.0,"enemies":"Blue Slaver","floor":8.0,"turns":4.0},{"damage":16.0,"enemies":"Lagavulin","floor":12.0,"turns":9.0},{"damage":7.0,"enemies":"Exordium Wildlife","floor":14.0,"turns":4.0},{"damage":6.0,"enemies":"Hexaghost","floor":16.0,"turns":11.0},{"damage":0.0,"enemies":"Spheric Guardian","floor":18.0,"turns":3.0},{"damage":10.0,"enemies":"2 Thieves","floor":20.0,"turns":4.0},{"damage":21.0,"enemies":"3 Cultists","floor":21.0,"turns":7.0},{"damage":4.0,"enemies":"Snecko","floor":24.0,"turns":7.0},{"damage":18.0,"enemies":"Cultist and Chosen","floor":29.0,"turns":9.0},{"damage":49.0,"enemies":"Slavers","floor":30.0,"turns":9.0},{"damage":0.0,"enemies":"Shelled Parasite and Fungi","floor":31.0,"turns":8.0},{"damage":22.0,"enemies":"Collector","floor":33.0,"turns":14.0},{"damage":6.0,"enemies":"3 Shapes","floor":35.0,"turns":7.0},{"damage":0.0,"enemies":"Mind Bloom Boss Battle","floor":37.0,"turns":6.0},{"damage":11.0,"enemies":"3 Darklings","floor":38.0,"turns":6.0},{"damage":0.0,"enemies":"Maw","floor":39.0,"turns":8.0},{"damage":54.0,"enemies":"Reptomancer","floor":40.0,"turns":7.0},{"damage":6.0,"enemies":"Sphere and 2 Shapes","floor":42.0,"turns":8.0},{"damage":16.0,"enemies":"Writhing Mass","floor":47.0,"turns":6.0},{"damage":0.0,"enemies":"Spire Growth","floor":48.0,"turns":5.0},{"damage":0.0,"enemies":"Donu and Deca","floor":50.0,"turns":16.0},{"damage":12.0,"enemies":"Time Eater","floor":51.0,"turns":12.0},{"damage":22.0,"enemies":"Shield and Spear","floor":55.0,"turns":12.0},{"damage":39,"enemies":"The Heart","floor":56,"turns":14}],"seed_played":"-2918164945999548950","potions_obtained":[{"floor":1.0,"key":"Weak Potion"},{"floor":2.0,"key":"AttackPotion"},{"floor":8.0,"key":"SpeedPotion"},{"floor":21.0,"key":"LiquidMemories"},{"floor":24.0,"key":"Energy Potion"},{"floor":31.0,"key":"BlessingOfTheForge"},{"floor":33.0,"key":"LiquidMemories"},{"floor":38.0,"key":"AttackPotion"},{"floor":40.0,"key":"SteroidPotion"},{"floor":47.0,"key":"Energy Potion"}],"is_trial":false,"path_per_floor":["M","M","M","M","M","R","?","M","T","R","?","E","?","M","R","B",null,"M","?","M","M","?","R","M","R","T","R","?","M","E","M","R","B",null,"M","$","?","M","M","E","$","M","T","R","?","T","M","M","R","B","B",null,"R","$","E","B",null],"character_chosen":"DEFECT","items_purchased":["Orrery","Defragment","OrangePellets","FairyPotion"],"campfire_rested":3,"item_purchase_floors":[36,36,41,54],"current_hp_per_floor":[64,52,37,32,27,27,27,24,31,54,59,43,14,7,7,1,63,63,83,73,52,52,52,53,53,58,58,63,50,6,11,35,18,67,66,66,71,65,70,21,21,20,20,44,44,44,33,38,38,38,26,69,69,69,52,13],"gold":66,"neow_bonus":"TRANSFORM_TWO_CARDS","is_daily":false,"chose_seed":false,"campfire_upgraded":5,"win_rate":0.0,"timestamp":1610068649,"path_taken":["M","M","M","M","M","R","?","M","T","R","?","E","?","M","R","BOSS","M","?","M","?","?","R","M","R","T","R","?","M","E","?","R","BOSS","M","$","?","M","M","E","$","M","T","R","?","?","M","M","R","BOSS","BOSS","R","$","E","BOSS"],"items_purchased_type":["Relic","Card","Relic","Potion"],"build_version":"2020-12-22","purchased_purges":3,"victory":true,"max_hp_per_floor":[71,71,71,71,71,71,71,71,78,78,83,83,83,83,83,83,83,83,83,83,83,83,83,83,83,83,83,83,83,83,83,83,83,83,83,83,83,83,83,83,83,83,83,83,83,83,83,83,83,83,83,83,83,83,83,83],"relic_stats":{"OrangePellets":[14],"Inserter":[82],"Shovel":1,"counters":[29,210],"Sundial":[36],"Mummified Hand":[34],"Bloody Idol":80,"Bronze Scales":[375],"Dead Branch":[17],"Letter Opener":[70],"obtain_stats":[{"Inserter":17,"Golden Idol":13,"Dead Branch":55,"Letter Opener":53,"Empty Cage":34,"OrangePellets":41,"Shovel":37,"Sundial":12,"Mummified Hand":46,"Strawberry":9,"Bloody Idol":22,"Bronze Scales":40,"Orrery":36,"Cracked Core":0,"InkBottle":30},{"Inserter":9,"Golden Idol":7,"Dead Branch":28,"Letter Opener":27,"Empty Cage":17,"OrangePellets":22,"Shovel":19,"Sundial":7,"Mummified Hand":23,"Strawberry":6,"Bloody Idol":12,"Bronze Scales":22,"Orrery":18,"Cracked Core":0,"InkBottle":15},{"Inserter":42,"Golden Idol":27,"Dead Branch":196,"Letter Opener":184,"Empty Cage":103,"OrangePellets":137,"Shovel":116,"Sundial":27,"Mummified Hand":145,"Strawberry":18,"Bloody Idol":56,"Bronze Scales":137,"Orrery":110,"Cracked Core":0,"InkBottle":81}],"InkBottle":[50]},"card_choices":[{"not_picked":["Static Discharge","Scrape"],"picked":"Glacier","floor":1.0},{"not_picked":["Hologram","Sweeping Beam"],"picked":"Barrage","floor":2.0},{"not_picked":["Hologram","Conserve Battery"],"picked":"Cold Snap","floor":3.0},{"not_picked":["Redo","Aggregate"],"picked":"Defragment","floor":4.0},{"not_picked":["Turbo","Leap"],"picked":"Undo","floor":5.0},{"not_picked":["Barrage","Undo","Skim"],"picked":"SKIP","floor":8.0},{"not_picked":["Sweeping Beam","Turbo"],"picked":"Fission","floor":12.0},{"not_picked":["Heatsinks","Lockon"],"picked":"Coolheaded","floor":14.0},{"not_picked":["Hyperbeam","Seek"],"picked":"Biased Cognition","floor":16.0},{"not_picked":["Darkness","Scrape","Blizzard"],"picked":"SKIP","floor":18.0},{"not_picked":["Redo+1","Sunder"],"picked":"Genetic Algorithm+1","floor":20.0},{"not_picked":["Lockon","Reprogram"],"picked":"Defragment","floor":21.0},{"not_picked":["Rip and Tear","Steam"],"picked":"Coolheaded+1","floor":24.0},{"not_picked":["Redo","Sweeping Beam","Streamline"],"picked":"SKIP","floor":29.0},{"not_picked":["Steam","Rebound","Conserve Battery"],"picked":"SKIP","floor":30.0},{"not_picked":["Steam","Streamline","Conserve Battery"],"picked":"SKIP","floor":31.0},{"not_picked":["Amplify","All For One"],"picked":"Reboot","floor":33.0},{"not_picked":["Redo","Go for the Eyes+1"],"picked":"White Noise","floor":35.0},{"not_picked":["Stack","Sweeping Beam+1"],"picked":"Aggregate+1","floor":36.0},{"not_picked":["Glacier","Fusion"],"picked":"Turbo","floor":36.0},{"not_picked":["Beam Cell","Hologram+1"],"picked":"Ball Lightning","floor":36.0},{"not_picked":["Undo+1","Conserve Battery"],"picked":"Skim+1","floor":36.0},{"not_picked":["Go for the Eyes+1","Beam Cell","Ball Lightning"],"picked":"SKIP","floor":38.0},{"not_picked":["Steam Power","Cold Snap+1","Leap"],"picked":"SKIP","floor":39.0},{"not_picked":["Turbo","Steam"],"picked":"Glacier+1","floor":40.0},{"not_picked":["Ball Lightning","Scrape"],"picked":"Hologram","floor":42.0},{"not_picked":["Leap","Electrodynamics","Steam"],"picked":"SKIP","floor":47.0},{"not_picked":["Undo","Streamline","Leap"],"picked":"SKIP","floor":48.0},{"not_picked":["Gash","Doom and Gloom","Redo"],"picked":"SKIP","floor":55.0}],"player_experience":1526597,"relics_obtained":[{"floor":9.0,"key":"Strawberry"},{"floor":12.0,"key":"Sundial"},{"floor":30.0,"key":"InkBottle"},{"floor":37.0,"key":"Shovel"},{"floor":40.0,"key":"Bronze Scales"},{"floor":46.0,"key":"Mummified Hand"},{"floor":53.0,"key":"Letter Opener"},{"floor":55.0,"key":"Dead Branch"}],"event_choices":[{"damage_healed":0.0,"max_hp_gain":0.0,"max_hp_loss":0.0,"gold_gain":0.0,"event_name":"Shining Light","player_choice":"Ignored","floor":7.0,"gold_loss":0.0,"damage_taken":0.0},{"damage_healed":0.0,"max_hp_gain":5.0,"max_hp_loss":0.0,"gold_gain":0.0,"event_name":"Big Fish","player_choice":"Donut","floor":11.0,"gold_loss":0.0,"damage_taken":0.0},{"damage_healed":0.0,"max_hp_gain":0.0,"max_hp_loss":0.0,"gold_gain":0.0,"event_name":"Golden Idol","player_choice":"Take Damage","floor":13.0,"gold_loss":0.0,"damage_taken":29.0,"relics_obtained":["Golden Idol"]},{"damage_healed":20.0,"max_hp_gain":0.0,"max_hp_loss":0.0,"gold_gain":0.0,"event_name":"Wheel of Change","player_choice":"Full Heal","floor":19.0,"gold_loss":0.0,"damage_taken":0.0},{"damage_healed":0.0,"max_hp_gain":0.0,"max_hp_loss":0.0,"gold_gain":0.0,"event_name":"Forgotten Altar","player_choice":"Gave Idol","floor":22.0,"relics_lost":["Golden Idol"],"gold_loss":0.0,"damage_taken":0.0,"relics_obtained":["Bloody Idol"]},{"damage_healed":0.0,"max_hp_gain":0.0,"max_hp_loss":0.0,"gold_gain":250.0,"event_name":"The Joust","player_choice":"Bet on Owner","floor":28.0,"gold_loss":50.0,"damage_taken":0.0},{"damage_healed":0.0,"max_hp_gain":0.0,"max_hp_loss":0.0,"gold_gain":0.0,"event_name":"MindBloom","player_choice":"Fight","floor":37.0,"gold_loss":0.0,"damage_taken":0.0},{"cards_removed":["Reboot"],"damage_healed":0.0,"max_hp_gain":0.0,"max_hp_loss":0.0,"gold_gain":0.0,"event_name":"Falling","player_choice":"Removed Skill","floor":45.0,"gold_loss":0.0,"damage_taken":0.0}],"is_beta":false,"boss_relics":[{"not_picked":["Cursed Key","Runic Pyramid"],"picked":"Inserter"},{"not_picked":["Philosopher\u0027s Stone","Calling Bell"],"picked":"Empty Cage"}],"items_purged_floors":[36,41,54],"is_endless":false,"potions_floor_spawned":[1,2,3,8,14,21,24,31,33,38,40,47],"ascension_level":20}}