{"host":"6hzrz31j95f2y1pa","time":1610113647,"event":{"mods":["BaseMod","Colored Map","Downfall","Minty Spire (QoL Compilation)","StSLib"],"gold_per_floor":[99,116,129,139,49,49,121,136,164,164,178,197,28,41,52,52,52,52],"floor_reached":16,"playtime":849,"items_purged":["hexamod:Strike"],"score":186,"play_id":"38f69e48-20d7-4308-b609-776bd6442756","local_time":"20210108084727","is_ascension_mode":true,"campfire_choices":[{"data":"hexamod:Float","floor":1.0,"key":"SMITH"},{"data":"hexamod:CatchUp","floor":10.0,"key":"SMITH"}],"circlet_count":0,"master_deck":["AscendersBane","hexamod:Strike","hexamod:Strike","hexamod:Strike","hexamod:Defend","hexamod:Defend","hexamod:Defend","hexamod:Defend","hexamod:Sear","hexamod:Float+1","hexamod:CatchUp+1","hexamod:BurningTouch","hexamod:FirstSeal","hexamod:NecessarySacrifice","hexamod:CrushingStance","hexamod:Sear","hexamod:SpectralAdrenaline","hexamod:ShieldOfDarkness","hexamod:AdvancingGuard","hexamod:Hexaguard","hexamod:NightmareGuise","hexamod:CrushingStance+1","hexamod:Rewind","hexamod:GhostShield"],"relics":["hexamod:SpiritBrand","Art of War","Eternal Feather","Molten Egg 2","DollysMirror"],"acts_visited":["Exordium"],"potions_floor_usage":[15,15,16],"damage_taken":[{"damage":0.0,"enemies":"2 Louse","floor":2.0,"turns":3.0},{"damage":0.0,"enemies":"Cultist","floor":3.0,"turns":3.0},{"damage":0.0,"enemies":"Small Slimes","floor":4.0,"turns":3.0},{"damage":0.0,"enemies":"downfall:FleeingMerchant","floor":5.0,"turns":4.0},{"damage":9.0,"enemies":"Blue Slaver","floor":8.0,"turns":3.0},{"damage":37.0,"enemies":"3 Sentries","floor":9.0,"turns":10.0},{"damage":13.0,"enemies":"Exordium Wildlife","floor":11.0,"turns":6.0},{"damage":1.0,"enemies":"Large Slime","floor":12.0,"turns":7.0},{"damage":0.0,"enemies":"downfall:FleeingMerchant","floor":13.0,"turns":4.0},{"damage":5.0,"enemies":"Exordium Thugs","floor":14.0,"turns":4.0},{"damage":20,"enemies":"Gremlin Gang","floor":15,"turns":5},{"damage":31,"enemies":"downfall:Watcher","floor":16,"turns":8}],"seed_played":"4035317748681608549","potions_obtained":[{"floor":2.0,"key":"Energy Potion"},{"floor":4.0,"key":"BlessingOfTheForge"},{"floor":11.0,"key":"Dexterity Potion"},{"floor":15,"key":"champ:CounterPotion"}],"is_trial":false,"path_per_floor":["R","M","M","M","$","?","T","M","E","R","M","M","$","M","M","B"],"character_chosen":"THE_SPIRIT","items_purchased":["DollysMirror"],"campfire_rested":0,"item_purchase_floors":[13],"current_hp_per_floor":[57,57,57,57,57,57,57,55,25,34,28,34,41,43,30,0,0,0],"gold":52,"neow_bonus":"RANDOM_COMMON_RELIC","is_daily":false,"chose_seed":false,"campfire_upgraded":2,"win_rate":0.0,"timestamp":1610113647,"path_taken":["R","M","M","M","$","?","T","M","E","R","M","M","$","?","M","BOSS"],"items_purchased_type":["Relic"],"build_version":"2020-12-22","purchased_purges":1,"victory":false,"max_hp_per_floor":[63,63,63,63,63,63,63,63,63,63,63,63,63,63,63,63,63,63],"card_choices":[{"not_picked":["hexamod:StepThrough","hexamod:GhostOfSpirePast"],"picked":"hexamod:CatchUp","floor":2.0},{"not_picked":["hexamod:InspiringFlames","hexamod:FourthSeal"],"picked":"hexamod:BurningTouch","floor":3.0},{"not_picked":["hexamod:RadiantFlame","hexamod:Firestarter"],"picked":"hexamod:FirstSeal","floor":4.0},{"not_picked":["hexamod:BurningTouch","hexamod:UnleashSpirits"],"picked":"hexamod:NecessarySacrifice","floor":5.0},{"not_picked":["hexamod:ThermalTransfer","hexamod:Firestarter"],"picked":"hexamod:SpectralAdrenaline","floor":8.0},{"not_picked":["hexamod:Firestarter+1","hexamod:EtherealExpedition"],"picked":"hexamod:ShieldOfDarkness","floor":9.0},{"not_picked":["hexamod:TimeWarp+1","hexamod:FourthSeal"],"picked":"hexamod:AdvancingGuard","floor":11.0},{"not_picked":["hexamod:SoulSteal","hexamod:ThermalTransfer+1"],"picked":"hexamod:Hexaguard","floor":12.0},{"not_picked":["hexamod:PhantomFireball+1","hexamod:DynamicBlow+1"],"picked":"hexamod:NightmareGuise","floor":13.0},{"not_picked":["hexamod:FastForward","hexamod:NightmareGuise"],"picked":"hexamod:Rewind","floor":14.0},{"not_picked":["hexamod:BurningTouch","hexamod:PowerFromBeyond"],"picked":"hexamod:GhostShield","floor":15}],"player_experience":1302198,"relics_obtained":[{"floor":7.0,"key":"Eternal Feather"},{"floor":9.0,"key":"Molten Egg 2"}],"event_choices":[],"is_beta":false,"boss_relics":[],"items_purged_floors":[5],"is_endless":false,"potions_floor_spawned":[2,4,11,15],"killed_by":"downfall:Watcher","ascension_level":15}}