{"host":"3y2rtlgteqp2nuo3","time":1610107615,"event":{"mods":["2.2 Compatiblity","AchievementEnabler","BaseMod","Colored Map","DeckTracker","Highlight Path","Keyboard Shortcuts","Minty Spire (QoL Compilation)","Permanent Neow","Quick Restart","StSLib","SuperFastMode","everything is the same but u backflip on backflip"],"gold_per_floor":[111,111,36,47,67,67,82,93,93,104,104,54,54,73,73,168,168,179,179,189,203,219,219,236,236,281,299,299,309,309,326,326,424,474,488,503,111,127,2,32,32,78,102,102,115,43,43,43,43,43],"floor_reached":51,"playtime":1587,"items_purged":["Strike_B","Creative AI","Defend_B"],"score":773,"play_id":"53710477-4508-4a69-984d-7b62b2d3c7c2","local_time":"20210108210655","is_ascension_mode":false,"campfire_choices":[{"data":"Dualcast","floor":6.0,"key":"SMITH"},{"data":"Darkness","floor":11.0,"key":"SMITH"},{"data":"Lockon","floor":15.0,"key":"SMITH"},{"data":"Hologram","floor":23.0,"key":"SMITH"},{"floor":30.0,"key":"REST"},{"data":"White Noise","floor":32.0,"key":"SMITH"},{"data":"Turbo","floor":41.0,"key":"SMITH"},{"data":"Barrage","floor":47.0,"key":"SMITH"},{"data":"Glacier","floor":49.0,"key":"SMITH"}],"circlet_count":0,"master_deck":["Defend_B","Defend_B","Zap+1","Dualcast+1","Hologram+1","Conserve Battery","Cold Snap+1","Darkness+1","Ball Lightning","Lockon+1","Core Surge","Leap+1","Chill+1","Go for the Eyes+1","White Noise+1","Good Instincts","Machine Learning","Compile Driver+1","Capacitor+1","Coolheaded+1","Turbo+1","Glacier+1","Writhe","Barrage+1","Recycle"],"relics":["Cracked Core","Strawberry","Symbiotic Virus","Empty Cage","Toy Ornithopter","Bird Faced Urn","Tiny House","Happy Flower","Lantern","Art of War","Pocketwatch","Boot"],"acts_visited":["Exordium","TheCity","TheBeyond"],"potions_floor_usage":[50,50],"damage_taken":[{"damage":0.0,"enemies":"2 Louse","floor":1.0,"turns":2.0},{"damage":1.0,"enemies":"Cultist","floor":4.0,"turns":3.0},{"damage":5.0,"enemies":"Small Slimes","floor":5.0,"turns":3.0},{"damage":0.0,"enemies":"Looter","floor":7.0,"turns":4.0},{"damage":0.0,"enemies":"2 Fungi Beasts","floor":8.0,"turns":3.0},{"damage":0.0,"enemies":"Blue Slaver","floor":10.0,"turns":3.0},{"damage":12.0,"enemies":"Gremlin Gang","floor":14.0,"turns":3.0},{"damage":10.0,"enemies":"The Guardian","floor":16.0,"turns":7.0},{"damage":6.0,"enemies":"3 Byrds","floor":18.0,"turns":4.0},{"damage":8.0,"enemies":"2 Thieves","floor":20.0,"turns":3.0},{"damage":10.0,"enemies":"Shelled Parasite and Fungi","floor":21.0,"turns":4.0},{"damage":0.0,"enemies":"Cultist and Chosen","floor":22.0,"turns":6.0},{"damage":6.0,"enemies":"Snecko","floor":24.0,"turns":5.0},{"damage":19.0,"enemies":"Snake Plant","floor":27.0,"turns":3.0},{"damage":19.0,"enemies":"3 Cultists","floor":29.0,"turns":6.0},{"damage":3.0,"enemies":"Sentry and Sphere","floor":31.0,"turns":5.0},{"damage":59.0,"enemies":"Automaton","floor":33.0,"turns":9.0},{"damage":5.0,"enemies":"Orb Walker","floor":35.0,"turns":4.0},{"damage":0.0,"enemies":"3 Darklings","floor":36.0,"turns":5.0},{"damage":4.0,"enemies":"Sphere and 2 Shapes","floor":38.0,"turns":6.0},{"damage":9.0,"enemies":"Nemesis","floor":40.0,"turns":5.0},{"damage":34.0,"enemies":"2 Orb Walkers","floor":42.0,"turns":4.0},{"damage":7.0,"enemies":"Spire Growth","floor":45.0,"turns":5.0},{"damage":91,"enemies":"Awakened One","floor":50,"turns":13}],"seed_played":"-1738804325207259254","potions_obtained":[{"floor":1.0,"key":"SteroidPotion"},{"floor":7.0,"key":"FearPotion"},{"floor":10.0,"key":"Energy Potion"},{"floor":20.0,"key":"Regen Potion"},{"floor":31.0,"key":"AttackPotion"},{"floor":34.0,"key":"Energy Potion"},{"floor":35.0,"key":"SneckoOil"},{"floor":42.0,"key":"DistilledChaos"}],"is_trial":false,"path_per_floor":["M","?","$","M","M","R","M","M","T","M","R","?","?","M","R","B",null,"M","?","M","M","M","R","M","?","T","M","?","M","R","M","R","B",null,"M","M","$","M","$","E","R","?","T","?","M","$","R","$","R","B",null],"character_chosen":"DEFECT","items_purchased":["Happy Flower","Lantern","Recycle"],"campfire_rested":1,"item_purchase_floors":[37,37,46],"current_hp_per_floor":[75,82,82,81,76,76,76,76,76,76,76,76,69,57,57,47,82,76,76,68,58,58,58,52,52,52,33,33,38,62,63,63,20,87,87,87,87,85,85,78,78,55,55,77,81,81,81,81,81,6],"gold":43,"neow_bonus":"UPGRADE_CARD","is_daily":false,"chose_seed":false,"campfire_upgraded":8,"win_rate":0.0,"timestamp":1610107615,"path_taken":["M","?","?","M","M","R","M","M","T","M","R","?","?","M","R","BOSS","M","?","M","M","M","R","M","?","T","?","?","M","R","M","R","BOSS","M","M","$","M","$","E","R","?","T","?","M","?","R","$","R","BOSS"],"items_purchased_type":["Relic","Relic","Card"],"build_version":"2020-12-22","purchased_purges":3,"victory":true,"max_hp_per_floor":[75,82,82,82,82,82,82,82,82,82,82,82,82,82,82,82,82,82,82,82,82,82,82,82,82,82,82,82,82,82,82,82,82,87,87,87,87,87,87,87,87,87,87,87,87,87,87,87,87,87],"card_choices":[{"not_picked":["Storm","Hologram"],"picked":"Cold Snap","floor":1.0},{"not_picked":["Loop","Storm"],"picked":"Hologram","floor":4.0},{"not_picked":["Self Repair","Aggregate"],"picked":"Conserve Battery","floor":5.0},{"not_picked":["Go for the Eyes","Compile Driver"],"picked":"Cold Snap","floor":7.0},{"not_picked":["Leap","Steam"],"picked":"Darkness","floor":8.0},{"not_picked":["Double Energy","Gash"],"picked":"Ball Lightning","floor":10.0},{"not_picked":["Conserve Battery","Amplify"],"picked":"Lockon","floor":14.0},{"not_picked":["Creative AI","Reboot"],"picked":"Core Surge","floor":16.0},{"not_picked":["Conserve Battery","Compile Driver"],"picked":"Leap+1","floor":18.0},{"not_picked":["Go for the Eyes+1","Blizzard+1"],"picked":"Chill+1","floor":20.0},{"not_picked":["Stack","Conserve Battery+1"],"picked":"Go for the Eyes+1","floor":21.0},{"not_picked":["Tempest","Steam","Beam Cell+1"],"picked":"SKIP","floor":22.0},{"not_picked":["Hyperbeam","Melter"],"picked":"White Noise","floor":24.0},{"not_picked":["Barrage","Sweeping Beam","Melter"],"picked":"SKIP","floor":27.0},{"not_picked":["Blizzard","Conserve Battery"],"picked":"Compile Driver+1","floor":29.0},{"not_picked":["Beam Cell","Go for the Eyes"],"picked":"Capacitor+1","floor":31.0},{"not_picked":["Meteor Strike","Hyperbeam"],"picked":"Creative AI","floor":33.0},{"not_picked":["Ball Lightning","Barrage"],"picked":"Coolheaded+1","floor":34.0},{"not_picked":["Streamline+1","Redo"],"picked":"Turbo","floor":35.0},{"not_picked":["Go for the Eyes+1","Beam Cell+1","Sweeping Beam+1"],"picked":"SKIP","floor":36.0},{"not_picked":["Sweeping Beam","Force Field","Conserve Battery"],"picked":"SKIP","floor":38.0},{"not_picked":["Amplify","Cold Snap","Sweeping Beam+1"],"picked":"SKIP","floor":40.0},{"not_picked":["Go for the Eyes","Streamline"],"picked":"Glacier","floor":42.0},{"not_picked":["Genetic Algorithm","Storm"],"picked":"Barrage","floor":45.0}],"player_experience":637467,"relics_obtained":[{"floor":9.0,"key":"Symbiotic Virus"},{"floor":26.0,"key":"Toy Ornithopter"},{"floor":40.0,"key":"Art of War"},{"floor":42.0,"key":"Pocketwatch"},{"floor":43.0,"key":"Boot"}],"event_choices":[{"cards_removed":["Cold Snap"],"damage_healed":0.0,"max_hp_gain":0.0,"max_hp_loss":0.0,"gold_gain":0.0,"event_name":"WeMeetAgain","player_choice":"Gave Card","floor":2.0,"gold_loss":0.0,"damage_taken":0.0,"relics_obtained":["Strawberry"]},{"cards_removed":["Strike_B"],"damage_healed":0.0,"max_hp_gain":0.0,"max_hp_loss":0.0,"gold_gain":0.0,"event_name":"The Cleric","player_choice":"Card Removal","floor":12.0,"gold_loss":50.0,"damage_taken":0.0},{"cards_removed":["Strike_B"],"damage_healed":0.0,"max_hp_gain":0.0,"max_hp_loss":0.0,"gold_gain":0.0,"event_name":"Golden Wing","player_choice":"Card Removal","floor":13.0,"gold_loss":0.0,"damage_taken":7.0},{"damage_healed":0.0,"max_hp_gain":0.0,"max_hp_loss":0.0,"gold_gain":0.0,"event_name":"Vampires","player_choice":"Ignored","floor":19.0,"gold_loss":0.0,"damage_taken":0.0},{"damage_healed":0.0,"max_hp_gain":0.0,"max_hp_loss":0.0,"gold_gain":0.0,"event_name":"Match and Keep!","player_choice":"2 cards matched","floor":25.0,"gold_loss":0.0,"damage_taken":0.0,"cards_obtained":["Good Instincts","Machine Learning"]},{"damage_healed":0.0,"max_hp_gain":0.0,"max_hp_loss":0.0,"gold_gain":0.0,"event_name":"The Mausoleum","player_choice":"Opened","floor":28.0,"gold_loss":0.0,"damage_taken":0.0,"relics_obtained":["Bird Faced Urn"]},{"damage_healed":0.0,"max_hp_gain":0.0,"max_hp_loss":0.0,"gold_gain":0.0,"event_name":"Mysterious Sphere","player_choice":"Fight","floor":42.0,"gold_loss":0.0,"damage_taken":0.0},{"damage_healed":22.0,"max_hp_gain":0.0,"max_hp_loss":0.0,"gold_gain":0.0,"event_name":"Winding Halls","player_choice":"Writhe","floor":44.0,"gold_loss":0.0,"damage_taken":0.0,"cards_obtained":["Writhe"]}],"is_beta":false,"boss_relics":[{"not_picked":["Black Star","Runic Dome"],"picked":"Empty Cage"},{"not_picked":["Velvet Choker","Inserter"],"picked":"Tiny House"}],"items_purged_floors":[3,37,39],"is_endless":false,"potions_floor_spawned":[1,7,10,14,20,21,24,31,35,42],"ascension_level":0}}