{"host":"chewie","time":1610113381,"event":{"mods":["AchievementEnabler","BaseMod","Bestiary","Colored Map","Keyboard Shortcuts","Minty Spire (QoL Compilation)","Relic Stats","StSLib"],"gold_per_floor":[368,368,518,20,30,30,60,8,33,68,81,81,81,101,101,177,177,190,190,208,208,45,45,73,73,73,123,133,133,168,3,3,80,80,94,119,167,167,187,221,221,256,256,256,256,256,256,288,288,288,288,288,288,29,61,61,61],"floor_reached":56,"playtime":4849,"items_purged":["Regret"],"score":2046,"play_id":"c85ebeff-d151-4101-9604-717af60514e9","local_time":"20210108144301","is_ascension_mode":true,"campfire_choices":[{"data":"Neutralize","floor":6,"key":"SMITH"},{"data":"Acrobatics","floor":12,"key":"SMITH"},{"data":"Tools of the Trade","floor":15,"key":"SMITH"},{"data":"Envenom","floor":23,"key":"SMITH"},{"data":"Phantasmal Killer","floor":25,"key":"SMITH"},{"data":"J.A.X.","floor":32,"key":"SMITH"},{"data":"Terror","floor":41,"key":"SMITH"},{"floor":47,"key":"RECALL"},{"data":"After Image","floor":49,"key":"SMITH"},{"data":"Calculated Gamble","floor":53,"key":"SMITH"}],"circlet_count":0,"master_deck":["AscendersBane","Defend_G","Defend_G","Defend_G","Defend_G","Defend_G","Survivor","Neutralize+1","Crippling Poison","Doubt","Eviscerate","Acrobatics+1","Bane","Underhanded Strike+1","Eviscerate","Calculated Gamble+1","Tools of the Trade+1","Envenom+1","PiercingWail+1","J.A.X.+1","Terror+1","Bite","Bite","Bite+1","Bite","Phantasmal Killer+1","After Image+1","Acrobatics+1","Adrenaline","Backflip","Deflect+1","Panacea","Eviscerate","Backflip","Sucker Punch+1","Adrenaline","Regret","Madness","Madness","Calculated Gamble","Tools of the Trade"],"relics":["Ring of the Snake","Snake Skull","Akabeko","Sling","Bottled Lightning","Dream Catcher","Incense Burner","Meat on the Bone","Cursed Key","Anchor","Nunchaku","Ginger","DollysMirror","SlaversCollar","Prayer Wheel","Calipers","Whetstone","Oddly Smooth Stone","Omamori","Toolbox","Dead Branch"],"acts_visited":["Exordium","TheCity","TheBeyond","TheEnding"],"potions_floor_usage":[7,48,51,55],"damage_taken":[{"damage":1,"enemies":"Small Slimes","floor":1,"turns":5},{"damage":0,"enemies":"2 Louse","floor":5,"turns":3},{"damage":10,"enemies":"Lagavulin","floor":7,"turns":5},{"damage":12,"enemies":"3 Sentries","floor":10,"turns":7},{"damage":0,"enemies":"Jaw Worm","floor":11,"turns":2},{"damage":0,"enemies":"Blue Slaver","floor":14,"turns":1},{"damage":22,"enemies":"Hexaghost","floor":16,"turns":11},{"damage":4,"enemies":"3 Byrds","floor":18,"turns":5},{"damage":3,"enemies":"Chosen","floor":20,"turns":3},{"damage":11,"enemies":"Gremlin Leader","floor":24,"turns":6},{"damage":6,"enemies":"Shelled Parasite and Fungi","floor":28,"turns":5},{"damage":30,"enemies":"Slavers","floor":30,"turns":5},{"damage":13,"enemies":"Collector","floor":33,"turns":3},{"damage":2,"enemies":"3 Shapes","floor":35,"turns":6},{"damage":12,"enemies":"Mind Bloom Boss Battle","floor":36,"turns":5},{"damage":3,"enemies":"2 Orb Walkers","floor":37,"turns":3},{"damage":34,"enemies":"3 Darklings","floor":39,"turns":10},{"damage":20,"enemies":"Nemesis","floor":40,"turns":5},{"damage":3,"enemies":"Reptomancer","floor":42,"turns":4},{"damage":10,"enemies":"Nemesis","floor":48,"turns":5},{"damage":36,"enemies":"Donu and Deca","floor":50,"turns":8},{"damage":31,"enemies":"Time Eater","floor":51,"turns":11},{"damage":31,"enemies":"Shield and Spear","floor":55,"turns":8},{"damage":25,"enemies":"The Heart","floor":56,"turns":4}],"seed_played":"4893659790537517648","potions_obtained":[{"floor":1,"key":"Fire Potion"},{"floor":5,"key":"Weak Potion"},{"floor":10,"key":"GhostInAJar"},{"floor":20,"key":"SteroidPotion"},{"floor":33,"key":"DistilledChaos"},{"floor":48,"key":"Fire Potion"},{"floor":55,"key":"Fire Potion"}],"is_trial":false,"path_per_floor":["M","?","?","$","M","R","E","$","T","E","M","R","T","M","R","B",null,"M","?","M","?","$","R","E","R","T","?","M","?","E","$","R","B",null,"M","?","?","?","M","E","R","E","T","?","?","?","R","E","R","B","B",null,"R","$","E","B"],"character_chosen":"THE_SILENT","items_purchased":["Akabeko","Sling","Eviscerate","Underhanded Strike","Anchor","DollysMirror","Toolbox","Calculated Gamble"],"campfire_rested":0,"item_purchase_floors":[4,4,4,8,22,31,54,54],"current_hp_per_floor":[58,58,58,58,58,58,48,48,48,36,36,36,36,36,36,26,52,48,48,45,42,42,42,42,42,42,38,40,40,22,22,22,25,38,42,36,41,31,29,33,33,39,39,39,31,31,31,37,37,29,27,38,38,38,22,0,0],"gold":61,"neow_bonus":"TWO_FIFTY_GOLD","is_daily":false,"chose_seed":false,"campfire_upgraded":9,"win_rate":0.0,"timestamp":1610113381,"path_taken":["M","?","?","$","M","R","E","$","T","E","M","R","?","M","R","BOSS","M","?","M","?","$","R","E","R","T","?","?","?","E","?","R","BOSS","M","?","?","?","M","E","R","E","T","?","?","?","R","E","R","BOSS","BOSS","R","$","E","BOSS"],"items_purchased_type":["Relic","Relic","Card","Card","Relic","Relic","Relic","Card"],"build_version":"2020-12-18","purchased_purges":1,"victory":false,"max_hp_per_floor":[60,60,60,60,60,60,60,60,60,60,60,60,60,60,60,60,60,60,60,60,42,42,42,42,42,42,42,42,42,42,42,42,42,42,42,42,42,42,42,42,42,42,42,42,42,42,42,42,42,42,42,42,42,42,42,42,42],"relic_stats":{"Dream Catcher":0,"Nunchaku":[16],"counters":[24,130],"Dead Branch":[4],"Prayer Wheel":1,"Snake Skull":[194],"Ginger":[12],"Whetstone":["Bite","Underhanded Strike"],"Cursed Key":1,"obtain_stats":[{"Calipers":37,"Dead Branch":55,"Oddly Smooth Stone":42,"Snake Skull":2,"Incense Burner":10,"Omamori":48,"Ginger":30,"Whetstone":40,"Sling":4,"Cursed Key":17,"Akabeko":4,"SlaversCollar":34,"Dream Catcher":9,"Anchor":22,"Nunchaku":24,"DollysMirror":31,"Toolbox":54,"Prayer Wheel":36,"Bottled Lightning":7,"Ring of the Snake":0,"Meat on the Bone":13},{"Calipers":16,"Dead Branch":23,"Oddly Smooth Stone":19,"Snake Skull":1,"Incense Burner":4,"Omamori":20,"Ginger":12,"Whetstone":18,"Sling":1,"Cursed Key":7,"Akabeko":1,"SlaversCollar":13,"Dream Catcher":3,"Anchor":9,"Nunchaku":10,"DollysMirror":12,"Toolbox":22,"Prayer Wheel":15,"Bottled Lightning":3,"Ring of the Snake":0,"Meat on the Bone":5},{"Calipers":75,"Dead Branch":126,"Oddly Smooth Stone":94,"Snake Skull":5,"Incense Burner":20,"Omamori":99,"Ginger":58,"Whetstone":90,"Sling":5,"Cursed Key":34,"Akabeko":5,"SlaversCollar":61,"Dream Catcher":13,"Anchor":42,"Nunchaku":48,"DollysMirror":58,"Toolbox":118,"Prayer Wheel":72,"Bottled Lightning":13,"Ring of the Snake":0,"Meat on the Bone":22}],"Ring of the Snake":[48],"Meat on the Bone":72},"card_choices":[{"not_picked":["Prepared","Blur"],"picked":"Crippling Poison","floor":1},{"not_picked":["Flying Knee","Slice"],"picked":"Acrobatics","floor":5},{"not_picked":["Cloak And Dagger","Dash"],"picked":"Bane","floor":7},{"not_picked":["Slice","Underhanded Strike"],"picked":"Eviscerate","floor":10},{"not_picked":["Cloak And Dagger","Quick Slash"],"picked":"Calculated Gamble","floor":11},{"not_picked":["Dodge and Roll","Endless Agony"],"picked":"Tools of the Trade","floor":14},{"not_picked":["Die Die Die","Unload"],"picked":"Envenom","floor":16},{"not_picked":["Dagger Spray","Masterful Stab"],"picked":"PiercingWail+1","floor":18},{"not_picked":["Blade Dance","Infinite Blades"],"picked":"Terror","floor":20},{"not_picked":["Dagger Throw","Setup"],"picked":"Phantasmal Killer","floor":24},{"not_picked":["Bane","Underhanded Strike","Prepared"],"picked":"SKIP","floor":28},{"not_picked":["Tools of the Trade","Outmaneuver+1"],"picked":"After Image","floor":30},{"not_picked":["Die Die Die","Venomology"],"picked":"Adrenaline","floor":33},{"not_picked":["Underhanded Strike","Outmaneuver"],"picked":"Backflip","floor":35},{"not_picked":["Dodge and Roll","Cloak And Dagger"],"picked":"Deflect+1","floor":37},{"not_picked":["Metamorphosis","Discovery"],"picked":"Panacea","floor":38},{"not_picked":["Infinite Blades","Setup"],"picked":"Eviscerate","floor":39},{"not_picked":["Bane","Quick Slash"],"picked":"Backflip","floor":39},{"not_picked":["Flying Knee","Dagger Throw"],"picked":"Sucker Punch+1","floor":40},{"not_picked":["Riddle With Holes","Cloak And Dagger"],"picked":"Adrenaline","floor":42},{"not_picked":["Cloak And Dagger","Storm of Steel","All Out Attack"],"picked":"SKIP","floor":48},{"not_picked":["Phantasmal Killer","Expertise"],"picked":"Tools of the Trade","floor":55}],"player_experience":1204289,"relics_obtained":[{"floor":7,"key":"Bottled Lightning"},{"floor":9,"key":"Dream Catcher"},{"floor":10,"key":"Incense Burner"},{"floor":13,"key":"Meat on the Bone"},{"floor":24,"key":"Nunchaku"},{"floor":30,"key":"Ginger"},{"floor":36,"key":"Prayer Wheel"},{"floor":37,"key":"Calipers"},{"floor":40,"key":"Whetstone"},{"floor":42,"key":"Oddly Smooth Stone"},{"floor":48,"key":"Omamori"},{"floor":55,"key":"Dead Branch"}],"event_choices":[{"damage_healed":0,"gold_gain":0,"player_choice":"Box","damage_taken":0,"relics_obtained":["Snake Skull"],"max_hp_gain":0,"max_hp_loss":0,"event_name":"Big Fish","floor":2,"gold_loss":0,"cards_obtained":["Regret"]},{"damage_healed":0,"gold_gain":150,"player_choice":"AGREE","damage_taken":0,"max_hp_gain":0,"max_hp_loss":0,"event_name":"Liars Game","floor":3,"gold_loss":0,"cards_obtained":["Doubt"]},{"damage_healed":0,"gold_gain":0,"player_choice":"Obtain J.A.X.","damage_taken":0,"max_hp_gain":0,"max_hp_loss":0,"event_name":"Drug Dealer","floor":19,"gold_loss":0,"cards_obtained":["J.A.X."]},{"damage_healed":0,"gold_gain":0,"player_choice":"Became a vampire","damage_taken":0,"max_hp_gain":0,"max_hp_loss":18,"event_name":"Vampires","floor":21,"gold_loss":0,"cards_obtained":["Bite","Bite","Bite","Bite","Bite"]},{"damage_healed":0,"gold_gain":50,"player_choice":"Touch","damage_taken":4,"max_hp_gain":0,"max_hp_loss":0,"event_name":"FaceTrader","floor":27,"gold_loss":0},{"damage_healed":0,"gold_gain":0,"player_choice":"Ignored","damage_taken":0,"max_hp_gain":0,"max_hp_loss":0,"event_name":"The Mausoleum","floor":29,"gold_loss":0},{"damage_healed":0,"gold_gain":0,"player_choice":"Fight","damage_taken":0,"max_hp_gain":0,"max_hp_loss":0,"event_name":"MindBloom","floor":36,"gold_loss":0},{"damage_healed":0,"gold_gain":0,"player_choice":"Fight","damage_taken":0,"max_hp_gain":0,"max_hp_loss":0,"event_name":"Mysterious Sphere","floor":37,"gold_loss":0},{"damage_healed":0,"gold_gain":0,"player_choice":"Memory 3","damage_taken":10,"max_hp_gain":0,"max_hp_loss":0,"event_name":"SensoryStone","floor":38,"gold_loss":0},{"cards_removed":["Bite"],"damage_healed":0,"gold_gain":0,"player_choice":"Removed Attack","damage_taken":0,"max_hp_gain":0,"max_hp_loss":0,"event_name":"Falling","floor":44,"gold_loss":0},{"damage_healed":0,"gold_gain":0,"player_choice":"Embrace Madness","damage_taken":8,"max_hp_gain":0,"max_hp_loss":0,"event_name":"Winding Halls","floor":45,"gold_loss":0,"cards_obtained":["Madness","Madness"]},{"damage_healed":0,"gold_gain":0,"player_choice":"Ignored","damage_taken":0,"max_hp_gain":0,"max_hp_loss":0,"event_name":"Tomb of Lord Red Mask","floor":46,"gold_loss":0}],"is_beta":true,"boss_relics":[{"not_picked":["Runic Pyramid","Sozu"],"picked":"Cursed Key"},{"not_picked":["Empty Cage","Black Star"],"picked":"SlaversCollar"}],"items_purged_floors":[4],"is_endless":false,"potions_floor_spawned":[1,5,10,20,28,33,35,40,48,55],"killed_by":"The Heart","ascension_level":20}}