{"host":"1a3cjta80tad0aqj","time":1610111833,"event":{"mods":["2.2 Compatiblity","AchievementEnabler","BaseMod","Colored Map","DeckTracker","KOR Keyword Fix","Keyboard Shortcuts","Minty Spire (QoL Compilation)","Permanent Neow","Quick Restart","Random Character Button","StSLib","SuperFastMode","everything is the same but u backflip on backflip"],"gold_per_floor":[112,124,124,124,136,163,183,183,183,199,219,144,159,59,59,159,159,174,174,194,194,194],"floor_reached":21,"playtime":881,"items_purged":["Strike_P","Defend_P"],"score":233,"play_id":"2333fd85-b0a2-4ae8-a139-f8b182807d5f","local_time":"20210108221713","is_ascension_mode":false,"campfire_choices":[{"data":"FlurryOfBlows","floor":8,"key":"SMITH"},{"data":"Eruption","floor":15,"key":"SMITH"}],"circlet_count":0,"master_deck":["Strike_P","Defend_P","Eruption+1","Vigilance","Pray+1","SashWhip+1","Crescendo+1","Halt","FlurryOfBlows+1","Wallop","BowlingBash","Brilliance","Adaptation+1"],"relics":["Astrolabe"],"acts_visited":["Exordium","TheCity"],"potions_floor_usage":[20],"damage_taken":[{"damage":0,"enemies":"Jaw Worm","floor":1,"turns":3},{"damage":0,"enemies":"2 Louse","floor":2,"turns":2},{"damage":0,"enemies":"Cultist","floor":5,"turns":3},{"damage":12,"enemies":"Gremlin Nob","floor":6,"turns":3},{"damage":0,"enemies":"Looter","floor":7,"turns":4},{"damage":32,"enemies":"3 Louse","floor":10,"turns":3},{"damage":2,"enemies":"2 Fungi Beasts","floor":11,"turns":3},{"damage":1,"enemies":"Lots of Slimes","floor":13,"turns":4},{"damage":0,"enemies":"Slime Boss","floor":16,"turns":5},{"damage":2,"enemies":"Shell Parasite","floor":18,"turns":3},{"damage":23,"enemies":"2 Thieves","floor":20,"turns":3}],"seed_played":"2422888770204025981","potions_obtained":[{"floor":5,"key":"LiquidBronze"},{"floor":7,"key":"LiquidBronze"},{"floor":10,"key":"Weak Potion"},{"floor":13,"key":"FearPotion"}],"is_trial":false,"path_per_floor":["M","M","?","?","M","E","M","R","T","M","M","$","M","$","R","B",null,"M","?","M","$"],"character_chosen":"WATCHER","items_purchased":[],"campfire_rested":0,"item_purchase_floors":[],"current_hp_per_floor":[72,72,72,72,72,60,60,60,60,28,26,26,25,25,25,25,72,70,70,47,47,47],"gold":194,"neow_bonus":"BOSS_RELIC","is_daily":false,"chose_seed":true,"campfire_upgraded":2,"win_rate":0.0,"timestamp":1610111833,"path_taken":["M","M","?","?","?","E","M","R","T","M","M","$","M","$","R","BOSS","M","?","M","$"],"items_purchased_type":[],"build_version":"2020-12-22","purchased_purges":2,"victory":false,"max_hp_per_floor":[72,72,72,72,72,72,72,72,72,72,72,72,72,72,72,72,72,72,72,72,72,72],"card_choices":[{"not_picked":["SashWhip","BattleHymn"],"picked":"Halt","floor":1},{"not_picked":["LikeWater","CrushJoints"],"picked":"FlurryOfBlows","floor":2},{"not_picked":["LikeWater","Worship","EmptyFist"],"picked":"SKIP","floor":5},{"not_picked":["FlyingSleeves","JustLucky","Halt"],"picked":"SKIP","floor":6},{"not_picked":["FlurryOfBlows","Indignation","Consecrate"],"picked":"SKIP","floor":7},{"not_picked":["Protect","Evaluate","EmptyFist"],"picked":"SKIP","floor":10},{"not_picked":["Devotion","SashWhip"],"picked":"Wallop","floor":11},{"not_picked":["Prostrate","FollowUp"],"picked":"BowlingBash","floor":13},{"not_picked":["MasterReality","Wish"],"picked":"Brilliance","floor":16},{"not_picked":["Evaluate","BowlingBash","Protect"],"picked":"SKIP","floor":18},{"not_picked":["Halt","JustLucky"],"picked":"Adaptation+1","floor":20}],"player_experience":214032,"relics_obtained":[],"event_choices":[{"damage_healed":0,"gold_gain":0,"player_choice":"Fled","damage_taken":0,"max_hp_gain":0,"max_hp_loss":0,"event_name":"Scrap Ooze","floor":3,"gold_loss":0},{"damage_healed":0,"gold_gain":0,"player_choice":"0 cards matched","damage_taken":0,"max_hp_gain":0,"max_hp_loss":0,"event_name":"Match and Keep!","floor":4,"gold_loss":0,"cards_obtained":[]},{"cards_removed":["Strike_P"],"damage_healed":0,"gold_gain":0,"player_choice":"Elegance","damage_taken":0,"max_hp_gain":0,"max_hp_loss":0,"event_name":"Back to Basics","floor":19,"gold_loss":0}],"is_beta":false,"boss_relics":[{"not_picked":[]}],"items_purged_floors":[12,14],"is_endless":false,"potions_floor_spawned":[5,7,10,13],"ascension_level":0}}