{"host":"c97twqu0op5dg8i4","time":1610078366,"event":{"mods":["BaseMod","Minty Spire (QoL Compilation)"],"gold_per_floor":[114,114,114,64,75,105,105,115,115,132,132,147,147,164,164,164,164],"floor_reached":16,"playtime":692,"items_purged":[],"score":122,"play_id":"8f7105a2-bc1b-4ac9-b9bf-f2d138dc735b","local_time":"20210107225926","is_ascension_mode":true,"campfire_choices":[{"data":"Dash","floor":7,"key":"SMITH"},{"data":"Leg Sweep","floor":11,"key":"SMITH"},{"floor":13,"key":"REST"},{"data":"Terror","floor":15,"key":"SMITH"}],"circlet_count":0,"master_deck":["Strike_G","Strike_G","Strike_G","Defend_G","Defend_G","Defend_G","Defend_G","Defend_G","Survivor","Neutralize","Dash+1","Dagger Throw","Venomology","Backflip","Leg Sweep+1","Calculated Gamble","Terror+1"],"relics":["Sozu","Question Card","Molten Egg 2"],"acts_visited":["Exordium"],"potions_floor_usage":[],"damage_taken":[{"damage":1,"enemies":"Small Slimes","floor":1,"turns":4},{"damage":0,"enemies":"Jaw Worm","floor":5,"turns":4},{"damage":27,"enemies":"3 Sentries","floor":6,"turns":18},{"damage":0,"enemies":"Cultist","floor":8,"turns":4},{"damage":0,"enemies":"3 Louse","floor":10,"turns":4},{"damage":16,"enemies":"Large Slime","floor":12,"turns":9},{"damage":3,"enemies":"Exordium Thugs","floor":14,"turns":7},{"damage":22,"enemies":"Slime Boss","floor":16,"turns":9}],"seed_played":"3560595699145177678","potions_obtained":[],"is_trial":false,"path_per_floor":["M","?","?","?","M","E","R","M","T","M","R","M","R","M","R","B"],"character_chosen":"THE_SILENT","items_purchased":[],"campfire_rested":1,"item_purchase_floors":[],"current_hp_per_floor":[69,74,67,67,67,40,40,40,40,40,40,24,46,43,43,21,21],"gold":164,"neow_bonus":"BOSS_RELIC","is_daily":false,"chose_seed":false,"campfire_upgraded":3,"win_rate":0.0,"timestamp":1610078366,"path_taken":["M","?","?","?","M","E","R","M","T","M","R","M","R","M","R","BOSS"],"items_purchased_type":[],"build_version":"2020-12-22","purchased_purges":0,"victory":false,"max_hp_per_floor":[70,75,75,75,75,75,75,75,75,75,75,75,75,75,75,75,75],"card_choices":[{"not_picked":["Leg Sweep","Deflect"],"picked":"Dash","floor":1},{"not_picked":["Finisher","Bouncing Flask"],"picked":"Dagger Throw","floor":5},{"not_picked":["Dagger Spray","PiercingWail"],"picked":"Venomology","floor":6},{"not_picked":["Deadly Poison","Terror","Crippling Poison"],"picked":"Backflip","floor":8},{"not_picked":["Poisoned Stab+1","Dodge and Roll","Dagger Spray+1"],"picked":"Leg Sweep","floor":10},{"not_picked":["Choke+1","Sucker Punch+1","Cloak And Dagger"],"picked":"Calculated Gamble","floor":12},{"not_picked":["Dagger Throw+1","Choke+1","Accuracy"],"picked":"Terror","floor":14}],"player_experience":248814,"relics_obtained":[{"floor":6,"key":"Question Card"},{"floor":9,"key":"Molten Egg 2"}],"event_choices":[{"damage_healed":0,"gold_gain":0,"player_choice":"Donut","damage_taken":0,"max_hp_gain":5,"max_hp_loss":0,"event_name":"Big Fish","floor":2,"gold_loss":0},{"cards_removed":["Strike_G"],"damage_healed":0,"gold_gain":0,"player_choice":"Card Removal","damage_taken":7,"max_hp_gain":0,"max_hp_loss":0,"event_name":"Golden Wing","floor":3,"gold_loss":0},{"cards_removed":["Strike_G"],"damage_healed":0,"gold_gain":0,"player_choice":"Card Removal","damage_taken":0,"max_hp_gain":0,"max_hp_loss":0,"event_name":"The Cleric","floor":4,"gold_loss":50}],"is_beta":false,"boss_relics":[],"items_purged_floors":[],"is_endless":false,"potions_floor_spawned":[1,5,6],"killed_by":"Slime Boss","ascension_level":4}}