{"host":"rjbqai8ni6dsiu37","time":1610131461,"event":{"mods":["BaseMod","Minty Spire (QoL Compilation)","StSLib","The Hierophant","WarShipGirlsR/??á´Ò³R mod"],"gold_per_floor":[109,109,109,41,54,83,95,113,113,113,113,124,124,159,159,260,260,270,270,195,52,52,52,68,87,87,12,12,12,41,51,51,149,149,159,173,192,192,208,240,253,253,306,306,10,10,25,75,75,75],"floor_reached":51,"playtime":3616,"items_purged":["rmod:tearstotiara","rmod:strick"],"score":705,"play_id":"9ea1a177-7333-4c47-870e-77d19ad48a95","local_time":"20210109034421","is_ascension_mode":false,"campfire_choices":[{"data":"rmod:openingtorpedo","floor":10,"key":"SMITH"},{"data":"rmod:maintain","floor":13,"key":"SMITH"},{"data":"rmod:secretscript","floor":15,"key":"SMITH"},{"floor":23,"key":"RECALL"},{"floor":28,"key":"REST"},{"floor":32,"key":"REST"},{"floor":42,"key":"REST"},{"floor":46,"key":"REST"},{"floor":49,"key":"REST"}],"circlet_count":0,"master_deck":["rmod:strick","rmod:strick","rmod:strick+1","rmod:defend","rmod:defend+1","rmod:defend+1","rmod:defend","rmod:basicallowance+1","rmod:maingunfire","rmod:maintain+1","rmod:secretscript+1","rmod:openingtorpedo+1","rmod:luckystar","rmod:abidefaith+1","rmod:chargemoney+1","rmod:intelligenceanalysis+1","rmod:desperatesituation+1","rmod:lonelyqueen+1","rmod:salvage+1","rmod:fletcher","rmod:ring+1","rmod:expeditionaryescort+1","rmod:fletcherpendant","rmod:generalist+1","rmod:fletcherpendant","rmod:fletcherpendant+1","rmod:smokecover+1","rmod:supportescort","rmod:fletcherpendant+1"],"relics":["rmod:firstchargereward","NeowsBlessing","rmod:equipmentrecovery","Vajra","Frozen Egg 2","Ancient Tea Set","Fusion Hammer","Toy Ornithopter","Medical Kit","Question Card","War Paint","Art of War","Whetstone","Gambling Chip"],"acts_visited":["Exordium","TheCity","TheBeyond"],"potions_floor_usage":[16,16,24,25,31,37,40,45,45,50,50],"damage_taken":[{"damage":0,"enemies":"Small Slimes","floor":1,"turns":1},{"damage":0,"enemies":"2 Louse","floor":5,"turns":1},{"damage":0,"enemies":"Lagavulin","floor":6,"turns":1},{"damage":0,"enemies":"Cultist","floor":7,"turns":2},{"damage":0,"enemies":"Looter","floor":8,"turns":1},{"damage":6,"enemies":"Lots of Slimes","floor":12,"turns":3},{"damage":6,"enemies":"Gremlin Nob","floor":14,"turns":3},{"damage":42,"enemies":"Hexaghost","floor":16,"turns":6},{"damage":7,"enemies":"2 Thieves","floor":18,"turns":2},{"damage":0,"enemies":"3 Byrds","floor":24,"turns":3},{"damage":18,"enemies":"Centurion and Healer","floor":25,"turns":3},{"damage":43,"enemies":"Gremlin Leader","floor":30,"turns":5},{"damage":31,"enemies":"Cultist and Chosen","floor":31,"turns":6},{"damage":27,"enemies":"Champ","floor":33,"turns":11},{"damage":0,"enemies":"3 Shapes","floor":35,"turns":5},{"damage":7,"enemies":"Orb Walker","floor":36,"turns":3},{"damage":53,"enemies":"Transient","floor":37,"turns":5},{"damage":3,"enemies":"Jaw Worm Horde","floor":39,"turns":5},{"damage":12,"enemies":"Reptomancer","floor":40,"turns":7},{"damage":9,"enemies":"4 Shapes","floor":41,"turns":5},{"damage":15,"enemies":"Spire Growth","floor":47,"turns":5},{"damage":3,"enemies":"Mind Bloom Boss Battle","floor":48,"turns":10},{"damage":41,"enemies":"Time Eater","floor":50,"turns":15}],"seed_played":"-2747295826849619825","potions_obtained":[{"floor":1,"key":"LiquidBronze"},{"floor":5,"key":"FairyPotion"},{"floor":7,"key":"Explosive Potion"},{"floor":18,"key":"SkillPotion"},{"floor":22,"key":"Fire Potion"},{"floor":22,"key":"DistilledChaos"},{"floor":25,"key":"BlessingOfTheForge"},{"floor":30,"key":"SkillPotion"},{"floor":33,"key":"Ancient Potion"},{"floor":35,"key":"Fire Potion"},{"floor":39,"key":"Block Potion"},{"floor":47,"key":"Ancient Potion"}],"is_trial":false,"path_per_floor":["M","?","?","$","M","E","M","M","T","R","?","M","R","E","R","B",null,"M","?","?","$","?","R","M","M","T","$","R","T","E","M","R","B",null,"M","M","M","?","M","E","M","R","T","?","$","R","M","?","R","B",null],"character_chosen":"PRAEFECT","items_purchased":["rmod:secretscript","Medical Kit","Fruit Juice","Fruit Juice"],"campfire_rested":5,"item_purchase_floors":[4,21,45,45],"current_hp_per_floor":[75,72,72,72,72,72,72,72,72,72,72,66,66,60,60,18,75,68,68,68,68,68,68,73,57,57,57,75,75,32,6,28,1,75,75,68,20,20,17,10,1,23,23,23,43,68,53,50,75,44],"gold":75,"neow_bonus":"THREE_ENEMY_KILL","is_daily":false,"chose_seed":false,"campfire_upgraded":3,"win_rate":0.0,"timestamp":1610131461,"path_taken":["M","?","?","$","?","E","M","M","T","R","?","?","R","E","R","BOSS","M","?","?","$","?","R","?","M","T","$","R","?","E","M","R","BOSS","M","M","M","?","M","E","M","R","T","?","$","R","?","?","R","BOSS"],"items_purchased_type":["Card","Relic","Potion","Potion"],"build_version":"2020-12-22","purchased_purges":2,"victory":true,"max_hp_per_floor":[75,75,75,75,75,75,75,75,75,75,75,75,75,75,75,75,75,75,75,75,75,75,75,75,75,75,75,75,75,75,75,75,75,75,75,75,75,75,75,75,75,75,75,75,85,85,85,85,85,85],"card_choices":[{"not_picked":["rmod:mineteam","rmod:unsinkable"],"picked":"rmod:maintain","floor":1},{"not_picked":["rmod:supportescort","rmod:victimresponsibility","rmod:gendarmerie"],"picked":"SKIP","floor":5},{"not_picked":["rmod:expedition","rmod:steelsupply"],"picked":"rmod:openingtorpedo","floor":6},{"not_picked":["rmod:firesupport","rmod:slowdown"],"picked":"rmod:tearstotiara","floor":7},{"not_picked":["rmod:circuitoustactics","rmod:aluminumsupply"],"picked":"rmod:luckystar","floor":8},{"not_picked":["rmod:unsinkable","rmod:openingtorpedo"],"picked":"rmod:chargemoney+1","floor":12},{"not_picked":["rmod:spoils","rmod:capitalist"],"picked":"rmod:intelligenceanalysis","floor":14},{"not_picked":["rmod:fletcher","rmod:stealaluminum+1"],"picked":"rmod:desperatesituation+1","floor":16},{"not_picked":["rmod:victimresponsibility","rmod:steelsupply","rmod:goodfighter"],"picked":"SKIP","floor":18},{"not_picked":["rmod:steelsupply","rmod:guardianhero"],"picked":"rmod:lonelyqueen+1","floor":24},{"not_picked":["rmod:fletcherpendant","rmod:bulid","rmod:goodfighter"],"picked":"SKIP","floor":25},{"not_picked":["rmod:circuitoustactics","rmod:diaomin+1","rmod:abidefaith+1"],"picked":"rmod:salvage","floor":30},{"not_picked":["rmod:spoils","rmod:advancebysurprise","rmod:unsinkable"],"picked":"rmod:ring+1","floor":31},{"not_picked":["rmod:saltedfish","rmod:desperatesituation+1","rmod:u235"],"picked":"rmod:expeditionaryescort+1","floor":33},{"not_picked":["rmod:aluminumsupply+1","rmod:capitalist","rmod:lonelyqueen+1","rmod:generalist+1"],"picked":"SKIP","floor":35},{"not_picked":["rmod:goodsister+1","rmod:circuitoustactics","rmod:goodfighter","rmod:aviationdawn+1"],"picked":"SKIP","floor":36},{"not_picked":["rmod:circuitoustactics","rmod:garrisonisland","rmod:tearstotiara+1"],"picked":"rmod:generalist+1","floor":37},{"not_picked":["rmod:steelsupply+1","rmod:luckystar","rmod:victimresponsibility","rmod:spoils+1"],"picked":"SKIP","floor":39},{"not_picked":["rmod:aluminumsupply+1","rmod:heivgo+1","rmod:slowdown","rmod:openingtorpedo"],"picked":"SKIP","floor":40},{"not_picked":["rmod:generalist","rmod:firesupport","rmod:aluminumsupply"],"picked":"rmod:smokecover+1","floor":41},{"not_picked":["rmod:aggressivemary","rmod:garrisonisland","rmod:abidefaith+1"],"picked":"rmod:supportescort","floor":47}],"player_experience":124272,"relics_obtained":[{"floor":6,"key":"Vajra"},{"floor":9,"key":"Frozen Egg 2"},{"floor":14,"key":"Ancient Tea Set"},{"floor":29,"key":"Question Card"},{"floor":30,"key":"War Paint"},{"floor":40,"key":"Art of War"},{"floor":43,"key":"Whetstone"},{"floor":48,"key":"Gambling Chip"}],"event_choices":[{"damage_healed":0,"gold_gain":0,"player_choice":"Success","damage_taken":3,"relics_obtained":["rmod:equipmentrecovery"],"max_hp_gain":0,"max_hp_loss":0,"event_name":"Scrap Ooze","floor":2,"gold_loss":0},{"damage_healed":0,"gold_gain":0,"player_choice":"Forge","damage_taken":0,"max_hp_gain":0,"max_hp_loss":0,"event_name":"Accursed Blacksmith","floor":3,"gold_loss":0,"cards_upgraded":["rmod:basicallowance"]},{"damage_healed":0,"gold_gain":0,"player_choice":"1 cards matched","damage_taken":0,"max_hp_gain":0,"max_hp_loss":0,"event_name":"Match and Keep!","floor":11,"gold_loss":0,"cards_obtained":["rmod:abidefaith"]},{"damage_healed":0,"gold_gain":0,"player_choice":"1 cards matched","damage_taken":0,"max_hp_gain":0,"max_hp_loss":0,"event_name":"Match and Keep!","floor":11,"gold_loss":0,"cards_obtained":["rmod:abidefaith"]},{"damage_healed":0,"gold_gain":0,"player_choice":"Opened","damage_taken":0,"relics_obtained":["Toy Ornithopter"],"max_hp_gain":0,"max_hp_loss":0,"event_name":"The Mausoleum","floor":19,"gold_loss":0,"cards_obtained":["Writhe"]},{"cards_removed":["Writhe"],"damage_healed":0,"gold_gain":0,"player_choice":"Gave Gold","damage_taken":0,"max_hp_gain":0,"max_hp_loss":0,"event_name":"Beggar","floor":20,"gold_loss":75},{"damage_healed":0,"gold_gain":0,"player_choice":"Got Potions","damage_taken":0,"max_hp_gain":0,"max_hp_loss":0,"event_name":"Lab","floor":22,"gold_loss":0},{"damage_healed":0,"gold_gain":0,"player_choice":"Upgraded","damage_taken":0,"max_hp_gain":0,"max_hp_loss":0,"event_name":"Upgrade Shrine","floor":44,"gold_loss":0,"cards_upgraded":["rmod:salvage"]},{"damage_healed":0,"gold_gain":0,"player_choice":"Fight","damage_taken":0,"max_hp_gain":0,"max_hp_loss":0,"event_name":"MindBloom","floor":48,"gold_loss":0}],"is_beta":false,"boss_relics":[{"not_picked":["Runic Pyramid","Black Star"],"picked":"Fusion Hammer"},{"not_picked":["Runic Dome","Pandora\u0027s Box","Cursed Key"]}],"items_purged_floors":[27,45],"is_endless":false,"potions_floor_spawned":[1,5,7,18,25,30,33,35,39,47],"ascension_level":0}}