{"host":"i41n6wh529970c2c","time":1610072990,"event":{"mods":["Act Like it!","BaseMod","BetterRewards","Friendly Minions","Gold Saver","Hallownest","Hermit","Minty Spire (QoL Compilation)","Replay The Spire","Shop Mod","StSLib","The Bug Knight"],"gold_per_floor":[116,128,128,28,45,71,71,84,107,140,91,117,117,129,129,224,224,243,153,153,28,28,53,72,72,72],"floor_reached":25,"playtime":7213,"items_purged":["HollowMod:QuickDashStart","HollowMod:NailStrikeStart","Sickly"],"score":382,"play_id":"59819a07-ae0d-49e6-874f-682eefaf0477","local_time":"20210107212950","is_ascension_mode":true,"campfire_choices":[{"data":"HollowMod:MantisMark","floor":15,"key":"SMITH"}],"circlet_count":0,"master_deck":["HollowMod:NailStrikeStart+1","HollowMod:NailStrikeStart+1","HollowMod:QuickDashStart+1","HollowMod:QuickDashStart","HollowMod:QuickDashStart","HollowMod:FocusHealStart","HollowMod:PogoStrike","HollowMod:MantisMark+1","HollowMod:PureNailStrike+1","HollowMod:SoulSplash","HollowMod:ChannelNail","HollowMod:HeavyBlow","HollowMod:MidwifesHunger","HollowMod:DoubleDash","HollowMod:NewLittleFool","HollowMod:GoodIntentions","HollowMod:DesolateDive","HollowMod:SoulStrike","HollowMod:SlysStrikes","ReplayTheSpireMod:Splinters","Injury","HollowMod:SiblingsSouls","HollowMod:SoulVessel+1"],"relics":["HollowMod:VesselMask","Gambling Chip","Hallownest:DreamNailRelic","Regal Pillow","HollowMod:MillibellesNoteRelic","Whetstone","Mango","Replay:Ancient Bell","Lantern","Gremlin Horn","Turnip","Hallownest:StagBellRelic1","Simple Rune"],"acts_visited":["Hallownest:Greenpath","Hallownest:CityofTears"],"potions_floor_usage":[8,10,16,18,23,24],"damage_taken":[{"damage":0.0,"enemies":"Hallownest:monsterHuskGuard","floor":1.0,"turns":4.0},{"damage":3.0,"enemies":"Hallownest:2_MossCreeps","floor":2.0,"turns":4.0},{"damage":2,"enemies":"Hallownest:monsterHuskWarrior","floor":5,"turns":4},{"damage":23,"enemies":"Hallownest:eliteMossKnight","floor":6,"turns":9},{"damage":12,"enemies":"Hallownest:2_Tiktiks_1_Baldur_1_Crawlid","floor":8,"turns":5},{"damage":12,"enemies":"Hallownest:eliteVengeflyKing","floor":10,"turns":4},{"damage":14,"enemies":"Hallownest:eliteMossKnight","floor":12,"turns":7},{"damage":0,"enemies":"Hallownest:monsterAspidMother","floor":13,"turns":3},{"damage":2,"enemies":"Hallownest:Wandering_and_Horned","floor":14,"turns":6},{"damage":47,"enemies":"Hallownest:BossFalseKnight","floor":16,"turns":8},{"damage":19,"enemies":"Hallownest:Guard_and_Sentry","floor":18,"turns":5},{"damage":63,"enemies":"Hallownest:eliteWatcherKnight","floor":23,"turns":14},{"damage":13,"enemies":"Hallownest:3_Youths","floor":24,"turns":9},{"damage":5,"enemies":"Hallownest:Nosk","floor":25,"turns":5}],"seed_played":"2257347532905026966","potions_obtained":[{"floor":1.0,"key":"Energy Potion"},{"floor":5,"key":"Elixir"},{"floor":8,"key":"AttackPotion"},{"floor":12,"key":"Weak Potion"},{"floor":14,"key":"PowerPotion"},{"floor":16,"key":"Weak Potion"},{"floor":23,"key":"Adrenaline Potion"}],"is_trial":false,"path_per_floor":["M","M","?","$","M","E","?","M","T","E","$","E","M","M","R","B",null,"M","?","?","$","?","E","M","E"],"character_chosen":"THE_BUGKNIGHT","items_purchased":["HollowMod:MantisMark","HollowMod:NewLittleFool"],"campfire_rested":0,"item_purchase_floors":[0,11],"current_hp_per_floor":[55,58,58,58,66,53,53,47,47,35,35,35,35,43,43,2,89,70,70,70,70,70,17,14,15,15],"gold":72,"neow_bonus":"","is_daily":false,"chose_seed":false,"campfire_upgraded":1,"win_rate":0.0,"timestamp":1610072990,"path_taken":["M","M","?","?","M","E","?","M","T","E","$","E","?","M","R","BOSS","M","?","?","$","?","E","M","E"],"items_purchased_type":["Card","Card"],"build_version":"2020-12-22","purchased_purges":3,"victory":false,"max_hp_per_floor":[75,75,75,75,75,75,75,75,75,75,75,89,89,89,89,89,89,89,89,89,89,89,89,89,89,89],"card_choices":[{"not_picked":["HollowMod:ShadowDash","HollowMod:ChannelNail"],"picked":"HollowMod:PureNailStrike","floor":1.0},{"not_picked":["HollowMod:WraithStrike","HollowMod:Grubsong"],"picked":"HollowMod:SoulSplash","floor":2.0},{"not_picked":["HollowMod:TaintedHusks","HollowMod:MawleksShell"],"picked":"HollowMod:ChannelNail","floor":5},{"not_picked":["HollowMod:BaldurShell","HollowMod:AbyssShriek"],"picked":"HollowMod:HeavyBlow","floor":6},{"not_picked":["HollowMod:CrystalDash","HollowMod:NewLittleFool"],"picked":"HollowMod:MidwifesHunger","floor":8},{"not_picked":["HollowMod:WraithStrike","HollowMod:MonomonsArchive"],"picked":"HollowMod:DoubleDash","floor":10},{"not_picked":["HollowMod:VengefulVoid","HollowMod:HeavyBlow"],"picked":"HollowMod:GoodIntentions","floor":12},{"not_picked":["HollowMod:NewJinnsSoul","HollowMod:HowlingWraiths"],"picked":"HollowMod:DesolateDive","floor":13},{"not_picked":["HollowMod:InfectedCysts","HollowMod:HeavyBlow"],"picked":"HollowMod:SoulStrike","floor":14},{"not_picked":["HollowMod:Weaversong","HollowMod:NewInfectedGuardian"],"picked":"HollowMod:SlysStrikes","floor":16},{"not_picked":["Languid","Pain"],"picked":"ReplayTheSpireMod:Splinters","floor":17},{"not_picked":["Doubt","Looming Evil"],"picked":"Sickly","floor":17},{"not_picked":["ReplayTheSpireMod:Doomed","Pain"],"picked":"Injury","floor":17},{"not_picked":["HollowMod:HeavyBlow","HollowMod:SharpenedShadows","HollowMod:SiblingsSouls"],"picked":"SKIP","floor":18},{"not_picked":["HollowMod:ShadowDash","HollowMod:MonomonsArchive"],"picked":"HollowMod:SiblingsSouls","floor":23},{"not_picked":["HollowMod:SoulStrike","HollowMod:Grubsong"],"picked":"HollowMod:SoulVessel+1","floor":24}],"player_experience":976806,"relics_obtained":[{"floor":6,"key":"Regal Pillow"},{"floor":9,"key":"HollowMod:MillibellesNoteRelic"},{"floor":10,"key":"Whetstone"},{"floor":12,"key":"Mango"},{"floor":23,"key":"Simple Rune"}],"event_choices":[],"is_beta":false,"boss_relics":[{"not_picked":["Runic Pyramid","Replay:Wanted Poster"],"picked":"Replay:Ancient Bell"},{"not_picked":["Toy Ornithopter","Gremlin Food"],"picked":"Lantern"},{"not_picked":["HollowMod:LifeEnderRelic","Meat on the Bone"],"picked":"Gremlin Horn"},{"not_picked":["Ginger","Replay:Multitool"],"picked":"Turnip"}],"items_purged_floors":[0,4,21],"is_endless":false,"potions_floor_spawned":[1,5,8,12,14,16,23],"killed_by":"Hallownest:Nosk","ascension_level":3}}