{"host":"0i8dz4ityulxi1rd","time":1610074749,"event":{"mods":["BaseMod","Colored Map","Colored Powertips","Custom Start","Highlight Path","Hubris","Keyboard Shortcuts","Minty Spire (QoL Compilation)","StSLib","SuperFastMode"],"gold_per_floor":[117,137,4,4,4,38,50,50,50,68,88,88,158,5,5,5,5],"floor_reached":16,"playtime":335,"items_purged":["Strike_R"],"score":250,"play_id":"dd03fd41-ec94-4c42-bf47-e9ec99823628","local_time":"20210108115909","is_ascension_mode":true,"campfire_choices":[{"data":"hubris:ReadiedAction","floor":8,"key":"SMITH"},{"data":"Perfected Strike","floor":12,"key":"SMITH"},{"data":"Wild Strike","floor":15,"key":"SMITH"}],"circlet_count":0,"master_deck":["AscendersBane","Strike_R+1","Strike_R","Strike_R","Strike_R","Defend_R","Defend_R","Defend_R","Defend_R","Bash+1","Wild Strike+1","Perfected Strike+1","hubris:ReadiedAction+1","Flame Barrier","Immolate"],"relics":["Burning Blood","NeowsBlessing","hubris:Towel","Potion Belt"],"acts_visited":["Exordium"],"potions_floor_usage":[16],"damage_taken":[{"damage":0,"enemies":"Small Slimes","floor":1,"turns":1},{"damage":0,"enemies":"2 Louse","floor":2,"turns":1},{"damage":0,"enemies":"Gremlin Nob","floor":6,"turns":1},{"damage":1,"enemies":"Cultist","floor":7,"turns":3},{"damage":7,"enemies":"Looter","floor":10,"turns":3},{"damage":0,"enemies":"3 Louse","floor":11,"turns":2},{"damage":68,"enemies":"The Guardian","floor":16,"turns":9}],"seed_played":"-4153222160152058335","potions_obtained":[{"floor":2,"key":"SkillPotion"},{"floor":7,"key":"EssenceOfSteel"}],"is_trial":false,"path_per_floor":["M","M","$","?","?","E","M","R","T","M","M","R","?","$","R","B"],"character_chosen":"IRONCLAD","items_purchased":["Perfected Strike","Immolate"],"campfire_rested":0,"item_purchase_floors":[3,14],"current_hp_per_floor":[74,75,75,75,52,58,63,63,63,62,68,68,68,68,68,0,0],"gold":5,"neow_bonus":"THREE_ENEMY_KILL","is_daily":false,"chose_seed":false,"campfire_upgraded":3,"win_rate":0.0,"timestamp":1610074749,"path_taken":["M","M","$","?","?","E","M","R","T","M","M","R","?","$","R","BOSS"],"items_purchased_type":["Card","Card"],"build_version":"2020-12-22","purchased_purges":1,"victory":false,"max_hp_per_floor":[75,75,75,75,75,75,75,75,75,75,75,75,75,75,75,75,75],"card_choices":[{"not_picked":["Dual Wield","Shrug It Off"],"picked":"Wild Strike","floor":1},{"not_picked":["Sword Boomerang","Heavy Blade","Armaments"],"picked":"SKIP","floor":2},{"not_picked":["hubris:SharpeningStone","Cleave","Fire Breathing"],"picked":"SKIP","floor":6},{"not_picked":["Searing Blow","hubris:SharpeningStone"],"picked":"hubris:ReadiedAction","floor":7},{"not_picked":["Heavy Blade","Sword Boomerang","Wild Strike"],"picked":"SKIP","floor":10},{"not_picked":["Twin Strike","Infernal Blade"],"picked":"Flame Barrier","floor":11}],"player_experience":1309685,"relics_obtained":[{"floor":6,"key":"Potion Belt"}],"event_choices":[{"damage_healed":0,"gold_gain":0,"player_choice":"Entered Light","damage_taken":23,"max_hp_gain":0,"max_hp_loss":0,"event_name":"Shining Light","floor":5,"gold_loss":0,"cards_upgraded":["Bash","Strike_R"]},{"damage_healed":0,"gold_gain":70,"player_choice":"Gained Gold","damage_taken":0,"max_hp_gain":0,"max_hp_loss":0,"event_name":"Golden Wing","floor":13,"gold_loss":0}],"is_beta":false,"boss_relics":[],"items_purged_floors":[3],"is_endless":false,"potions_floor_spawned":[2,7],"killed_by":"The Guardian","ascension_level":20}}