{"host":"zxkjcgzis4pm3za5","time":1610078888,"event":{"mods":["AchievementEnabler","BaseMod","Colored Map","Colored Powertips","Minty Spire (QoL Compilation)","Quick Restart","RNG Fix","Random Character Button","StSLib"],"gold_per_floor":[361,376,186,197,197,197,211,240,264,280,280,205,205,222,222,296,296,309,399,399,474,34,60,60,87,87,87,102,54,74,92,92,171,171,189,189,189],"floor_reached":36,"playtime":1153,"items_purged":["Strike_P","Strike_P"],"score":705,"play_id":"b3815bc9-bcab-43be-9435-c61130386edb","local_time":"20210108093808","is_ascension_mode":true,"campfire_choices":[{"data":"Devotion","floor":6.0,"key":"SMITH"},{"data":"Scrawl","floor":11.0,"key":"SMITH"},{"data":"Prostrate","floor":15.0,"key":"SMITH"},{"data":"TalkToTheHand","floor":24,"key":"SMITH"},{"floor":27,"key":"REST"},{"floor":32,"key":"REST"}],"circlet_count":0,"master_deck":["AscendersBane","Strike_P","Strike_P","Defend_P","Defend_P","Defend_P","Defend_P","Eruption","Vigilance","CrushJoints+1","CutThroughFate","Vengeance","Consecrate+1","Devotion+1","WheelKick","Scrawl+1","FlyingSleeves","Prostrate+1","Scrawl","Prostrate","J.A.X.","TalkToTheHand+1","Sanctity","TalkToTheHand","SashWhip","FlurryOfBlows","LessonLearned"],"relics":["PureWater","Sling","Tiny Chest","Strawberry","SlaversCollar","Pear","Gremlin Horn","TungstenRod","Question Card","Girya","Fusion Hammer"],"acts_visited":["Exordium","TheCity","TheBeyond"],"potions_floor_usage":[18,23,25,30,31,35],"damage_taken":[{"damage":7.0,"enemies":"Cultist","floor":1.0,"turns":5.0},{"damage":1.0,"enemies":"Small Slimes","floor":2.0,"turns":3.0},{"damage":1.0,"enemies":"2 Louse","floor":4.0,"turns":3.0},{"damage":1.0,"enemies":"Gremlin Gang","floor":7.0,"turns":2.0},{"damage":0.0,"enemies":"Gremlin Nob","floor":8.0,"turns":2.0},{"damage":11.0,"enemies":"Blue Slaver","floor":10.0,"turns":4.0},{"damage":3.0,"enemies":"Exordium Wildlife","floor":14.0,"turns":2.0},{"damage":33,"enemies":"Hexaghost","floor":16,"turns":7},{"damage":5,"enemies":"Shell Parasite","floor":18,"turns":5},{"damage":15,"enemies":"Book of Stabbing","floor":23,"turns":3},{"damage":20,"enemies":"Slavers","floor":25,"turns":3},{"damage":0,"enemies":"Chosen","floor":28,"turns":4},{"damage":11,"enemies":"Snake Plant","floor":30,"turns":3},{"damage":2,"enemies":"Centurion and Healer","floor":31,"turns":4},{"damage":17,"enemies":"Champ","floor":33,"turns":5},{"damage":36,"enemies":"3 Darklings","floor":35,"turns":4}],"seed_played":"5311947769115140965","potions_obtained":[{"floor":1.0,"key":"Explosive Potion"},{"floor":8.0,"key":"Swift Potion"},{"floor":10.0,"key":"ColorlessPotion"},{"floor":14.0,"key":"Block Potion"},{"floor":18,"key":"Explosive Potion"},{"floor":23,"key":"BlessingOfTheForge"},{"floor":30,"key":"Dexterity Potion"},{"floor":33,"key":"SneckoOil"}],"is_trial":false,"path_per_floor":["M","M","$","M","?","R","M","E","T","M","R","$","?","M","R","B",null,"M","?","?","T","$","E","R","E","T","R","M","$","M","M","R","B",null,"M","M"],"character_chosen":"WATCHER","items_purchased":["Sling","Vengeance","Gremlin Horn","TalkToTheHand","Swift Potion"],"campfire_rested":2,"item_purchase_floors":[3,3,22,22,29],"current_hp_per_floor":[58,57,57,56,56,56,55,55,62,51,51,51,51,48,48,15,58,53,41,41,51,51,36,36,16,16,40,40,40,29,27,51,34,70,34,0,0],"gold":189,"neow_bonus":"TWO_FIFTY_GOLD","is_daily":false,"chose_seed":false,"campfire_upgraded":4,"win_rate":0.0,"timestamp":1610078888,"path_taken":["M","M","$","?","?","R","?","E","T","M","R","$","?","M","R","BOSS","M","?","?","?","$","E","R","E","T","R","M","?","?","M","R","BOSS","M","M"],"items_purchased_type":["Relic","Card","Relic","Card","Potion"],"build_version":"2020-12-22","purchased_purges":2,"victory":false,"max_hp_per_floor":[65,65,65,65,65,65,65,65,72,72,72,72,72,72,72,72,72,72,72,72,82,82,82,82,82,82,82,82,82,82,82,82,82,82,82,82,82],"card_choices":[{"not_picked":["Crescendo","Fasting2"],"picked":"CrushJoints","floor":1.0},{"not_picked":["Prostrate","CrushJoints"],"picked":"CutThroughFate","floor":2.0},{"not_picked":["BattleHymn","Study"],"picked":"Consecrate","floor":4.0},{"not_picked":["FlurryOfBlows","JustLucky"],"picked":"WheelKick","floor":7.0},{"not_picked":["Perseverance","JustLucky"],"picked":"Scrawl","floor":8.0},{"not_picked":["SignatureMove","WindmillStrike"],"picked":"FlyingSleeves","floor":10.0},{"not_picked":["Conclude","Swivel"],"picked":"Prostrate","floor":14.0},{"not_picked":["MasterReality","Devotion"],"picked":"Scrawl","floor":16},{"not_picked":["DeceiveReality","FlyingSleeves"],"picked":"Prostrate","floor":18},{"not_picked":["EmptyBody","CutThroughFate"],"picked":"Sanctity","floor":23},{"not_picked":["Vengeance","Establishment"],"picked":"TalkToTheHand","floor":25},{"not_picked":["CarveReality","Indignation","Evaluate","FlyingSleeves+1"],"picked":"SKIP","floor":28},{"not_picked":["FearNoEvil","PathToVictory","Tantrum"],"picked":"SashWhip","floor":30},{"not_picked":["ClearTheMind","CutThroughFate+1","Adaptation"],"picked":"FlurryOfBlows","floor":31},{"not_picked":["Judgement","Wish","MasterReality"],"picked":"LessonLearned","floor":33},{"not_picked":["ForeignInfluence+1","PathToVictory+1","Consecrate","CutThroughFate"],"picked":"SKIP","floor":35}],"player_experience":193785,"relics_obtained":[{"floor":8.0,"key":"Tiny Chest"},{"floor":9.0,"key":"Strawberry"},{"floor":21,"key":"Pear"},{"floor":23,"key":"TungstenRod"},{"floor":25,"key":"Question Card"},{"floor":26,"key":"Girya"}],"event_choices":[{"damage_healed":0.0,"max_hp_gain":0.0,"max_hp_loss":0.0,"gold_gain":0.0,"event_name":"Match and Keep!","player_choice":"1 cards matched","floor":5.0,"gold_loss":0.0,"damage_taken":0.0,"cards_obtained":["Devotion"]},{"damage_healed":0.0,"max_hp_gain":0.0,"max_hp_loss":0.0,"gold_gain":0.0,"event_name":"Living Wall","player_choice":"Grow","floor":13.0,"gold_loss":0.0,"damage_taken":0.0,"cards_upgraded":["CrushJoints"]},{"damage_healed":0,"gold_gain":90,"player_choice":"GOLD ","damage_taken":12,"max_hp_gain":0,"max_hp_loss":0,"event_name":"Knowing Skull","floor":19,"potions_obtained":[],"gold_loss":0,"cards_obtained":[]},{"damage_healed":0,"gold_gain":0,"player_choice":"Obtain J.A.X.","damage_taken":0,"max_hp_gain":0,"max_hp_loss":0,"event_name":"Drug Dealer","floor":20,"gold_loss":0,"cards_obtained":["J.A.X."]}],"is_beta":false,"boss_relics":[{"not_picked":["Black Star","Snecko Eye"],"picked":"SlaversCollar"},{"not_picked":["Empty Cage","Astrolabe"],"picked":"Fusion Hammer"}],"items_purged_floors":[12,22],"is_endless":false,"potions_floor_spawned":[1,8,10,14,18,23,30,33],"killed_by":"3 Shapes","ascension_level":13}}