{"host":"dhv3u8yhd2rnugsp","time":1610134828,"event":{"mods":["BaseMod","Block Reminder","Colored Map","Googly Eyes","Highlight Path","Minty Spire (QoL Compilation)","Permanent Neow","Quick Restart","Random Character Button","StSLib"],"gold_per_floor":[99,99,24,24,24,24,24,24,24,24,24,9,9,0,0,0,0,0,0,0,0,0,0],"floor_reached":22,"playtime":711,"items_purged":["Strike_P"],"score":505,"play_id":"d234aa7c-0624-43c8-92e9-dd43fd5a5c13","local_time":"20210108134028","is_ascension_mode":true,"campfire_choices":[{"data":"FlurryOfBlows","floor":7,"key":"SMITH"},{"data":"SandsOfTime","floor":15,"key":"SMITH"}],"circlet_count":0,"master_deck":["AscendersBane","Strike_P","Strike_P","Strike_P","Defend_P","Defend_P","Defend_P","Defend_P","Eruption","Vigilance","Tantrum+1","ClearTheMind","Meditate","FlurryOfBlows+1","SandsOfTime+1","Wireheading","Consecrate","DeusExMachina","SandsOfTime+1","CrushJoints","Halt"],"relics":["Ectoplasm","Shuriken","Blue Candle","Vajra","Golden Idol","Damaru","Runic Pyramid","Red Mask"],"acts_visited":["Exordium","TheCity"],"potions_floor_usage":[6,13,14,22,22],"damage_taken":[{"damage":0,"enemies":"Cultist","floor":1,"turns":3},{"damage":0,"enemies":"2 Louse","floor":2,"turns":1},{"damage":0,"enemies":"Jaw Worm","floor":4,"turns":2},{"damage":0,"enemies":"Gremlin Nob","floor":6,"turns":2},{"damage":2,"enemies":"3 Sentries","floor":10,"turns":4},{"damage":12,"enemies":"Exordium Thugs","floor":12,"turns":3},{"damage":0,"enemies":"Gremlin Nob","floor":13,"turns":2},{"damage":6,"enemies":"Looter","floor":14,"turns":2},{"damage":0,"enemies":"Slime Boss","floor":16,"turns":3},{"damage":0,"enemies":"3 Byrds","floor":18,"turns":3},{"damage":16,"enemies":"Masked Bandits","floor":19,"turns":3},{"damage":0,"enemies":"Spheric Guardian","floor":20,"turns":3},{"damage":28,"enemies":"Shelled Parasite and Fungi","floor":21,"turns":3},{"damage":20,"enemies":"Snake Plant","floor":22,"turns":2}],"seed_played":"-1231327517045093890","potions_obtained":[{"floor":2,"key":"AttackPotion"},{"floor":6,"key":"StancePotion"},{"floor":10,"key":"FearPotion"},{"floor":19,"key":"Strength Potion"},{"floor":20,"key":"FearPotion"}],"is_trial":false,"path_per_floor":["M","M","$","M","?","E","R","$","T","E","?","M","E","M","R","B",null,"M","?","M","M","M"],"character_chosen":"WATCHER","items_purchased":[],"campfire_rested":0,"item_purchase_floors":[],"current_hp_per_floor":[65,65,65,65,65,65,65,65,65,63,63,51,51,45,45,45,62,62,46,46,18,0,0],"gold":0,"neow_bonus":"BOSS_RELIC","is_daily":false,"chose_seed":false,"campfire_upgraded":2,"win_rate":0.0,"timestamp":1610134828,"path_taken":["M","?","$","M","?","E","R","$","T","E","?","M","E","M","R","BOSS","M","?","M","M","M"],"items_purchased_type":[],"build_version":"2020-12-22","purchased_purges":1,"victory":false,"max_hp_per_floor":[72,72,72,72,72,72,72,72,72,72,67,67,67,67,67,67,67,67,67,67,67,67,67],"card_choices":[{"not_picked":["EmptyFist","SashWhip"],"picked":"Tantrum","floor":1},{"not_picked":["Sanctity","CrushJoints"],"picked":"ClearTheMind","floor":2},{"not_picked":["Prostrate","Consecrate"],"picked":"Meditate","floor":4},{"not_picked":["MentalFortress","Crescendo"],"picked":"FlurryOfBlows","floor":6},{"not_picked":["Pray","Fasting2"],"picked":"SandsOfTime","floor":10},{"not_picked":["ReachHeaven","Omniscience"],"picked":"Wireheading","floor":12},{"not_picked":["CrushJoints","Protect"],"picked":"Consecrate","floor":13},{"not_picked":["ForeignInfluence","Protect","Consecrate"],"picked":"SKIP","floor":14},{"not_picked":["MasterReality","SpiritShield"],"picked":"DeusExMachina","floor":16},{"not_picked":["CutThroughFate","FearNoEvil"],"picked":"SandsOfTime+1","floor":18},{"not_picked":["Vengeance+1","FlyingSleeves"],"picked":"CrushJoints","floor":19},{"not_picked":["BowlingBash+1","LikeWater"],"picked":"Halt","floor":20},{"not_picked":["Protect","SignatureMove","LikeWater"],"picked":"SKIP","floor":21}],"player_experience":1619415,"relics_obtained":[{"floor":6,"key":"Shuriken"},{"floor":9,"key":"Blue Candle"},{"floor":10,"key":"Vajra"},{"floor":13,"key":"Damaru"},{"floor":19,"key":"Red Mask"}],"event_choices":[{"damage_healed":0,"gold_gain":0,"player_choice":"Grow","damage_taken":0,"max_hp_gain":0,"max_hp_loss":0,"event_name":"Living Wall","floor":5,"gold_loss":0,"cards_upgraded":["Tantrum"]},{"damage_healed":0,"gold_gain":0,"player_choice":"Lose Max HP","damage_taken":0,"relics_obtained":["Golden Idol"],"max_hp_gain":0,"max_hp_loss":5,"event_name":"Golden Idol","floor":11,"gold_loss":0},{"damage_healed":0,"gold_gain":0,"player_choice":"Fought Bandits","damage_taken":0,"max_hp_gain":0,"max_hp_loss":0,"event_name":"Masked Bandits","floor":19,"gold_loss":0}],"is_beta":false,"boss_relics":[{"not_picked":["Runic Dome","Fusion Hammer"],"picked":"Runic Pyramid"}],"items_purged_floors":[3],"is_endless":false,"potions_floor_spawned":[2,6,10,19,20],"killed_by":"Snake Plant","ascension_level":13}}