{"host":"dtm4abeon6jfxj1d","time":1610127276,"event":{"mods":["BaseMod","Downfall","Minty Spire (QoL Compilation)","Rare Cards Sparkle","StSLib"],"gold_per_floor":[111,128,50,60,60,60,77,95,144,319,329,329,348,348,348,348,348],"floor_reached":16,"playtime":589,"items_purged":[],"score":155,"play_id":"8247f38b-827a-41d4-96db-ba83b8b198c3","local_time":"20210108123436","is_ascension_mode":true,"campfire_choices":[{"data":"Eruption","floor":6,"key":"SMITH"},{"data":"Vigilance","floor":15,"key":"SMITH"}],"circlet_count":0,"master_deck":["AscendersBane","Strike_P","Strike_P","Strike_P+1","Strike_P+1","Defend_P+1","Defend_P","Defend_P","Defend_P","Eruption+1","Vigilance+1","Prostrate","Prostrate","LessonLearned+1","FearNoEvil","Indignation+1","EmptyBody+1","Doubt"],"relics":["VioletLotus","Strawberry"],"acts_visited":["Exordium"],"potions_floor_usage":[16,16],"damage_taken":[{"damage":1,"enemies":"Small Slimes","floor":1,"turns":4},{"damage":1,"enemies":"2 Louse","floor":2,"turns":3},{"damage":0,"enemies":"Jaw Worm","floor":4,"turns":3},{"damage":5,"enemies":"3 Louse","floor":7,"turns":3},{"damage":32,"enemies":"Lots of Slimes","floor":8,"turns":5},{"damage":3,"enemies":"Blue Slaver","floor":11,"turns":5},{"damage":3,"enemies":"Looter","floor":13,"turns":5},{"damage":58,"enemies":"Slime Boss","floor":16,"turns":11}],"seed_played":"4428585842436358410","potions_obtained":[{"floor":1,"key":"SpeedPotion"},{"floor":2,"key":"Ancient Potion"},{"floor":11,"key":"BlessingOfTheForge"}],"is_trial":false,"path_per_floor":["M","M","$","M","?","R","M","M","T","?","M","?","M","?","R","B"],"character_chosen":"WATCHER","items_purchased":["LessonLearned"],"campfire_rested":0,"item_purchase_floors":[3],"current_hp_per_floor":[64,63,63,63,63,63,58,26,33,33,30,56,53,53,53,0,0],"gold":348,"neow_bonus":"BOSS_RELIC","is_daily":false,"chose_seed":false,"campfire_upgraded":2,"win_rate":0.0,"timestamp":1610127276,"path_taken":["M","M","$","M","?","R","M","M","T","?","M","?","?","?","R","BOSS"],"items_purchased_type":["Card"],"build_version":"2020-12-22","purchased_purges":0,"victory":false,"max_hp_per_floor":[72,72,72,72,72,72,72,72,79,79,79,79,79,79,79,79,79],"card_choices":[{"not_picked":["CrushJoints","DeceiveReality"],"picked":"Prostrate","floor":1},{"not_picked":["CutThroughFate","Halt"],"picked":"Prostrate","floor":2},{"not_picked":["ClearTheMind","Adaptation"],"picked":"FearNoEvil","floor":4},{"not_picked":["Vengeance","ThirdEye"],"picked":"Indignation","floor":7},{"not_picked":["MasterReality","ClearTheMind"],"picked":"EmptyBody","floor":8},{"not_picked":["Consecrate","Nirvana","EmptyFist"],"picked":"SKIP","floor":11},{"not_picked":["Vengeance","SignatureMove","EmptyFist"],"picked":"SKIP","floor":13}],"player_experience":189339,"relics_obtained":[{"floor":9,"key":"Strawberry"}],"event_choices":[{"damage_healed":0,"gold_gain":0,"player_choice":"Grow","damage_taken":0,"max_hp_gain":0,"max_hp_loss":0,"event_name":"Living Wall","floor":5,"gold_loss":0,"cards_upgraded":["LessonLearned"]},{"damage_healed":0,"gold_gain":175,"player_choice":"AGREE","damage_taken":0,"max_hp_gain":0,"max_hp_loss":0,"event_name":"Liars Game","floor":10,"gold_loss":0,"cards_obtained":["Doubt"]},{"damage_healed":26,"gold_gain":0,"player_choice":"Banana","damage_taken":0,"max_hp_gain":0,"max_hp_loss":0,"event_name":"Big Fish","floor":12,"gold_loss":0},{"damage_healed":0,"gold_gain":0,"player_choice":"Upgraded","damage_taken":0,"max_hp_gain":0,"max_hp_loss":0,"event_name":"Upgrade Shrine","floor":14,"gold_loss":0,"cards_upgraded":["Indignation"]}],"is_beta":false,"boss_relics":[],"items_purged_floors":[],"is_endless":false,"potions_floor_spawned":[1,2,11],"killed_by":"Slime Boss","ascension_level":13}}