{"host":"ig7tc0uedzltt2sr","time":1610073486,"event":{"mods":["BaseMod","Better Twitch Integration","Block Reminder","Colored Map","Colored Powertips","Communication Mod","Current Relic Mod","GifTheSpireLib","HexUI Lib","Minty Spire (QoL Compilation)","Quick Restart","Random Character Button","Rare Cards Sparkle","Relic Sorter","Relic Stats","Slay the Relics Exporter","StSLib","SuperFastMode","Synergy Search","Twitch Decklist","Twitch Utils","everything is the same but u backflip on backflip","slay the spire mod where everything is the same but ironclad has a cowboy hat"],"gold_per_floor":[111,122,122,137,92,92,102,102,102,74,74,88,58,58,58,58,58],"floor_reached":16,"playtime":99,"items_purged":[],"score":92,"play_id":"ac5b1050-eec5-4ed1-a46e-cca8e923c4ff","local_time":"20210107183806","is_ascension_mode":false,"campfire_choices":[{"floor":6,"key":"REST"},{"floor":8,"key":"REST"},{"floor":15,"key":"REST"}],"circlet_count":0,"master_deck":["Strike_R","Strike_R","Strike_R","Strike_R","Strike_R","Defend_R+1","Defend_R","Defend_R+1","Bash","Second Wind","Shockwave","Dropkick","Evolve","Infernal Blade","Bludgeon","Rampage","Inflame"],"relics":["Burning Blood","NeowsBlessing"],"acts_visited":["Exordium"],"potions_floor_usage":[],"damage_taken":[{"damage":0,"enemies":"2 Louse","floor":1,"turns":2},{"damage":0,"enemies":"Small Slimes","floor":2,"turns":1},{"damage":0,"enemies":"Cultist","floor":4,"turns":1},{"damage":12,"enemies":"Looter","floor":5,"turns":5},{"damage":20,"enemies":"Blue Slaver","floor":7,"turns":6},{"damage":32,"enemies":"Exordium Thugs","floor":10,"turns":5},{"damage":8,"enemies":"2 Fungi Beasts","floor":12,"turns":5},{"damage":6,"enemies":"Looter","floor":13,"turns":4},{"damage":81,"enemies":"Slime Boss","floor":16,"turns":8}],"seed_played":"4953376061250024269","potions_obtained":[{"floor":2,"key":"GamblersBrew"},{"floor":4,"key":"GamblersBrew"},{"floor":12,"key":"EssenceOfSteel"}],"is_trial":false,"path_per_floor":["M","M","?","M","M","R","M","R","T","M","?","M","M","?","R","B"],"character_chosen":"IRONCLAD","items_purchased":[],"campfire_rested":3,"item_purchase_floors":[],"current_hp_per_floor":[80,80,80,80,74,80,66,80,80,54,38,36,36,62,80,0,0],"gold":58,"neow_bonus":"THREE_ENEMY_KILL","is_daily":false,"chose_seed":false,"campfire_upgraded":0,"win_rate":0.0,"timestamp":1610073486,"path_taken":["M","M","?","M","M","R","M","R","T","M","?","M","M","?","R","BOSS"],"items_purchased_type":[],"build_version":"2020-12-22","purchased_purges":0,"victory":false,"max_hp_per_floor":[80,80,80,80,80,80,80,80,80,80,80,80,80,80,80,80,80],"relic_stats":{"counters":[9,37],"obtain_stats":[{"NeowsBlessing":0,"Burning Blood":0},{"NeowsBlessing":0,"Burning Blood":0},{"NeowsBlessing":0,"Burning Blood":0}],"Burning Blood":30},"card_choices":[{"not_picked":["Flex","Sword Boomerang"],"picked":"Second Wind","floor":1},{"not_picked":["Pommel Strike","Hemokinesis"],"picked":"Shockwave","floor":2},{"not_picked":["True Grit","Iron Wave"],"picked":"Dropkick","floor":4},{"not_picked":["Thunderclap","Headbutt"],"picked":"Evolve","floor":5},{"not_picked":["Clothesline","Twin Strike"],"picked":"Infernal Blade","floor":7},{"not_picked":["Flame Barrier","Heavy Blade"],"picked":"Bludgeon","floor":10},{"not_picked":["Evolve","Fire Breathing"],"picked":"Rampage","floor":12},{"not_picked":["Sentinel","Shrug It Off"],"picked":"Inflame","floor":13}],"player_experience":1469813,"relics_obtained":[],"event_choices":[{"cards_removed":["Defend_R"],"damage_healed":0,"gold_gain":0,"player_choice":"Forget","damage_taken":0,"max_hp_gain":0,"max_hp_loss":0,"event_name":"Living Wall","floor":3,"gold_loss":0},{"damage_healed":0,"gold_gain":0,"player_choice":"Entered Light","damage_taken":16,"max_hp_gain":0,"max_hp_loss":0,"event_name":"Shining Light","floor":11,"gold_loss":0,"cards_upgraded":["Defend_R","Defend_R"]},{"damage_healed":26,"gold_gain":0,"player_choice":"Banana","damage_taken":0,"max_hp_gain":0,"max_hp_loss":0,"event_name":"Big Fish","floor":14,"gold_loss":0}],"is_beta":false,"boss_relics":[],"items_purged_floors":[],"is_endless":false,"potions_floor_spawned":[2,4,12],"killed_by":"Slime Boss","ascension_level":0}}