{"host":"z9grmtg2w0nmz8n1","time":1610082927,"event":{"mods":["Aspiration","Bard","BaseMod","Beaked The Cultist","Better Altar","Better Match","Better Note","Better Sensory Stone","Better Skull","Better Third Choice","BetterRewards","CCEM","Colored Map","Conspire","Downfall","GifTheSpireLib","Googly Eyes","Halation","Hermit","Highlight Path","Hubris","Hunter ??","Jedi Mod","Jorbs\u0027s Wanderer Trilogy","Mad Scientist","Marisa????????","Minty Spire (QoL Compilation)","Permanent Neow","Replay The Spire","Shade Mod","Shop Mod","Spicy Shops","StSLib","Stuff the Spire","The Bug Knight","The Construct","The Necromancer","The Runesmith","The Witch"],"gold_per_floor":[118,135,135,150,150,150,163,179,179,212,223,250,260,278,278,381,381,394,319,334,105,105,140,156,156,206,221,16,42,25,40,40,138,138,148,148,39,51,67,67,67],"floor_reached":40,"playtime":2103,"items_purged":["Pain","Strike_B","Strike_B","ReplayTheSpireMod:Omega Cannon"],"score":647,"play_id":"bc2bc40d-3507-400f-905d-bd6bc5aa4321","local_time":"20210108031527","is_ascension_mode":true,"campfire_choices":[{"floor":6,"key":"RECALL"},{"data":"Zap","floor":15,"key":"SMITH"},{"floor":32,"key":"REST"}],"circlet_count":0,"master_deck":["Strike_B","Defend_B","Defend_B","Defend_B","Defend_B","Zap+1","Dualcast","Doom and Gloom","Conserve Battery","Leap","Gash","Go for the Eyes","Ball Lightning","Conserve Battery","All For One","Go for the Eyes","ReplayGash","Leap","Pot Of Greed","Pot Of Greed","Go for the Eyes","Go for the Eyes","Gash+1"],"relics":["Cracked Core","WarpedTongs","Shuriken","Bottled Lightning","CCEMRelics:Pendulum","aspiration:RitualDagger","Membership Card","ReplayTheSpireMod:TigerMarble","CCEMRelics:Barrel","Grinning Jar","ChewingGum"],"acts_visited":["Exordium","TheCity","TheBeyond"],"potions_floor_usage":[8,12,18,27,27,27,29,38,38],"damage_taken":[{"damage":1,"enemies":"Cultist","floor":1,"turns":3},{"damage":2,"enemies":"2 Louse","floor":2,"turns":2},{"damage":3,"enemies":"Small Slimes","floor":4,"turns":3},{"damage":7,"enemies":"Exordium Thugs","floor":7,"turns":4},{"damage":6,"enemies":"Large Slime","floor":8,"turns":4},{"damage":16,"enemies":"Gremlin Nob","floor":10,"turns":4},{"damage":6,"enemies":"Red Slaver","floor":11,"turns":3},{"damage":15,"enemies":"3 Sentries","floor":12,"turns":7},{"damage":2,"enemies":"3 Louse","floor":13,"turns":3},{"damage":2,"enemies":"Blue Slaver","floor":14,"turns":4},{"damage":27,"enemies":"The Guardian","floor":16,"turns":12},{"damage":17,"enemies":"Spheric Guardian","floor":18,"turns":3},{"damage":38,"enemies":"2 Thieves","floor":20,"turns":4},{"damage":78,"enemies":"Slavers","floor":23,"turns":6},{"damage":28,"enemies":"Shelled Parasite and Fungi","floor":24,"turns":5},{"damage":13,"enemies":"3 Cultists","floor":27,"turns":4},{"damage":19,"enemies":"Book of Stabbing","floor":29,"turns":5},{"damage":19,"enemies":"Snecko","floor":31,"turns":6},{"damage":48,"enemies":"Pondfish","floor":33,"turns":7},{"damage":15,"enemies":"3 Shapes","floor":35,"turns":5},{"damage":19,"enemies":"3 Darklings","floor":38,"turns":4},{"damage":47,"enemies":"Maw","floor":39,"turns":7},{"damage":103,"enemies":"Giant Head","floor":40,"turns":9}],"seed_played":"3558710578603022081","potions_obtained":[{"floor":1,"key":"Energy Potion"},{"floor":3,"key":"LiquidMemories"},{"floor":3,"key":"Regen Potion"},{"floor":11,"key":"Dexterity Potion"},{"floor":12,"key":"Reflective Coating"},{"floor":24,"key":"Energy Potion"},{"floor":27,"key":"EssenceOfSteel"},{"floor":33,"key":"AttackPotion"},{"floor":35,"key":"hexamod:EctoCoolerPotion"}],"is_trial":false,"path_per_floor":["M","M","?","M","?","R","M","M","T","E","M","E","M","M","R","B",null,"M","?","M","$","?","E","M","?","T","M","$","E","$","M","R","B",null,"M","?","$","M","M","E"],"character_chosen":"DEFECT","items_purchased":["Membership Card","ReplayGash","Leap","Go for the Eyes","Go for the Eyes"],"campfire_rested":1,"item_purchase_floors":[21,28,28,30,37],"current_hp_per_floor":[74,72,72,69,69,69,62,56,56,40,34,34,32,30,30,3,75,58,58,20,20,20,28,7,7,7,13,13,14,14,15,37,34,75,68,68,68,75,53,0,0],"gold":67,"neow_bonus":"THREE_CARDS","is_daily":false,"chose_seed":false,"campfire_upgraded":1,"win_rate":0.0,"timestamp":1610082927,"path_taken":["M","?","?","?","?","R","M","M","T","E","M","E","M","M","R","BOSS","M","?","?","$","?","E","?","?","T","M","$","E","$","M","R","BOSS","M","?","$","M","?","E"],"items_purchased_type":["Relic","Card","Card","Card","Card"],"build_version":"2020-12-22","purchased_purges":4,"victory":false,"max_hp_per_floor":[75,75,75,75,75,75,75,75,75,75,75,75,75,75,75,75,75,75,75,75,75,75,75,75,75,75,75,75,75,75,75,75,75,75,75,75,75,75,75,75,75],"card_choices":[{"not_picked":["Stack","ReplayTheSpireMod:Dual Polarity"],"picked":"Doom and Gloom","floor":0},{"not_picked":["StuffTheSpire:Coldhearted","Steam Power","hubris:PowerSurge"],"picked":"SKIP","floor":1},{"not_picked":["jedi:BurstLightning","ReplaySolidLightProjector","Compile Driver"],"picked":"SKIP","floor":2},{"not_picked":["Rebound","jedi:overflow"],"picked":"Conserve Battery","floor":4},{"not_picked":["ReplaySolidLightProjector","Stack"],"picked":"Leap","floor":7},{"not_picked":["Go for the Eyes","Steam"],"picked":"Gash","floor":8},{"not_picked":["Reprogram","Panic Button"],"picked":"Go for the Eyes","floor":10},{"not_picked":["Hello World","StuffTheSpire:Plugnplay","Turbo"],"picked":"SKIP","floor":11},{"not_picked":["Hello World","Coolheaded"],"picked":"Ball Lightning","floor":12},{"not_picked":["hubris:SpecializedCircuitry","Panic Button"],"picked":"Conserve Battery","floor":13},{"not_picked":["Force Field","Steam","StuffTheSpire:Rend"],"picked":"SKIP","floor":14},{"not_picked":["Thunder Strike","Creative AI"],"picked":"All For One","floor":16},{"not_picked":["ReplayTheSpireMod:Dual Polarity+1","Beam Cell+1","StuffTheSpire:LoadUp"],"picked":"SKIP","floor":18},{"not_picked":["Barrage","Coolheaded","Redo+1"],"picked":"SKIP","floor":20},{"not_picked":["Sweeping Beam","BasicCrystalCard","Coolheaded"],"picked":"SKIP","floor":23},{"not_picked":["Chaos","Hologram+1","Sweeping Beam+1"],"picked":"SKIP","floor":24},{"not_picked":["Consume","Skim"],"picked":"Go for the Eyes","floor":27},{"not_picked":["Compile Driver","ReplayTheSpireMod:Calculation Training+1","Skim+1"],"picked":"SKIP","floor":29},{"not_picked":["StuffTheSpire:Coldhearted","Rebound","conspire:Rain+1"],"picked":"SKIP","floor":31},{"not_picked":["jedi:overflow+1","jedi:BurstLightning","ReplaySolidLightProjector"],"picked":"SKIP","floor":35},{"not_picked":["hubris:Ukulele+1","jedi:BurstFrost"],"picked":"Gash+1","floor":38},{"not_picked":["Reinforced Body+1","jedi:sharpshooter+1","Cold Snap"],"picked":"SKIP","floor":39}],"player_experience":810836,"relics_obtained":[{"floor":9,"key":"Shuriken"},{"floor":10,"key":"Bottled Lightning"},{"floor":12,"key":"CCEMRelics:Pendulum"},{"floor":23,"key":"ReplayTheSpireMod:TigerMarble"},{"floor":25,"key":"CCEMRelics:Barrel"},{"floor":29,"key":"Grinning Jar"}],"event_choices":[{"damage_healed":0,"gold_gain":0,"player_choice":"Got Potions","damage_taken":0,"max_hp_gain":0,"max_hp_loss":0,"event_name":"Lab","floor":3,"gold_loss":0},{"damage_healed":0,"gold_gain":0,"player_choice":"Rummage","damage_taken":0,"relics_obtained":["WarpedTongs"],"max_hp_gain":0,"max_hp_loss":0,"event_name":"Accursed Blacksmith","floor":5,"gold_loss":0,"cards_obtained":["Pain"]},{"damage_healed":0,"gold_gain":0,"player_choice":"1","damage_taken":0,"max_hp_gain":0,"max_hp_loss":0,"event_name":"betterMatch:BetterMatch","floor":19,"gold_loss":0,"cards_obtained":["betterMatch:ColorlessUncommonCard","betterMatch:UncommonCard"]},{"cards_removed":["Strike_B"],"damage_healed":0,"gold_gain":0,"player_choice":"Give","damage_taken":0,"max_hp_gain":0,"max_hp_loss":0,"event_name":"betterNote:BetterNote","floor":22,"gold_loss":0,"cards_obtained":["Strike_B"]},{"damage_healed":0,"gold_gain":0,"cards_transformed":["Strike_B"],"player_choice":"Transformed","damage_taken":0,"max_hp_gain":0,"max_hp_loss":0,"event_name":"Transmorgrifier","floor":36,"gold_loss":0,"cards_obtained":["ReplayTheSpireMod:Omega Cannon"]}],"is_beta":false,"boss_relics":[{"not_picked":["hubris:RunicObelisk","aspiration:MarisaSkillbook"],"picked":"aspiration:RitualDagger"},{"not_picked":["Replay:Wanted Poster","conspire:SlowCooker"],"picked":"ChewingGum"}],"items_purged_floors":[21,28,28,37],"is_endless":false,"potions_floor_spawned":[1,11,12,13,14,24,27,33,35],"killed_by":"Giant Head","ascension_level":1}}