{"host":"msmkw03x1o7nq45i","time":1610114000,"event":{"mods":["BaseMod","Bestiary","Colored Powertips","GifTheSpireLib","Highlight Path","Minty Spire (QoL Compilation)","Random Character Button","StSLib","everything is the same but u backflip on backflip"],"gold_per_floor":[366,377,377,395,405,439,439,468,493,493,77,89,107,120,120,225,225,237,61,61,79,99,99,132,142,142,177,189,216,231,231,231,333,333,350,364,364,381,127,153,153,184,184,184,10,10,32,59,59,59],"floor_reached":51,"playtime":3608,"items_purged":["Strike_G","Strike_G","Strike_G","Strike_G"],"score":1239,"play_id":"1d01e76a-24e7-45f0-8ec5-34971931a276","local_time":"20210108155320","is_ascension_mode":true,"campfire_choices":[{"data":"Poisoned Stab","floor":7,"key":"SMITH"},{"data":"Dash","floor":10,"key":"SMITH"},{"data":"Noxious Fumes","floor":15,"key":"SMITH"},{"data":"Die Die Die","floor":23,"key":"SMITH"},{"data":"A Thousand Cuts","floor":32,"key":"SMITH"},{"data":"Footwork","floor":44,"key":"SMITH"},{"data":"Acrobatics","floor":46,"key":"SMITH"},{"data":"Leg Sweep","floor":49,"key":"SMITH"}],"circlet_count":0,"master_deck":["AscendersBane","Strike_G","Defend_G","Defend_G","Defend_G+1","Defend_G","Defend_G","Survivor","Neutralize","Blade Dance+1","Bouncing Flask","Poisoned Stab+1","Blade Dance+1","Poisoned Stab","Dash+1","Noxious Fumes+1","Die Die Die+1","Adrenaline","Cloak And Dagger","Footwork+1","Bullet Time","Dodge and Roll","Noxious Fumes","Terror","A Thousand Cuts+1","Leg Sweep+1","CurseOfTheBell","Acrobatics+1","Pain","Backflip","Blur","Accuracy+1"],"relics":["Ring of the Snake","PreservedInsect","Toy Ornithopter","War Paint","Membership Card","Happy Flower","Busted Crown","Mummified Hand","Strawberry","Thread and Needle","MealTicket","Bronze Scales","Art of War","Calling Bell","Bag of Preparation","StrikeDummy","Du-Vu Doll","WarpedTongs","TungstenRod","CeramicFish","Singing Bowl","InkBottle","ClockworkSouvenir","Akabeko"],"acts_visited":["Exordium","TheCity","TheBeyond"],"potions_floor_usage":[6,16,21,24,25,33,33,42,48,50],"damage_taken":[{"damage":1,"enemies":"Small Slimes","floor":1,"turns":4},{"damage":0,"enemies":"Cultist","floor":2,"turns":4},{"damage":2,"enemies":"Jaw Worm","floor":4,"turns":4},{"damage":7,"enemies":"Exordium Thugs","floor":5,"turns":4},{"damage":12,"enemies":"3 Sentries","floor":6,"turns":5},{"damage":4,"enemies":"Gremlin Nob","floor":8,"turns":3},{"damage":5,"enemies":"Red Slaver","floor":12,"turns":3},{"damage":0,"enemies":"Blue Slaver","floor":13,"turns":4},{"damage":0,"enemies":"Gremlin Gang","floor":14,"turns":1},{"damage":16,"enemies":"The Guardian","floor":16,"turns":8},{"damage":0,"enemies":"3 Byrds","floor":18,"turns":3},{"damage":10,"enemies":"2 Thieves","floor":21,"turns":4},{"damage":0,"enemies":"Centurion and Healer","floor":22,"turns":6},{"damage":6,"enemies":"Book of Stabbing","floor":24,"turns":4},{"damage":7,"enemies":"3 Cultists","floor":25,"turns":4},{"damage":3,"enemies":"Slavers","floor":27,"turns":3},{"damage":15,"enemies":"Snake Plant","floor":28,"turns":5},{"damage":1,"enemies":"Book of Stabbing","floor":29,"turns":4},{"damage":0,"enemies":"Centurion and Healer","floor":30,"turns":4},{"damage":39,"enemies":"Champ","floor":33,"turns":11},{"damage":7,"enemies":"3 Shapes","floor":35,"turns":3},{"damage":0,"enemies":"Orb Walker","floor":36,"turns":3},{"damage":9,"enemies":"Spire Growth","floor":38,"turns":4},{"damage":8,"enemies":"Giant Head","floor":40,"turns":5},{"damage":5,"enemies":"Reptomancer","floor":42,"turns":5},{"damage":11,"enemies":"3 Darklings","floor":47,"turns":2},{"damage":0,"enemies":"Giant Head","floor":48,"turns":1},{"damage":33,"enemies":"Time Eater","floor":50,"turns":13}],"seed_played":"-6271236094539823534","potions_obtained":[{"floor":4,"key":"Strength Potion"},{"floor":5,"key":"Strength Potion"},{"floor":6,"key":"Fire Potion"},{"floor":16,"key":"AttackPotion"},{"floor":18,"key":"ColorlessPotion"},{"floor":22,"key":"DistilledChaos"},{"floor":29,"key":"Dexterity Potion"},{"floor":33,"key":"BlessingOfTheForge"},{"floor":35,"key":"Explosive Potion"},{"floor":38,"key":"CunningPotion"},{"floor":40,"key":"AttackPotion"},{"floor":47,"key":"Block Potion"}],"is_trial":false,"path_per_floor":["M","M","?","M","M","E","R","E","T","R","$","M","M","M","R","B",null,"M","$","?","M","M","R","E","M","T","E","M","E","M","?","R","B",null,"M","M","?","M","$","E","$","E","T","R","$","R","M","E","R","B",null],"character_chosen":"THE_SILENT","items_purchased":["Membership Card","EssenceOfSteel","Noxious Fumes","Die Die Die","Happy Flower","Mummified Hand","TungstenRod","Blur","ClockworkSouvenir","Swift Potion"],"campfire_rested":0,"item_purchase_floors":[11,11,11,11,11,19,39,39,45,45],"current_hp_per_floor":[62,62,62,60,53,41,41,37,37,37,37,32,32,32,32,21,53,53,53,53,48,48,48,54,52,52,49,34,33,33,33,33,4,54,47,47,47,38,53,45,60,62,62,62,72,72,61,68,68,40],"gold":59,"neow_bonus":"TWO_FIFTY_GOLD","is_daily":false,"chose_seed":false,"campfire_upgraded":8,"win_rate":0.0,"timestamp":1610114000,"path_taken":["M","M","?","M","M","E","R","E","T","R","$","M","M","M","R","BOSS","M","$","?","M","M","R","E","M","T","E","M","E","M","?","R","BOSS","M","M","?","M","?","E","$","E","T","R","$","R","?","E","R","BOSS"],"items_purchased_type":["Relic","Potion","Card","Card","Relic","Relic","Relic","Card","Relic","Potion"],"build_version":"2020-12-22","purchased_purges":4,"victory":true,"max_hp_per_floor":[63,63,63,63,63,63,63,63,63,63,63,63,63,63,63,63,63,63,63,63,63,63,63,70,70,70,70,70,70,70,70,70,70,70,70,70,70,70,70,70,70,72,72,72,72,72,72,74,74,74],"card_choices":[{"not_picked":["Dash","Flechettes"],"picked":"Blade Dance","floor":1},{"not_picked":["Setup","Riddle With Holes"],"picked":"Bouncing Flask","floor":2},{"not_picked":["Dagger Throw","Blur"],"picked":"Poisoned Stab","floor":4},{"not_picked":["Prepared","Expertise"],"picked":"Blade Dance","floor":5},{"not_picked":["Sucker Punch","Reflex"],"picked":"Poisoned Stab","floor":6},{"not_picked":["Deadly Poison","Sucker Punch"],"picked":"Dash","floor":8},{"not_picked":["Slice","Deadly Poison"],"picked":"Adrenaline","floor":12},{"not_picked":["Bane","Sucker Punch"],"picked":"Cloak And Dagger","floor":13},{"not_picked":["Flechettes","Well Laid Plans"],"picked":"Footwork","floor":14},{"not_picked":["Glass Knife","Unload"],"picked":"Bullet Time","floor":16},{"not_picked":["Sucker Punch"],"picked":"SKIP","floor":18},{"not_picked":[],"picked":"Dodge and Roll","floor":21},{"not_picked":["Quick Slash+1"],"picked":"SKIP","floor":22},{"not_picked":[],"picked":"Noxious Fumes","floor":24},{"not_picked":[],"picked":"Terror","floor":25},{"not_picked":[],"picked":"A Thousand Cuts","floor":27},{"not_picked":[],"picked":"Leg Sweep","floor":28},{"not_picked":["Outmaneuver+1"],"picked":"SKIP","floor":29},{"not_picked":["Sucker Punch"],"picked":"SKIP","floor":30},{"not_picked":["Dagger Throw"],"picked":"SKIP","floor":35},{"not_picked":[],"picked":"Acrobatics","floor":36},{"not_picked":[],"picked":"Backflip","floor":38},{"not_picked":["Backstab+1"],"picked":"SKIP","floor":40},{"not_picked":["Deflect"],"picked":"Singing Bowl","floor":42},{"not_picked":[],"picked":"Accuracy+1","floor":47},{"not_picked":["Cloak And Dagger+1"],"picked":"Singing Bowl","floor":48}],"player_experience":362865,"relics_obtained":[{"floor":6,"key":"PreservedInsect"},{"floor":8,"key":"Toy Ornithopter"},{"floor":9,"key":"War Paint"},{"floor":24,"key":"Strawberry"},{"floor":26,"key":"Thread and Needle"},{"floor":27,"key":"MealTicket"},{"floor":29,"key":"Bronze Scales"},{"floor":34,"key":"Bag of Preparation"},{"floor":34,"key":"StrikeDummy"},{"floor":34,"key":"Du-Vu Doll"},{"floor":40,"key":"CeramicFish"},{"floor":42,"key":"Singing Bowl"},{"floor":43,"key":"InkBottle"},{"floor":48,"key":"Akabeko"}],"event_choices":[{"damage_healed":0,"gold_gain":0,"player_choice":"Upgraded","damage_taken":0,"max_hp_gain":0,"max_hp_loss":0,"event_name":"Upgrade Shrine","floor":3,"gold_loss":0,"cards_upgraded":["Blade Dance"]},{"damage_healed":0,"gold_gain":0,"player_choice":"Opened","damage_taken":0,"relics_obtained":["Art of War"],"max_hp_gain":0,"max_hp_loss":0,"event_name":"The Mausoleum","floor":31,"gold_loss":0},{"damage_healed":0,"gold_gain":0,"player_choice":"Rummage","damage_taken":0,"relics_obtained":["WarpedTongs"],"max_hp_gain":0,"max_hp_loss":0,"event_name":"Accursed Blacksmith","floor":37,"gold_loss":0,"cards_obtained":["Pain"]}],"is_beta":false,"boss_relics":[{"not_picked":["Ring of the Serpent","Velvet Choker"],"picked":"Busted Crown"},{"not_picked":["Philosopher\u0027s Stone","SacredBark"],"picked":"Calling Bell"}],"items_purged_floors":[11,19,39,45],"is_endless":false,"potions_floor_spawned":[4,5,6,14,16,18,22,29,33,35,38,40,47],"ascension_level":10}}