{"host":"roqztpbdbchtekes","time":1610112378,"event":{"mods":["AchievementEnabler","BaseMod","Better Third Choice","Block Reminder","Colored Map","Colored Powertips","Curses Come First","DeckTracker","Minty Spire (QoL Compilation)","Relic Stats","Spicy Shops","StSLib"],"gold_per_floor":[115,115,115,390,407,437,447,478,478,495,542,542,22,39,39,137,137,156,172,172,271,271,271,171,198,198,226,238,257,275,321,321,417,417,432,432,11,11,11,11,42,42,42,52,52,80,91,106,106,106],"floor_reached":51,"playtime":3409,"items_purged":["Regret","Defend_G","Defend_G","Strike_G+1"],"score":1023,"play_id":"ff5a6ff4-0d2d-4969-81d7-5501f380ae25","local_time":"20210108142618","is_ascension_mode":true,"campfire_choices":[{"data":"Noxious Fumes","floor":12,"key":"SMITH"},{"data":"Corpse Explosion","floor":15,"key":"SMITH"},{"data":"Bouncing Flask","floor":23,"key":"SMITH"},{"data":"Tools of the Trade","floor":32,"key":"SMITH"},{"data":"Corpse Explosion","floor":40,"key":"SMITH"},{"data":"Survivor","floor":49,"key":"SMITH"}],"circlet_count":0,"master_deck":["Strike_G+1","Defend_G","Defend_G","Survivor+1","Noxious Fumes+1","Escape Plan+1","Corpse Explosion+1","Bouncing Flask+1","Tools of the Trade+1","Blur+1","Malaise+1","Adrenaline+1","Catalyst+1","PiercingWail+1","Corpse Explosion+1","Adrenaline+1","PiercingWail+1"],"relics":["Ring of the Snake","NeowsBlessing","Mummified Hand","FossilizedHelix","Thread and Needle","Toy Ornithopter","Bottled Lightning","Tiny Chest","Astrolabe","MutagenicStrength","Bag of Preparation","Boot","War Paint","Mercury Hourglass","Oddly Smooth Stone","Runic Pyramid","HornCleat","DollysMirror","Regal Pillow","Happy Flower","Ice Cream","Question Card","Vajra"],"acts_visited":["Exordium","TheCity","TheBeyond"],"potions_floor_usage":[8,16,19,33,41,48],"damage_taken":[{"damage":0,"enemies":"2 Louse","floor":1,"turns":1},{"damage":0,"enemies":"Small Slimes","floor":5,"turns":2},{"damage":0,"enemies":"Gremlin Nob","floor":6,"turns":1},{"damage":0,"enemies":"Cultist","floor":7,"turns":4},{"damage":17,"enemies":"3 Sentries","floor":8,"turns":5},{"damage":0,"enemies":"Exordium Wildlife","floor":10,"turns":4},{"damage":0,"enemies":"Red Slaver","floor":14,"turns":3},{"damage":20,"enemies":"Slime Boss","floor":16,"turns":6},{"damage":0,"enemies":"Spheric Guardian","floor":18,"turns":3},{"damage":0,"enemies":"Chosen","floor":19,"turns":5},{"damage":0,"enemies":"Gremlin Leader","floor":25,"turns":7},{"damage":0,"enemies":"Slavers","floor":27,"turns":2},{"damage":0,"enemies":"Centurion and Healer","floor":28,"turns":3},{"damage":0,"enemies":"Snecko","floor":29,"turns":3},{"damage":0,"enemies":"3 Cultists","floor":30,"turns":2},{"damage":1,"enemies":"Automaton","floor":33,"turns":6},{"damage":0,"enemies":"Orb Walker","floor":35,"turns":2},{"damage":0,"enemies":"Giant Head","floor":41,"turns":3},{"damage":0,"enemies":"3 Shapes","floor":44,"turns":1},{"damage":0,"enemies":"Reptomancer","floor":46,"turns":4},{"damage":0,"enemies":"Maw","floor":47,"turns":4},{"damage":0,"enemies":"Writhing Mass","floor":48,"turns":3},{"damage":0,"enemies":"Time Eater","floor":50,"turns":11}],"seed_played":"1569087626876773063","potions_obtained":[{"floor":1,"key":"Energy Potion"},{"floor":10,"key":"Ancient Potion"},{"floor":16,"key":"GamblersBrew"},{"floor":19,"key":"AttackPotion"},{"floor":25,"key":"Fire Potion"},{"floor":29,"key":"Regen Potion"},{"floor":33,"key":"FairyPotion"},{"floor":35,"key":"SkillPotion"},{"floor":41,"key":"FairyPotion"},{"floor":48,"key":"Fruit Juice"}],"is_trial":false,"path_per_floor":["M","?","?","?","M","E","M","E","T","M","T","R","$","M","R","B",null,"M","M","?","?","T","R","$","E","T","E","M","M","M","T","R","B",null,"M","T","$","$","?","R","E","T","T","M","T","E","M","M","R","B",null],"character_chosen":"THE_SILENT","items_purchased":["Bottled Lightning","Tiny Chest","Bouncing Flask","DollysMirror"],"campfire_rested":0,"item_purchase_floors":[13,13,13,37],"current_hp_per_floor":[70,56,49,49,49,49,49,32,32,32,32,32,32,32,32,17,70,70,70,70,70,70,70,70,70,70,70,70,70,70,70,70,69,70,70,70,70,70,70,70,70,70,70,70,70,70,70,75,75,75],"gold":106,"neow_bonus":"THREE_ENEMY_KILL","is_daily":false,"chose_seed":false,"campfire_upgraded":6,"win_rate":0.0,"timestamp":1610112378,"path_taken":["M","?","?","?","?","E","M","E","T","M","?","R","$","?","R","BOSS","M","M","?","?","?","R","?","E","T","E","?","M","M","?","R","BOSS","M","?","?","$","?","R","E","?","T","M","?","E","?","M","R","BOSS"],"items_purchased_type":["Relic","Relic","Card","Relic"],"build_version":"2020-12-22","purchased_purges":4,"victory":true,"max_hp_per_floor":[70,70,70,70,70,70,70,70,70,70,70,70,70,70,70,70,70,70,70,70,70,70,70,70,70,70,70,70,70,70,70,70,70,70,70,70,70,70,70,70,70,70,70,70,70,70,70,75,75,75],"relic_stats":{"Regal Pillow":0,"Happy Flower":[7],"counters":[23,85],"Astrolabe":["Blur","Malaise","Adrenaline"],"Bag of Preparation":[26],"War Paint":["Catalyst","Escape Plan"],"Boot":[6],"Question Card":3,"Mercury Hourglass":[183],"Mummified Hand":[32],"Tiny Chest":3,"obtain_stats":[{"Ice Cream":43,"Regal Pillow":41,"NeowsBlessing":0,"Happy Flower":42,"Astrolabe":17,"Oddly Smooth Stone":31,"Vajra":46,"Thread and Needle":9,"Bag of Preparation":22,"War Paint":26,"Boot":25,"Question Card":45,"Mercury Hourglass":27,"HornCleat":36,"Mummified Hand":6,"DollysMirror":37,"MutagenicStrength":20,"Tiny Chest":13,"Bottled Lightning":13,"FossilizedHelix":8,"Toy Ornithopter":11,"Ring of the Snake":0,"Runic Pyramid":34},{"Ice Cream":18,"Regal Pillow":18,"NeowsBlessing":0,"Happy Flower":18,"Astrolabe":8,"Oddly Smooth Stone":15,"Vajra":20,"Thread and Needle":5,"Bag of Preparation":10,"War Paint":11,"Boot":11,"Question Card":19,"Mercury Hourglass":12,"HornCleat":17,"Mummified Hand":3,"DollysMirror":17,"MutagenicStrength":10,"Tiny Chest":6,"Bottled Lightning":6,"FossilizedHelix":5,"Toy Ornithopter":6,"Ring of the Snake":0,"Runic Pyramid":16},{"Ice Cream":62,"Regal Pillow":62,"NeowsBlessing":0,"Happy Flower":62,"Astrolabe":26,"Oddly Smooth Stone":51,"Vajra":67,"Thread and Needle":13,"Bag of Preparation":34,"War Paint":41,"Boot":41,"Question Card":63,"Mercury Hourglass":43,"HornCleat":59,"Mummified Hand":4,"DollysMirror":59,"MutagenicStrength":34,"Tiny Chest":17,"Bottled Lightning":17,"FossilizedHelix":13,"Toy Ornithopter":17,"Ring of the Snake":0,"Runic Pyramid":57}],"Toy Ornithopter":5,"Ring of the Snake":[46]},"card_choices":[{"not_picked":["Skewer","Sucker Punch"],"picked":"Noxious Fumes","floor":1},{"not_picked":["Reflex","Flying Knee"],"picked":"Escape Plan","floor":5},{"not_picked":["Dagger Spray","A Thousand Cuts"],"picked":"Corpse Explosion","floor":6},{"not_picked":["Flying Knee","Accuracy","Prepared"],"picked":"SKIP","floor":7},{"not_picked":["Underhanded Strike","Concentrate","Masterful Stab"],"picked":"SKIP","floor":8},{"not_picked":["Underhanded Strike","Masterful Stab","Acrobatics"],"picked":"SKIP","floor":10},{"not_picked":["Deflect","Bane","Blade Dance"],"picked":"SKIP","floor":14},{"not_picked":["Wraith Form v2","Grand Finale"],"picked":"Tools of the Trade","floor":16},{"not_picked":["Dagger Throw","Bane"],"picked":"Catalyst","floor":18},{"not_picked":["Dagger Throw","Underhanded Strike"],"picked":"PiercingWail+1","floor":19},{"not_picked":["Predator","Poisoned Stab","Expertise"],"picked":"SKIP","floor":25},{"not_picked":["Eviscerate+1","Infinite Blades","Cloak And Dagger"],"picked":"SKIP","floor":27},{"not_picked":["Slice","PiercingWail","Dagger Spray"],"picked":"SKIP","floor":28},{"not_picked":["Acrobatics","Slice","Underhanded Strike+1"],"picked":"SKIP","floor":29},{"not_picked":["Concentrate","Finisher","Distraction+1"],"picked":"SKIP","floor":30},{"not_picked":["Tools of the Trade","Phantasmal Killer"],"picked":"Corpse Explosion","floor":33},{"not_picked":["Dagger Throw+1","Slice","Flying Knee"],"picked":"SKIP","floor":35},{"not_picked":["Glass Knife","Flying Knee","Backflip"],"picked":"SKIP","floor":41},{"not_picked":["Skewer+1","PiercingWail","Tactician+1"],"picked":"SKIP","floor":44},{"not_picked":["Setup","Predator+1","Concentrate","PiercingWail"],"picked":"SKIP","floor":46},{"not_picked":["Leg Sweep+1","Outmaneuver","Underhanded Strike"],"picked":"PiercingWail+1","floor":47},{"not_picked":["Finisher+1","Cloak And Dagger","Backflip+1","Tactician"],"picked":"SKIP","floor":48}],"player_experience":251762,"relics_obtained":[{"floor":6,"key":"Mummified Hand"},{"floor":8,"key":"FossilizedHelix"},{"floor":9,"key":"Thread and Needle"},{"floor":11,"key":"Toy Ornithopter"},{"floor":22,"key":"Bag of Preparation"},{"floor":25,"key":"Boot"},{"floor":26,"key":"War Paint"},{"floor":27,"key":"Mercury Hourglass"},{"floor":31,"key":"Oddly Smooth Stone"},{"floor":36,"key":"HornCleat"},{"floor":41,"key":"Regal Pillow"},{"floor":42,"key":"Happy Flower"},{"floor":43,"key":"Ice Cream"},{"floor":45,"key":"Question Card"},{"floor":46,"key":"Vajra"}],"event_choices":[{"damage_healed":70,"gold_gain":0,"player_choice":"Upgrade","damage_taken":14,"max_hp_gain":0,"max_hp_loss":70,"event_name":"betterThird:BetterShining","floor":2,"gold_loss":0,"cards_upgraded":["Strike_G","Strike_G"]},{"cards_removed":["Strike_G"],"damage_healed":0,"gold_gain":0,"player_choice":"Card Removal","damage_taken":7,"max_hp_gain":0,"max_hp_loss":0,"event_name":"Golden Wing","floor":3,"gold_loss":0},{"damage_healed":0,"gold_gain":275,"player_choice":"Desecrate","damage_taken":0,"max_hp_gain":0,"max_hp_loss":0,"event_name":"Golden Shrine","floor":4,"gold_loss":0,"cards_obtained":["Regret"]},{"damage_healed":0,"gold_gain":0,"player_choice":"Inject Mutagens","damage_taken":0,"relics_obtained":["MutagenicStrength"],"max_hp_gain":0,"max_hp_loss":0,"event_name":"Drug Dealer","floor":20,"gold_loss":0},{"damage_healed":0,"gold_gain":99,"player_choice":"Steal","damage_taken":0,"max_hp_gain":0,"max_hp_loss":0,"event_name":"betterThird:BetterNest","floor":21,"gold_loss":0},{"cards_removed":["Neutralize"],"damage_healed":0,"gold_gain":0,"player_choice":"Removed Attack","damage_taken":0,"max_hp_gain":0,"max_hp_loss":0,"event_name":"Falling","floor":39,"gold_loss":0}],"is_beta":false,"boss_relics":[{"not_picked":["Runic Dome","SlaversCollar"],"picked":"Astrolabe"},{"not_picked":["WristBlade","Calling Bell"],"picked":"Runic Pyramid"}],"items_purged_floors":[13,24,37,37],"is_endless":false,"potions_floor_spawned":[1,10,16,19,25,29,30,33,35,41,46,48],"ascension_level":1}}