{"host":"3imo7wsdyu7efakj","time":1610111874,"event":{"mods":["ATMod(°¢èªMod)","BaseMod","Minty Spire (QoL Compilation)","Quick Restart","StSLib"],"gold_per_floor":[114,114,133,133,58,90,90,119,145,157,218,293,307,324,324,426,426,437,437,453,473,484,513,513,540,540,540,540,552,552,577,577,682,682,700,700,716,369,384,384,384,239,239,257,273,325,375,375,375,375,375,375,0,28,28],"floor_reached":56,"playtime":3858,"items_purged":["Defend_R","Bash"],"score":1446,"play_id":"3340934c-80b7-4f6c-8089-dd3605344e6b","local_time":"20210108211754","is_ascension_mode":true,"campfire_choices":[{"data":"AT_DrawKnifeCut","floor":15.0,"key":"SMITH"},{"data":"Armaments","floor":30,"key":"SMITH"},{"data":"Madness","floor":32,"key":"SMITH"},{"data":"Madness","floor":40,"key":"SMITH"},{"floor":49,"key":"RECALL"},{"data":"Offering","floor":52,"key":"SMITH"}],"circlet_count":0,"master_deck":["Impervious","AT_DrawKnifeCut+1","Shockwave","AT_BodySlamDance","Power Through","AT_GerminateFire","Immolate","Offering+1","Rage","Feel No Pain","Armaments+1","Bludgeon","AT_ShrugMaster","Bloodletting","Burning Pact","Purity","Dark Shackles","Madness+1","Deep Breath","AT_BodySlamDance","Berserk","Bloodletting+1","Dual Wield+1","Madness+1","Impatience","Finesse","Metallicize+1","Whirlwind+1","Finesse","AT_KneejerkReflex+1","AT_HeatAcrobatics+1","Warcry+1","Feel No Pain+1","AT_DiedThrough+1"],"relics":["Burning Blood","AT_ATBox","Toy Ornithopter","Blue Candle","Bottled Flame","AT_SeraphEmbrace","Pantograph","Pandora\u0027s Box","AT_EbonyIvory","Singing Bowl","Eternal Feather","Happy Flower","Black Star","Matryoshka","PrismaticShard","Frozen Egg 2","Ancient Tea Set","Charon\u0027s Ashes","Gambling Chip","Bottled Lightning","Ginger","AT_SilverBalance"],"acts_visited":["Exordium","TheCity","TheBeyond","TheEnding"],"potions_floor_usage":[23,23,25,33,35,46,55,55,55],"damage_taken":[{"damage":0.0,"enemies":"Jaw Worm","floor":1.0,"turns":3.0},{"damage":4.0,"enemies":"Cultist","floor":3.0,"turns":3.0},{"damage":0.0,"enemies":"Lagavulin","floor":6.0,"turns":3.0},{"damage":15.0,"enemies":"Gremlin Nob","floor":8.0,"turns":3.0},{"damage":0.0,"enemies":"2 Louse","floor":10.0,"turns":1.0},{"damage":10.0,"enemies":"3 Sentries","floor":11.0,"turns":4.0},{"damage":5.0,"enemies":"2 Fungi Beasts","floor":13.0,"turns":3.0},{"damage":1.0,"enemies":"Large Slime","floor":14.0,"turns":3.0},{"damage":68.0,"enemies":"The Guardian","floor":16.0,"turns":9.0},{"damage":4.0,"enemies":"3 Byrds","floor":18.0,"turns":3.0},{"damage":7.0,"enemies":"Spheric Guardian","floor":20.0,"turns":2.0},{"damage":10.0,"enemies":"Snecko","floor":21.0,"turns":2.0},{"damage":14.0,"enemies":"Snake Plant","floor":22.0,"turns":3.0},{"damage":10,"enemies":"Slavers","floor":23,"turns":2},{"damage":13,"enemies":"Gremlin Leader","floor":25,"turns":3},{"damage":2,"enemies":"3 Cultists","floor":29,"turns":3},{"damage":32,"enemies":"Book of Stabbing","floor":31,"turns":3},{"damage":9,"enemies":"Collector","floor":33,"turns":4},{"damage":12,"enemies":"3 Shapes","floor":35,"turns":2},{"damage":7,"enemies":"Orb Walker","floor":37,"turns":2},{"damage":0,"enemies":"Transient","floor":39,"turns":5},{"damage":12,"enemies":"Sphere and 2 Shapes","floor":44,"turns":1},{"damage":36,"enemies":"4 Shapes","floor":45,"turns":1},{"damage":15,"enemies":"2 Orb Walkers","floor":46,"turns":4},{"damage":12,"enemies":"Mind Bloom Boss Battle","floor":47,"turns":3},{"damage":15,"enemies":"Donu and Deca","floor":50,"turns":3},{"damage":6,"enemies":"Shield and Spear","floor":54,"turns":1},{"damage":30,"enemies":"The Heart","floor":55,"turns":4}],"seed_played":"-5025246829487930124","potions_obtained":[{"floor":3.0,"key":"ColorlessPotion"},{"floor":4.0,"key":"FearPotion"},{"floor":4.0,"key":"Ancient Potion"},{"floor":6.0,"key":"Energy Potion"},{"floor":14.0,"key":"FearPotion"},{"floor":16.0,"key":"ElixirPotion"},{"floor":22.0,"key":"Ancient Potion"},{"floor":23,"key":"Swift Potion"},{"floor":29,"key":"Ancient Potion"},{"floor":31,"key":"Fire Potion"},{"floor":33,"key":"Ancient Potion"},{"floor":39,"key":"Weak Potion"},{"floor":45,"key":"EssenceOfSteel"}],"is_trial":false,"path_per_floor":["M","?","M","?","$","E","?","E","T","M","?","?","M","M","R","B",null,"M","?","M","M","M","E","?","E","T","T","?","M","R","E","R","B",null,"M","?","M","$","M","R","?","$","T","M","M","?","?","?","R","B",null,"R","$","E","B",null],"character_chosen":"IRONCLAD","items_purchased":["Matryoshka","PrismaticShard","Bottled Lightning","Strength Potion","Feel No Pain+1"],"campfire_rested":0,"item_purchase_floors":[38,42,53,53,53],"current_hp_per_floor":[80,80,80,80,80,80,80,71,71,77,76,65,66,71,71,23,80,80,31,30,31,23,29,29,29,29,29,29,35,47,23,35,64,88,87,77,76,76,82,88,88,88,88,82,52,48,67,67,85,79,88,88,88,88,60],"gold":28,"neow_bonus":"TRANSFORM_CARD","is_daily":false,"chose_seed":false,"campfire_upgraded":5,"win_rate":0.0,"timestamp":1610111874,"path_taken":["M","?","?","?","?","E","?","E","T","M","?","?","M","?","R","BOSS","M","?","?","M","M","E","?","E","T","?","?","M","R","E","R","BOSS","M","?","M","$","M","R","?","$","T","?","M","?","?","?","R","BOSS","R","$","E","BOSS"],"items_purchased_type":["Relic","Relic","Relic","Potion","Card"],"build_version":"2020-12-22","purchased_purges":2,"victory":true,"max_hp_per_floor":[80,80,80,80,80,80,80,80,80,80,80,80,80,80,80,80,80,80,80,80,80,80,80,80,82,82,82,82,84,84,86,86,88,88,88,88,88,88,88,88,88,88,88,88,88,88,88,88,88,88,88,88,88,88,88],"card_choices":[{"not_picked":["Wild Strike","Clash"],"picked":"Shockwave","floor":1.0},{"not_picked":["AT_IchimonjiDouble","Clash"],"picked":"AT_BodySlamDance","floor":3.0},{"not_picked":["AT_DrawKnifeCut","Heavy Blade","Thunderclap"],"picked":"SKIP","floor":6.0},{"not_picked":["Reckless Charge","Clothesline","Bludgeon"],"picked":"SKIP","floor":8.0},{"not_picked":["Thunderclap","Clash"],"picked":"Power Through","floor":10.0},{"not_picked":["Iron Wave","Anger"],"picked":"AT_GerminateFire","floor":11.0},{"not_picked":["Pommel Strike","Twin Strike"],"picked":"Immolate","floor":13.0},{"not_picked":["Blood for Blood","Perfected Strike","Sword Boomerang"],"picked":"SKIP","floor":14.0},{"not_picked":["Double Tap","Feed"],"picked":"Offering","floor":16.0},{"not_picked":["Wild Strike","Body Slam"],"picked":"Burning Pact","floor":18.0},{"not_picked":["Twin Strike","Spot Weakness+1"],"picked":"AT_BodySlamDance","floor":20.0},{"not_picked":["Headbutt","Body Slam","Thunderclap+1"],"picked":"SKIP","floor":21.0},{"not_picked":["Flame Barrier","Headbutt"],"picked":"Berserk","floor":22.0},{"not_picked":["Headbutt","Rampage+1"],"picked":"Bloodletting+1","floor":23},{"not_picked":["Burning Pact","Twin Strike","Clash"],"picked":"Singing Bowl","floor":25},{"not_picked":["Headbutt","Flex","Combust"],"picked":"Singing Bowl","floor":29},{"not_picked":["Anger","Spot Weakness","Body Slam+1"],"picked":"Singing Bowl","floor":31},{"not_picked":["Impervious","Feed","Bludgeon"],"picked":"Singing Bowl","floor":33},{"not_picked":["Clothesline+1","Cleave"],"picked":"Dual Wield+1","floor":35},{"not_picked":["Swift Strike","Dramatic Entrance"],"picked":"Madness","floor":36},{"not_picked":["PanicButton","Good Instincts"],"picked":"Impatience","floor":36},{"not_picked":["Jack Of All Trades","Forethought"],"picked":"Finesse","floor":36},{"not_picked":["Thunderclap","True Grit+1"],"picked":"Metallicize+1","floor":37},{"not_picked":["Shrug It Off+1","Iron Wave"],"picked":"Whirlwind+1","floor":39},{"not_picked":["Perfected Strike","Leap"],"picked":"Finesse","floor":44},{"not_picked":["Study+1","JustLucky"],"picked":"AT_KneejerkReflex+1","floor":45},{"not_picked":["EmptyFist+1","Flying Knee"],"picked":"AT_HeatAcrobatics+1","floor":46},{"not_picked":["Sweeping Beam+1","AT_ShadowStep"],"picked":"Warcry+1","floor":47},{"not_picked":["Clothesline","Headbutt+1"],"picked":"AT_DiedThrough+1","floor":54}],"player_experience":232611,"relics_obtained":[{"floor":6.0,"key":"Toy Ornithopter"},{"floor":8.0,"key":"Bottled Flame"},{"floor":9.0,"key":"AT_ArchangelStaff"},{"floor":11.0,"key":"Pantograph"},{"floor":23,"key":"AT_EbonyIvory"},{"floor":25,"key":"Singing Bowl"},{"floor":27,"key":"Eternal Feather"},{"floor":31,"key":"Happy Flower"},{"floor":43,"key":"Frozen Egg 2"},{"floor":43,"key":"Ancient Tea Set"},{"floor":46,"key":"Charon\u0027s Ashes"},{"floor":47,"key":"Gambling Chip"},{"floor":54,"key":"Ginger"},{"floor":54,"key":"AT_SilverBalance"}],"event_choices":[{"damage_healed":0.0,"max_hp_gain":0.0,"max_hp_loss":0.0,"gold_gain":0.0,"event_name":"The Woman in Blue","player_choice":"Bought 0 Potions","floor":2.0,"gold_loss":0.0,"damage_taken":0.0},{"damage_healed":0.0,"max_hp_gain":0.0,"max_hp_loss":0.0,"gold_gain":0.0,"event_name":"Lab","player_choice":"Got Potions","floor":4.0,"gold_loss":0.0,"damage_taken":0.0},{"damage_healed":0.0,"max_hp_gain":0.0,"max_hp_loss":0.0,"gold_gain":0.0,"event_name":"Big Fish","player_choice":"Box","floor":7.0,"gold_loss":0.0,"damage_taken":0.0,"relics_obtained":["Blue Candle"],"cards_obtained":["Regret"]},{"damage_healed":0.0,"max_hp_gain":0.0,"max_hp_loss":0.0,"gold_gain":0.0,"event_name":"Dead Adventurer","player_choice":"Searched \u00272\u0027 times","floor":11.0,"gold_loss":0.0,"damage_taken":0.0},{"damage_healed":0.0,"max_hp_gain":0.0,"max_hp_loss":0.0,"gold_gain":75.0,"event_name":"World of Goop","player_choice":"Gather Gold","floor":12.0,"gold_loss":0.0,"damage_taken":11.0},{"damage_healed":0.0,"max_hp_gain":0.0,"max_hp_loss":0.0,"gold_gain":0.0,"event_name":"Knowing Skull","player_choice":"POTION POTION CARD CARD CARD CARD ","floor":19.0,"potions_obtained":["DistilledChaos","Weak Potion"],"gold_loss":0.0,"damage_taken":49.0,"cards_obtained":["Purity","Dark Shackles","Madness","Deep Breath"]},{"damage_healed":0,"gold_gain":0,"player_choice":"Ignored","damage_taken":0,"max_hp_gain":0,"max_hp_loss":0,"event_name":"Vampires","floor":24,"gold_loss":0},{"cards_removed":["True Grit"],"damage_healed":0,"gold_gain":0,"player_choice":"Elegance","damage_taken":0,"max_hp_gain":0,"max_hp_loss":0,"event_name":"Back to Basics","floor":28,"gold_loss":0},{"damage_healed":0,"gold_gain":0,"player_choice":"Memory 3","damage_taken":10,"max_hp_gain":0,"max_hp_loss":0,"event_name":"SensoryStone","floor":36,"gold_loss":0},{"cards_removed":["Regret"],"damage_healed":0,"gold_gain":0,"player_choice":"Removed Curses","damage_taken":0,"max_hp_gain":0,"max_hp_loss":0,"event_name":"Fountain of Cleansing","floor":41,"gold_loss":0},{"damage_healed":0,"gold_gain":0,"player_choice":"Fight","damage_taken":0,"max_hp_gain":0,"max_hp_loss":0,"event_name":"Mysterious Sphere","floor":46,"gold_loss":0},{"damage_healed":0,"gold_gain":0,"player_choice":"Fight","damage_taken":0,"max_hp_gain":0,"max_hp_loss":0,"event_name":"MindBloom","floor":47,"gold_loss":0},{"damage_healed":0,"gold_gain":0,"player_choice":"Ignored","damage_taken":0,"max_hp_gain":0,"max_hp_loss":0,"event_name":"Tomb of Lord Red Mask","floor":48,"gold_loss":0}],"is_beta":false,"boss_relics":[{"not_picked":["Runic Pyramid","Black Blood"],"picked":"Pandora\u0027s Box"},{"not_picked":["Sozu","Velvet Choker"],"picked":"Black Star"}],"items_purged_floors":[5,38],"is_endless":false,"potions_floor_spawned":[3,6,14,16,22,23,29,31,33,39,45],"ascension_level":1}}