{"host":"8fup84v061vi31le","time":1610094426,"event":{"mods":["Aspiration","BaseMod","Better Match","Better Third Choice","Minty Spire (QoL Compilation)","Shop Mod","Spicy Shops","StSLib"],"gold_per_floor":[119,129,129,6,6,33,33,48,124,140,157,205,205,222,222,324,324,337,350,350,206,225,225,255,275,299,323,335,377,389,401,413,523,535,565,577,607,631,656,701,713,713],"floor_reached":41,"playtime":1880,"items_purged":["Strike_R"],"score":783,"play_id":"9e13221f-c90e-4d7d-9f0a-e04789e9f68f","local_time":"20210108162706","is_ascension_mode":true,"campfire_choices":[{"data":"Adrenaline","floor":7.0,"key":"SMITH"},{"data":"Armaments","floor":13.0,"key":"SMITH"},{"data":"Body Slam","floor":15.0,"key":"SMITH"},{"data":"Flame Barrier","floor":23.0,"key":"SMITH"},{"data":"Ghostly Armor","floor":30,"key":"SMITH"},{"data":"Sentinel","floor":32,"key":"SMITH"}],"circlet_count":0,"master_deck":["Strike_R","Strike_R","Defend_R","Defend_R+1","Defend_R+1","Bash","Body Slam+1","Adrenaline+1","Masterful Stab","Flame Barrier+1","Armaments+1","Barricade+1","Ghostly Armor+1","Sentinel+1","CurseOfTheBell","Wild Strike","Power Through+1","Body Slam","Bloodletting+1"],"relics":["Burning Blood","Ancient Tea Set","Mercury Hourglass","Vajra","aspiration:HummingbirdHeart","Red Skull","Runic Pyramid","Ginger","Meat on the Bone","MawBank","Bronze Scales","Calling Bell","WingedGreaves","War Paint","aspiration:FetidBarrel","Bag of Marbles"],"acts_visited":["Exordium","TheCity","TheBeyond"],"potions_floor_usage":[],"damage_taken":[{"damage":1.0,"enemies":"Cultist","floor":1.0,"turns":4.0},{"damage":13.0,"enemies":"Small Slimes","floor":2.0,"turns":7.0},{"damage":18.0,"enemies":"Gremlin Nob","floor":6.0,"turns":3.0},{"damage":3.0,"enemies":"2 Louse","floor":8.0,"turns":2.0},{"damage":0.0,"enemies":"Blue Slaver","floor":10.0,"turns":2.0},{"damage":6.0,"enemies":"Lots of Slimes","floor":11.0,"turns":3.0},{"damage":0.0,"enemies":"Looter","floor":14.0,"turns":2.0},{"damage":34.0,"enemies":"The Guardian","floor":16.0,"turns":10.0},{"damage":1.0,"enemies":"Shell Parasite","floor":18.0,"turns":5.0},{"damage":1.0,"enemies":"Chosen","floor":19.0,"turns":4.0},{"damage":17.0,"enemies":"Centurion and Healer","floor":22.0,"turns":5.0},{"damage":7.0,"enemies":"Gremlin Leader","floor":24.0,"turns":7.0},{"damage":0,"enemies":"3 Cultists","floor":25,"turns":4},{"damage":13,"enemies":"Snecko","floor":27,"turns":5},{"damage":11,"enemies":"Slavers","floor":29,"turns":6},{"damage":0,"enemies":"Automaton","floor":33,"turns":6},{"damage":0,"enemies":"Orb Walker","floor":35,"turns":4},{"damage":0,"enemies":"3 Shapes","floor":37,"turns":4},{"damage":0,"enemies":"Maw","floor":38,"turns":8},{"damage":15,"enemies":"3 Darklings","floor":39,"turns":7},{"damage":12,"enemies":"Nemesis","floor":40,"turns":6},{"damage":82,"enemies":"Giant Head","floor":41,"turns":8}],"seed_played":"6194300867071290638","potions_obtained":[{"floor":6.0,"key":"FearPotion"},{"floor":10.0,"key":"SteroidPotion"},{"floor":11.0,"key":"Regen Potion"},{"floor":16.0,"key":"Ancient Potion"},{"floor":22.0,"key":"DistilledChaos"},{"floor":27,"key":"DuplicationPotion"}],"is_trial":false,"path_per_floor":["M","M","?","$","?","E","R","M","T","M","M","T","R","M","R","B",null,"M","M","?","$","M","R","E","M","T","M","$","E","R","?","R","B",null,"M","?","M","M","M","E","E"],"character_chosen":"IRONCLAD","items_purchased":["Mercury Hourglass","Ginger"],"campfire_rested":0,"item_purchase_floors":[4,21],"current_hp_per_floor":[77,70,70,70,70,58,58,61,61,67,67,67,67,73,73,45,71,76,80,80,80,69,69,68,74,74,67,67,62,62,62,62,68,77,80,80,80,80,71,65,0,0],"gold":713,"neow_bonus":"RANDOM_COMMON_RELIC","is_daily":false,"chose_seed":false,"campfire_upgraded":6,"win_rate":0.0,"timestamp":1610094426,"path_taken":["M","?","?","$","?","E","R","M","T","M","M","?","R","M","R","BOSS","M","M","?","$","M","R","E","?","T","M","$","E","R","?","R","BOSS","M","?","M","?","M","E","E"],"items_purchased_type":["Relic","Relic"],"build_version":"2020-12-22","purchased_purges":1,"victory":false,"max_hp_per_floor":[80,80,80,80,80,80,80,80,80,80,80,80,80,80,80,80,80,80,80,80,80,80,80,80,80,80,80,80,80,80,80,80,80,80,80,80,80,80,80,80,80,80],"card_choices":[{"not_picked":["Cleave","Entrench","Havoc"],"picked":"SKIP","floor":1.0},{"not_picked":["Anger","Armaments"],"picked":"Body Slam","floor":2.0},{"not_picked":["Perfected Strike","Bludgeon","Flex"],"picked":"SKIP","floor":6.0},{"not_picked":["Twin Strike","Blood for Blood"],"picked":"Flame Barrier","floor":8.0},{"not_picked":["True Grit","Disarm","Hemokinesis"],"picked":"SKIP","floor":10.0},{"not_picked":["Uppercut","Twin Strike"],"picked":"Armaments","floor":11.0},{"not_picked":["Armaments","Whirlwind","Uppercut"],"picked":"SKIP","floor":14.0},{"not_picked":["Limit Break","Demon Form"],"picked":"Barricade","floor":16.0},{"not_picked":["Intimidate","Second Wind+1","Rage"],"picked":"SKIP","floor":18.0},{"not_picked":["Twin Strike","Pommel Strike","Spot Weakness"],"picked":"SKIP","floor":19.0},{"not_picked":["Sentinel","Heavy Blade","Blood for Blood"],"picked":"SKIP","floor":22.0},{"not_picked":["Cleave+1","Hemokinesis","Corruption"],"picked":"SKIP","floor":24.0},{"not_picked":["Cleave","Perfected Strike+1","Uppercut"],"picked":"SKIP","floor":25},{"not_picked":["Armaments","Clash"],"picked":"Ghostly Armor","floor":27},{"not_picked":["Flex","Havoc"],"picked":"Sever Soul","floor":29},{"not_picked":["Infernal Blade","Pommel Strike+1","Iron Wave+1"],"picked":"SKIP","floor":35},{"not_picked":["Sword Boomerang","Heavy Blade","Wild Strike+1"],"picked":"SKIP","floor":37},{"not_picked":["Whirlwind+1","Evolve"],"picked":"Power Through+1","floor":38},{"not_picked":["Rage+1","Flex+1"],"picked":"Body Slam","floor":39},{"not_picked":["Armaments","Clash"],"picked":"Bloodletting+1","floor":40}],"player_experience":150181,"relics_obtained":[{"floor":6.0,"key":"Vajra"},{"floor":9.0,"key":"aspiration:HummingbirdHeart"},{"floor":12.0,"key":"Red Skull"},{"floor":24.0,"key":"Meat on the Bone"},{"floor":26,"key":"MawBank"},{"floor":29,"key":"Bronze Scales"},{"floor":34,"key":"WingedGreaves"},{"floor":34,"key":"War Paint"},{"floor":34,"key":"aspiration:FetidBarrel"},{"floor":40,"key":"Bag of Marbles"}],"event_choices":[{"damage_healed":0.0,"max_hp_gain":0.0,"max_hp_loss":0.0,"gold_gain":0.0,"event_name":"betterThird:BetterSerpent","player_choice":"Ignored","floor":3.0,"gold_loss":0.0,"damage_taken":129.0},{"damage_healed":0.0,"max_hp_gain":0.0,"max_hp_loss":0.0,"gold_gain":0.0,"event_name":"Accursed Blacksmith","player_choice":"Forge","floor":20.0,"gold_loss":0.0,"damage_taken":0.0,"cards_upgraded":["Barricade"]},{"damage_healed":0,"gold_gain":0,"cards_transformed":["Choke","Sever Soul"],"player_choice":"Became Test Subject","damage_taken":0,"max_hp_gain":0,"max_hp_loss":0,"event_name":"Drug Dealer","floor":31,"gold_loss":0,"cards_obtained":["Pummel","Sentinel"]},{"damage_healed":0,"gold_gain":0,"cards_transformed":["Pummel"],"player_choice":"Transformed","damage_taken":0,"max_hp_gain":0,"max_hp_loss":0,"event_name":"Transmorgrifier","floor":36,"gold_loss":0,"cards_obtained":["Wild Strike"]}],"is_beta":false,"boss_relics":[{"not_picked":["Ectoplasm","aspiration:FutureDiary"],"picked":"Runic Pyramid"},{"not_picked":["Velvet Choker","aspiration:RitualDagger"],"picked":"Calling Bell"}],"items_purged_floors":[21],"is_endless":false,"potions_floor_spawned":[6,10,11,16,18,22,27,29,38],"killed_by":"Giant Head","ascension_level":9}}