{"host":"7eytxr1oawi6r5nr","time":1610122847,"event":{"mods":["BaseMod","Bestiary","Better Third Choice","Curses Come First","Dark Map","Downfall","Gremlin Mod","Hermit","Hubris","Jorbs\u0027s Wanderer Trilogy","Minty Spire (QoL Compilation)","Permanent Neow","Quick Restart","Rare Cards Sparkle","Replay The Spire","Robot Space Explorer","StSLib","The Disciple","The Runesmith"],"gold_per_floor":[117,135,159,177,188,188,223,240,267,283,308,308,308,328,328,432,432,442,442,492,512,531,531,549,422,447,447,447],"floor_reached":27,"playtime":2152,"items_purged":["Hallucinations"],"score":267,"play_id":"bb68a556-b205-4246-abd7-b786bdda3754","local_time":"20210108162047","is_ascension_mode":false,"campfire_choices":[{"data":"Runesmith:CraftFirestone","floor":6,"key":"SMITH"},{"data":"Runesmith:Firestorm","floor":12,"key":"SMITH"},{"data":"Runesmith:Permafrost","floor":15,"key":"SMITH"},{"floor":23,"key":"REST"}],"circlet_count":0,"master_deck":["Runesmith:Strike_RS","Runesmith:Strike_RS","Runesmith:Strike_RS","Runesmith:Strike_RS","Runesmith:Defend_RS","Runesmith:Defend_RS","Runesmith:Defend_RS","Runesmith:Defend_RS","Runesmith:CraftFirestone+1","Runesmith:Fortify","Runesmith:CraftReservo","Runesmith:GoWithTheFlow","Runesmith:HammerThrow","Runesmith:CraftMagma","Runesmith:EarthShield","Runesmith:Firestorm+1","Runesmith:GrandSlam","Runesmith:DoubleUp","Runesmith:Permafrost+1","Runesmith:FissionHammer","CurseOfTheBell","Runesmith:CraftProtectio","Runesmith:Attraction+1","Runesmith:LithiumIon"],"relics":["Runesmith:BrokenRuby","NeowsBlessing","hubris:CuriousFeather","ReplayTheSpireMod:TigerMarble","Bag of Marbles","Odd Mushroom","Calling Bell","Smiling Mask","Pear","Counterbalance","Ring of Panic","ReplayTheSpireMod:Ring of Addiction","White Beast Statue","Potion Belt","Dream Catcher"],"acts_visited":["Exordium","TheCity"],"potions_floor_usage":[11,21,22,24],"damage_taken":[{"damage":0,"enemies":"Cultist","floor":1,"turns":1},{"damage":0,"enemies":"Jaw Worm","floor":2,"turns":1},{"damage":0,"enemies":"2 Louse","floor":4,"turns":1},{"damage":4,"enemies":"Large Slime","floor":5,"turns":6},{"damage":18,"enemies":"Lagavulin","floor":7,"turns":7},{"damage":0,"enemies":"Blue Slaver","floor":8,"turns":4},{"damage":0,"enemies":"2 Fungi Beasts","floor":10,"turns":3},{"damage":15,"enemies":"The Mushroom Lair","floor":11,"turns":4},{"damage":0,"enemies":"Gremlin Gang","floor":14,"turns":3},{"damage":0,"enemies":"Fading Forest","floor":16,"turns":11},{"damage":0,"enemies":"Chosen","floor":18,"turns":4},{"damage":14,"enemies":"2 Thieves","floor":21,"turns":3},{"damage":33,"enemies":"Centurion and Healer","floor":22,"turns":8},{"damage":20,"enemies":"Cultist and Chosen","floor":24,"turns":6},{"damage":38,"enemies":"Slavers","floor":27,"turns":2}],"seed_played":"-2641572282333798378","potions_obtained":[{"floor":1,"key":"Weak Potion"},{"floor":2,"key":"ColorlessPotion"},{"floor":4,"key":"Strength Potion"},{"floor":8,"key":"SteroidPotion"},{"floor":11,"key":"Swift Potion"},{"floor":19,"key":"Energy Potion"},{"floor":19,"key":"Milkshake"},{"floor":19,"key":"Death Potion"},{"floor":21,"key":"AttackPotion"},{"floor":22,"key":"GamblersBrew"},{"floor":24,"key":"champ:CounterPotion"}],"is_trial":false,"path_per_floor":["M","M","?","M","M","R","E","M","T","M","?","R","?","M","R","B",null,"M","?","?","M","M","R","M","$","T","E"],"character_chosen":"RUNESMITH_CLASS","items_purchased":["Runesmith:LithiumIon"],"campfire_rested":1,"item_purchase_floors":[25],"current_hp_per_floor":[70,70,70,70,66,66,48,48,48,48,33,33,33,33,33,43,80,80,80,80,66,33,57,37,37,37,0,0],"gold":447,"neow_bonus":"THREE_ENEMY_KILL","is_daily":false,"chose_seed":false,"campfire_upgraded":3,"win_rate":0.0,"timestamp":1610122847,"path_taken":["M","M","?","?","M","R","E","M","T","M","?","R","?","M","R","BOSS","M","?","?","M","?","R","M","$","T","E"],"items_purchased_type":["Card"],"build_version":"2020-12-22","purchased_purges":1,"victory":false,"max_hp_per_floor":[70,70,70,70,70,70,70,70,70,70,70,70,70,70,70,70,80,80,80,80,80,80,80,80,80,80,80,80],"card_choices":[{"not_picked":["Runesmith:PoweredAnvil","Runesmith:Repurpose"],"picked":"Runesmith:CraftReservo","floor":1},{"not_picked":["Runesmith:Grindstone","Runesmith:Overpower"],"picked":"Runesmith:GoWithTheFlow","floor":2},{"not_picked":["Runesmith:Overpower","Runesmith:ShiftingStrike"],"picked":"Runesmith:HammerThrow","floor":3},{"not_picked":["Runesmith:Grindstone","Runesmith:FieryHammer"],"picked":"Runesmith:CraftMagma","floor":4},{"not_picked":["Runesmith:EnergizedChisel","Runesmith:Electrocute","Runesmith:CraftMagma"],"picked":"SKIP","floor":5},{"not_picked":["Runesmith:HeatExchange","Runesmith:Grindstone"],"picked":"Runesmith:EarthShield","floor":7},{"not_picked":["Runesmith:OneForEveryone","Runesmith:ChiselStab"],"picked":"Runesmith:Firestorm","floor":8},{"not_picked":["Runesmith:RuneHurl","Runesmith:HammerThrow"],"picked":"Runesmith:GrandSlam","floor":10},{"not_picked":["Runesmith:RunicBlueprint","Runesmith:Retool"],"picked":"Runesmith:DoubleUp","floor":11},{"not_picked":["Runesmith:StaticCage","Runesmith:UnstableHammer"],"picked":"Runesmith:Permafrost","floor":14},{"not_picked":["Runesmith:UnlimitedPower","Runesmith:DuctTape"],"picked":"Runesmith:FissionHammer","floor":16},{"not_picked":["Runesmith:WhiteBalance","Runesmith:NegativeSpace"],"picked":"Runesmith:CraftProtectio","floor":18},{"not_picked":["Runesmith:Repurpose+1","Runesmith:StaticCage+1","Runesmith:CraftMagma"],"picked":"SKIP","floor":21},{"not_picked":["Runesmith:RuneHurl","Runesmith:Repurpose","Runesmith:EarthShield"],"picked":"SKIP","floor":22},{"not_picked":["Runesmith:CraftMagma","Runesmith:Malloc+1"],"picked":"Runesmith:Attraction+1","floor":24}],"player_experience":141761,"relics_obtained":[{"floor":3,"key":"hubris:CuriousFeather"},{"floor":7,"key":"ReplayTheSpireMod:TigerMarble"},{"floor":9,"key":"Bag of Marbles"},{"floor":11,"key":"Odd Mushroom"},{"floor":17,"key":"Smiling Mask"},{"floor":17,"key":"Pear"},{"floor":17,"key":"Counterbalance"},{"floor":19,"key":"Ring of Panic"},{"floor":19,"key":"ReplayTheSpireMod:Ring of Addiction"},{"floor":19,"key":"White Beast Statue"},{"floor":19,"key":"Potion Belt"},{"floor":26,"key":"Dream Catcher"}],"event_choices":[{"damage_healed":0,"gold_gain":0,"player_choice":"Fought Mushrooms","damage_taken":0,"max_hp_gain":0,"max_hp_loss":0,"event_name":"Mushrooms","floor":11,"gold_loss":0},{"damage_healed":0,"gold_gain":0,"player_choice":"Ignored","damage_taken":308,"max_hp_gain":0,"max_hp_loss":0,"event_name":"betterThird:BetterSerpent","floor":13,"gold_loss":0},{"damage_healed":0,"gold_gain":100,"player_choice":"Bet on Murderer","damage_taken":0,"max_hp_gain":0,"max_hp_loss":0,"event_name":"The Joust","floor":20,"gold_loss":50}],"is_beta":false,"boss_relics":[{"not_picked":["Black Star","Busted Crown"],"picked":"Calling Bell"}],"items_purged_floors":[25],"is_endless":false,"potions_floor_spawned":[1,2,4,8,11,21,22,24],"killed_by":"Slavers","ascension_level":0}}