{"host":"nukjzc0ca34w6eem","time":1610089821,"event":{"mods":["2.2 Compatiblity","AchievementEnabler","BaseMod","Colored Powertips","Downfall","Minty Spire (QoL Compilation)","StSLib"],"gold_per_floor":[99,114,130,142,160,195,195,213,213,224,63,63,63,63],"floor_reached":12,"playtime":1432,"items_purged":["Slimebound:Strike_Slimebound"],"score":127,"play_id":"d12cf86f-9500-46dc-a0fc-b3bbf3ab34ae","local_time":"20210107231021","is_ascension_mode":true,"campfire_choices":[{"data":"Slimebound:Split","floor":1,"key":"SMITH"},{"floor":9,"key":"REST"}],"circlet_count":0,"master_deck":["AscendersBane","Slimebound:Strike_Slimebound","Slimebound:Strike_Slimebound","Slimebound:Tackle","Slimebound:Defend_Slimebound","Slimebound:Defend_Slimebound","Slimebound:Defend_Slimebound","Slimebound:Defend_Slimebound","Slimebound:Split+1","Slimebound:CorrosiveSpit","Slimebound:SplitMire","Slimebound:ComboTackle","Slimebound:FinishingTackle","Slimebound:PressTheAttack","Slimebound:Gluttony","Slimebound:CheckThePlaybook","Slimebound:GrowthPunch","Slimebound:SlimeSpikes","Slimebound:LevelUp"],"relics":["Slimebound:AbsorbEndCombat","Matryoshka","Ancient Tea Set","Pantograph"],"acts_visited":["Exordium"],"potions_floor_usage":[6,12],"damage_taken":[{"damage":19,"enemies":"Small Slimes","floor":2,"turns":4},{"damage":13,"enemies":"Cultist","floor":3,"turns":3},{"damage":24,"enemies":"Jaw Worm","floor":4,"turns":3},{"damage":15,"enemies":"Large Slime","floor":5,"turns":5},{"damage":50,"enemies":"Lagavulin","floor":6,"turns":5},{"damage":15,"enemies":"Blue Slaver","floor":8,"turns":3},{"damage":26,"enemies":"Gremlin Gang","floor":10,"turns":3},{"damage":23,"enemies":"downfall:FleeingMerchant","floor":11,"turns":4},{"damage":25,"enemies":"Gremlin Nob","floor":12,"turns":4}],"seed_played":"2216345620475377253","potions_obtained":[{"floor":4,"key":"PowerPotion"},{"floor":6,"key":"sneckomod:MuddlingPotion"}],"is_trial":false,"path_per_floor":["R","M","M","M","M","E","T","M","R","M","$","E"],"character_chosen":"SLIMEBOUND","items_purchased":["Slimebound:LevelUp"],"campfire_rested":1,"item_purchase_floors":[11],"current_hp_per_floor":[54,51,52,46,51,19,19,18,36,26,23,8,8,8],"gold":63,"neow_bonus":"THREE_CARDS","is_daily":false,"chose_seed":false,"campfire_upgraded":1,"win_rate":0.0,"timestamp":1610089821,"path_taken":["R","M","M","M","M","E","T","M","R","M","$","E"],"items_purchased_type":["Card"],"build_version":"2020-12-22","purchased_purges":1,"victory":false,"max_hp_per_floor":[60,60,60,60,60,60,60,60,60,60,60,60,60,60],"card_choices":[{"not_picked":["Slimebound:Schlurp","Slimebound:ViciousTackle"],"picked":"Slimebound:SplitMire","floor":0},{"not_picked":["Slimebound:GoopSpray","Slimebound:LeechingTouch"],"picked":"Slimebound:ComboTackle","floor":2},{"not_picked":["Slimebound:ViciousTackle","Slimebound:LeechEnergy"],"picked":"Slimebound:FinishingTackle","floor":3},{"not_picked":["Slimebound:Repurpose","Slimebound:GoopSpray"],"picked":"Slimebound:PressTheAttack","floor":4},{"not_picked":["Slimebound:LeechEnergy","Slimebound:LeechingTouch"],"picked":"Slimebound:Gluttony","floor":5},{"not_picked":["Slimebound:Repurpose","Slimebound:GoopTackle"],"picked":"Slimebound:CheckThePlaybook","floor":6},{"not_picked":["Slimebound:ProtectTheBoss","Slimebound:ViciousTackle"],"picked":"Slimebound:GrowthPunch","floor":8},{"not_picked":["Slimebound:ViciousTackle","Slimebound:LeechingTouch","Slimebound:LeechEnergy"],"picked":"SKIP","floor":10},{"not_picked":["Slimebound:HauntingLick","Slimebound:LeechEnergy"],"picked":"Slimebound:SlimeSpikes","floor":11}],"player_experience":514433,"relics_obtained":[{"floor":6,"key":"Matryoshka"},{"floor":7,"key":"Ancient Tea Set"},{"floor":7,"key":"Pantograph"}],"event_choices":[],"is_beta":false,"boss_relics":[],"items_purged_floors":[11],"is_endless":false,"potions_floor_spawned":[4,6],"killed_by":"Gremlin Nob","ascension_level":11}}