{"host":"3jjxuhjpio8e4zkv","time":1610082074,"event":{"mods":["BaseMod","Colored Map","Highlight Path","Minty Spire (QoL Compilation)","Permanent Neow","Relic Stats","StSLib"],"gold_per_floor":[115,126,144,158,31,57,57,84,84,104,114,132,147,147,147,147,147],"floor_reached":16,"playtime":797,"items_purged":["Strike_G"],"score":232,"play_id":"961caef9-e725-4257-85b4-fdb9eedd6637","local_time":"20210108000114","is_ascension_mode":true,"campfire_choices":[{"data":"Masterful Stab","floor":7,"key":"SMITH"},{"floor":15,"key":"REST"}],"circlet_count":0,"master_deck":["AscendersBane","Strike_G","Strike_G","Strike_G","Defend_G","Defend_G","Defend_G","Defend_G","Defend_G","Survivor","Neutralize","Prepared","Sucker Punch","Backflip","Underhanded Strike","Masterful Stab+1","Acrobatics","Dagger Spray","Acrobatics","Blade Dance","Dagger Spray","Tactician"],"relics":["Ring of the Snake","Vajra","Boot","Matryoshka"],"acts_visited":["Exordium"],"potions_floor_usage":[6,8,16],"damage_taken":[{"damage":0,"enemies":"Cultist","floor":1,"turns":5},{"damage":9,"enemies":"Jaw Worm","floor":2,"turns":6},{"damage":5,"enemies":"Small Slimes","floor":3,"turns":4},{"damage":2,"enemies":"Exordium Thugs","floor":4,"turns":5},{"damage":24,"enemies":"3 Sentries","floor":6,"turns":12},{"damage":1,"enemies":"Gremlin Nob","floor":8,"turns":4},{"damage":5,"enemies":"Red Slaver","floor":10,"turns":2},{"damage":2,"enemies":"Exordium Wildlife","floor":11,"turns":4},{"damage":0,"enemies":"2 Fungi Beasts","floor":12,"turns":2},{"damage":0,"enemies":"Blue Slaver","floor":13,"turns":1},{"damage":27,"enemies":"The Guardian","floor":16,"turns":12}],"seed_played":"3274694727034861252","potions_obtained":[{"floor":3,"key":"SkillPotion"},{"floor":4,"key":"GhostInAJar"},{"floor":10,"key":"Explosive Potion"}],"is_trial":false,"path_per_floor":["M","M","M","M","$","E","R","E","T","M","M","M","M","?","R","B"],"character_chosen":"THE_SILENT","items_purchased":["Acrobatics"],"campfire_rested":1,"item_purchase_floors":[5],"current_hp_per_floor":[59,50,45,43,43,19,19,18,18,13,11,11,11,4,23,0,0],"gold":147,"neow_bonus":"THREE_CARDS","is_daily":false,"chose_seed":false,"campfire_upgraded":1,"win_rate":0.0,"timestamp":1610082074,"path_taken":["M","M","?","M","$","E","R","E","T","M","M","M","M","?","R","BOSS"],"items_purchased_type":["Card"],"build_version":"2020-12-22","purchased_purges":1,"victory":false,"max_hp_per_floor":[66,66,66,66,66,66,66,66,66,66,66,66,66,66,66,66,66],"relic_stats":{"counters":[11,57],"Boot":[10],"obtain_stats":[{"Matryoshka":9,"Vajra":6,"Boot":8,"Ring of the Snake":0},{"Matryoshka":6,"Vajra":5,"Boot":6,"Ring of the Snake":0},{"Matryoshka":36,"Vajra":32,"Boot":36,"Ring of the Snake":0}],"Ring of the Snake":[22]},"card_choices":[{"not_picked":["Quick Slash","Underhanded Strike"],"picked":"Prepared","floor":0},{"not_picked":["Acrobatics","Dodge and Roll"],"picked":"Sucker Punch","floor":1},{"not_picked":["Prepared","Escape Plan"],"picked":"Backflip","floor":2},{"not_picked":["Backflip","Bane"],"picked":"Underhanded Strike","floor":3},{"not_picked":["Underhanded Strike","Infinite Blades"],"picked":"Masterful Stab","floor":4},{"not_picked":["Underhanded Strike","Burst"],"picked":"Dagger Spray","floor":6},{"not_picked":["Finisher","Flying Knee"],"picked":"Acrobatics","floor":8},{"not_picked":["Masterful Stab","Outmaneuver","Choke"],"picked":"SKIP","floor":10},{"not_picked":["Deflect","Poisoned Stab"],"picked":"Blade Dance","floor":11},{"not_picked":["Underhanded Strike","Dagger Throw"],"picked":"Dagger Spray","floor":12},{"not_picked":["Backflip","Predator"],"picked":"Tactician","floor":13}],"player_experience":1180517,"relics_obtained":[{"floor":6,"key":"Vajra"},{"floor":8,"key":"Boot"},{"floor":9,"key":"Matryoshka"}],"event_choices":[{"cards_removed":["Strike_G"],"damage_healed":0,"gold_gain":0,"player_choice":"Card Removal","damage_taken":7,"max_hp_gain":0,"max_hp_loss":0,"event_name":"Golden Wing","floor":14,"gold_loss":0}],"is_beta":false,"boss_relics":[],"items_purged_floors":[5],"is_endless":false,"potions_floor_spawned":[3,4,10],"killed_by":"The Guardian","ascension_level":20}}