{"host":"poixavpewvabi3b6","time":1610137862,"event":{"mods":["BaseMod","DeckTracker","Minty Spire (QoL Compilation)","Replay The Spire","StSLib"],"gold_per_floor":[110,123,133,151,8,8,27,27,75,88,102,117,117,117,117,213,213,229,244,294,307,115,115,144,144,144,144,154,154,154,168,168,273,273,290,302,159,159,159,159],"floor_reached":39,"playtime":1722,"items_purged":["Strike_B","Strike_B","Injury"],"score":545,"play_id":"9de40695-15c7-4c79-9fec-c45f37a6877d","local_time":"20210109053102","is_ascension_mode":false,"campfire_choices":[{"data":"ReplayTheSpireMod:Omega Cannon","floor":6.0,"key":"SMITH"},{"floor":13.0,"key":"REST"},{"data":"ReplayTheSpireMod:System Scan","floor":15.0,"key":"SMITH"},{"floor":23.0,"key":"REST"},{"floor":25.0,"key":"REST"},{"data":"Dualcast","floor":30.0,"key":"SMITH"},{"floor":32.0,"key":"REST"}],"circlet_count":0,"master_deck":["Strike_B","Strike_B","Defend_B","Defend_B","Defend_B","Defend_B","Zap","Dualcast+1","ReplayTheSpireMod:Omega Cannon+1","Tempest","Gash","ReplaySort","ReplayTheSpireMod:System Scan+1","Go for the Eyes","Auto Shields","Shame","Recycle","Go for the Eyes"],"relics":["Cracked Core","Replay:WaspNest","Bronze Scales","Meat on the Bone","SacredBark","ReplayTheSpireMod:CursedCoin","Art of War","Darkstone Periapt","Tiny Chest","Kunai","ChewingGum","HandDrill"],"acts_visited":["Exordium","TheCity","TheBeyond"],"potions_floor_usage":[39],"damage_taken":[{"damage":1.0,"enemies":"Cultist","floor":1.0,"turns":3.0},{"damage":7.0,"enemies":"2 Louse","floor":2.0,"turns":2.0},{"damage":1.0,"enemies":"Jaw Worm","floor":3.0,"turns":2.0},{"damage":2.0,"enemies":"Blue Slaver","floor":4.0,"turns":2.0},{"damage":0.0,"enemies":"Exordium Wildlife","floor":7.0,"turns":1.0},{"damage":10.0,"enemies":"Looter","floor":10.0,"turns":2.0},{"damage":9.0,"enemies":"Red Slaver","floor":11.0,"turns":3.0},{"damage":7.0,"enemies":"2 Fungi Beasts","floor":12.0,"turns":2.0},{"damage":27.0,"enemies":"The Guardian","floor":16.0,"turns":7.0},{"damage":21.0,"enemies":"Chosen","floor":18.0,"turns":5.0},{"damage":20.0,"enemies":"2 Thieves","floor":19.0,"turns":2.0},{"damage":29.0,"enemies":"Centurion and Healer","floor":21.0,"turns":8.0},{"damage":20.0,"enemies":"Replay:Snechameleon","floor":24.0,"turns":5.0},{"damage":31.0,"enemies":"Snake Plant","floor":28.0,"turns":3.0},{"damage":12.0,"enemies":"3 Cultists","floor":31.0,"turns":4.0},{"damage":20.0,"enemies":"Pondfish","floor":33.0,"turns":10.0},{"damage":29.0,"enemies":"3 Darklings","floor":35.0,"turns":4.0},{"damage":28,"enemies":"Orb Walker","floor":36,"turns":5},{"damage":80,"enemies":"Spire Growth","floor":39,"turns":6}],"seed_played":"9195547175471579190","potions_obtained":[{"floor":1.0,"key":"Fire Potion"},{"floor":2.0,"key":"Strength Potion"},{"floor":3.0,"key":"Weak Potion"},{"floor":7.0,"key":"Milkshake"},{"floor":19.0,"key":"EssenceOfDarkness"},{"floor":28.0,"key":"Ancient Potion"},{"floor":31.0,"key":"SteroidPotion"},{"floor":33.0,"key":"Weak Potion"}],"is_trial":false,"path_per_floor":["M","M","M","M","$","R","M","?","T","M","M","M","R","T","R","B",null,"M","M","$","M","$","R","E","R","T","?","M","?","R","M","R","B",null,"M","M","$","?","M"],"character_chosen":"DEFECT","items_purchased":["ReplayTheSpireMod:System Scan","ReplayTheSpireMod:CursedCoin","Auto Shields","HandDrill"],"campfire_rested":4,"item_purchase_floors":[5,20,22,37],"current_hp_per_floor":[74,67,66,64,64,64,64,64,64,54,45,38,60,60,60,45,75,54,46,46,29,29,51,43,65,65,65,46,52,52,52,76,56,81,52,36,36,71,0,0],"gold":159,"neow_bonus":"ONE_RANDOM_RARE_CARD","is_daily":false,"chose_seed":false,"campfire_upgraded":3,"win_rate":0.0,"timestamp":1610137862,"path_taken":["M","?","M","?","$","R","?","?","T","?","M","M","R","?","R","BOSS","M","M","$","M","$","R","E","R","T","?","M","?","R","M","R","BOSS","M","M","$","?","M"],"items_purchased_type":["Card","Relic","Card","Relic"],"build_version":"2020-12-22","purchased_purges":3,"victory":false,"max_hp_per_floor":[75,75,75,75,75,75,75,75,75,75,75,75,75,75,75,75,75,75,75,75,75,75,75,75,75,75,75,75,81,81,81,81,81,81,81,81,81,71,71,71],"card_choices":[{"not_picked":["Turbo","Panic Button"],"picked":"Tempest","floor":1.0},{"not_picked":["Streamline","Go for the Eyes"],"picked":"Gash","floor":2.0},{"not_picked":["Panic Button","Compile Driver"],"picked":"ReplaySort","floor":3.0},{"not_picked":["Coolheaded","Static Discharge","Fission"],"picked":"SKIP","floor":4.0},{"not_picked":["Panic Button","Ball Lightning","ReplayGash"],"picked":"SKIP","floor":7.0},{"not_picked":["Cold Snap","ReplayTheSpireMod:Reroute Power"],"picked":"Go for the Eyes","floor":10.0},{"not_picked":["Sweeping Beam","Leap","Redo"],"picked":"SKIP","floor":11.0},{"not_picked":["ReplayTheSpireMod:Reroute Power","Panic Button","Redo"],"picked":"SKIP","floor":12.0},{"not_picked":["Glacier+1","ReplaySort","BasicCrystalCard"],"picked":"SKIP","floor":18.0},{"not_picked":["Streamline+1","Sweeping Beam+1","Defragment+1"],"picked":"SKIP","floor":19.0},{"not_picked":["Panic Button+1","Conserve Battery+1","Genetic Algorithm+1"],"picked":"SKIP","floor":21.0},{"not_picked":["Beam Cell","Coolheaded","Undo"],"picked":"SKIP","floor":24.0},{"not_picked":["Glacier","Go for the Eyes","Conserve Battery+1"],"picked":"SKIP","floor":28.0},{"not_picked":["Defragment","FIFO Queue","Self Repair"],"picked":"SKIP","floor":31.0},{"not_picked":["Compile Driver+1","Redo"],"picked":"Recycle","floor":35.0},{"not_picked":["ReplaySolidLightProjector","Panic Button+1"],"picked":"Go for the Eyes","floor":36}],"player_experience":139498,"relics_obtained":[{"floor":9.0,"key":"Bronze Scales"},{"floor":14.0,"key":"Meat on the Bone"},{"floor":24.0,"key":"Art of War"},{"floor":26.0,"key":"Darkstone Periapt"}],"event_choices":[{"damage_healed":0.0,"max_hp_gain":0.0,"max_hp_loss":0.0,"gold_gain":0.0,"event_name":"WeMeetAgain","player_choice":"Gave Potion","floor":8.0,"gold_loss":0.0,"damage_taken":0.0,"relics_obtained":["Replay:WaspNest"]},{"damage_healed":0.0,"max_hp_gain":0.0,"max_hp_loss":0.0,"gold_gain":0.0,"event_name":"Addict","player_choice":"Stole Relic","floor":29.0,"gold_loss":0.0,"damage_taken":0.0,"relics_obtained":["Kunai"],"cards_obtained":["Shame"]},{"damage_healed":71,"gold_gain":0,"player_choice":"Heal","damage_taken":0,"max_hp_gain":0,"max_hp_loss":10,"event_name":"The Moai Head","floor":38,"gold_loss":0}],"is_beta":false,"boss_relics":[{"not_picked":["Abe\u0027s Treasure","Velvet Choker"],"picked":"SacredBark"},{"not_picked":["Philosopher\u0027s Stone","Pandora\u0027s Box"],"picked":"ChewingGum"}],"items_purged_floors":[5,20,22],"is_endless":false,"potions_floor_spawned":[1,2,3,7,19,28,31,33],"killed_by":"Spire Growth","ascension_level":0}}