{"host":"wj90f2q0h2omert0","time":1610139142,"event":{"mods":["BaseMod","Beaked The Cultist","Better Third Choice","ChefMod","Clawfect","Colored Map","DeckTracker","Downfall","Hubris","JesterMod","Minty Spire (QoL Compilation)","Relic Stats","Robot Space Explorer","Shade Mod","StSLib","The Blackbeard","The Caster","The Dragon Tamer","The Druid"],"gold_per_floor":[99,115,215,235,29,14,14,26,26,126,144,160,160,179,197,298,598,598,618,718,734,734,734,734,734,734,734],"floor_reached":25,"playtime":5073,"items_purged":["hexamod:Strike"],"score":193,"play_id":"e7143a9c-801a-4343-9b6a-82b4dadaa9a3","local_time":"20210108155222","is_ascension_mode":false,"campfire_choices":[{"data":"hexamod:Sear","floor":1,"key":"SMITH"},{"data":"hexamod:Float","floor":9,"key":"SMITH"},{"floor":13,"key":"REST"},{"data":"hexamod:GhostflameInferno","floor":18,"key":"SMITH"},{"floor":23,"key":"REST"}],"circlet_count":0,"master_deck":["hexamod:Defend","hexamod:Defend","hexamod:Defend","hexamod:Sear+1","hexamod:Float+1","hexamod:GhostflameBarrier+1","hexamod:ExtraCrispy","hexamod:PowerFromBeyond","hexamod:HeatShield","hexamod:ExtraCrispy","hexamod:CrushingStance","hexamod:CatchUp","hexamod:PowerFromBeyond","hexamod:EtherealExpedition","hexamod:DynamicBlow","hexamod:RadiantFlame","hexamod:GhostflameInferno+1","CurseOfTheBell","hexamod:Firestarter+1","hexamod:ShieldOfDarkness","hexamod:Again","J.A.X.","hexamod:PhantomFireball+1","hexamod:NecessarySacrifice"],"relics":["hexamod:SpiritBrand","hubris:FunFungus","Membership Card","hubris:SphereOfDissonance","Calling Bell","Nunchaku","Kunai","Old Coin","MutagenicStrength","Calipers","Letter Opener"],"acts_visited":["Exordium","TheCity"],"potions_floor_usage":[10,11,20,20,21],"damage_taken":[{"damage":0,"enemies":"Cultist","floor":2,"turns":3},{"damage":0,"enemies":"Small Slimes","floor":4,"turns":3},{"damage":0,"enemies":"downfall:FleeingMerchant","floor":5,"turns":4},{"damage":0,"enemies":"downfall:FleeingMerchant","floor":6,"turns":4},{"damage":6,"enemies":"Jaw Worm","floor":8,"turns":3},{"damage":35,"enemies":"downfall:Heads","floor":10,"turns":8},{"damage":8,"enemies":"Blue Slaver","floor":11,"turns":5},{"damage":0,"enemies":"Exordium Wildlife","floor":12,"turns":7},{"damage":1,"enemies":"Large Slime","floor":14,"turns":7},{"damage":1,"enemies":"2 Fungi Beasts","floor":15,"turns":5},{"damage":3,"enemies":"downfall:Watcher","floor":16,"turns":11},{"damage":14,"enemies":"Chosen","floor":19,"turns":4},{"damage":21,"enemies":"downfall:Augmenter","floor":20,"turns":7},{"damage":29,"enemies":"Sentry and Sphere","floor":21,"turns":8},{"damage":48,"enemies":"Cultist and Chosen","floor":25,"turns":6}],"seed_played":"2562729750209250799","potions_obtained":[{"floor":2,"key":"ColorlessPotion"},{"floor":4,"key":"AttackPotion"},{"floor":12,"key":"Guardian:BlockOnCardUsePotion"},{"floor":14,"key":"Regen Potion"},{"floor":16,"key":"Ancient Potion"},{"floor":19,"key":"Guardian:BlockOnCardUsePotion"},{"floor":20,"key":"SteroidPotion"}],"is_trial":false,"path_per_floor":["R","M","?","M","$","$","T","M","R","?","M","M","R","M","M","B",null,"R","M","?","M","T","R","T","M"],"character_chosen":"THE_SPIRIT","items_purchased":["Membership Card"],"campfire_rested":2,"item_purchase_floors":[5],"current_hp_per_floor":[63,63,63,63,63,63,63,57,57,22,14,14,32,31,30,27,63,63,50,29,16,16,34,34,0,0,0],"gold":734,"neow_bonus":"ONE_RARE_RELIC","is_daily":false,"chose_seed":false,"campfire_upgraded":3,"win_rate":0.0,"timestamp":1610139142,"path_taken":["R","M","?","?","?","$","T","?","R","?","M","M","R","M","M","BOSS","R","M","?","M","?","R","T","M"],"items_purchased_type":["Relic"],"build_version":"2020-12-22","purchased_purges":1,"victory":false,"max_hp_per_floor":[63,63,63,63,63,63,63,63,63,63,63,63,63,63,63,63,63,63,63,63,63,63,63,63,63,63,63],"relic_stats":{"Nunchaku":[1],"counters":[15,85],"Kunai":[1],"Letter Opener":[20],"obtain_stats":[{"Calling Bell":17,"Nunchaku":17,"Calipers":22,"MutagenicStrength":20,"hubris:SphereOfDissonance":7,"hubris:FunFungus":0,"Membership Card":5,"Kunai":17,"Letter Opener":24,"hexamod:SpiritBrand":0,"Old Coin":17},{"Calling Bell":11,"Nunchaku":11,"Calipers":14,"MutagenicStrength":13,"hubris:SphereOfDissonance":4,"hubris:FunFungus":0,"Membership Card":3,"Kunai":11,"Letter Opener":14,"hexamod:SpiritBrand":0,"Old Coin":11},{"Calling Bell":60,"Nunchaku":60,"Calipers":79,"MutagenicStrength":71,"hubris:SphereOfDissonance":14,"hubris:FunFungus":0,"Membership Card":10,"Kunai":60,"Letter Opener":79,"hexamod:SpiritBrand":0,"Old Coin":60}]},"card_choices":[{"not_picked":["hexamod:DynamicBlow","hexamod:Incineration"],"picked":"hexamod:GhostflameBarrier","floor":2},{"not_picked":["hexamod:GhostShield","hexamod:SwordOfDarkness"],"picked":"hexamod:ExtraCrispy","floor":4},{"not_picked":["hexamod:ShieldOfDarkness","hexamod:FirstSeal"],"picked":"hexamod:PowerFromBeyond","floor":5},{"not_picked":["hexamod:HeatMetal","hexamod:DynamicBlow"],"picked":"hexamod:HeatShield","floor":6},{"not_picked":["hexamod:HeatCrush","hexamod:ShieldOfDarkness"],"picked":"hexamod:ExtraCrispy","floor":8},{"not_picked":["hexamod:EtherealExpedition","hexamod:EmpoweringStance"],"picked":"hexamod:CatchUp","floor":10},{"not_picked":["hexamod:NightmareStrike","hexamod:SecondSeal"],"picked":"hexamod:PowerFromBeyond","floor":11},{"not_picked":["hexamod:HauntingEcho","hexamod:SpectralAdrenaline"],"picked":"hexamod:EtherealExpedition","floor":12},{"not_picked":["hexamod:InspiringFlames","hexamod:ThermalTransfer"],"picked":"hexamod:DynamicBlow","floor":14},{"not_picked":["hexamod:SpectersWail","hexamod:AdvancingGuard"],"picked":"hexamod:RadiantFlame","floor":15},{"not_picked":["hexamod:UnleashSpirits","hexamod:CrushingStance"],"picked":"hexamod:GhostflameInferno","floor":16},{"not_picked":["hexamod:RainOfEmbers","hexamod:SpectersWail"],"picked":"hexamod:Firestarter+1","floor":19},{"not_picked":[],"picked":"J.A.X.","floor":20},{"not_picked":["hexamod:GhostLash","hexamod:SkipABeat+1"],"picked":"hexamod:PhantomFireball+1","floor":20},{"not_picked":["hexamod:Hexaguard","hexamod:FastForward"],"picked":"hexamod:NecessarySacrifice","floor":21}],"player_experience":698819,"relics_obtained":[{"floor":7,"key":"hubris:SphereOfDissonance"},{"floor":17,"key":"Nunchaku"},{"floor":17,"key":"Kunai"},{"floor":17,"key":"Old Coin"},{"floor":20,"key":"MutagenicStrength"},{"floor":22,"key":"Calipers"},{"floor":24,"key":"Letter Opener"}],"event_choices":[],"is_beta":false,"boss_relics":[{"not_picked":["hubris:VirtuousBlindfold","Philosopher\u0027s Stone"],"picked":"Calling Bell"}],"items_purged_floors":[5],"is_endless":false,"potions_floor_spawned":[2,4,12,14,16,19,20],"killed_by":"Cultist and Chosen","ascension_level":0}}