{"host":"6pgtslebjnyv5xmi","time":1610102963,"event":{"mods":["AchievementEnabler","BaseMod","Colored Map","Minty Spire (QoL Compilation)","Rare Cards Sparkle","StSLib","SuperFastMode","The Hierophant","everything is the same but u backflip on backflip"],"gold_per_floor":[361,379,82,82,82,82,110,110,110,110,122,122,136,136,136,210,210,229,229,247,147,147,147,147,147],"floor_reached":24,"playtime":864,"items_purged":["Strike_R","Defend_R"],"score":326,"play_id":"655f3fd2-0d28-4214-94d5-9c88efb38f15","local_time":"20210108194923","is_ascension_mode":true,"campfire_choices":[{"data":"Searing Blow","floor":6.0,"key":"SMITH"},{"data":"Searing Blow+1","floor":8.0,"key":"SMITH"},{"data":"Searing Blow+2","floor":10.0,"key":"SMITH"},{"floor":15.0,"key":"REST"},{"floor":23,"key":"REST"}],"circlet_count":0,"master_deck":["AscendersBane","Strike_R","Strike_R","Defend_R","Defend_R","Defend_R","Bash","Armaments","Searing Blow+3","Battle Trance","Flame Barrier"],"relics":["Burning Blood","HandDrill","Nunchaku","Bag of Marbles","FaceOfCleric"],"acts_visited":["Exordium","TheCity"],"potions_floor_usage":[20,20],"damage_taken":[{"damage":4.0,"enemies":"Small Slimes","floor":1.0,"turns":4.0},{"damage":1.0,"enemies":"Cultist","floor":2.0,"turns":4.0},{"damage":39.0,"enemies":"Lagavulin","floor":7.0,"turns":6.0},{"damage":3.0,"enemies":"2 Louse","floor":11.0,"turns":3.0},{"damage":20.0,"enemies":"Gremlin Gang","floor":13.0,"turns":4.0},{"damage":19.0,"enemies":"Hexaghost","floor":16.0,"turns":10.0},{"damage":34.0,"enemies":"Shell Parasite","floor":18.0,"turns":5.0},{"damage":35,"enemies":"Spheric Guardian","floor":20,"turns":6},{"damage":34,"enemies":"Gremlin Leader","floor":24,"turns":3}],"seed_played":"-2596121540876412690","potions_obtained":[{"floor":1.0,"key":"PowerPotion"},{"floor":2.0,"key":"Dexterity Potion"},{"floor":13.0,"key":"Regen Potion"},{"floor":16.0,"key":"SpeedPotion"},{"floor":18.0,"key":"CultistPotion"}],"is_trial":false,"path_per_floor":["M","M","$","?","$","R","E","R","T","R","M","?","M","?","R","B",null,"M","?","M","$","?","R","E"],"character_chosen":"IRONCLAD","items_purchased":["HandDrill","Battle Trance"],"campfire_rested":2,"item_purchase_floors":[3,3],"current_hp_per_floor":[52,57,57,57,57,57,24,24,24,24,27,27,13,6,28,30,64,36,36,8,8,8,30,0,0],"gold":147,"neow_bonus":"TWO_FIFTY_GOLD","is_daily":false,"chose_seed":false,"campfire_upgraded":3,"win_rate":0.0,"timestamp":1610102963,"path_taken":["M","M","$","?","?","R","E","R","T","R","M","?","?","?","R","BOSS","M","?","M","?","?","R","E"],"items_purchased_type":["Relic","Card"],"build_version":"2020-12-22","purchased_purges":2,"victory":false,"max_hp_per_floor":[75,75,75,75,75,75,75,75,75,75,75,75,75,75,75,75,75,75,75,76,76,76,76,76,76],"card_choices":[{"not_picked":["Uppercut","Warcry"],"picked":"Armaments","floor":1.0},{"not_picked":["Iron Wave","Havoc"],"picked":"Searing Blow","floor":2.0},{"not_picked":["Thunderclap","Iron Wave","Sword Boomerang"],"picked":"SKIP","floor":7.0},{"not_picked":["Hemokinesis","Infernal Blade","Iron Wave"],"picked":"SKIP","floor":11.0},{"not_picked":["Sword Boomerang","Twin Strike"],"picked":"Flame Barrier","floor":13.0},{"not_picked":["Perfected Strike","Battle Trance","Clothesline"],"picked":"SKIP","floor":18.0},{"not_picked":["Burning Pact","Clothesline","Wild Strike"],"picked":"SKIP","floor":20}],"player_experience":906564,"relics_obtained":[{"floor":7.0,"key":"Nunchaku"},{"floor":9.0,"key":"Bag of Marbles"}],"event_choices":[{"damage_healed":0.0,"max_hp_gain":0.0,"max_hp_loss":0.0,"gold_gain":0.0,"event_name":"The Woman in Blue","player_choice":"Bought 0 Potions","floor":4.0,"gold_loss":0.0,"damage_taken":0.0},{"cards_removed":["Strike_R"],"damage_healed":0.0,"max_hp_gain":0.0,"max_hp_loss":0.0,"gold_gain":0.0,"event_name":"Bonfire Elementals","player_choice":"Offered Basic","floor":12.0,"gold_loss":0.0,"damage_taken":0.0},{"cards_removed":["Strike_R"],"damage_healed":0.0,"max_hp_gain":0.0,"max_hp_loss":0.0,"gold_gain":0.0,"event_name":"Golden Wing","player_choice":"Card Removal","floor":14.0,"gold_loss":0.0,"damage_taken":7.0},{"damage_healed":0.0,"max_hp_gain":0.0,"max_hp_loss":0.0,"gold_gain":0.0,"event_name":"FaceTrader","player_choice":"Trade","floor":19.0,"gold_loss":0.0,"damage_taken":0.0,"relics_obtained":["FaceOfCleric"]},{"damage_healed":0,"gold_gain":0,"player_choice":"Ignored","damage_taken":0,"max_hp_gain":0,"max_hp_loss":0,"event_name":"Cursed Tome","floor":22,"gold_loss":0}],"is_beta":false,"boss_relics":[{"not_picked":["Ectoplasm","Snecko Eye","Philosopher\u0027s Stone"]}],"items_purged_floors":[3,21],"is_endless":false,"potions_floor_spawned":[1,2,13,16,18],"killed_by":"Gremlin Leader","ascension_level":14}}