{"host":"v4tuy5ykrbdcm9o9","time":1610077839,"event":{"mods":["BaseMod","Duelist Mod","Minty Spire (QoL Compilation)","Replay The Spire","StSLib"],"gold_per_floor":[116,116,127,7,7,42,63,87,112,180,216,248,291,314,314,419,419,461,37,64,92,136,136,168,168,248,293,293,293,228,276,276,284,284],"floor_reached":33,"playtime":2728,"items_purged":[],"score":440,"play_id":"b4224222-ddfd-4621-8034-0dd577cde625","local_time":"20210107225039","is_ascension_mode":true,"campfire_choices":[{"floor":15,"key":"REST"},{"floor":23,"key":"REST"},{"floor":25,"key":"REST"},{"data":"Buffer","floor":29,"key":"SMITH"},{"floor":32,"key":"REST"}],"circlet_count":0,"master_deck":["Strike_B","Strike_B","Strike_B","Strike_B+1","Defend_B","Defend_B+1","Defend_B","Defend_B","Zap","Dualcast+1","Conserve Battery","Sunder","ReplayTheSpireMod:Omega Cannon","Redo","Tempest","Scrape","FTL","Genetic Algorithm","ReplaySolidLightProjector","Steam","Rip and Tear","Buffer","Steam+1","Coolheaded","Lockon","Panic Button+1","Darkness","All For One","Buffer+1","Sweeping Beam","Storm"],"relics":["Cracked Core","NeowsBlessing","Replay:Bandana","ReplayFunnel","Mummified Hand","Regal Pillow","Bronze Scales","Black Star","ReplayTheSpireMod:Shallot","Peace Pipe","Orichalcum","Quantum Egg","Durian","Ice Cream","Ornamental Fan","Tiny Chest","Bag of Preparation"],"acts_visited":["Exordium","TheCity"],"potions_floor_usage":[11,12,13,13,16,21,24,27,31],"damage_taken":[{"damage":0,"enemies":"Cultist","floor":1,"turns":1},{"damage":0,"enemies":"Small Slimes","floor":3,"turns":1},{"damage":0,"enemies":"Replay:BlueRogue","floor":6,"turns":1},{"damage":2,"enemies":"Jaw Worm","floor":7,"turns":2},{"damage":9,"enemies":"Red Slaver","floor":8,"turns":2},{"damage":4,"enemies":"Gremlin Nob","floor":11,"turns":3},{"damage":0,"enemies":"Gremlin Gang","floor":12,"turns":2},{"damage":20,"enemies":"Lagavulin","floor":13,"turns":5},{"damage":2,"enemies":"Looter","floor":14,"turns":2},{"damage":60,"enemies":"Fading Forest","floor":16,"turns":11},{"damage":0,"enemies":"3 Byrds","floor":18,"turns":4},{"damage":7,"enemies":"Shell Parasite","floor":20,"turns":5},{"damage":12,"enemies":"Snake Plant","floor":21,"turns":4},{"damage":0,"enemies":"Cultist and Chosen","floor":22,"turns":4},{"damage":28,"enemies":"Gremlin Leader","floor":24,"turns":5},{"damage":13,"enemies":"Replay:Snechameleon","floor":27,"turns":3},{"damage":49,"enemies":"Slavers","floor":30,"turns":6},{"damage":0,"enemies":"Centurion and Healer","floor":31,"turns":3},{"damage":72,"enemies":"Collector","floor":33,"turns":13}],"seed_played":"3951324743014724705","potions_obtained":[{"floor":1,"key":"BlessingOfTheForge"},{"floor":6,"key":"Toxic Potion"},{"floor":11,"key":"Explosive Potion"},{"floor":12,"key":"DistilledChaos"},{"floor":14,"key":"Strength Potion"},{"floor":22,"key":"Toxic Potion"},{"floor":24,"key":"SkillPotion"},{"floor":27,"key":"FearPotion"}],"is_trial":false,"path_per_floor":["M","?","M","$","?","E","M","M","T","T","E","M","E","M","R","B",null,"M","$","M","M","M","R","E","R","T","E","?","R","E","M","R","B"],"character_chosen":"DEFECT","items_purchased":["ReplayTheSpireMod:Omega Cannon","Redo","ReplayTheSpireMod:Shallot","Coolheaded","Ancient Potion","Weak Potion"],"campfire_rested":4,"item_purchase_floors":[4,4,19,19,19,19],"current_hp_per_floor":[75,60,60,60,60,60,58,49,49,49,45,45,25,23,60,18,61,61,61,54,42,42,75,47,75,75,67,67,67,18,18,57,0,0],"gold":284,"neow_bonus":"THREE_ENEMY_KILL","is_daily":false,"chose_seed":false,"campfire_upgraded":1,"win_rate":0.0,"timestamp":1610077839,"path_taken":["M","?","M","$","?","E","M","M","T","?","E","M","E","?","R","BOSS","M","$","?","?","M","R","E","R","T","E","?","R","E","?","R","BOSS"],"items_purchased_type":["Card","Card","Relic","Card","Potion","Potion"],"build_version":"2020-12-22","purchased_purges":0,"victory":false,"max_hp_per_floor":[75,75,75,75,75,75,75,75,75,75,75,75,75,75,75,75,75,75,75,75,75,75,75,75,75,75,80,80,80,80,80,80,80,80],"card_choices":[{"not_picked":["ReplayTheSpireMod:System Scan","Stack"],"picked":"Conserve Battery","floor":1},{"not_picked":["Time Bomb","BasicCrystalCard"],"picked":"Sunder","floor":3},{"not_picked":["Steam","Scrape"],"picked":"Tempest","floor":6},{"not_picked":["Blizzard","Sweeping Beam"],"picked":"Scrape","floor":7},{"not_picked":["ReplayTheSpireMod:Omega Cannon","Compile Driver"],"picked":"FTL","floor":8},{"not_picked":["Conserve Battery","Cold Snap"],"picked":"Genetic Algorithm","floor":11},{"not_picked":["Genetic Algorithm","Compile Driver"],"picked":"ReplaySolidLightProjector","floor":12},{"not_picked":["Turbo","Recycle"],"picked":"Steam","floor":13},{"not_picked":["Hello World","Cold Snap"],"picked":"Rip and Tear","floor":14},{"not_picked":["ReplayTheSpireMod:Fabricate Wheel","Core Surge"],"picked":"Buffer","floor":16},{"not_picked":["Stack","BasicCrystalCard"],"picked":"Steam+1","floor":18},{"not_picked":["Storm","ReplayGash"],"picked":"Lockon","floor":20},{"not_picked":["Loop","Streamline"],"picked":"Panic Button+1","floor":21},{"not_picked":["BasicCrystalCard","White Noise"],"picked":"Darkness","floor":22},{"not_picked":["Leap","Fission"],"picked":"All For One","floor":24},{"not_picked":["FTL","Compile Driver"],"picked":"Buffer","floor":27},{"not_picked":["Sunder","BasicCrystalCard"],"picked":"Sweeping Beam","floor":30},{"not_picked":["Steam","Doom and Gloom"],"picked":"Storm","floor":31}],"player_experience":571323,"relics_obtained":[{"floor":6,"key":"Replay:Bandana"},{"floor":9,"key":"ReplayFunnel"},{"floor":10,"key":"Mummified Hand"},{"floor":11,"key":"Regal Pillow"},{"floor":13,"key":"Bronze Scales"},{"floor":24,"key":"Peace Pipe"},{"floor":24,"key":"Orichalcum"},{"floor":26,"key":"Quantum Egg"},{"floor":27,"key":"Durian"},{"floor":27,"key":"Ice Cream"},{"floor":30,"key":"Tiny Chest"},{"floor":30,"key":"Bag of Preparation"}],"event_choices":[{"damage_healed":0,"gold_gain":0,"player_choice":"Entered Light","damage_taken":15,"max_hp_gain":0,"max_hp_loss":0,"event_name":"Shining Light","floor":2,"gold_loss":0,"cards_upgraded":["Defend_B","Strike_B"]}],"is_beta":false,"boss_relics":[{"not_picked":["FrozenCore","Honey Jar"],"picked":"Black Star"}],"items_purged_floors":[],"is_endless":false,"potions_floor_spawned":[1,6,11,12,14,22,24,27],"killed_by":"Collector","ascension_level":5}}