{"host":"nsu382cuivk29rjh","time":1610093899,"event":{"mods":["BaseMod","Downfall","Minty Spire (QoL Compilation)","StSLib"],"gold_per_floor":[99,116,131,131,231,248,300,328,328,328,428,448,448,468,487,587,587,512,532,551,551,1,1,74,74,107,145,218,230,310,307,338,446,458,470,482,494,4,17,30,30,65,100,100,125,125,61,76,93,93],"floor_reached":51,"playtime":3062,"items_purged":["Guardian:Defend_Guardian","RitualDagger","HandOfGreed"],"score":727,"play_id":"57b06f30-7777-4cea-ac91-e467c4964855","local_time":"20210108161819","is_ascension_mode":false,"campfire_choices":[{"data":"Guardian:CurlUp","floor":1.0,"key":"SMITH"},{"data":"Guardian:SentryBeam","floor":10.0,"key":"SMITH"},{"floor":13.0,"key":"RECALL"},{"data":"Guardian:EvasiveProtocol","floor":18.0,"key":"SMITH"},{"data":"Guardian:BronzeArmor","floor":23.0,"key":"SMITH"},{"data":"Guardian:AncientConstruct","floor":29.0,"key":"SMITH"},{"data":"Guardian:ShieldSpikes","floor":35.0,"key":"SMITH"},{"floor":44.0,"key":"REST"},{"data":"Guardian:Suspension","floor":46.0,"key":"SMITH"}],"circlet_count":0,"master_deck":["Guardian:Strike_Guardian+1","Guardian:Defend_Guardian","Guardian:Defend_Guardian","Guardian:CurlUp+1","Guardian:TwinSlam+1","Guardian:EvasiveProtocol+1","Guardian:SentryBeam+1","Guardian:ShieldSpikes+1","Guardian:PrismaticBeam","Guardian:SphericShield","Guardian:RollAttack+1","Guardian:ShieldCharger+1","Guardian:BronzeArmor+1","Guardian:ChargeUp+1","Guardian:MultiBeam","Guardian:Suspension+1","Guardian:AncientConstruct+1","Guardian:SphericShield+1","expansioncontent:Chronoboost","Guardian:PiercingHide+1","Apotheosis+1","Guardian:PiercingHide+1","Guardian:TemporalShield+1","Guardian:Gem_Red","Guardian:ShieldSpikes+1","Guardian:Gem_Green"],"relics":["Guardian:ModeShifter","Centennial Puzzle","Eternal Feather","downfall:ShatteredFragment","Astrolabe","downfall:HeartBlessingRed","Question Card","Meat on the Bone","MawBank","Toxic Egg 2","Runic Dome","Medical Kit","White Beast Statue","Art of War","Dream Catcher","Letter Opener"],"acts_visited":["TheCity","TheBeyond"],"potions_floor_usage":[48],"damage_taken":[{"damage":0.0,"enemies":"2 Louse","floor":2.0,"turns":4.0},{"damage":0.0,"enemies":"Small Slimes","floor":3.0,"turns":4.0},{"damage":0.0,"enemies":"Cultist","floor":6.0,"turns":4.0},{"damage":12.0,"enemies":"Gremlin Nob","floor":8.0,"turns":4.0},{"damage":0.0,"enemies":"Large Slime","floor":12.0,"turns":3.0},{"damage":4.0,"enemies":"Blue Slaver","floor":14.0,"turns":2.0},{"damage":0.0,"enemies":"Exordium Wildlife","floor":15.0,"turns":3.0},{"damage":9.0,"enemies":"downfall:Ironclad","floor":16.0,"turns":9.0},{"damage":0.0,"enemies":"Spheric Guardian","floor":19.0,"turns":2.0},{"damage":15.0,"enemies":"Snake Plant","floor":20.0,"turns":3.0},{"damage":0.0,"enemies":"downfall:FleeingMerchant","floor":22.0,"turns":4.0},{"damage":0.0,"enemies":"Snecko","floor":26.0,"turns":4.0},{"damage":7.0,"enemies":"Centurion and Healer","floor":27.0,"turns":8.0},{"damage":4.0,"enemies":"Slavers","floor":28.0,"turns":3.0},{"damage":0.0,"enemies":"downfall:FleeingMerchant","floor":31.0,"turns":4.0},{"damage":18.0,"enemies":"Cultist and Chosen","floor":32.0,"turns":6.0},{"damage":44.0,"enemies":"downfall:Watcher","floor":33.0,"turns":10.0},{"damage":20.0,"enemies":"downfall:FleeingMerchant","floor":38.0,"turns":4.0},{"damage":18.0,"enemies":"3 Darklings","floor":39.0,"turns":4.0},{"damage":0.0,"enemies":"Orb Walker","floor":40.0,"turns":4.0},{"damage":29.0,"enemies":"Nemesis","floor":42.0,"turns":7.0},{"damage":16.0,"enemies":"3 Darklings","floor":43.0,"turns":4.0},{"damage":24.0,"enemies":"Reptomancer","floor":45.0,"turns":7.0},{"damage":0.0,"enemies":"downfall:FleeingMerchant","floor":47.0,"turns":2.0},{"damage":14,"enemies":"Writhing Mass","floor":48,"turns":6},{"damage":3,"enemies":"4 Shapes","floor":49,"turns":4},{"damage":25,"enemies":"downfall:Silent","floor":50,"turns":10}],"seed_played":"-828480601132809395","potions_obtained":[{"floor":3.0,"key":"Fire Potion"},{"floor":6.0,"key":"Energy Potion"},{"floor":12.0,"key":"LiquidBronze"},{"floor":20.0,"key":"DistilledChaos"},{"floor":27.0,"key":"champ:CounterPotion"},{"floor":28.0,"key":"FearPotion"},{"floor":32.0,"key":"BlessingOfTheForge"},{"floor":33.0,"key":"Swift Potion"},{"floor":37.0,"key":"Slimebound:ThreeZeroPotion"},{"floor":37.0,"key":"champ:CounterPotion"},{"floor":40.0,"key":"Fruit Juice"},{"floor":42.0,"key":"Energy Potion"},{"floor":43.0,"key":"Block Potion"},{"floor":45.0,"key":"FairyPotion"},{"floor":48,"key":"Energy Potion"}],"is_trial":false,"path_per_floor":["R","M","M","?","?","M","T","E","?","R","?","M","R","M","M","B",null,"R","M","M","?","$","R","T","?","M","M","E","R","T","$","M","B",null,"R","?","?","$","M","M","T","E","M","R","E","R","$","M","M","B",null],"character_chosen":"GUARDIAN","items_purchased":["Question Card","HandOfGreed","Guardian:MultiBeam","Apotheosis+1","Medical Kit","Guardian:Gem_Lightblue","Letter Opener","Guardian:ShieldSpikes+1"],"campfire_rested":1,"item_purchase_floors":[22,22,22,38,38,38,47,47],"current_hp_per_floor":[80,80,80,68,68,68,68,56,32,38,38,38,44,40,40,31,80,80,80,65,59,59,68,68,68,68,61,57,66,66,66,48,16,80,80,80,80,60,42,47,47,30,26,66,54,66,66,52,49,36],"gold":93,"neow_bonus":"REMOVE_CARD","is_daily":false,"chose_seed":false,"campfire_upgraded":7,"win_rate":0.0,"timestamp":1610093899,"path_taken":["R","M","M","?","?","M","T","E","?","R","?","?","R","M","M","BOSS","R","M","M","?","$","R","T","?","M","M","E","R","?","$","M","BOSS","R","?","?","$","M","M","T","E","?","R","E","R","?","M","M","BOSS"],"items_purchased_type":["Relic","Card","Card","Card","Relic","Card","Relic","Card"],"build_version":"2020-12-22","purchased_purges":3,"victory":true,"max_hp_per_floor":[80,80,80,80,80,80,80,80,80,80,80,80,80,80,80,80,80,80,80,80,80,80,80,80,80,80,80,80,80,80,80,80,80,80,80,80,80,80,80,85,85,85,85,85,85,85,85,85,85,85],"card_choices":[{"not_picked":["Guardian:Reroute","Guardian:TimeBomb"],"picked":"Guardian:EvasiveProtocol","floor":2.0},{"not_picked":["Guardian:WalkerClaw","Guardian:Gem_White"],"picked":"Guardian:SentryBeam","floor":3.0},{"not_picked":["Guardian:ChargeCore","Guardian:VentSteam","Guardian:Repulse"],"picked":"SKIP","floor":6.0},{"not_picked":["Guardian:PrimingBeam","Guardian:Recover"],"picked":"Guardian:Gem_Yellow","floor":8.0},{"not_picked":["Guardian:Gem_Cyan","Guardian:CrystalBeam"],"picked":"Guardian:ShieldSpikes","floor":12.0},{"not_picked":["Guardian:PrismaticBarrier","Guardian:RollAttack","Guardian:Recover"],"picked":"SKIP","floor":14.0},{"not_picked":["Guardian:RollAttack","Guardian:ChargeUp"],"picked":"Guardian:PrismaticBeam","floor":15.0},{"not_picked":["Guardian:StasisField","Guardian:GemFire"],"picked":"Guardian:SphericShield","floor":16.0},{"not_picked":["Guardian:Orbwalk","Guardian:ChargeCore"],"picked":"Guardian:BronzeArmor","floor":19.0},{"not_picked":["Guardian:DecasProtection","Guardian:BronzeArmor"],"picked":"Guardian:Gem_White","floor":20.0},{"not_picked":["Guardian:Suspension","Guardian:CrystalBeam+1"],"picked":"Guardian:ChargeUp+1","floor":22.0},{"not_picked":["Guardian:Preprogram","Guardian:TimeBomb","Guardian:PrimingBeam"],"picked":"Guardian:Suspension","floor":26.0},{"not_picked":["Guardian:Gem_Red","Guardian:MultiBeam","Guardian:Gem_Lightblue"],"picked":"Guardian:AncientConstruct","floor":27.0},{"not_picked":["Guardian:RefractedBeam","Guardian:Incinerate","Guardian:Reroute+1","Guardian:Harden"],"picked":"SKIP","floor":28.0},{"not_picked":["Guardian:Planning+1","Guardian:TemporalStrike","Guardian:StasisField+1","Guardian:Recover+1"],"picked":"SKIP","floor":31.0},{"not_picked":["Guardian:TimeBomb+1","Guardian:Emergency+1","Guardian:FuturePlans","Guardian:PrimingBeam+1"],"picked":"SKIP","floor":32.0},{"not_picked":["Guardian:GemFire","Guardian:StasisStrike","Guardian:GemFinder"],"picked":"Guardian:SphericShield+1","floor":33.0},{"not_picked":["expansioncontent:Torchfire","expansioncontent:AwakenDeath","expansioncontent:PrepareCrush+1"],"picked":"expansioncontent:Chronoboost","floor":36.0},{"not_picked":["Guardian:DecasProtection+1","Guardian:ChargeCore+1","Guardian:Recover+1"],"picked":"Guardian:PiercingHide+1","floor":38.0},{"not_picked":["Guardian:MultiBeam","Guardian:Incinerate","Guardian:PrimingBeam+1"],"picked":"Guardian:Gem_Cyan","floor":39.0},{"not_picked":["Guardian:ShieldCharger+1","Guardian:PrimingBeam+1","Guardian:Suspension+1"],"picked":"Guardian:Gem_White","floor":40.0},{"not_picked":["Guardian:ShieldCharger+1","Guardian:VentSteam+1","Guardian:SphericShield+1"],"picked":"Guardian:Gem_Red","floor":42.0},{"not_picked":["Guardian:TemporalShield+1","Guardian:RollAttack+1","Guardian:Gem_Lightblue"],"picked":"Guardian:PiercingHide+1","floor":43.0},{"not_picked":["Guardian:WalkerClaw","Guardian:DonusPower+1","Guardian:TemporalShield+1","Guardian:GemFinder"],"picked":"SKIP","floor":45.0},{"not_picked":["Guardian:WalkerClaw","Guardian:DonusPower+1","Guardian:GemFinder"],"picked":"Guardian:TemporalShield+1","floor":45.0},{"not_picked":["Guardian:Repulse","Guardian:FastForward+1","Guardian:Gem_Purple"],"picked":"Guardian:Gem_Red","floor":47.0},{"not_picked":["Guardian:Gem_Lightblue","Guardian:Gem_Cyan","Guardian:Gem_Red"],"picked":"Guardian:Gem_Green","floor":48},{"not_picked":["Guardian:Gem_Fragmented","Guardian:Gem_Green","Guardian:TemporalStrike+1","Guardian:VentSteam+1"],"picked":"SKIP","floor":49}],"player_experience":1122859,"relics_obtained":[{"floor":7.0,"key":"Whetstone"},{"floor":8.0,"key":"Eternal Feather"},{"floor":24.0,"key":"Meat on the Bone"},{"floor":28.0,"key":"MawBank"},{"floor":30.0,"key":"Toxic Egg 2"},{"floor":41.0,"key":"White Beast Statue"},{"floor":42.0,"key":"Art of War"},{"floor":45.0,"key":"Dream Catcher"}],"event_choices":[{"damage_healed":0.0,"max_hp_gain":0.0,"max_hp_loss":0.0,"gold_gain":0.0,"event_name":"Scrap Ooze","player_choice":"Success","floor":4.0,"gold_loss":0.0,"damage_taken":12.0,"relics_obtained":["Centennial Puzzle"]},{"damage_healed":0.0,"max_hp_gain":0.0,"max_hp_loss":0.0,"gold_gain":0.0,"event_name":"Ghosts","player_choice":"Ignored","floor":25.0,"gold_loss":0.0,"damage_taken":0.0}],"is_beta":false,"boss_relics":[{"not_picked":["Empty Cage","Busted Crown"],"picked":"Astrolabe"},{"not_picked":["Calling Bell","SacredBark"],"picked":"Runic Dome"}],"items_purged_floors":[22,38,47],"is_endless":false,"potions_floor_spawned":[3,6,12,20,27,28,32,33,40,42,43,45,47,48,49],"ascension_level":0}}