{"host":"19oeygk4edom25m1","time":1610141094,"event":{"mods":["2.2 Compatiblity","BaseMod","Better Note","Better Third Choice","Colored Map","Colored Powertips","Curses Come First","Downfall","Hermit","Highlight Path","Hubris","Infinite Spire","Minty Spire (QoL Compilation)","Rare Cards Sparkle","Replay The Spire","Shop Mod","StSLib","The Jungle","The Marked","The Mystic"],"gold_per_floor":[114,114,15,30,40,40,59,19,19,49,49,49,49,68,68,68,68],"floor_reached":16,"playtime":1117,"items_purged":[],"score":125,"play_id":"6aa816a4-bc66-445c-8e11-bd42ad248199","local_time":"20210108192454","is_ascension_mode":false,"campfire_choices":[{"data":"theMarked:Improvise","floor":6,"key":"SMITH"},{"floor":15,"key":"REST"}],"circlet_count":0,"master_deck":["theMarked:Strike","theMarked:Strike","theMarked:Strike","theMarked:Strike","theMarked:Strike","theMarked:Defend","theMarked:Defend","theMarked:Defend","theMarked:Defend","theMarked:SoldierOfQuellstein","theMarked:Improvise+1","theMarked:LightningStrikesTwice","theMarked:WastefulDefense","theMarked:Improvise","theMarked:Opportunist","theMarked:TwofoldDefense","theMarked:Standoff","theMarked:WardOff","CommonCold","Voices","infinitespire:Menacing","expansioncontent:DecasProtection","theMarked:ResourceFulStrike"],"relics":["theMarked:ArtifactOfAir","White Beast Statue","hubris:MysteriousPyramids","hubris:Zylophone"],"acts_visited":["Exordium"],"potions_floor_usage":[10,10,10],"damage_taken":[{"damage":0,"enemies":"Small Slimes","floor":1,"turns":3},{"damage":1,"enemies":"Cultist","floor":4,"turns":4},{"damage":8,"enemies":"Jaw Worm","floor":5,"turns":3},{"damage":27,"enemies":"Large Slime","floor":7,"turns":5},{"damage":0,"enemies":"3 Sentries","floor":10,"turns":5},{"damage":2,"enemies":"Blue Slaver","floor":14,"turns":5},{"damage":74,"enemies":"The Guardian","floor":16,"turns":12}],"seed_played":"9059520229507519977","potions_obtained":[{"floor":2,"key":"Slimebound:ThreeZeroPotion"},{"floor":2,"key":"Dexterity Potion"},{"floor":2,"key":"champ:CounterPotion"},{"floor":10,"key":"Death Potion"},{"floor":14,"key":"Fire Potion"}],"is_trial":false,"path_per_floor":["M","?","$","M","M","R","M","$","T","E","?","T","?","M","R","B"],"character_chosen":"THE_DEFAULT","items_purchased":["theMarked:LightningStrikesTwice","theMarked:WastefulDefense","theMarked:Standoff"],"campfire_rested":1,"item_purchase_floors":[3,3,8],"current_hp_per_floor":[77,77,77,76,68,68,41,41,41,41,41,41,41,39,62,0,0],"gold":68,"neow_bonus":"TEN_PERCENT_HP_BONUS","is_daily":false,"chose_seed":false,"campfire_upgraded":1,"win_rate":0.0,"timestamp":1610141094,"path_taken":["M","?","$","M","M","R","M","?","T","E","?","?","?","?","R","BOSS"],"items_purchased_type":["Card","Card","Card"],"build_version":"2020-12-22","purchased_purges":0,"victory":false,"max_hp_per_floor":[77,77,77,77,77,77,77,77,77,77,77,77,77,77,77,77,77],"card_choices":[{"not_picked":["theMarked:RepellingDischarge","theMarked:EnhanceMovement"],"picked":"theMarked:Improvise","floor":1},{"not_picked":["theMarked:SwordAndMagic","theMarked:BanishingStrike"],"picked":"theMarked:Improvise","floor":4},{"not_picked":["theMarked:WastefulDefense","theMarked:Polarize"],"picked":"theMarked:Opportunist","floor":5},{"not_picked":["theMarked:EmpowerWeapon","theMarked:Improvise"],"picked":"theMarked:TwofoldDefense","floor":7},{"not_picked":["theMarked:SwordAndMagic","theMarked:Seal"],"picked":"theMarked:WardOff","floor":10},{"not_picked":["infinitespire:Punishment","ReplayTheSpireMod:Book of Names"],"picked":"infinitespire:Menacing","floor":11},{"not_picked":["theMarked:ComboAttacks","theMarked:ElectricStrings"],"picked":"theMarked:ResourceFulStrike","floor":14}],"player_experience":287106,"relics_obtained":[{"floor":9,"key":"White Beast Statue"},{"floor":10,"key":"hubris:MysteriousPyramids"},{"floor":12,"key":"hubris:Zylophone"}],"event_choices":[{"damage_healed":0,"gold_gain":0,"player_choice":"Got Potions","damage_taken":0,"max_hp_gain":0,"max_hp_loss":0,"event_name":"Lab","floor":2,"gold_loss":0},{"damage_healed":0,"gold_gain":0,"player_choice":"1 cards matched","damage_taken":0,"max_hp_gain":0,"max_hp_loss":0,"event_name":"Match and Keep!","floor":13,"gold_loss":0,"cards_obtained":["expansioncontent:DecasProtection"]}],"is_beta":false,"boss_relics":[],"items_purged_floors":[],"is_endless":false,"potions_floor_spawned":[4,5,10,14],"killed_by":"The Guardian","ascension_level":0}}