{"host":"94aus4jnk6thj94q","time":1610115188,"event":{"mods":["BaseMod","Minty Spire (QoL Compilation)","Quick Restart","StSLib"],"gold_per_floor":[20,34,45,56,32,32,32,32,32,43,62,76,95,95,95,194,194,211,228,228,228],"floor_reached":20,"playtime":947,"items_purged":[],"score":170,"play_id":"f352a6a2-2715-42bd-96f2-7121720f1ab5","local_time":"20210108161308","is_ascension_mode":false,"campfire_choices":[{"floor":6,"key":"REST"},{"floor":8,"key":"RECALL"},{"floor":15,"key":"REST"}],"circlet_count":0,"master_deck":["Strike_R","Strike_R","Strike_R","Strike_R","Strike_R","Defend_R","Defend_R","Defend_R","Defend_R","Bash","Clothesline","Clothesline","Fire Breathing","Twin Strike","Shrug It Off","Thunderclap","Cleave","Demon Form","Whirlwind"],"relics":["Burning Blood","Charon\u0027s Ashes","CaptainsWheel","SlaversCollar"],"acts_visited":["Exordium","TheCity"],"potions_floor_usage":[13,16,16,16],"damage_taken":[{"damage":9,"enemies":"Jaw Worm","floor":1,"turns":4},{"damage":5,"enemies":"Cultist","floor":2,"turns":4},{"damage":10,"enemies":"Small Slimes","floor":3,"turns":3},{"damage":9,"enemies":"2 Fungi Beasts","floor":4,"turns":4},{"damage":16,"enemies":"3 Louse","floor":10,"turns":5},{"damage":30,"enemies":"Exordium Wildlife","floor":11,"turns":5},{"damage":8,"enemies":"2 Fungi Beasts","floor":12,"turns":4},{"damage":2,"enemies":"Looter","floor":13,"turns":3},{"damage":15,"enemies":"Slime Boss","floor":16,"turns":8},{"damage":34,"enemies":"Shell Parasite","floor":18,"turns":9},{"damage":13,"enemies":"Chosen","floor":19,"turns":5},{"damage":21,"enemies":"Snake Plant","floor":20,"turns":2}],"seed_played":"1748166591809041326","potions_obtained":[{"floor":2,"key":"FearPotion"},{"floor":7,"key":"PowerPotion"},{"floor":7,"key":"EssenceOfSteel"},{"floor":13,"key":"SpeedPotion"}],"is_trial":false,"path_per_floor":["M","M","M","M","$","R","?","R","T","M","M","M","M","?","R","B",null,"M","M","M"],"character_chosen":"IRONCLAD","items_purchased":["Shrug It Off"],"campfire_rested":2,"item_purchase_floors":[5],"current_hp_per_floor":[77,78,74,71,71,80,80,80,80,70,46,44,48,48,72,63,80,52,45,24,24],"gold":228,"neow_bonus":"ONE_RARE_RELIC","is_daily":false,"chose_seed":false,"campfire_upgraded":0,"win_rate":0.0,"timestamp":1610115188,"path_taken":["M","M","M","M","$","R","?","R","T","M","?","M","M","?","R","BOSS","M","M","?"],"items_purchased_type":["Card"],"build_version":"2020-12-22","purchased_purges":0,"victory":false,"max_hp_per_floor":[80,80,80,80,80,80,80,80,80,80,80,80,80,80,80,80,80,80,80,80,80],"card_choices":[{"not_picked":["Anger","Heavy Blade"],"picked":"Clothesline","floor":1},{"not_picked":["Body Slam","Iron Wave"],"picked":"Clothesline","floor":2},{"not_picked":["Warcry","True Grit"],"picked":"Fire Breathing","floor":3},{"not_picked":["Clash","Heavy Blade"],"picked":"Twin Strike","floor":4},{"not_picked":["Warcry","Body Slam","Fire Breathing"],"picked":"SKIP","floor":10},{"not_picked":["Cleave","Rampage","Sever Soul"],"picked":"SKIP","floor":11},{"not_picked":["Pummel","Clash"],"picked":"Thunderclap","floor":12},{"not_picked":["Twin Strike","Heavy Blade"],"picked":"Cleave","floor":13},{"not_picked":["Barricade","Limit Break"],"picked":"Demon Form","floor":16},{"not_picked":["Flex","Clash","Clothesline"],"picked":"SKIP","floor":18},{"not_picked":["Bloodletting+1","Infernal Blade+1"],"picked":"Whirlwind","floor":19}],"player_experience":5744869,"relics_obtained":[{"floor":9,"key":"CaptainsWheel"}],"event_choices":[{"damage_healed":0,"gold_gain":0,"player_choice":"Got Potions","damage_taken":0,"max_hp_gain":0,"max_hp_loss":0,"event_name":"Lab","floor":7,"gold_loss":0},{"damage_healed":0,"gold_gain":0,"player_choice":"Leave","damage_taken":0,"max_hp_gain":0,"max_hp_loss":0,"event_name":"FaceTrader","floor":14,"gold_loss":0}],"is_beta":false,"boss_relics":[{"not_picked":["Empty Cage","Tiny House"],"picked":"SlaversCollar"}],"items_purged_floors":[],"is_endless":false,"potions_floor_spawned":[2,10,12,13],"killed_by":"Snake Plant","ascension_level":0}}