{"host":"7eytxr1oawi6r5nr","time":1610120692,"event":{"mods":["BaseMod","Bestiary","Better Third Choice","Curses Come First","Dark Map","Downfall","Gremlin Mod","Hermit","Hubris","Jorbs\u0027s Wanderer Trilogy","Minty Spire (QoL Compilation)","Permanent Neow","Quick Restart","Rare Cards Sparkle","Replay The Spire","Robot Space Explorer","StSLib","The Disciple","The Runesmith"],"gold_per_floor":[119,69,85,103,46,79,79,95,95,95,119,135,135,146,162,182,182,283,283,298,183,183,183,108,108,108],"floor_reached":25,"playtime":2203,"items_purged":["Runesmith:Strike_RS"],"score":203,"play_id":"c53d69f9-bd65-4e6f-9b6b-a70196fadeb1","local_time":"20210108154452","is_ascension_mode":false,"campfire_choices":[{"data":"Runesmith:CraftFirestone","floor":7,"key":"SMITH"},{"data":"Runesmith:CraftMagma","floor":13,"key":"SMITH"},{"data":"Runesmith:PoweredAnvil","floor":17,"key":"SMITH"}],"circlet_count":0,"master_deck":["Runesmith:Strike_RS","Runesmith:Strike_RS","Runesmith:Defend_RS","Runesmith:Defend_RS","Runesmith:Defend_RS","Runesmith:Defend_RS","Runesmith:CraftFirestone+1","Runesmith:Fortify","Runesmith:Discharge","Runesmith:PoweredAnvil+1","Runesmith:HammerThrow","Runesmith:Firestorm","Runesmith:CraftMagma+1","Runesmith:HeatExchange","Runesmith:PerfectChisel","Runesmith:GoWithTheFlow","Runesmith:FissionHammer","Runesmith:LithiumIon","Runesmith:MakeshiftArmor"],"relics":["Runesmith:BrokenRuby","Eternal Feather","Pet Ghost","SlaversCollar"],"acts_visited":["Exordium","TheCity"],"potions_floor_usage":[18,18,18],"damage_taken":[{"damage":0.0,"enemies":"Small Slimes","floor":1.0,"turns":4.0},{"damage":0.0,"enemies":"2 Louse","floor":3.0,"turns":3.0},{"damage":1.0,"enemies":"Jaw Worm","floor":4.0,"turns":4.0},{"damage":21,"enemies":"3 Sentries","floor":6,"turns":12},{"damage":1,"enemies":"2 Fungi Beasts","floor":8,"turns":4},{"damage":9,"enemies":"3 Louse","floor":12,"turns":5},{"damage":0,"enemies":"Blue Slaver","floor":14,"turns":5},{"damage":9,"enemies":"Large Slime","floor":15,"turns":5},{"damage":14,"enemies":"Exordium Thugs","floor":16,"turns":5},{"damage":12,"enemies":"The Guardian","floor":18,"turns":8},{"damage":17,"enemies":"Shell Parasite","floor":20,"turns":7},{"damage":58,"enemies":"Slavers","floor":25,"turns":4}],"seed_played":"-8097952566131853164","potions_obtained":[{"floor":3.0,"key":"Weak Potion"},{"floor":12,"key":"Explosive Potion"},{"floor":14,"key":"AttackPotion"}],"is_trial":false,"path_per_floor":["M","?","M","M","$","E","R","M","PTL","PTL","T","M","R","M","M","M","R","B",null,"M","$","?","?","?","E"],"character_chosen":"RUNESMITH_CLASS","items_purchased":["Runesmith:Firestorm","Runesmith:LithiumIon"],"campfire_rested":0,"item_purchase_floors":[5,21],"current_hp_per_floor":[77,77,77,76,76,55,61,60,60,60,60,51,60,60,51,37,46,34,77,60,60,46,46,46,0,0],"gold":108,"neow_bonus":"TEN_PERCENT_HP_BONUS","is_daily":false,"chose_seed":false,"campfire_upgraded":3,"win_rate":0.0,"timestamp":1610120692,"path_taken":["M","?","M","M","$","E","R","M","PTL","PTL","T","M","R","M","M","M","R","BOSS","M","$","?","?","?","E"],"items_purchased_type":["Card","Card"],"build_version":"2020-12-22","purchased_purges":1,"victory":false,"max_hp_per_floor":[77,77,77,77,77,77,77,77,77,77,77,77,77,77,77,77,77,77,77,77,77,82,82,82,82,82],"card_choices":[{"not_picked":["Runesmith:EarthShield","Runesmith:HammerThrow"],"picked":"Runesmith:Discharge","floor":1.0},{"not_picked":["Runesmith:Retool","Runesmith:HeatedChisel"],"picked":"Runesmith:PoweredAnvil","floor":3.0},{"not_picked":["Runesmith:Overpower","Runesmith:Grindstone"],"picked":"Runesmith:HammerThrow","floor":4.0},{"not_picked":["Runesmith:Malloc","Runesmith:HammerAndChisel","Runesmith:ChiselStab"],"picked":"SKIP","floor":6},{"not_picked":["Runesmith:EnergizedChisel","Runesmith:HeatedChisel"],"picked":"Runesmith:CraftMagma","floor":8},{"not_picked":["Runesmith:CraftMagma","Runesmith:HammerThrow","Runesmith:RuneHurl"],"picked":"SKIP","floor":12},{"not_picked":["Runesmith:CraftProtectio","Runesmith:ChargedHammer"],"picked":"Runesmith:HeatExchange","floor":14},{"not_picked":["Runesmith:BackupBattery","Runesmith:GenerateForcefield"],"picked":"Runesmith:PerfectChisel","floor":15},{"not_picked":["Runesmith:ChiselStab","Runesmith:HammerTime"],"picked":"Runesmith:GoWithTheFlow","floor":16},{"not_picked":["Runesmith:CraftMedicinae","Runesmith:LastStand"],"picked":"Runesmith:FissionHammer","floor":18},{"not_picked":["Runesmith:HammerTime","Runesmith:Overpower","Runesmith:BackupBattery"],"picked":"SKIP","floor":20}],"player_experience":141761,"relics_obtained":[{"floor":6,"key":"Eternal Feather"},{"floor":11,"key":"Pet Ghost"}],"event_choices":[{"cards_removed":["Runesmith:Strike_RS"],"damage_healed":0.0,"max_hp_gain":0.0,"max_hp_loss":0.0,"gold_gain":0.0,"event_name":"The Cleric","player_choice":"Card Removal","floor":2.0,"gold_loss":50.0,"damage_taken":0.0},{"damage_healed":0,"gold_gain":0,"player_choice":"Shed Blood","damage_taken":19,"max_hp_gain":5,"max_hp_loss":0,"event_name":"Forgotten Altar","floor":22,"gold_loss":0},{"cards_removed":["Runesmith:Firestorm"],"damage_healed":0,"gold_gain":0,"player_choice":"Gave Gold","damage_taken":0,"max_hp_gain":0,"max_hp_loss":0,"event_name":"Beggar","floor":24,"gold_loss":75}],"is_beta":false,"boss_relics":[{"not_picked":["Tiny House","Pandora\u0027s Box"],"picked":"SlaversCollar"}],"items_purged_floors":[21],"is_endless":false,"potions_floor_spawned":[3,12,14],"killed_by":"Slavers","ascension_level":0}}