{"host":"q9718omregw4er46","time":1610126076,"event":{"mods":["BaseMod","Bestiary","Colored Powertips","Minty Spire (QoL Compilation)","Quick Restart","Relic Stats"],"gold_per_floor":[119,119,119,44,59,98,114,153,177,230,230,253,283,313,313,412,439,464,487,487,19,19,58,58,90,90,90,129,146,190,213,222,222,222],"floor_reached":33,"playtime":1270,"items_purged":["Strike_P"],"score":782,"play_id":"a6c7bd0b-7761-4b29-9164-893aa2220ba9","local_time":"20210108221436","is_ascension_mode":true,"campfire_choices":[{"floor":11.0,"key":"REST"},{"data":"TalkToTheHand","floor":15,"key":"SMITH"},{"data":"Eruption","floor":24,"key":"SMITH"},{"data":"WindmillStrike","floor":27,"key":"SMITH"},{"floor":32,"key":"REST"}],"circlet_count":0,"master_deck":["AscendersBane","Strike_P+1","Strike_P+1","Defend_P","Defend_P","Eruption+1","Vigilance+1","FollowUp","TalkToTheHand+1","CarveReality","EmptyMind+1","CutThroughFate","WindmillStrike+1","Consecrate","ThirdEye+1","ForeignInfluence+1","Pray+1","DeceiveReality","Establishment","Wireheading","Omniscience","Evaluate+1"],"relics":["PureWater","NeowsBlessing","Bloody Idol","Vajra","Toy Ornithopter","CeramicFish","Tiny Chest","Pocketwatch","Astrolabe","Kunai","Centennial Puzzle","Orichalcum","Regal Pillow","Lantern","InkBottle","War Paint","Dream Catcher"],"acts_visited":["Exordium","TheCity"],"potions_floor_usage":[14,14,23,29],"damage_taken":[{"damage":0.0,"enemies":"Cultist","floor":1.0,"turns":1.0},{"damage":0.0,"enemies":"Small Slimes","floor":5.0,"turns":1.0},{"damage":0.0,"enemies":"Lagavulin","floor":6.0,"turns":1.0},{"damage":0.0,"enemies":"Jaw Worm","floor":7.0,"turns":2.0},{"damage":12.0,"enemies":"Gremlin Nob","floor":8.0,"turns":3.0},{"damage":7.0,"enemies":"3 Sentries","floor":10.0,"turns":6.0},{"damage":5.0,"enemies":"Large Slime","floor":12.0,"turns":2.0},{"damage":10,"enemies":"3 Louse","floor":14,"turns":2},{"damage":17,"enemies":"Hexaghost","floor":16,"turns":7},{"damage":7,"enemies":"3 Byrds","floor":18,"turns":5},{"damage":0,"enemies":"Chosen","floor":19,"turns":3},{"damage":23,"enemies":"Book of Stabbing","floor":23,"turns":7},{"damage":0,"enemies":"Gremlin Leader","floor":25,"turns":5},{"damage":17,"enemies":"Book of Stabbing","floor":28,"turns":4},{"damage":10,"enemies":"Sentry and Sphere","floor":29,"turns":5},{"damage":25,"enemies":"Gremlin Leader","floor":30,"turns":6},{"damage":136,"enemies":"Collector","floor":33,"turns":8}],"seed_played":"6095253905251814067","potions_obtained":[{"floor":5.0,"key":"SneckoOil"},{"floor":7.0,"key":"Fire Potion"},{"floor":12.0,"key":"BottledMiracle"},{"floor":18,"key":"Regen Potion"},{"floor":19,"key":"Block Potion"},{"floor":23,"key":"Block Potion"},{"floor":30,"key":"Energy Potion"}],"is_trial":false,"path_per_floor":["M","?","?","$","M","E","M","E","T","E","R","M","?","M","R","B",null,"M","M","?","$","?","E","R","E","T","R","E","M","E","T","R","B"],"character_chosen":"WATCHER","items_purchased":["Kunai","Centennial Puzzle","DeceiveReality"],"campfire_rested":2,"item_purchase_floors":[21,21,21],"current_hp_per_floor":[61,41,18,18,18,18,18,6,6,4,24,19,19,19,19,2,52,45,45,45,45,45,52,52,57,57,57,50,50,35,40,68,0,0],"gold":222,"neow_bonus":"THREE_ENEMY_KILL","is_daily":false,"chose_seed":false,"campfire_upgraded":3,"win_rate":0.0,"timestamp":1610126076,"path_taken":["M","?","?","$","M","E","M","E","T","E","R","M","?","M","R","BOSS","M","M","?","$","?","E","R","E","T","R","E","M","E","?","R","BOSS"],"items_purchased_type":["Relic","Relic","Card"],"build_version":"2020-12-22","purchased_purges":1,"victory":false,"max_hp_per_floor":[68,68,68,68,68,68,68,68,68,68,68,68,68,68,68,68,68,68,68,68,68,68,68,68,68,68,68,68,68,68,68,68,68,68],"relic_stats":{"Regal Pillow":8,"counters":[17,68],"CeramicFish":99,"Astrolabe":["ThirdEye","ForeignInfluence","Pray"],"Orichalcum":[12],"War Paint":["EmptyMind","Vigilance"],"Centennial Puzzle":[15],"Dream Catcher":1,"Bloody Idol":45,"Tiny Chest":1,"Kunai":[22],"obtain_stats":[{"Regal Pillow":25,"Lantern":26,"NeowsBlessing":0,"Golden Idol":3,"CeramicFish":9,"Astrolabe":17,"Vajra":6,"Orichalcum":23,"War Paint":30,"Centennial Puzzle":21,"Dream Catcher":31,"Bloody Idol":22,"Tiny Chest":10,"Kunai":21,"PureWater":0,"Toy Ornithopter":8,"InkBottle":28,"Pocketwatch":13},{"Regal Pillow":13,"Lantern":13,"NeowsBlessing":0,"Golden Idol":1,"CeramicFish":5,"Astrolabe":9,"Vajra":3,"Orichalcum":12,"War Paint":16,"Centennial Puzzle":11,"Dream Catcher":16,"Bloody Idol":11,"Tiny Chest":6,"Kunai":11,"PureWater":0,"Toy Ornithopter":5,"InkBottle":14,"Pocketwatch":7},{"Regal Pillow":45,"Lantern":45,"NeowsBlessing":0,"Golden Idol":1,"CeramicFish":8,"Astrolabe":25,"Vajra":3,"Orichalcum":40,"War Paint":60,"Centennial Puzzle":33,"Dream Catcher":60,"Bloody Idol":33,"Tiny Chest":14,"Kunai":33,"PureWater":0,"Toy Ornithopter":8,"InkBottle":49,"Pocketwatch":16}],"Toy Ornithopter":25,"InkBottle":[8],"Pocketwatch":[39]},"card_choices":[{"not_picked":["ThirdEye","SignatureMove"],"picked":"FollowUp","floor":1.0},{"not_picked":["SashWhip","EmptyMind"],"picked":"TalkToTheHand","floor":5.0},{"not_picked":["Fasting2","JustLucky","MentalFortress"],"picked":"SKIP","floor":6.0},{"not_picked":["Crescendo","ClearTheMind"],"picked":"CarveReality","floor":7.0},{"not_picked":["Adaptation","Collect"],"picked":"EmptyMind","floor":8.0},{"not_picked":["PathToVictory","EmptyBody"],"picked":"CutThroughFate","floor":10.0},{"not_picked":["Protect","FollowUp"],"picked":"WindmillStrike","floor":12.0},{"not_picked":["Prostrate","ClearTheMind"],"picked":"Consecrate","floor":14},{"not_picked":["EmptyFist","EmptyBody","Study"],"picked":"SKIP","floor":18},{"not_picked":["ReachHeaven","CutThroughFate","PathToVictory"],"picked":"SKIP","floor":19},{"not_picked":["WindmillStrike","Devotion"],"picked":"Establishment","floor":23},{"not_picked":["CarveReality+1","WreathOfFlame","FollowUp"],"picked":"SKIP","floor":25},{"not_picked":["CrushJoints","DeceiveReality"],"picked":"Wireheading","floor":28},{"not_picked":["FollowUp+1","ClearTheMind","CarveReality"],"picked":"SKIP","floor":29},{"not_picked":["MasterReality","FollowUp"],"picked":"Omniscience","floor":30},{"not_picked":["EmptyBody","JustLucky"],"picked":"Evaluate+1","floor":32}],"player_experience":1191057,"relics_obtained":[{"floor":6.0,"key":"Vajra"},{"floor":8.0,"key":"Toy Ornithopter"},{"floor":9.0,"key":"CeramicFish"},{"floor":10.0,"key":"Tiny Chest"},{"floor":23,"key":"Orichalcum"},{"floor":25,"key":"Regal Pillow"},{"floor":26,"key":"Lantern"},{"floor":28,"key":"InkBottle"},{"floor":30,"key":"War Paint"},{"floor":31,"key":"Dream Catcher"}],"event_choices":[{"damage_healed":0.0,"max_hp_gain":0.0,"max_hp_loss":0.0,"gold_gain":0.0,"event_name":"Shining Light","player_choice":"Entered Light","floor":2.0,"gold_loss":0.0,"damage_taken":20.0,"cards_upgraded":["Strike_P","Strike_P"]},{"damage_healed":0.0,"max_hp_gain":0.0,"max_hp_loss":0.0,"gold_gain":0.0,"event_name":"Golden Idol","player_choice":"Take Damage","floor":3.0,"gold_loss":0.0,"damage_taken":23.0,"relics_obtained":["Golden Idol"]},{"damage_healed":0.0,"max_hp_gain":0.0,"max_hp_loss":0.0,"gold_gain":30.0,"event_name":"Dead Adventurer","player_choice":"Searched \u00272\u0027 times","floor":13.0,"gold_loss":0.0,"damage_taken":0.0,"relics_obtained":["Pocketwatch"]},{"damage_healed":0,"gold_gain":0,"player_choice":"Ignored","damage_taken":0,"max_hp_gain":0,"max_hp_loss":0,"event_name":"Vampires","floor":20,"gold_loss":0},{"damage_healed":0,"gold_gain":0,"player_choice":"Gave Idol","damage_taken":0,"relics_obtained":["Bloody Idol"],"max_hp_gain":0,"max_hp_loss":0,"event_name":"Forgotten Altar","floor":22,"relics_lost":["Golden Idol"],"gold_loss":0}],"is_beta":false,"boss_relics":[{"not_picked":["SacredBark","Busted Crown"],"picked":"Astrolabe"}],"items_purged_floors":[4],"is_endless":false,"potions_floor_spawned":[5,7,8,12,18,19,23,30],"killed_by":"Collector","ascension_level":20}}