{"host":"40gggw0x72bpm5se","time":1610075634,"event":{"mods":["Act Like it!","Aspiration","BaseMod","Better Vampires","Colored Map","Conspire","Gensokyo","GungeonMod","Hallownest","Infinite Spire","Jedi Mod","Library of Ruina","Library of Ruina Extra","Lobotomy","LobotomyExtend","Minty Spire (QoL Compilation)","Quarter Circle Forward PUNCH!","Reimu（博丽灵梦）","Relic Stats","Remilia_Scarlet Moed（蕾米莉亚・斯卡雷特）3.3.5","Remilia（蕾米莉亚）","Replay The Spire","RumiaBox-露米娅的神秘盒子","Shop Mod","Spicy Shops","StSLib","UnlockEverythingMod","Waifu the Spire","WarShipGirlsR/战舰少女R mod","[IsaacMod]以撒尖塔","vexMod","【遗物卡牌】REMEMod"],"gold_per_floor":[118,131,145,145,157,190,80,80,103,145,145],"floor_reached":10,"playtime":484,"items_purged":[],"score":71,"play_id":"a0f7ac85-4591-4d86-9358-af94cc6a02d3","local_time":"20210108111354","is_ascension_mode":true,"campfire_choices":[{"data":"rmod:seals","floor":8,"key":"SMITH"}],"circlet_count":0,"master_deck":["rmod:strick","rmod:strick","rmod:strick","rmod:strick","rmod:defend","rmod:defend","rmod:defend","rmod:defend","rmod:basicallowance","rmod:maingunfire","BettingIsNotGood","TransientEternity","RemiliaMod:Scratch","Spear_LOR","rmod:seals+1","rmod:robin","rmod:selfconfidence","rmod:luckystar","rmod:circuitoustactics","rmod:fletcherpendant","Gensokyo:Shovel","Gensokyo:RustyChest","Gensokyo:ScrapIron"],"relics":["rmod:firstchargereward","REME_ComplimentaryCards","HushsDoor","DoctorsRemote","Baka","LetterFromLob","infinitespire:PuzzleCube","SalivaCoin"],"acts_visited":["Gensokyo:Gensokyo"],"potions_floor_usage":[10],"damage_taken":[{"damage":0,"enemies":"Gensokyo:Python","floor":1,"turns":1},{"damage":0,"enemies":"Gensokyo:3_Fairies","floor":2,"turns":3},{"damage":0,"enemies":"Gensokyo:Gryphon","floor":3,"turns":1},{"damage":0,"enemies":"Gensokyo:Python_and_Kodama","floor":5,"turns":3},{"damage":17,"enemies":"Gensokyo:Mamizou","floor":6,"turns":6},{"damage":59,"enemies":"Gensokyo:Aya","floor":10,"turns":3}],"seed_played":"-9178947970126016618","potions_obtained":[{"floor":3,"key":"Ancient Potion"}],"is_trial":false,"path_per_floor":["M","M","M","?","M","E","COS","R","T","E"],"character_chosen":"PRAEFECT","items_purchased":[],"campfire_rested":0,"item_purchase_floors":[],"current_hp_per_floor":[75,75,75,75,75,58,58,58,58,0,0],"gold":145,"neow_bonus":"THREE_RARE_CARDS","is_daily":false,"chose_seed":false,"campfire_upgraded":1,"win_rate":0.0,"timestamp":1610075634,"path_taken":["M","M","M","?","M","E","COS","R","T","E"],"items_purchased_type":[],"build_version":"2020-12-22","purchased_purges":0,"victory":false,"max_hp_per_floor":[75,75,75,75,75,75,75,75,75,75,75],"relic_stats":{"counters":[6,17],"obtain_stats":[{"KeepersGift":0,"DoctorsRemote":0,"DemoMod:GlassGuonStoneRelic":2,"rmod:firstchargereward":0,"Baka":1,"LetterFromLob":1,"SalivaCoin":9,"HushsDoor":0,"infinitespire:PuzzleCube":6,"REME_ComplimentaryCards":0},{"KeepersGift":0,"DoctorsRemote":0,"DemoMod:GlassGuonStoneRelic":2,"rmod:firstchargereward":0,"Baka":1,"LetterFromLob":1,"SalivaCoin":5,"HushsDoor":0,"infinitespire:PuzzleCube":5,"REME_ComplimentaryCards":0},{"KeepersGift":0,"DoctorsRemote":0,"DemoMod:GlassGuonStoneRelic":4,"rmod:firstchargereward":0,"Baka":1,"LetterFromLob":1,"SalivaCoin":14,"HushsDoor":0,"infinitespire:PuzzleCube":14,"REME_ComplimentaryCards":0}]},"card_choices":[{"not_picked":[],"picked":"BettingIsNotGood","floor":0},{"not_picked":["rmod:secretscript","rmod:windflower"],"picked":"rmod:seals","floor":0},{"not_picked":["rmod:aluminumsupply","rmod:tearstotiara"],"picked":"rmod:robin","floor":1},{"not_picked":["rmod:tearstotiara","rmod:aluminumsupply"],"picked":"rmod:selfconfidence","floor":2},{"not_picked":["rmod:punchline","rmod:aggressivemary"],"picked":"rmod:luckystar","floor":3},{"not_picked":["rmod:firesupport","rmod:rockthrower"],"picked":"rmod:circuitoustactics","floor":5},{"not_picked":["rmod:royalracing","rmod:garrisonisland"],"picked":"rmod:fletcherpendant","floor":6}],"player_experience":62207,"relics_obtained":[{"floor":1,"key":"Baka"},{"floor":1,"key":"LetterFromLob"},{"floor":6,"key":"infinitespire:PuzzleCube"},{"floor":9,"key":"SalivaCoin"}],"event_choices":[{"damage_healed":0,"gold_gain":0,"player_choice":"Leave","damage_taken":0,"max_hp_gain":0,"max_hp_loss":0,"event_name":"conspire:Investor","floor":4,"gold_loss":0}],"is_beta":false,"boss_relics":[],"items_purged_floors":[],"is_endless":false,"potions_floor_spawned":[3],"killed_by":"Gensokyo:Aya","ascension_level":1}}