{"host":"qj91dvco5uhu9oti","time":1610100804,"event":{"mods":["BaseMod","Colored Map","Downfall","Keyboard Shortcuts","Minty Spire (QoL Compilation)","Permanent Neow","Relic Stats","StSLib","SuperFastMode","everything is the same but u backflip on backflip"],"gold_per_floor":[99,99,113,125,139,154,154,154,11,29,29,48,112,97,107,208,208,208,219,319,419,434,476,524,552,570,570,596,596,590,590,606,710,710,710,739,748,776,673,673,750,41,120,45,79,96,111,131,159,159],"floor_reached":51,"playtime":3376,"items_purged":["Guardian:Defend_Guardian","Guardian:RollAttack+1","Guardian:WalkerClaw"],"score":941,"play_id":"c064215b-6ed5-4100-a30d-cf6ad55ccfb0","local_time":"20210108191324","is_ascension_mode":false,"campfire_choices":[{"data":"Guardian:TwinSlam","floor":1.0,"key":"SMITH"},{"data":"Guardian:CurlUp","floor":8.0,"key":"SMITH"},{"data":"Guardian:PrismaticBarrier","floor":11.0,"key":"SMITH"},{"data":"Guardian:ChargeUp","floor":18.0,"key":"SMITH"},{"data":"J.A.X.","floor":27.0,"key":"SMITH"},{"data":"Guardian:ExploitGems","floor":35,"key":"SMITH"},{"data":"Guardian:SphericShield","floor":40,"key":"SMITH"},{"data":"Guardian:RevengeProtocol","floor":44,"key":"SMITH"}],"circlet_count":0,"master_deck":["Guardian:CurlUp+1","Guardian:TwinSlam+1","Guardian:ChargeCore","Guardian:ChargeUp+1","Guardian:Planning","Guardian:PrismaticBarrier+1","Guardian:GuardianWhirl","Guardian:ExploitGems+1","Guardian:PolyBeam","J.A.X.+1","Guardian:Repulse","Guardian:SphericShield+1","Guardian:TemporalShield+1","Guardian:VentSteam","Guardian:ExploitGems+1","Guardian:PrismaticBarrier","Finesse","Guardian:ExploitGems+1","Guardian:RevengeProtocol+1","expansioncontent:DarkVoid","Guardian:Gem_White"],"relics":["Guardian:ModeShifter","Kunai","Mercury Hourglass","Pandora\u0027s Box","MutagenicStrength","White Beast Statue","CeramicFish","downfall:RedIOU","SacredBark","ClockworkSouvenir","DollysMirror","PreservedInsect","Bottled Tornado","downfall:HeartBlessingBlue","Turnip"],"acts_visited":["Exordium","TheCity","TheBeyond"],"potions_floor_usage":[47,50,50],"damage_taken":[{"damage":0.0,"enemies":"2 Louse","floor":3.0,"turns":2.0},{"damage":1.0,"enemies":"Cultist","floor":4.0,"turns":3.0},{"damage":0.0,"enemies":"Small Slimes","floor":5.0,"turns":3.0},{"damage":7.0,"enemies":"Blue Slaver","floor":6.0,"turns":3.0},{"damage":0.0,"enemies":"downfall:FleeingMerchant","floor":9.0,"turns":4.0},{"damage":0.0,"enemies":"2 Fungi Beasts","floor":10.0,"turns":3.0},{"damage":0.0,"enemies":"Lots of Slimes","floor":12.0,"turns":3.0},{"damage":2.0,"enemies":"Lagavulin Event","floor":13.0,"turns":6.0},{"damage":0.0,"enemies":"downfall:FleeingMerchant","floor":14.0,"turns":4.0},{"damage":0.0,"enemies":"Large Slime","floor":15.0,"turns":3.0},{"damage":0.0,"enemies":"downfall:Ironclad","floor":16.0,"turns":9.0},{"damage":10.0,"enemies":"Shell Parasite","floor":19.0,"turns":3.0},{"damage":8.0,"enemies":"downfall:Augmenter","floor":20.0,"turns":7.0},{"damage":3.0,"enemies":"downfall:LadyInBlue","floor":21.0,"turns":6.0},{"damage":13.0,"enemies":"Chosen","floor":22.0,"turns":3.0},{"damage":3.0,"enemies":"Gremlin Leader","floor":23.0,"turns":5.0},{"damage":1.0,"enemies":"Centurion and Healer","floor":25.0,"turns":6.0},{"damage":0.0,"enemies":"Snecko","floor":28.0,"turns":3.0},{"damage":12.0,"enemies":"downfall:FleeingMerchant","floor":30.0,"turns":4.0},{"damage":0,"enemies":"Snake Plant","floor":32,"turns":2},{"damage":6,"enemies":"downfall:Defect","floor":33,"turns":6},{"damage":8,"enemies":"3 Darklings","floor":36,"turns":4},{"damage":10,"enemies":"3 Shapes","floor":38,"turns":5},{"damage":3,"enemies":"downfall:FleeingMerchant","floor":39,"turns":4},{"damage":0,"enemies":"Giant Head","floor":45,"turns":3},{"damage":0,"enemies":"Sphere and 2 Shapes","floor":46,"turns":4},{"damage":0,"enemies":"4 Shapes","floor":47,"turns":3},{"damage":0,"enemies":"3 Darklings","floor":48,"turns":3},{"damage":0,"enemies":"Jaw Worm Horde","floor":49,"turns":3},{"damage":25,"enemies":"downfall:Silent","floor":50,"turns":3}],"seed_played":"4200031573686644379","potions_obtained":[{"floor":0.0,"key":"Swift Potion"},{"floor":0.0,"key":"AttackPotion"},{"floor":0.0,"key":"LiquidBronze"},{"floor":6.0,"key":"PowerPotion"},{"floor":12.0,"key":"champ:CounterPotion"},{"floor":16.0,"key":"PowerPotion"},{"floor":19.0,"key":"Strength Potion"},{"floor":21.0,"key":"FearPotion"},{"floor":22.0,"key":"Guardian:BlockOnCardUsePotion"},{"floor":23.0,"key":"PowerPotion"},{"floor":28.0,"key":"Strength Potion"},{"floor":30,"key":"sneckomod:MuddlingPotion"},{"floor":33,"key":"champ:CounterPotion"},{"floor":36,"key":"Slimebound:ThreeZeroPotion"},{"floor":38,"key":"Dexterity Potion"},{"floor":39,"key":"Guardian:DefensiveModePotion"},{"floor":46,"key":"Dexterity Potion"},{"floor":47,"key":"FairyPotion"}],"is_trial":false,"path_per_floor":["R","?","M","M","M","M","T","R","$","M","R","M","?","$","M","B",null,"R","M","?","?","M","E","T","M","?","R","M","?","$","?","M","B",null,"R","M","?","M","$","R","T","$","T","R","E","M","M","M","M","B",null],"character_chosen":"GUARDIAN","items_purchased":["Guardian:Gem_Cyan","ClockworkSouvenir","Finesse","Guardian:Gem_White","Guardian:Gem_Fragmented","DollysMirror","Guardian:Gem_Blue","Guardian:RevengeProtocol","PreservedInsect","expansioncontent:DarkVoid"],"campfire_rested":0,"item_purchase_floors":[9,39,39,39,39,42,42,42,42,42],"current_hp_per_floor":[80,80,80,79,79,72,72,72,72,72,72,72,70,70,70,70,80,80,70,62,59,46,43,43,42,42,42,42,42,30,30,30,24,80,80,72,72,62,59,59,59,59,59,69,69,69,69,69,69,44],"gold":159,"neow_bonus":"THREE_SMALL_POTIONS","is_daily":false,"chose_seed":false,"campfire_upgraded":8,"win_rate":0.0,"timestamp":1610100804,"path_taken":["R","?","M","?","M","M","T","R","$","M","R","M","?","$","M","BOSS","R","M","?","?","M","E","T","?","?","R","M","?","$","?","M","BOSS","R","M","?","M","$","R","T","$","?","R","E","M","M","?","M","BOSS"],"items_purchased_type":["Card","Relic","Card","Card","Card","Relic","Card","Card","Relic","Card"],"build_version":"2020-12-22","purchased_purges":3,"victory":true,"max_hp_per_floor":[80,80,80,80,80,80,80,80,80,80,80,80,80,80,80,80,80,80,80,80,80,80,80,80,80,80,80,80,80,80,80,80,80,80,80,80,80,80,80,80,80,80,80,90,90,90,90,90,90,90],"relic_stats":{"counters":[30,120],"CeramicFish":162,"Pandora\u0027s Box":["Guardian:Gem_Green","Guardian:PiercingHide","Guardian:Suspension","Guardian:Gem_Orange","Guardian:PolyBeam","Guardian:Gem_Fragmented","Guardian:WalkerClaw"],"PreservedInsect":125,"Turnip":[5],"Kunai":[42],"obtain_stats":[{"CeramicFish":23,"SacredBark":34,"Guardian:ModeShifter":0,"PreservedInsect":42,"Bottled Tornado":43,"White Beast Statue":21,"Mercury Hourglass":13,"ClockworkSouvenir":39,"DollysMirror":42,"downfall:HeartBlessingBlue":44,"MutagenicStrength":20,"Bronze Scales":24,"Pandora\u0027s Box":17,"downfall:RedIOU":29,"Turnip":45,"Kunai":7},{"CeramicFish":16,"SacredBark":21,"Guardian:ModeShifter":0,"PreservedInsect":24,"Bottled Tornado":24,"White Beast Statue":14,"Mercury Hourglass":7,"ClockworkSouvenir":24,"DollysMirror":24,"downfall:HeartBlessingBlue":24,"MutagenicStrength":13,"Bronze Scales":16,"Pandora\u0027s Box":11,"downfall:RedIOU":18,"Turnip":25,"Kunai":4},{"CeramicFish":67,"SacredBark":88,"Guardian:ModeShifter":0,"PreservedInsect":101,"Bottled Tornado":101,"White Beast Statue":59,"Mercury Hourglass":21,"ClockworkSouvenir":101,"DollysMirror":101,"downfall:HeartBlessingBlue":101,"MutagenicStrength":53,"Bronze Scales":67,"Pandora\u0027s Box":43,"downfall:RedIOU":76,"Turnip":104,"Kunai":11}],"Mercury Hourglass":[307]},"card_choices":[{"not_picked":["Guardian:Gem_Purple","Guardian:RefractedBeam"],"picked":"Guardian:ChargeCore","floor":3.0},{"not_picked":["Guardian:Reroute","Guardian:ArmoredProtocol"],"picked":"Guardian:Gem_Blue","floor":4.0},{"not_picked":["Guardian:Preprogram","Guardian:TimeBomb"],"picked":"Guardian:ChargeUp","floor":5.0},{"not_picked":["Guardian:Reroute","Guardian:Incinerate"],"picked":"Guardian:Planning","floor":6.0},{"not_picked":["Guardian:TimeSifter","Guardian:PiercingHide","Guardian:BronzeOrb"],"picked":"SKIP","floor":9.0},{"not_picked":["Guardian:ShieldCharger","Guardian:Suspension"],"picked":"Guardian:PrismaticBarrier","floor":10.0},{"not_picked":["Guardian:Gem_Lightblue","Guardian:Gem_Blue"],"picked":"Guardian:Gem_Cyan","floor":12.0},{"not_picked":["Guardian:RollAttack","Guardian:Suspension"],"picked":"Guardian:GuardianWhirl","floor":14.0},{"not_picked":["Guardian:Suspension","Guardian:Reroute"],"picked":"Guardian:SpikerProtocol","floor":15.0},{"not_picked":["Guardian:RevengeProtocol","Guardian:AncientConstruct"],"picked":"Guardian:ExploitGems","floor":16.0},{"not_picked":["Guardian:TemporalStrike","Guardian:ShieldCharger+1"],"picked":"Guardian:Gem_Red","floor":19.0},{"not_picked":[],"picked":"J.A.X.","floor":20.0},{"not_picked":["Guardian:Repulse","Guardian:Gem_Red"],"picked":"Guardian:RollAttack+1","floor":20.0},{"not_picked":["Guardian:RollAttack","Guardian:Incinerate","Guardian:Reroute"],"picked":"SKIP","floor":22.0},{"not_picked":["Guardian:PrimingBeam+1","Guardian:TemporalStrike"],"picked":"Guardian:Repulse","floor":23.0},{"not_picked":["Guardian:PiercingHide+1","Guardian:Planning"],"picked":"Guardian:SphericShield","floor":25.0},{"not_picked":["Guardian:Emergency+1","Guardian:Harden"],"picked":"Guardian:TemporalShield+1","floor":28.0},{"not_picked":["Guardian:PrimingBeam","Guardian:Suspension"],"picked":"Guardian:Gem_Crimson","floor":30},{"not_picked":["Guardian:Gem_Green","Guardian:ShieldCharger+1","Guardian:FastForward"],"picked":"SKIP","floor":32},{"not_picked":["Guardian:RollAttack","Guardian:ShieldCharger"],"picked":"Guardian:VentSteam","floor":36},{"not_picked":["Guardian:Gem_Lightblue","Guardian:WalkerClaw+1"],"picked":"Guardian:Gem_Fragmented","floor":38},{"not_picked":["Guardian:Planning+1","Guardian:ConstructionForm"],"picked":"Guardian:PrismaticBarrier","floor":39},{"not_picked":["Guardian:BronzeOrb","Guardian:Planning+1","Guardian:ShieldCharger"],"picked":"SKIP","floor":45},{"not_picked":["Guardian:Gem_Blue","Guardian:VentSteam","Guardian:SentryBeam"],"picked":"SKIP","floor":46},{"not_picked":["Guardian:Gem_Cyan","Guardian:ChargeUp","Guardian:Incinerate+1"],"picked":"SKIP","floor":47},{"not_picked":["Guardian:SentryBeam+1","Guardian:Gem_Red","Guardian:SpikerProtocol+1"],"picked":"SKIP","floor":48},{"not_picked":["Guardian:DonusPower+1","Guardian:TemporalShield"],"picked":"Guardian:Gem_White","floor":49}],"player_experience":354287,"relics_obtained":[{"floor":7.0,"key":"Kunai"},{"floor":20.0,"key":"MutagenicStrength"},{"floor":21.0,"key":"White Beast Statue"},{"floor":23.0,"key":"CeramicFish"},{"floor":24.0,"key":"Bronze Scales"},{"floor":43,"key":"Bottled Tornado"},{"floor":45,"key":"Turnip"}],"event_choices":[{"cards_removed":["Guardian:SpikerProtocol"],"damage_healed":0,"gold_gain":0,"player_choice":"Elegance","damage_taken":0,"max_hp_gain":0,"max_hp_loss":0,"event_name":"Back to Basics","floor":31,"gold_loss":0},{"damage_healed":0,"gold_gain":0,"player_choice":"Copied","damage_taken":0,"max_hp_gain":0,"max_hp_loss":0,"event_name":"Duplicator","floor":37,"gold_loss":0,"cards_obtained":["Guardian:ExploitGems"]}],"is_beta":false,"boss_relics":[{"not_picked":["Fusion Hammer","downfall:Hecktoplasm"],"picked":"Pandora\u0027s Box"},{"not_picked":["Tiny House","Coffee Dripper"],"picked":"SacredBark"}],"items_purged_floors":[9,39,42],"is_endless":false,"potions_floor_spawned":[5,6,12,16,19,22,23,25,28,30,32,33,36,38,39,45,46,47,48,49],"ascension_level":0}}