{"host":"nc9kxycvldgbp2kx","time":1610135684,"event":{"mods":["2.2 Compatiblity","AchievementEnabler","AlwaysNeverKeys","BaseMod","Better Altar","Better Match","Better Note","Better Sensory Stone","Better Skull","Better Third Choice","Better Vampires","Block Reminder","Colored Powertips","Curses Come First","GifTheSpireLib","Highlight Path","Minty Spire (QoL Compilation)","Permanent Neow","Quick Restart","Random Character Button","Rare Cards Sparkle","Relic Sorter","Relic Stats","Spicy Shops","StSLib","Transform Curses"],"gold_per_floor":[131,143,330,357,383,395,407,369,381,425,437,476,488,518,530,641,653,679,691,722,745,757,801,813,844,856,238,271,303,336,346,346,447,497,512,532,552,570,470,502,512,512,512,512,538,556,572,213,213,213,213,213,12,37,37],"floor_reached":56,"playtime":8903,"items_purged":["Dualcast","Zap","Strike_B","Defend_B"],"score":1347,"play_id":"a7cc2dd6-2013-487c-8314-10379b3d5225","local_time":"20210108205444","is_ascension_mode":false,"campfire_choices":[{"data":"Gash","floor":6.0,"key":"SMITH"},{"floor":11.0,"key":"REST"},{"data":"Gash","floor":13.0,"key":"SMITH"},{"data":"Hologram","floor":15.0,"key":"SMITH"},{"data":"Gash","floor":24.0,"key":"SMITH"},{"data":"Gash","floor":32.0,"key":"SMITH"},{"data":"Deep Breath","floor":42.0,"key":"SMITH"},{"data":"Gash","floor":44.0,"key":"SMITH"},{"data":"Scrape","floor":49.0,"key":"SMITH"},{"data":"Hologram","floor":52,"key":"SMITH"}],"circlet_count":0,"master_deck":["Defend_B","Defend_B+1","Defend_B","Gash+1","Hologram+1","Gash+1","Sweeping Beam+1","Gash+1","Rebound+1","Gash+1","Gash+1","Gash+1","Deep Breath+1","Tools of the Trade","Coolheaded+1","Scrape+1","Hologram+1"],"relics":["Cracked Core","MawBank","InkBottle","TungstenRod","White Beast Statue","PreservedInsect","Empty Cage","Vajra","Sundial","WingedGreaves","Lantern","PrismaticShard","Potion Belt","Mummified Hand","Thread and Needle","Matryoshka","Tiny House","Ancient Tea Set","Happy Flower","Kunai","Meat on the Bone","TheAbacus","Letter Opener"],"acts_visited":["Exordium","TheCity","TheBeyond","TheEnding"],"potions_floor_usage":[50,55,55,55],"damage_taken":[{"damage":3.0,"enemies":"Small Slimes","floor":1.0,"turns":2.0},{"damage":1.0,"enemies":"Jaw Worm","floor":4.0,"turns":4.0},{"damage":0.0,"enemies":"2 Louse","floor":5.0,"turns":3.0},{"damage":14.0,"enemies":"Lagavulin","floor":10.0,"turns":6.0},{"damage":18.0,"enemies":"Gremlin Nob","floor":12.0,"turns":4.0},{"damage":3.0,"enemies":"Blue Slaver","floor":14.0,"turns":2.0},{"damage":24.0,"enemies":"Slime Boss","floor":16.0,"turns":9.0},{"damage":0.0,"enemies":"Chosen","floor":18.0,"turns":4.0},{"damage":7.0,"enemies":"3 Byrds","floor":20.0,"turns":4.0},{"damage":7.0,"enemies":"Centurion and Healer","floor":21.0,"turns":5.0},{"damage":3.0,"enemies":"Slavers","floor":23.0,"turns":2.0},{"damage":0.0,"enemies":"Snecko","floor":25.0,"turns":4.0},{"damage":7.0,"enemies":"Book of Stabbing","floor":28.0,"turns":3.0},{"damage":8.0,"enemies":"Slavers","floor":29.0,"turns":2.0},{"damage":3.0,"enemies":"Book of Stabbing","floor":30.0,"turns":3.0},{"damage":0.0,"enemies":"Cultist and Chosen","floor":31.0,"turns":3.0},{"damage":18.0,"enemies":"Automaton","floor":33.0,"turns":5.0},{"damage":1.0,"enemies":"3 Darklings","floor":35.0,"turns":3.0},{"damage":0.0,"enemies":"Orb Walker","floor":36.0,"turns":2.0},{"damage":0.0,"enemies":"Jaw Worm Horde","floor":37.0,"turns":2.0},{"damage":0.0,"enemies":"Maw","floor":38.0,"turns":4.0},{"damage":0.0,"enemies":"Nemesis","floor":40.0,"turns":3.0},{"damage":14.0,"enemies":"Writhing Mass","floor":41.0,"turns":3.0},{"damage":0.0,"enemies":"Giant Head","floor":45.0,"turns":3.0},{"damage":0.0,"enemies":"Spire Growth","floor":46.0,"turns":2.0},{"damage":0.0,"enemies":"Transient","floor":47.0,"turns":5.0},{"damage":8,"enemies":"Time Eater","floor":50,"turns":3},{"damage":0,"enemies":"Shield and Spear","floor":54,"turns":3},{"damage":50,"enemies":"The Heart","floor":55,"turns":5}],"seed_played":"-5728826856085237798","potions_obtained":[{"floor":10.0,"key":"CultistPotion"},{"floor":12.0,"key":"SkillPotion"},{"floor":14.0,"key":"Energy Potion"},{"floor":16.0,"key":"SkillPotion"},{"floor":18.0,"key":"GamblersBrew"},{"floor":20.0,"key":"Explosive Potion"},{"floor":21.0,"key":"Fire Potion"},{"floor":23.0,"key":"SteroidPotion"},{"floor":25.0,"key":"EssenceOfSteel"},{"floor":28.0,"key":"LiquidMemories"},{"floor":29.0,"key":"Explosive Potion"},{"floor":30.0,"key":"BlessingOfTheForge"},{"floor":31.0,"key":"FocusPotion"},{"floor":33.0,"key":"EssenceOfDarkness"},{"floor":34.0,"key":"Swift Potion"},{"floor":35.0,"key":"Fire Potion"},{"floor":36.0,"key":"Swift Potion"},{"floor":37.0,"key":"Ancient Potion"},{"floor":38.0,"key":"Explosive Potion"},{"floor":40.0,"key":"SteroidPotion"},{"floor":41.0,"key":"DuplicationPotion"},{"floor":45.0,"key":"LiquidBronze"},{"floor":46.0,"key":"Swift Potion"},{"floor":47.0,"key":"Block Potion"},{"floor":54,"key":"Block Potion"}],"is_trial":false,"path_per_floor":["M","?","?","M","M","R","?","?","T","E","R","E","R","M","R","B",null,"M","?","M","M","?","E","R","M","T","$","E","E","E","M","R","B",null,"M","M","M","M","$","E","M","R","T","R","E","M","M","$","R","B",null,"R","$","E","B",null],"character_chosen":"DEFECT","items_purchased":["Gash","WingedGreaves","Lantern","PrismaticShard","Potion Belt","Scrape","Hologram","TheAbacus","SteroidPotion"],"campfire_rested":1,"item_purchase_floors":[27,27,27,27,27,48,48,48,53],"current_hp_per_floor":[72,65,65,64,64,64,46,46,46,32,54,36,36,33,33,9,75,75,75,68,61,61,58,58,58,58,58,51,43,40,40,40,22,80,79,79,79,79,79,79,65,65,65,65,65,65,65,65,65,57,80,80,80,80,42],"gold":37,"neow_bonus":"RANDOM_COMMON_RELIC","is_daily":false,"chose_seed":false,"campfire_upgraded":9,"win_rate":0.0,"timestamp":1610135684,"path_taken":["M","?","?","M","?","R","?","?","T","E","R","E","R","M","R","BOSS","M","?","?","M","?","E","R","M","T","$","E","E","E","M","R","BOSS","M","M","M","?","$","E","M","R","T","R","E","M","?","$","R","BOSS","R","$","E","BOSS"],"items_purchased_type":["Card","Relic","Relic","Relic","Relic","Card","Card","Relic","Potion"],"build_version":"2020-12-22","purchased_purges":4,"victory":true,"max_hp_per_floor":[75,75,75,75,75,75,75,75,75,75,75,75,75,75,75,75,75,75,75,75,75,75,75,75,75,75,75,75,75,75,75,75,75,80,80,80,80,80,80,80,80,80,80,80,80,80,80,80,80,80,80,80,80,80,80],"relic_stats":{"Happy Flower":[7],"counters":[29,103],"PreservedInsect":398,"Letter Opener":[5],"MawBank":324,"TheAbacus":[48],"Sundial":[20],"Mummified Hand":[8],"Kunai":[38],"obtain_stats":[{"Potion Belt":27,"Lantern":27,"Tiny House":34,"Happy Flower":43,"Vajra":23,"Thread and Needle":29,"PreservedInsect":12,"Letter Opener":54,"MawBank":0,"Empty Cage":17,"PrismaticShard":27,"Ancient Tea Set":40,"White Beast Statue":10,"Matryoshka":30,"TheAbacus":48,"Sundial":26,"Mummified Hand":28,"WingedGreaves":27,"Kunai":43,"Cracked Core":0,"InkBottle":7,"TungstenRod":9,"Meat on the Bone":45},{"Potion Belt":12,"Lantern":12,"Tiny House":17,"Happy Flower":23,"Vajra":11,"Thread and Needle":14,"PreservedInsect":5,"Letter Opener":28,"MawBank":0,"Empty Cage":7,"PrismaticShard":12,"Ancient Tea Set":22,"White Beast Statue":4,"Matryoshka":15,"TheAbacus":26,"Sundial":12,"Mummified Hand":13,"WingedGreaves":12,"Kunai":23,"Cracked Core":0,"InkBottle":3,"TungstenRod":3,"Meat on the Bone":24},{"Potion Belt":49,"Lantern":49,"Tiny House":65,"Happy Flower":82,"Vajra":45,"Thread and Needle":54,"PreservedInsect":19,"Letter Opener":98,"MawBank":0,"Empty Cage":30,"PrismaticShard":49,"Ancient Tea Set":79,"White Beast Statue":15,"Matryoshka":57,"TheAbacus":92,"Sundial":49,"Mummified Hand":52,"WingedGreaves":49,"Kunai":82,"Cracked Core":0,"InkBottle":9,"TungstenRod":9,"Meat on the Bone":85}],"InkBottle":[55],"TungstenRod":43,"Meat on the Bone":12},"card_choices":[{"not_picked":["Compile Driver","Barrage"],"picked":"Gash","floor":1.0},{"not_picked":["Cold Snap","Conserve Battery"],"picked":"Hologram","floor":4.0},{"not_picked":["Auto Shields","Steam Power","Leap"],"picked":"SKIP","floor":5.0},{"not_picked":["Ball Lightning","Go for the Eyes"],"picked":"Gash","floor":10.0},{"not_picked":["Cold Snap","Amplify","Self Repair"],"picked":"SKIP","floor":12.0},{"not_picked":["Compile Driver","Steam","Redo"],"picked":"SKIP","floor":14.0},{"not_picked":["Beam Cell","Conserve Battery+1"],"picked":"Sweeping Beam+1","floor":18.0},{"not_picked":["Sweeping Beam","Biased Cognition","Beam Cell"],"picked":"SKIP","floor":20.0},{"not_picked":["Compile Driver","Stack"],"picked":"Rebound+1","floor":21.0},{"not_picked":["Sunder+1","Steam"],"picked":"Gash","floor":23.0},{"not_picked":["Genetic Algorithm","Streamline","Redo"],"picked":"SKIP","floor":25.0},{"not_picked":["Infernal Blade","Footwork"],"picked":"Gash","floor":28.0},{"not_picked":["Blur","Underhanded Strike","PathToVictory"],"picked":"SKIP","floor":29.0},{"not_picked":["Study","Flying Knee","Offering"],"picked":"SKIP","floor":30.0},{"not_picked":["Shrug It Off+1","Loop"],"picked":"Deep Breath","floor":31.0},{"not_picked":["Brutality","Wish"],"picked":"Tools of the Trade","floor":33.0},{"not_picked":["InnerPeace+1","Steam+1","Chaos"],"picked":"SKIP","floor":35.0},{"not_picked":["CrushJoints+1","Accuracy","Crescendo+1"],"picked":"SKIP","floor":36.0},{"not_picked":["Trip+1","Streamline+1"],"picked":"Coolheaded+1","floor":37.0},{"not_picked":["Glacier","Go for the Eyes","PathToVictory"],"picked":"SKIP","floor":38.0},{"not_picked":["Wish","Hologram+1","EmptyBody"],"picked":"SKIP","floor":40.0},{"not_picked":["Cleave","Omniscience","Worship"],"picked":"SKIP","floor":41.0},{"not_picked":["Rebound","Riddle With Holes+1","Metallicize"],"picked":"SKIP","floor":45.0},{"not_picked":["Perfected Strike+1","Evolve+1","Heel Hook"],"picked":"SKIP","floor":46.0},{"not_picked":["Chaos","Turbo+1","Clothesline"],"picked":"SKIP","floor":47.0},{"not_picked":["Whirlwind+1","BowlingBash+1","Poisoned Stab+1"],"picked":"SKIP","floor":54}],"player_experience":283149,"relics_obtained":[{"floor":9.0,"key":"TungstenRod"},{"floor":10.0,"key":"White Beast Statue"},{"floor":12.0,"key":"PreservedInsect"},{"floor":23.0,"key":"Vajra"},{"floor":26.0,"key":"Sundial"},{"floor":28.0,"key":"Mummified Hand"},{"floor":29.0,"key":"Thread and Needle"},{"floor":30.0,"key":"Matryoshka"},{"floor":40.0,"key":"Ancient Tea Set"},{"floor":43.0,"key":"Happy Flower"},{"floor":43.0,"key":"Kunai"},{"floor":45.0,"key":"Meat on the Bone"},{"floor":54,"key":"Letter Opener"}],"event_choices":[{"cards_removed":["Strike_B"],"damage_healed":0.0,"max_hp_gain":0.0,"max_hp_loss":0.0,"gold_gain":0.0,"event_name":"Golden Wing","player_choice":"Card Removal","floor":2.0,"gold_loss":0.0,"damage_taken":7.0},{"damage_healed":0.0,"max_hp_gain":0.0,"max_hp_loss":0.0,"gold_gain":175.0,"event_name":"betterThird:BetterSerpent","player_choice":"AGREE","floor":3.0,"gold_loss":0.0,"damage_taken":155.0},{"damage_healed":0.0,"max_hp_gain":0.0,"max_hp_loss":0.0,"gold_gain":0.0,"event_name":"betterThird:BetterScrap","player_choice":"Relic ","floor":7.0,"gold_loss":0.0,"damage_taken":18.0,"cards_obtained":["Setup"]},{"cards_removed":["Doubt"],"damage_healed":0.0,"max_hp_gain":0.0,"max_hp_loss":0.0,"gold_gain":0.0,"event_name":"The Cleric","player_choice":"Card Removal","floor":8.0,"gold_loss":50.0,"damage_taken":0.0},{"damage_healed":0.0,"max_hp_gain":0.0,"max_hp_loss":0.0,"gold_gain":0.0,"event_name":"Duplicator","player_choice":"Copied","floor":19.0,"gold_loss":0.0,"damage_taken":0.0,"cards_obtained":["Gash"]},{"cards_removed":["Strike_B"],"damage_healed":0.0,"max_hp_gain":0.0,"max_hp_loss":0.0,"gold_gain":0.0,"event_name":"betterNote:BetterNote","player_choice":"Give","floor":22.0,"gold_loss":0.0,"damage_taken":0.0,"cards_obtained":["Strike_B"]}],"is_beta":false,"boss_relics":[{"not_picked":["Nuclear Battery","Coffee Dripper"],"picked":"Empty Cage"},{"not_picked":["SacredBark","Fusion Hammer"],"picked":"Tiny House"}],"items_purged_floors":[27,39,48,53],"is_endless":false,"potions_floor_spawned":[10,12,14,16,18,20,21,23,25,28,29,30,31,33,35,36,37,38,40,41,45,46,47,54],"ascension_level":0}}