{"host":"Qube","time":1610144285,"event":{"mods":["AchievementEnabler","BaseMod","Colored Map","Colored Powertips","Minty Spire (QoL Compilation)","Quick Restart","Random Character Button","StSLib"],"gold_per_floor":[118,134,149,167,167,167,193,193,216,216,243,20,36,62,62,62,62],"floor_reached":16,"playtime":671,"items_purged":[],"score":234,"play_id":"13cb6910-fb17-49a4-b91a-b6b72069c95d","local_time":"20210108141805","is_ascension_mode":true,"campfire_choices":[{"data":"Armaments","floor":6.0,"key":"SMITH"},{"data":"Uppercut","floor":8,"key":"SMITH"},{"floor":10,"key":"REST"},{"floor":15,"key":"REST"}],"circlet_count":0,"master_deck":["AscendersBane","Strike_R","Strike_R","Strike_R","Defend_R+1","Defend_R+1","Defend_R","Bash","Rage+1","Burning Pact+1","Rupture+1","Uppercut+1","Pommel Strike","Armaments+1","Cleave","Spot Weakness","Twin Strike","Shrug It Off","Twin Strike","Flame Barrier"],"relics":["Astrolabe","Regal Pillow","Strawberry","War Paint","Chemical X","Orichalcum"],"acts_visited":["Exordium"],"potions_floor_usage":[7,11],"damage_taken":[{"damage":8.0,"enemies":"Cultist","floor":1.0,"turns":5.0},{"damage":2.0,"enemies":"Jaw Worm","floor":2.0,"turns":4.0},{"damage":6.0,"enemies":"Small Slimes","floor":3.0,"turns":5.0},{"damage":7.0,"enemies":"Blue Slaver","floor":4.0,"turns":3.0},{"damage":17,"enemies":"Gremlin Nob","floor":7,"turns":4},{"damage":25,"enemies":"3 Sentries","floor":11,"turns":6},{"damage":8,"enemies":"Large Slime","floor":13,"turns":3},{"damage":30,"enemies":"Lagavulin","floor":14,"turns":7},{"damage":53,"enemies":"Slime Boss","floor":16,"turns":11}],"seed_played":"8918029500126249454","potions_obtained":[{"floor":1.0,"key":"Energy Potion"},{"floor":3.0,"key":"Explosive Potion"}],"is_trial":false,"path_per_floor":["M","M","M","M","?","R","E","R","T","R","E","$","M","E","R","B"],"character_chosen":"IRONCLAD","items_purchased":["Chemical X","Shrug It Off"],"campfire_rested":2,"item_purchase_floors":[12,12],"current_hp_per_floor":[60,58,52,45,50,50,33,33,40,81,56,56,48,18,59,6,6],"gold":62,"neow_bonus":"BOSS_RELIC","is_daily":false,"chose_seed":false,"campfire_upgraded":2,"win_rate":0.0,"timestamp":1610144285,"path_taken":["M","M","M","?","?","R","E","R","T","R","E","$","M","E","R","BOSS"],"items_purchased_type":["Relic","Card"],"build_version":"2020-12-18","purchased_purges":0,"victory":false,"max_hp_per_floor":[75,75,75,75,80,80,80,80,87,87,87,87,87,87,87,87,87],"card_choices":[{"not_picked":["Ghostly Armor","Shrug It Off"],"picked":"Uppercut","floor":1.0},{"not_picked":["Cleave","Clash"],"picked":"Pommel Strike","floor":2.0},{"not_picked":["Cleave","Disarm"],"picked":"Armaments","floor":3.0},{"not_picked":["Clash","Warcry"],"picked":"Cleave","floor":4.0},{"not_picked":["Dual Wield","Sword Boomerang"],"picked":"Spot Weakness","floor":7},{"not_picked":["Sword Boomerang","Double Tap"],"picked":"Twin Strike","floor":11},{"not_picked":["Metallicize","Dual Wield"],"picked":"Twin Strike","floor":13},{"not_picked":["Searing Blow","Twin Strike"],"picked":"Flame Barrier","floor":14}],"player_experience":848446,"relics_obtained":[{"floor":7,"key":"Regal Pillow"},{"floor":9,"key":"Strawberry"},{"floor":11,"key":"War Paint"},{"floor":14,"key":"Orichalcum"}],"event_choices":[{"damage_healed":0.0,"max_hp_gain":5.0,"max_hp_loss":0.0,"gold_gain":0.0,"event_name":"Big Fish","player_choice":"Donut","floor":5.0,"gold_loss":0.0,"damage_taken":0.0}],"is_beta":true,"boss_relics":[],"items_purged_floors":[],"is_endless":false,"potions_floor_spawned":[1,3,4],"killed_by":"Slime Boss","ascension_level":19}}