{"host":"8fup84v061vi31le","time":1610072412,"event":{"mods":["Aspiration","BaseMod","Better Match","Better Third Choice","Minty Spire (QoL Compilation)","Spicy Shops","StSLib"],"gold_per_floor":[119,44,54,54,71,71,88,163,187,206,206,216,216,246,246,246,246],"floor_reached":16,"playtime":392,"items_purged":["Defend_R"],"score":133,"play_id":"2b352c5d-e5ed-4066-b8bd-5d72e5144c5d","local_time":"20210108102012","is_ascension_mode":true,"campfire_choices":[{"data":"Perfected Strike","floor":6,"key":"SMITH"},{"floor":11,"key":"REST"},{"floor":15,"key":"REST"}],"circlet_count":0,"master_deck":["Strike_R","Strike_R","Strike_R","Strike_R","Strike_R","Defend_R","Defend_R","Defend_R","Bash","Clash","Perfected Strike+1"],"relics":["Burning Blood","aspiration:Nostalgia","Cracked Core","NlothsMask","Golden Idol","Singing Bowl"],"acts_visited":["Exordium"],"potions_floor_usage":[12],"damage_taken":[{"damage":6,"enemies":"Cultist","floor":1,"turns":3},{"damage":4,"enemies":"Jaw Worm","floor":3,"turns":4},{"damage":5,"enemies":"Small Slimes","floor":5,"turns":3},{"damage":32,"enemies":"Exordium Thugs","floor":7,"turns":4},{"damage":8,"enemies":"Blue Slaver","floor":10,"turns":3},{"damage":9,"enemies":"Lots of Slimes","floor":12,"turns":3},{"damage":63,"enemies":"Hexaghost","floor":16,"turns":7}],"seed_played":"-5924738343799420697","potions_obtained":[{"floor":7,"key":"LiquidMemories"},{"floor":10,"key":"Fire Potion"}],"is_trial":false,"path_per_floor":["M","$","M","?","M","R","M","?","T","M","R","M","?","?","R","B"],"character_chosen":"IRONCLAD","items_purchased":[],"campfire_rested":2,"item_purchase_floors":[],"current_hp_per_floor":[72,72,74,74,75,75,49,38,38,36,60,57,37,37,61,0,0],"gold":246,"neow_bonus":"NOSTALGIA","is_daily":false,"chose_seed":false,"campfire_upgraded":1,"win_rate":0.0,"timestamp":1610072412,"path_taken":["M","$","M","?","M","R","?","?","T","M","R","M","?","?","R","BOSS"],"items_purchased_type":[],"build_version":"2020-12-22","purchased_purges":1,"victory":false,"max_hp_per_floor":[80,80,80,80,80,80,80,80,80,80,80,80,80,80,80,80,80],"card_choices":[{"not_picked":["Iron Wave","Warcry","Sever Soul"],"picked":"SKIP","floor":1},{"not_picked":["Anger","True Grit"],"picked":"Clash","floor":3},{"not_picked":["Heavy Blade","Headbutt"],"picked":"Perfected Strike","floor":5},{"not_picked":["Heavy Blade","Clothesline","Exhume"],"picked":"SKIP","floor":7},{"not_picked":["Rampage","Combust","Armaments"],"picked":"SKIP","floor":10},{"not_picked":["Rage","Flex","Searing Blow"],"picked":"SKIP","floor":12}],"player_experience":142074,"relics_obtained":[],"event_choices":[{"damage_healed":0,"gold_gain":0,"player_choice":"Trade","damage_taken":0,"relics_obtained":["NlothsMask"],"max_hp_gain":0,"max_hp_loss":0,"event_name":"FaceTrader","floor":4,"gold_loss":0},{"damage_healed":0,"gold_gain":75,"player_choice":"Gold","damage_taken":11,"max_hp_gain":0,"max_hp_loss":0,"event_name":"betterThird:BetterGoop","floor":8,"gold_loss":0},{"damage_healed":0,"gold_gain":0,"player_choice":"Take Damage","damage_taken":20,"relics_obtained":["Golden Idol"],"max_hp_gain":0,"max_hp_loss":0,"event_name":"Golden Idol","floor":13,"gold_loss":0},{"damage_healed":0,"gold_gain":30,"player_choice":"Searched \u00272\u0027 times","damage_taken":0,"relics_obtained":["Singing Bowl"],"max_hp_gain":0,"max_hp_loss":0,"event_name":"Dead Adventurer","floor":14,"gold_loss":0}],"is_beta":false,"boss_relics":[],"items_purged_floors":[2],"is_endless":false,"potions_floor_spawned":[7,10],"killed_by":"Hexaghost","ascension_level":9}}