{"host":"56ghxnzsglgdq727","time":1610110165,"event":{"mods":["AchievementEnabler","BaseMod","Downfall","Duelist Mod","Hermit","Minty Spire (QoL Compilation)","Rare Cards Sparkle","SOS???????","StSLib","The Bug Knight","The Senshi","The Servant 0.9.4","The Wild Card","Yuri Mod"],"gold_per_floor":[140,240,240,250,72,103,118,118,118,43,63,77,88,88,88,193,193,204,104,104,104],"floor_reached":20,"playtime":1242,"items_purged":["theDuelist:GravekeeperCurse","theDuelist:FinalFlame"],"score":199,"play_id":"20042432-9742-403b-bbca-dd92fe90c8f8","local_time":"20210108074925","is_ascension_mode":false,"campfire_choices":[{"data":"theDuelist:PotForbidden","floor":8,"key":"SMITH"},{"data":"theDuelist:Raigeki","floor":15,"key":"SMITH"}],"circlet_count":0,"master_deck":["theDuelist:BeaverWarrior","theDuelist:BeaverWarrior","theDuelist:CastleWalls","theDuelist:CastleWalls","theDuelist:GiantSoldier","theDuelist:GiantSoldier","theDuelist:ScrapFactory","theDuelist:Sparks","theDuelist:Sparks","theDuelist:ImperialOrder","theDuelist:AmuletAmbition","theDuelist:PotForbidden+1","theDuelist:MillenniumGolem","theDuelist:Raigeki+1","theDuelist:FeatherShot","theDuelist:KamionTimelord","theDuelist:KamionTimelord+1"],"relics":["theDuelist:MillenniumPuzzle","theDuelist:CardPoolRelic","theDuelist:CardPoolBasicRelic","theDuelist:BoosterPackPoolRelic","theDuelist:CardPoolAddRelic","theDuelist:CardPoolMinusRelic","theDuelist:CardPoolSaveRelic","theDuelist:CardPoolOptionsRelic","NeowsBlessing","theDuelist:MillenniumCoin","Bottled Tornado","Meat on the Bone","Black Star"],"acts_visited":["Exordium","TheCity"],"potions_floor_usage":[13,16,16],"damage_taken":[{"damage":0,"enemies":"Cultist","floor":1,"turns":1},{"damage":7,"enemies":"Small Slimes","floor":4,"turns":2},{"damage":0,"enemies":"Gremlin Nob","floor":6,"turns":1},{"damage":2,"enemies":"Jaw Worm","floor":7,"turns":6},{"damage":7,"enemies":"Looter","floor":11,"turns":4},{"damage":9,"enemies":"Blue Slaver","floor":12,"turns":5},{"damage":3,"enemies":"2 Fungi Beasts","floor":13,"turns":5},{"damage":10,"enemies":"Hexaghost","floor":16,"turns":12},{"damage":25,"enemies":"Spheric Guardian","floor":18,"turns":7},{"damage":52,"enemies":"Spheric Guardian","floor":20,"turns":10}],"seed_played":"-5853286661992448058","potions_obtained":[{"floor":4,"key":"BlessingOfTheForge"},{"floor":12,"key":"theDuelist:BottledKuriboh"},{"floor":13,"key":"Fire Potion"}],"is_trial":false,"path_per_floor":["M","?","?","M","$","E","M","R","T","$","M","M","M","?","R","B",null,"M","$","?"],"character_chosen":"THE_DUELIST","items_purchased":["theDuelist:PotForbidden"],"campfire_rested":0,"item_purchase_floors":[5],"current_hp_per_floor":[80,80,72,65,65,65,63,63,63,63,56,47,44,44,44,46,80,55,55,3,3],"gold":104,"neow_bonus":"THREE_ENEMY_KILL","is_daily":false,"chose_seed":false,"campfire_upgraded":2,"win_rate":0.0,"timestamp":1610110165,"path_taken":["M","?","?","M","$","E","M","R","T","$","M","M","?","?","R","BOSS","M","$","?"],"items_purchased_type":["Card"],"build_version":"2020-12-22","purchased_purges":2,"victory":false,"max_hp_per_floor":[80,80,80,80,80,80,80,80,80,80,80,80,80,80,80,80,80,80,80,80,80],"card_choices":[{"not_picked":["theDuelist:GravityAxe","theDuelist:ElectromagneticShield","theDuelist:MiraculousDescent"],"picked":"theDuelist:ImperialOrder","floor":1},{"not_picked":["theDuelist:LightningBlade","theDuelist:LightLaser","theDuelist:InstantFusion","theDuelist:GridRod"],"picked":"theDuelist:AmuletAmbition","floor":4},{"not_picked":["theDuelist:Sangan","theDuelist:WormKing","theDuelist:DokiDoki","theDuelist:EarthEffigy","theDuelist:FeatherPho"],"picked":"SKIP","floor":6},{"not_picked":["theDuelist:AttackTheMoon","theDuelist:LightningRodLord","theDuelist:LightningVortex","theDuelist:ClearKuriboh"],"picked":"theDuelist:MillenniumGolem","floor":7},{"not_picked":["theDuelist:DarklordSuperbia","theDuelist:EarthquakeGiant","theDuelist:LightningVortex","theDuelist:MudGolem"],"picked":"theDuelist:Raigeki","floor":11},{"not_picked":["theDuelist:BigFire","theDuelist:AfterTheStorm","theDuelist:WhiteMagicalHat","theDuelist:Downbeat","theDuelist:StarBlast"],"picked":"SKIP","floor":12},{"not_picked":["theDuelist:LightningBlade","theDuelist:MiracleFertilizer","theDuelist:LightLaser","theDuelist:GravityLash"],"picked":"theDuelist:FeatherShot","floor":13},{"not_picked":["theDuelist:RainbowNeos","theDuelist:HappyLover","theDuelist:Eva","theDuelist:RainbowKuriboh"],"picked":"theDuelist:KamionTimelord","floor":16},{"not_picked":["theDuelist:RainbowNeos","theDuelist:HappyLover","theDuelist:Eva+1","theDuelist:RainbowOverdragon"],"picked":"theDuelist:KamionTimelord+1","floor":18}],"player_experience":189818,"relics_obtained":[{"floor":6,"key":"Bottled Tornado"},{"floor":9,"key":"Meat on the Bone"}],"event_choices":[{"damage_healed":0,"gold_gain":0,"player_choice":"Took item - Received: Millennium Coin","duelist":true,"damage_taken":0,"max_hp_gain":0,"max_hp_loss":0,"event_name":"Millennium Items","floor":2,"gold_loss":0},{"damage_healed":0,"gold_gain":0,"player_choice":"Damaged","damage_taken":8,"max_hp_gain":0,"max_hp_loss":0,"event_name":"Wheel of Change","floor":3,"gold_loss":0},{"total_magic_score":35,"gold_gain":0,"duelist":true,"damage_taken":0,"relics_obtained":[],"points":2,"max_hp_gain":0,"max_hp_loss":0,"spent_points":{"magic":0,"greed":0,"war":0,"power":1,"hunger":1},"event_name":"Nameless Tomb","floor":14,"gold_loss":0,"cards_obtained":[]},{"damage_healed":0,"gold_gain":0,"player_choice":"Fight","duelist":true,"damage_taken":0,"max_hp_gain":0,"max_hp_loss":0,"event_name":"Battle City","floor":20,"gold_loss":0}],"is_beta":false,"boss_relics":[{"not_picked":["Calling Bell","Mark of Pain"],"picked":"Black Star"}],"items_purged_floors":[10,19],"is_endless":false,"potions_floor_spawned":[4,12,13],"killed_by":"Spheric Guardian","ascension_level":0}}