{"host":"p4yrwepmrl4g8pul","time":1610096987,"event":{"mods":["Act Like it!","BaseMod","BetterRewards","Colored Map","Custom Start","Gensokyo","Marisa£®ÏF”Í°°ƒß¿Ì…≥£©","Minty Spire (QoL Compilation)","Quick Restart","Rare Cards Sparkle","Reimu£®≤©¿ˆ¡È√Œ£©","Remilia£®¿Ÿ√◊¿Ú—«£©","Remove Card Discount Mod","Shop Mod","StSLib","The Jungle","Thieving Mod"],"gold_per_floor":[110,110,110,104,104,104,139,169,217,217,217,217,252,252,252,325,325,342,55,55,55,55,55,90,90,113,139,85,120,120,120,120,194,194,206,206,221,221,221,256,256,256,307,638,638,638,191,101,101,177,254,254,272,8,8,8,8,42,42,42,75,75,75,75,5,40,40,118,118,833,833,833,833,833,933,933,933,958,971,685,685,713,158,158],"floor_reached":83,"playtime":2183,"items_purged":["Rage","Cleave","Body Slam","Shame","Armaments+1","Demon Form+1","Body Slam+1","Offering+1","Seeing Red+1","Cleave+1","Shrug It Off+1","Gensokyo:AllTheWorldsEvil"],"score":4063,"play_id":"46543589-0f65-4585-bede-d89f12daaf42","local_time":"20210108170947","daily_mods":["SealedDeck","Flight","Elite Swarm"],"is_ascension_mode":true,"campfire_choices":[{"data":"Armaments","floor":6.0,"key":"SMITH"},{"data":"Body Slam","floor":10.0,"key":"SMITH"},{"data":"Flex","floor":11.0,"key":"SMITH"},{"data":"Iron Wave","floor":15.0,"key":"SMITH"},{"data":"Limit Break","floor":23.0,"key":"SMITH"},{"data":"Feed","floor":25.0,"key":"SMITH"},{"floor":30.0,"key":"REST"},{"data":"Seeing Red","floor":32.0,"key":"SMITH"},{"data":"Shrug It Off","floor":41.0,"key":"SMITH"},{"data":"Shrug It Off","floor":49.0,"key":"SMITH"},{"floor":59.0,"key":"REST"},{"data":"Feed","floor":63.0,"key":"SMITH"},{"floor":67.0,"key":"REST"},{"data":"Pummel","floor":81.0,"key":"SMITH"}],"circlet_count":0,"master_deck":["AscendersBane","Flex+1","Iron Wave+1","Limit Break+1","Shrug It Off+1","Gensokyo:UnhurriedMind+1","Gensokyo:CustomPotion","Deep Breath+1","Feed+1","Pummel+1"],"relics":["Black Blood","Gensokyo:CelestialsFlawlessClothing","Gensokyo:Justice","Gensokyo:NagashiBinaDoll","Paper Frog","Pocketwatch","Juzu Bracelet","Charon\u0027s Ashes","SlaversCollar","Chemical X","TheAbacus","StrikeDummy","Vajra","Lantern","Mastiff:ReiMu","Singing Bowl","Blood Vial","Old Coin","Gensokyo:DualWield","Blue Candle","Sling","Runic Cube","HandDrill","Gensokyo:OccultBall","Gensokyo:PerfectCherryBlossom","Question Card","Smiling Mask","Busted Crown","Gensokyo:SongOfSouls","Calipers","Lizard Tail","Gensokyo:MosesMiracle","Gremlin Horn","MerchantsRug","Membership Card","Happy Flower","Eternal Feather"],"acts_visited":["Gensokyo:Gensokyo","Gensokyo:Gensokyoer","Gensokyo:Gensokyoest","Gensokyo:Gensokyo","Gensokyo:Gensokyoer"],"potions_floor_usage":[82],"damage_taken":[{"damage":0.0,"enemies":"Gensokyo:2_Kodama","floor":1.0,"turns":3.0},{"damage":5.0,"enemies":"Gensokyo:Aya","floor":7.0,"turns":4.0},{"damage":18.0,"enemies":"Gensokyo:Cirno","floor":8.0,"turns":5.0},{"damage":6.0,"enemies":"Gensokyo:Aya","floor":13.0,"turns":3.0},{"damage":21.0,"enemies":"Gensokyo:Kokoro","floor":16.0,"turns":6.0},{"damage":6.0,"enemies":"Gensokyo:CosmicMonolith","floor":18.0,"turns":2.0},{"damage":38.0,"enemies":"Gensokyo:Tenshi","floor":24.0,"turns":2.0},{"damage":6.0,"enemies":"Gensokyo:Koishi","floor":27.0,"turns":4.0},{"damage":15.0,"enemies":"Gensokyo:Reisen","floor":29.0,"turns":4.0},{"damage":73.0,"enemies":"Gensokyo:Eternal_Rivals","floor":33.0,"turns":5.0},{"damage":0.0,"enemies":"Gensokyo:3_Boulders","floor":35.0,"turns":3.0},{"damage":179.0,"enemies":"Gensokyo:3_Boulders","floor":36.0,"turns":10.0},{"damage":0.0,"enemies":"Gensokyo:3_Bats","floor":37.0,"turns":2.0},{"damage":0.0,"enemies":"Gensokyo:Kasen","floor":40.0,"turns":3.0},{"damage":4.0,"enemies":"Gensokyo:Marisa","floor":44.0,"turns":4.0},{"damage":0.0,"enemies":"Gensokyo:Shinki","floor":50.0,"turns":4.0},{"damage":33.0,"enemies":"Gensokyo:Scarlet_Devils","floor":51.0,"turns":3.0},{"damage":1.0,"enemies":"Gensokyo:Python","floor":53.0,"turns":1.0},{"damage":0.0,"enemies":"Gensokyo:Mamizou","floor":58.0,"turns":3.0},{"damage":0.0,"enemies":"Gensokyo:Cirno","floor":60.0,"turns":4.0},{"damage":1.0,"enemies":"Gensokyo:Mamizou","floor":61.0,"turns":1.0},{"damage":0.0,"enemies":"Gensokyo:Cirno","floor":66.0,"turns":4.0},{"damage":0.0,"enemies":"Gensokyo:Reimu","floor":68.0,"turns":2.0},{"damage":70.0,"enemies":"Gensokyo:AngelMirror","floor":70.0,"turns":1.0},{"damage":1.0,"enemies":"Gensokyo:AngelMirror","floor":75.0,"turns":2.0},{"damage":1.0,"enemies":"Gensokyo:Tenshi","floor":78.0,"turns":1.0},{"damage":1.0,"enemies":"Gensokyo:2_Gloops","floor":79.0,"turns":1.0},{"damage":0,"enemies":"Gensokyo:Koishi","floor":82,"turns":1}],"seed_played":"-67766325088482623","potions_obtained":[{"floor":1.0,"key":"AttackPotion"},{"floor":8.0,"key":"LiquidBronze"},{"floor":27.0,"key":"Explosive Potion"},{"floor":33.0,"key":"Explosive Potion"},{"floor":40.0,"key":"Regen Potion"},{"floor":50.0,"key":"Fire Potion"},{"floor":61.0,"key":"Swift Potion"},{"floor":68.0,"key":"Fire Potion"},{"floor":70.0,"key":"SteroidPotion"},{"floor":78.0,"key":"AttackPotion"}],"is_trial":true,"path_per_floor":["M","?","?","$","?","R","E","E","T","R","R","?","E","?","R","B",null,"M","COS","?","?","?","R","E","R","T","E","$","E","R","?","R","B",null,"M","?","M","?","?","E","R","?","T","E","?","T","$","?","R","B","B",null,"M","$","?","?","?","E","R","E","E","?","R","?","?","E","R","B",null,"M","?","?","?","?","?","?","?","E","M","$","R","E","$"],"character_chosen":"IRONCLAD","items_purchased":["Seeing Red","Pear","Sling","Deep Breath","HandDrill","Gremlin Horn","MerchantsRug","Membership Card","Happy Flower","Eternal Feather"],"campfire_rested":3,"item_purchase_floors":[28,47,47,54,54,80,83,83,83,83],"current_hp_per_floor":[74,52,52,52,52,52,53,41,41,41,41,41,41,48,48,33,70,70,70,70,70,70,70,38,38,38,38,38,29,53,53,53,78,84,90,90,94,94,94,96,96,77,77,89,89,89,99,99,99,114,95,111,122,122,126,126,126,128,128,128,133,133,133,100,100,116,135,141,141,85,85,85,85,85,104,104,104,123,138,138,138,154,154,154],"gold":158,"neow_bonus":"","is_daily":false,"chose_seed":false,"campfire_upgraded":11,"win_rate":0.0,"timestamp":1610096987,"path_taken":["M","?","?","$","?","R","E","E","T","R","R","?","E","?","R","BOSS","M","COS","?","?","?","R","E","R","T","E","$","E","R","?","R","BOSS","M","?","M","?","?","E","R","?","T","E","?","?","$","?","R","BOSS","BOSS","M","$","?","?","?","E","R","E","E","?","R","?","?","E","R","BOSS","M","?","?","?","?","?","?","?","E","M","?","R","E","$"],"items_purchased_type":["Card","Relic","Relic","Card","Relic","Relic","Relic","Relic","Relic","Relic"],"build_version":"2020-12-22","purchased_purges":12,"victory":false,"max_hp_per_floor":[75,75,75,75,75,75,75,75,75,75,75,75,75,82,82,82,82,82,82,82,82,82,82,82,82,82,82,82,82,82,82,82,86,86,90,90,94,94,94,96,96,96,96,98,98,98,108,108,108,114,116,116,122,122,126,126,126,128,128,128,133,133,133,133,133,135,135,141,141,143,143,143,143,143,149,149,149,155,157,157,157,159,159,159],"card_choices":[{"not_picked":["Armaments","Perfected Strike","Shockwave"],"picked":"SKIP","floor":1.0},{"not_picked":["Bludgeon","Barricade","Feed"],"picked":"SKIP","floor":7.0},{"not_picked":["Demon Form","Limit Break"],"picked":"Offering","floor":8.0},{"not_picked":["Exhume","Barricade"],"picked":"Demon Form","floor":13.0},{"not_picked":["Impervious","Corruption"],"picked":"Limit Break","floor":16.0},{"not_picked":["Burning Pact","Dual Wield","Heavy Blade"],"picked":"SKIP","floor":18.0},{"not_picked":["Offering","Berserk"],"picked":"Feed","floor":24.0},{"not_picked":["Reaper","Juggernaut","Impervious"],"picked":"SKIP","floor":27.0},{"not_picked":["Bludgeon","Juggernaut","Feed"],"picked":"SKIP","floor":29.0},{"not_picked":["Havoc+1","Second Wind"],"picked":"Shrug It Off","floor":35.0},{"not_picked":["Gensokyo:UnlikelyAid+1","Gensokyo:RainbowDanmaku+1"],"picked":"Gensokyo:UnhurriedMind+1","floor":36.0},{"not_picked":["Pommel Strike+1","Heavy Blade","Thunderclap"],"picked":"SKIP","floor":37.0},{"not_picked":["Reaper","Demon Form","Brutality"],"picked":"Singing Bowl","floor":40.0},{"not_picked":["Corruption","Reaper","Double Tap"],"picked":"Singing Bowl","floor":44.0},{"not_picked":["Impervious","Offering","Fiend Fire"],"picked":"Singing Bowl","floor":50.0},{"not_picked":["Juggernaut","Offering","Limit Break"],"picked":"Singing Bowl","floor":51.0},{"not_picked":["Body Slam","Heavy Blade","Sword Boomerang"],"picked":"Singing Bowl","floor":53.0},{"not_picked":["Blood for Blood","Ghostly Armor","Heavy Blade"],"picked":"Singing Bowl","floor":55.0},{"not_picked":["Sever Soul","Blood for Blood","True Grit"],"picked":"Singing Bowl","floor":55.0},{"not_picked":["Barricade","Demon Form","Exhume"],"picked":"Singing Bowl","floor":58.0},{"not_picked":["Limit Break","Barricade"],"picked":"Feed","floor":60.0},{"not_picked":["Bludgeon","Barricade","Berserk"],"picked":"Singing Bowl","floor":61.0},{"not_picked":["Immolate","Brutality","Barricade","Fiend Fire"],"picked":"Singing Bowl","floor":66.0},{"not_picked":["Barricade","Limit Break","Berserk","Double Tap"],"picked":"Singing Bowl","floor":68.0},{"not_picked":["Inflame","Clothesline"],"picked":"Singing Bowl","floor":70.0},{"not_picked":["Reckless Charge","Flame Barrier+1"],"picked":"Singing Bowl","floor":75.0},{"not_picked":["Corruption","Reaper"],"picked":"Singing Bowl","floor":78.0},{"not_picked":["Bloodletting","Disarm"],"picked":"Singing Bowl","floor":79.0},{"not_picked":["Reaper","Immolate"],"picked":"Singing Bowl","floor":82}],"player_experience":789436,"relics_obtained":[{"floor":7.0,"key":"Paper Frog"},{"floor":8.0,"key":"Pocketwatch"},{"floor":9.0,"key":"Juzu Bracelet"},{"floor":13.0,"key":"Charon\u0027s Ashes"},{"floor":24.0,"key":"StrikeDummy"},{"floor":26.0,"key":"Vajra"},{"floor":27.0,"key":"Lantern"},{"floor":29.0,"key":"Mastiff:ReiMu"},{"floor":40.0,"key":"Singing Bowl"},{"floor":43.0,"key":"Blood Vial"},{"floor":44.0,"key":"Old Coin"},{"floor":46.0,"key":"Blue Candle"},{"floor":68.0,"key":"Gensokyo:OccultBall"},{"floor":75.0,"key":"Calipers"},{"floor":75.0,"key":"Lizard Tail"},{"floor":82,"key":"Gensokyo:MosesMiracle"}],"event_choices":[],"is_beta":false,"boss_relics":[{"not_picked":["Runic Pyramid","Fusion Hammer"],"picked":"SlaversCollar"},{"not_picked":["Tiny House","Calling Bell"],"picked":"Black Blood"},{"not_picked":["RedLine:ReiMu","Runic Dome"],"picked":"Runic Cube"},{"not_picked":["Cursed Key","Coffee Dripper"],"picked":"Busted Crown"}],"items_purged_floors":[4,4,4,28,28,28,28,28,47,47,54,80],"is_endless":true,"potions_floor_spawned":[1,8,27,33,40,50,60,61,68,70,78,79],"ascension_level":20}}