{"host":"i09pxcjttd31eh4q","time":1610085291,"event":{"mods":["AchievementEnabler","BaseMod","Colored Map","Keyboard Shortcuts","Minty Spire (QoL Compilation)","StSLib","SuperFastMode"],"gold_per_floor":[115,115,132,143,163,194,194,194,194,194,209,228,63,73,73,151,151,168,185,203,128,128,128],"floor_reached":22,"playtime":727,"items_purged":["Strike_G"],"score":380,"play_id":"c375d9f1-0e97-4d32-98d0-f2c998b4ef77","local_time":"20210108145451","is_ascension_mode":true,"campfire_choices":[{"floor":7.0,"key":"REST"},{"data":"Noxious Fumes","floor":15.0,"key":"SMITH"}],"circlet_count":0,"master_deck":["AscendersBane","Defend_G","Defend_G+1","Defend_G","Survivor+1","Neutralize","Sucker Punch","Noxious Fumes+1","Predator","Dagger Throw","Underhanded Strike","Backflip","Blade Dance","Poisoned Stab","Deadly Poison","Outmaneuver","Well Laid Plans","Leg Sweep","Grand Finale","Backstab"],"relics":["Ring of the Snake","Dream Catcher","Letter Opener","Potion Belt","Empty Cage"],"acts_visited":["Exordium","TheCity"],"potions_floor_usage":[],"damage_taken":[{"damage":0.0,"enemies":"Jaw Worm","floor":1.0,"turns":6.0},{"damage":6.0,"enemies":"Small Slimes","floor":3.0,"turns":3.0},{"damage":0.0,"enemies":"Cultist","floor":4.0,"turns":4.0},{"damage":0.0,"enemies":"2 Fungi Beasts","floor":5.0,"turns":3.0},{"damage":26.0,"enemies":"Gremlin Nob","floor":6.0,"turns":4.0},{"damage":0.0,"enemies":"Looter","floor":11.0,"turns":3.0},{"damage":0.0,"enemies":"3 Louse","floor":12.0,"turns":1.0},{"damage":3.0,"enemies":"Blue Slaver","floor":14.0,"turns":3.0},{"damage":4.0,"enemies":"Hexaghost","floor":16.0,"turns":8.0},{"damage":23.0,"enemies":"Chosen","floor":18.0,"turns":5.0},{"damage":4.0,"enemies":"3 Byrds","floor":19.0,"turns":4.0},{"damage":7,"enemies":"Sentry and Sphere","floor":20,"turns":4},{"damage":0,"enemies":"Cultist and Chosen","floor":22,"turns":2}],"seed_played":"-7427497697999353378","potions_obtained":[{"floor":3.0,"key":"Explosive Potion"},{"floor":6.0,"key":"FearPotion"},{"floor":16.0,"key":"SneckoOil"},{"floor":19.0,"key":"GamblersBrew"}],"is_trial":false,"path_per_floor":["M","?","M","M","M","E","R","?","T","?","M","M","$","M","R","B",null,"M","M","M","?","M"],"character_chosen":"THE_SILENT","items_purchased":["Well Laid Plans"],"campfire_rested":1,"item_purchase_floors":[13],"current_hp_per_floor":[59,41,35,35,35,9,27,9,9,9,9,9,9,6,6,2,46,23,19,12,12,12,12],"gold":128,"neow_bonus":"TRANSFORM_TWO_CARDS","is_daily":false,"chose_seed":false,"campfire_upgraded":1,"win_rate":0.0,"timestamp":1610085291,"path_taken":["M","?","M","M","M","E","R","?","T","?","M","?","$","M","R","BOSS","M","M","M","?","M"],"items_purchased_type":["Card"],"build_version":"2020-12-22","purchased_purges":1,"victory":false,"max_hp_per_floor":[60,60,60,60,60,60,60,60,60,60,60,60,60,60,60,60,60,60,60,60,60,60,60],"card_choices":[{"not_picked":["Cloak And Dagger","Slice"],"picked":"Predator","floor":1.0},{"not_picked":["Slice","Eviscerate"],"picked":"Dagger Throw","floor":3.0},{"not_picked":["Cloak And Dagger","Prepared"],"picked":"Underhanded Strike","floor":4.0},{"not_picked":["Leg Sweep","Sucker Punch"],"picked":"Backflip","floor":5.0},{"not_picked":["Cloak And Dagger","Choke"],"picked":"Blade Dance","floor":6.0},{"not_picked":["Storm of Steel","Slice"],"picked":"Poisoned Stab","floor":7.0},{"not_picked":["Quick Slash","Concentrate"],"picked":"Deadly Poison","floor":11.0},{"not_picked":["Quick Slash","Deflect","Outmaneuver"],"picked":"SKIP","floor":12.0},{"not_picked":["Quick Slash","Deflect"],"picked":"Outmaneuver","floor":12.0},{"not_picked":["Underhanded Strike","Setup"],"picked":"Leg Sweep","floor":14.0},{"not_picked":["Tools of the Trade","Glass Knife"],"picked":"Grand Finale","floor":16.0},{"not_picked":["PiercingWail","Escape Plan"],"picked":"Backstab","floor":18.0},{"not_picked":["Dodge and Roll","Quick Slash","Deadly Poison+1"],"picked":"SKIP","floor":19.0},{"not_picked":["Terror","Dodge and Roll","Deadly Poison"],"picked":"SKIP","floor":20}],"player_experience":839930,"relics_obtained":[{"floor":6.0,"key":"Letter Opener"},{"floor":9.0,"key":"Potion Belt"}],"event_choices":[{"damage_healed":0.0,"max_hp_gain":0.0,"max_hp_loss":0.0,"gold_gain":0.0,"event_name":"Scrap Ooze","player_choice":"Success","floor":2.0,"gold_loss":0.0,"damage_taken":18.0,"relics_obtained":["Dream Catcher"]},{"damage_healed":0.0,"max_hp_gain":0.0,"max_hp_loss":0.0,"gold_gain":0.0,"event_name":"Shining Light","player_choice":"Entered Light","floor":8.0,"gold_loss":0.0,"damage_taken":18.0,"cards_upgraded":["Survivor","Defend_G"]},{"cards_removed":["Strike_G"],"damage_healed":0.0,"max_hp_gain":0.0,"max_hp_loss":0.0,"gold_gain":0.0,"event_name":"Purifier","player_choice":"Purged","floor":10.0,"gold_loss":0.0,"damage_taken":0.0},{"cards_removed":["Strike_G"],"damage_healed":0,"gold_gain":0,"player_choice":"Gave Gold","damage_taken":0,"max_hp_gain":0,"max_hp_loss":0,"event_name":"Beggar","floor":21,"gold_loss":75}],"is_beta":false,"boss_relics":[{"not_picked":["SacredBark","Coffee Dripper"],"picked":"Empty Cage"}],"items_purged_floors":[13],"is_endless":false,"potions_floor_spawned":[3,6,16,19],"killed_by":"Cultist and Chosen","ascension_level":20}}