{"host":"5rw0nun05olx0r44","time":1610075990,"event":{"mods":["AchievementEnabler","BaseMod","Colored Map","Colored Powertips","Downfall","Highlight Path","Minty Spire (QoL Compilation)","Permanent Neow","Quick Restart","Shop Mod","StSLib"],"gold_per_floor":[217,232,249,267,285,285,300,19,89,89,101,136,136,162,162,263,263,276,305,0,16,16,16,30,46,128,157,82,94,109,124,124,226,226,236,4,19,29,29,58,58,71,71,71,88,88,88,100,100,100,100,100,25,51,51,51],"floor_reached":55,"playtime":7741,"items_purged":[],"score":700,"play_id":"ab103b92-1ed5-4a6c-9b4b-24496888d391","local_time":"20210107211950","is_ascension_mode":false,"campfire_choices":[{"floor":6.0,"key":"REST"},{"data":"Deadly Poison","floor":13.0,"key":"SMITH"},{"data":"Adrenaline","floor":15.0,"key":"SMITH"},{"floor":23.0,"key":"REST"},{"floor":32.0,"key":"REST"},{"data":"After Image","floor":41.0,"key":"SMITH"},{"floor":44.0,"key":"RECALL"},{"data":"Envenom","floor":47.0,"key":"SMITH"},{"data":"Noxious Fumes","floor":49.0,"key":"SMITH"},{"data":"Caltrops","floor":52.0,"key":"SMITH"}],"circlet_count":0,"master_deck":["Strike_G","Strike_G","Strike_G","Strike_G","Defend_G","Defend_G","Defend_G","Defend_G","Defend_G","Survivor","Neutralize","Deadly Poison+1","Deadly Poison","Backflip","Poisoned Stab","Poisoned Stab","Bane","Infinite Blades+1","Dodge and Roll","Cloak And Dagger","Adrenaline+1","Envenom+1","Caltrops+1","Bouncing Flask","Infinite Blades","Noxious Fumes+1","Blade Dance","Outmaneuver","Leg Sweep+1","Quick Slash+1","Deflect+1","PiercingWail","After Image+1","Noxious Fumes","Secret Technique","Clumsy","Blade Dance","Accuracy+1"],"relics":["Ring of the Serpent","Ornamental Fan","Matryoshka","MealTicket","Odd Mushroom","Red Mask","Bronze Scales","Oddly Smooth Stone","Mercury Hourglass","Anchor","Cursed Key","TwistedFunnel","Frozen Egg 2","Strawberry","Orichalcum"],"acts_visited":["Exordium","TheCity","TheBeyond","TheEnding"],"potions_floor_usage":[55,55],"damage_taken":[{"damage":0.0,"enemies":"Small Slimes","floor":1.0,"turns":3.0},{"damage":7.0,"enemies":"2 Louse","floor":2.0,"turns":3.0},{"damage":0.0,"enemies":"Jaw Worm","floor":3.0,"turns":4.0},{"damage":14.0,"enemies":"Large Slime","floor":4.0,"turns":9.0},{"damage":0.0,"enemies":"Blue Slaver","floor":5.0,"turns":4.0},{"damage":0.0,"enemies":"Red Slaver","floor":7.0,"turns":4.0},{"damage":0.0,"enemies":"Exordium Thugs","floor":11.0,"turns":5.0},{"damage":19.0,"enemies":"Lagavulin","floor":12.0,"turns":7.0},{"damage":2.0,"enemies":"The Mushroom Lair","floor":14.0,"turns":4.0},{"damage":18.0,"enemies":"Hexaghost","floor":16.0,"turns":7.0},{"damage":12.0,"enemies":"Shell Parasite","floor":18.0,"turns":4.0},{"damage":37.0,"enemies":"Masked Bandits","floor":19.0,"turns":5.0},{"damage":7.0,"enemies":"Spheric Guardian","floor":21.0,"turns":4.0},{"damage":15.0,"enemies":"Snake Plant","floor":24.0,"turns":3.0},{"damage":10.0,"enemies":"Shelled Parasite and Fungi","floor":25.0,"turns":6.0},{"damage":7.0,"enemies":"Book of Stabbing","floor":27.0,"turns":4.0},{"damage":8.0,"enemies":"Centurion and Healer","floor":29.0,"turns":6.0},{"damage":7.0,"enemies":"Snake Plant","floor":30.0,"turns":4.0},{"damage":2.0,"enemies":"Chosen and Byrds","floor":31.0,"turns":4.0},{"damage":33.0,"enemies":"Automaton","floor":33.0,"turns":8.0},{"damage":0.0,"enemies":"Orb Walker","floor":35.0,"turns":4.0},{"damage":1.0,"enemies":"3 Darklings","floor":37.0,"turns":4.0},{"damage":0.0,"enemies":"Writhing Mass","floor":38.0,"turns":5.0},{"damage":6.0,"enemies":"Giant Head","floor":40.0,"turns":8.0},{"damage":0.0,"enemies":"Maw","floor":42.0,"turns":7.0},{"damage":0.0,"enemies":"Transient","floor":45.0,"turns":5.0},{"damage":0.0,"enemies":"4 Shapes","floor":48.0,"turns":4.0},{"damage":35.0,"enemies":"Donu and Deca","floor":50.0,"turns":9.0},{"damage":63.0,"enemies":"Shield and Spear","floor":54.0,"turns":7.0},{"damage":43,"enemies":"The Heart","floor":55,"turns":2}],"seed_played":"6667731818133937503","potions_obtained":[{"floor":3.0,"key":"CultistPotion"},{"floor":7.0,"key":"sneckomod:MuddlingPotion"},{"floor":12.0,"key":"ColorlessPotion"},{"floor":14.0,"key":"CunningPotion"},{"floor":16.0,"key":"LiquidBronze"},{"floor":25.0,"key":"Fire Potion"},{"floor":30.0,"key":"Dexterity Potion"},{"floor":31.0,"key":"SkillPotion"},{"floor":37.0,"key":"Energy Potion"},{"floor":40.0,"key":"Strength Potion"},{"floor":45.0,"key":"Regen Potion"}],"is_trial":false,"path_per_floor":["M","M","M","M","M","R","M","$","T","?","M","E","R","?","R","B",null,"M","?","$","M","$","R","M","M","T","E","?","M","M","M","R","B",null,"M","$","M","M","?","E","R","M","T","R","M","?","R","M","R","B",null,"R","$","E","B"],"character_chosen":"THE_SILENT","items_purchased":["Ornamental Fan","Infinite Blades","Bouncing Flask","Bronze Scales","Infinite Blades","TwistedFunnel","Noxious Fumes","Accuracy+1"],"campfire_rested":3,"item_purchase_floors":[8,8,20,20,20,36,36,53],"current_hp_per_floor":[70,63,63,49,49,70,70,70,70,70,70,51,51,49,49,31,70,58,21,36,29,44,65,50,40,40,33,33,25,18,16,37,4,70,70,70,69,69,69,63,63,63,70,70,70,70,70,70,70,35,73,73,73,22,0,0],"gold":51,"neow_bonus":"HUNDRED_GOLD","is_daily":false,"chose_seed":false,"campfire_upgraded":6,"win_rate":0.0,"timestamp":1610075990,"path_taken":["M","M","M","M","M","R","M","$","T","?","M","E","R","?","R","BOSS","M","?","$","M","$","R","M","M","T","E","?","M","M","M","R","BOSS","M","$","M","M","?","E","R","M","T","R","M","?","R","M","R","BOSS","R","$","E","BOSS"],"items_purchased_type":["Relic","Card","Card","Relic","Card","Relic","Card","Card"],"build_version":"2020-12-22","purchased_purges":0,"victory":false,"max_hp_per_floor":[70,70,70,70,70,70,70,70,70,70,70,70,70,70,70,70,70,70,70,70,70,70,70,70,70,70,70,70,70,70,70,70,70,70,70,70,70,70,70,70,70,70,77,77,77,73,73,73,73,73,73,73,73,73,73,73],"card_choices":[{"not_picked":["Sucker Punch","Flechettes"],"picked":"Deadly Poison","floor":1.0},{"not_picked":["Eviscerate","Slice"],"picked":"Deadly Poison","floor":2.0},{"not_picked":["Setup","Dagger Throw"],"picked":"Backflip","floor":3.0},{"not_picked":["Backflip","Underhanded Strike"],"picked":"Poisoned Stab","floor":4.0},{"not_picked":["Tactician","Backflip"],"picked":"Poisoned Stab","floor":5.0},{"not_picked":["Calculated Gamble","Masterful Stab"],"picked":"Bane","floor":7.0},{"not_picked":["Underhanded Strike","Endless Agony"],"picked":"Dodge and Roll","floor":11.0},{"not_picked":["A Thousand Cuts","Dagger Throw"],"picked":"Cloak And Dagger","floor":12.0},{"not_picked":["PiercingWail","Acrobatics"],"picked":"Adrenaline","floor":14.0},{"not_picked":["Tools of the Trade","Malaise"],"picked":"Envenom","floor":16.0},{"not_picked":["Eviscerate","Prepared"],"picked":"Caltrops","floor":18.0},{"not_picked":["Dash","Prepared+1"],"picked":"Noxious Fumes","floor":21.0},{"not_picked":["Eviscerate","Reflex"],"picked":"Blade Dance","floor":24.0},{"not_picked":["Backflip","Bane"],"picked":"Outmaneuver","floor":25.0},{"not_picked":["Deflect","Well Laid Plans+1"],"picked":"Leg Sweep+1","floor":27.0},{"not_picked":["Bouncing Flask","Endless Agony"],"picked":"Quick Slash+1","floor":29.0},{"not_picked":["Riddle With Holes","Dagger Throw"],"picked":"Deflect+1","floor":30.0},{"not_picked":["Underhanded Strike","Blur"],"picked":"PiercingWail","floor":31.0},{"not_picked":["Storm of Steel","Burst"],"picked":"After Image","floor":33.0},{"not_picked":["Heel Hook+1","Choke","Outmaneuver+1"],"picked":"SKIP","floor":35.0},{"not_picked":["Bane","Masterful Stab","Prepared"],"picked":"SKIP","floor":37.0},{"not_picked":["Caltrops+1","Quick Slash","Crippling Poison"],"picked":"SKIP","floor":38.0},{"not_picked":["expansioncontent:Torchfire","HandOfGreed"],"picked":"Secret Technique","floor":39.0},{"not_picked":["Riddle With Holes+1","Bouncing Flask","Deflect+1"],"picked":"SKIP","floor":40.0},{"not_picked":["Backstab","Expertise","Reflex"],"picked":"SKIP","floor":42.0},{"not_picked":["Poisoned Stab","Dodge and Roll+1","Flying Knee"],"picked":"SKIP","floor":45.0},{"not_picked":["Underhanded Strike+1","Dagger Throw"],"picked":"Blade Dance","floor":48.0},{"not_picked":["Predator+1","Acrobatics+1","Blade Dance"],"picked":"SKIP","floor":54.0}],"player_experience":80491,"relics_obtained":[{"floor":9.0,"key":"Matryoshka"},{"floor":12.0,"key":"MealTicket"},{"floor":14.0,"key":"Odd Mushroom"},{"floor":19.0,"key":"Red Mask"},{"floor":26.0,"key":"Oddly Smooth Stone"},{"floor":26.0,"key":"Mercury Hourglass"},{"floor":27.0,"key":"Anchor"},{"floor":40.0,"key":"Frozen Egg 2"},{"floor":43.0,"key":"Strawberry"},{"floor":54.0,"key":"Orichalcum"}],"event_choices":[{"damage_healed":0.0,"max_hp_gain":0.0,"max_hp_loss":0.0,"gold_gain":0.0,"event_name":"Living Wall","player_choice":"Grow","floor":10.0,"gold_loss":0.0,"damage_taken":0.0,"cards_upgraded":["Infinite Blades"]},{"damage_healed":0.0,"max_hp_gain":0.0,"max_hp_loss":0.0,"gold_gain":0.0,"event_name":"Mushrooms","player_choice":"Fought Mushrooms","floor":14.0,"gold_loss":0.0,"damage_taken":0.0},{"damage_healed":0.0,"max_hp_gain":0.0,"max_hp_loss":0.0,"gold_gain":0.0,"event_name":"Masked Bandits","player_choice":"Fought Bandits","floor":19.0,"gold_loss":0.0,"damage_taken":0.0},{"cards_removed":["Strike_G"],"damage_healed":0.0,"max_hp_gain":0.0,"max_hp_loss":0.0,"gold_gain":0.0,"event_name":"Beggar","player_choice":"Gave Gold","floor":28.0,"gold_loss":75.0,"damage_taken":0.0},{"damage_healed":0.0,"max_hp_gain":0.0,"max_hp_loss":0.0,"gold_gain":0.0,"event_name":"SensoryStone","player_choice":"Memory 1","floor":39.0,"gold_loss":0.0,"damage_taken":0.0},{"damage_healed":0.0,"max_hp_gain":0.0,"max_hp_loss":4.0,"gold_gain":0.0,"event_name":"Winding Halls","player_choice":"Max HP","floor":46.0,"gold_loss":0.0,"damage_taken":0.0}],"is_beta":false,"boss_relics":[{"not_picked":["Astrolabe","SacredBark"],"picked":"Ring of the Serpent"},{"not_picked":["Black Star","Sozu"],"picked":"Cursed Key"}],"items_purged_floors":[],"is_endless":false,"potions_floor_spawned":[3,7,12,14,16,21,25,30,31,37,40,45,48],"killed_by":"The Heart","ascension_level":0}}