{"host":"qkbnayyek6fga752","time":1610110020,"event":{"mods":["2.2 Compatiblity","Arknights The Spire","Aspiration","Astrologer","BaseMod","Beaked The Cultist","Better Altar","Better Match","Better Note","Better Sensory Stone","Better Skull","Better Third Choice","CCEM","CapriCore","ChefMod","Clockwork Mod","Conspire","Ekko","Energized Spire","Evolution","Glutton Mod","Hermit","Hubris","Humility","Jedi Mod","Koishi","Mad Scientist","Marisa????????","Minty Spire (QoL Compilation)","Quarter Circle Forward PUNCH!","Random Character Mod","Replay The Spire","Robot Space Explorer","SIMod","Spicy Shops","StSLib","The Administrix","The Alterego","The Blackbeard","The Blue Laboratory","The Bug Knight","The Construct","The Cursed","The Death Knight","The Disciple","The Druid","The Exalted","The Forsaken","The Gatherer","The Hayseed","The Hierophant","The Immortal","The Juggle","The Marked","The Necromancer","The Problem Sleuth","The Runesmith","The Sage","The Senshi","The Vixen","TheArtist","TheLocksmith","TheSwordswoman","TheVacant","TheVelvet","TheWitcher","Trackpad","Yuri Mod","thorton","vexMod"],"gold_per_floor":[109,49,49,64,64,95,95,95],"floor_reached":7,"playtime":565,"items_purged":[],"score":49,"play_id":"7b5728bd-38c5-4a82-8e59-9af2f589d54d","local_time":"20210108074700","daily_mods":["SealedDeck","Heirloom","Flight","DeadlyEvents","Elite Swarm"],"is_ascension_mode":false,"campfire_choices":[],"circlet_count":0,"master_deck":["Runesmith:EnergizedChisel","Runesmith:CraftVitae+1","Runesmith:EnergizedChisel","Runesmith:Terraform","Runesmith:CraftMagma+1","Runesmith:CraftSpiculum","Runesmith:CraftSpiculum","Runesmith:Grindstone+1","Runesmith:PoweredAnvil","Runesmith:Permafrost","Runesmith:Firestorm","Runesmith:PoweredAnvil","Runesmith:PoweredAnvil","Runesmith:ReplicatingBarrier"],"relics":["Runesmith:BrokenRuby","EVO:Axolotl","trackpad:SneckoScepter","hubris:Metronome"],"acts_visited":["Exordium"],"potions_floor_usage":[6],"damage_taken":[{"damage":10,"enemies":"Small Slimes","floor":1,"turns":6},{"damage":0,"enemies":"Cultist","floor":4,"turns":6},{"damage":20,"enemies":"3 Sentries","floor":6,"turns":8},{"damage":58,"enemies":"Gremlin Nob","floor":7,"turns":4}],"seed_played":"1776575521805163514","potions_obtained":[{"floor":1,"key":"BlessingOfTheForge"}],"is_trial":true,"path_per_floor":["M","$","?","M","?","E","E"],"character_chosen":"RUNESMITH_CLASS","items_purchased":["Runesmith:PoweredAnvil"],"campfire_rested":0,"item_purchase_floors":[2],"current_hp_per_floor":[60,60,60,60,55,35,0,0],"gold":95,"neow_bonus":"","is_daily":false,"chose_seed":false,"campfire_upgraded":0,"win_rate":0.0,"timestamp":1610110020,"path_taken":["M","$","?","?","?","E","E"],"items_purchased_type":["Card"],"build_version":"2020-12-22","purchased_purges":0,"victory":false,"max_hp_per_floor":[70,70,70,70,70,70,70,70],"card_choices":[{"not_picked":["Runesmith:EnergizedChisel","Runesmith:DoubleUp"],"picked":"Runesmith:Firestorm","floor":1},{"not_picked":["Runesmith:UnstableHammer","Runesmith:BackupBattery","Runesmith:HammerThrow"],"picked":"SKIP","floor":4},{"not_picked":["Runesmith:Duplicate","Runesmith:FissionHammer"],"picked":"Runesmith:ReplicatingBarrier","floor":6}],"player_experience":340139,"relics_obtained":[{"floor":6,"key":"hubris:Metronome"}],"event_choices":[{"damage_healed":0,"gold_gain":0,"player_choice":"Upgraded","damage_taken":0,"max_hp_gain":0,"max_hp_loss":0,"event_name":"Upgrade Shrine","floor":3,"gold_loss":0,"cards_upgraded":["Runesmith:Grindstone"]},{"damage_healed":60,"gold_gain":0,"player_choice":"Upgrade","damage_taken":14,"max_hp_gain":0,"max_hp_loss":70,"event_name":"betterThird:BetterShining","floor":5,"gold_loss":0,"cards_upgraded":["Runesmith:CraftMagma","Runesmith:CraftVitae"]}],"is_beta":false,"boss_relics":[],"items_purged_floors":[],"is_endless":false,"potions_floor_spawned":[1],"killed_by":"Gremlin Nob","ascension_level":0}}