{"host":"61r95uy0hn86b9iu","time":1610068991,"event":{"mods":["AchievementEnabler","BaseMod","Better Vampires","BetterRewards","Colored Powertips","Hubris","Minty Spire (QoL Compilation)","Shop Mod","StSLib"],"gold_per_floor":[115,115,115,133,78,78,108,126,126,126,157,157,189,204,204,276,276,288,305,175,265,281,281,13,13,38,38,38,15,15,30,30,108,108,127,127,138,45,45,72,72,72,72],"floor_reached":42,"playtime":1387,"items_purged":["Strike_R","Strike_R"],"score":1169,"play_id":"ec703d17-3771-409e-8341-c240af58ddfe","local_time":"20210107192311","is_ascension_mode":true,"campfire_choices":[{"floor":6.0,"key":"REST"},{"floor":10.0,"key":"REST"},{"data":"Heavy Blade","floor":12.0,"key":"SMITH"},{"data":"Armaments","floor":15.0,"key":"SMITH"},{"floor":23.0,"key":"REST"},{"data":"Demon Form","floor":25.0,"key":"SMITH"},{"data":"Inflame","floor":27.0,"key":"SMITH"},{"floor":32.0,"key":"REST"},{"floor":41.0,"key":"REST"}],"circlet_count":0,"master_deck":["AscendersBane","Strike_R","Strike_R","Strike_R","Defend_R","Defend_R","Defend_R","Defend_R","Bash+1","Inflame+1","The Bomb+1","Shrug It Off+1","Flex","Thunderclap","Pommel Strike","Heavy Blade+1","Armaments+1","Demon Form+1","Burning Pact+1","Shrug It Off+1","Spot Weakness","Iron Wave","Limit Break+1","Shockwave"],"relics":["Burning Blood","Juzu Bracelet","Bottled Lightning","Sling","hubris:Icosahedron","Lantern","hubris:Stopwatch","MerchantsRug","hubris:DeckOfHolding","Black Star","hubris:Towel","War Paint","Sundial"],"acts_visited":["Exordium","TheCity","TheBeyond"],"potions_floor_usage":[42],"damage_taken":[{"damage":2.0,"enemies":"2 Louse","floor":1.0,"turns":3.0},{"damage":3.0,"enemies":"Jaw Worm","floor":4.0,"turns":3.0},{"damage":11.0,"enemies":"Gremlin Nob","floor":7.0,"turns":3.0},{"damage":0.0,"enemies":"Cultist","floor":8.0,"turns":3.0},{"damage":14.0,"enemies":"3 Sentries","floor":11.0,"turns":3.0},{"damage":0.0,"enemies":"Lagavulin","floor":13.0,"turns":3.0},{"damage":0.0,"enemies":"Red Slaver","floor":14.0,"turns":1.0},{"damage":60.0,"enemies":"The Guardian","floor":16.0,"turns":8.0},{"damage":0.0,"enemies":"Spheric Guardian","floor":18.0,"turns":3.0},{"damage":26.0,"enemies":"2 Thieves","floor":19.0,"turns":3.0},{"damage":13.0,"enemies":"Chosen and Byrds","floor":22.0,"turns":6.0},{"damage":34.0,"enemies":"Snake Plant","floor":31.0,"turns":4.0},{"damage":8.0,"enemies":"Collector","floor":33.0,"turns":6.0},{"damage":65.0,"enemies":"3 Darklings","floor":35.0,"turns":4.0},{"damage":0.0,"enemies":"Orb Walker","floor":37.0,"turns":3.0},{"damage":14.0,"enemies":"Reptomancer","floor":40.0,"turns":4.0},{"damage":67,"enemies":"Transient","floor":42,"turns":7}],"seed_played":"-6415960897214519662","potions_obtained":[{"floor":7.0,"key":"DuplicationPotion"},{"floor":11.0,"key":"ElixirPotion"},{"floor":13.0,"key":"Dexterity Potion"},{"floor":14.0,"key":"BlessingOfTheForge"},{"floor":31.0,"key":"DuplicationPotion"},{"floor":33.0,"key":"DuplicationPotion"}],"is_trial":false,"path_per_floor":["M","?","?","M","$","R","E","M","T","R","E","R","E","M","R","B",null,"M","M","$","?","M","R","$","R","T","R","?","$","T","M","R","B",null,"M","?","M","$","?","E","R","M"],"character_chosen":"IRONCLAD","items_purchased":["Inflame","Juzu Bracelet","The Bomb","Bottled Lightning","Shrug It Off","Sling","Thunderclap","MerchantsRug","hubris:DeckOfHolding","Spot Weakness","Explosive Potion"],"campfire_rested":5,"item_purchase_floors":[0,0,0,0,0,0,5,20,24,29,38],"current_hp_per_floor":[35,35,14,17,17,38,43,49,49,73,65,65,71,77,77,23,66,72,52,52,40,33,57,57,57,57,57,57,57,57,29,53,51,73,14,14,20,20,20,12,36,0,0],"gold":72,"neow_bonus":"","is_daily":false,"chose_seed":false,"campfire_upgraded":4,"win_rate":0.0,"timestamp":1610068991,"path_taken":["M","?","?","M","$","R","E","M","T","R","E","R","E","M","R","BOSS","M","M","$","?","M","R","$","R","T","R","?","?","?","M","R","BOSS","M","?","M","$","?","E","R","M"],"items_purchased_type":["Card","Relic","Card","Relic","Card","Relic","Card","Relic","Relic","Card","Potion"],"build_version":"2020-12-22","purchased_purges":2,"victory":false,"max_hp_per_floor":[70,70,70,70,70,70,80,80,80,80,80,80,80,80,80,80,80,80,80,80,80,80,80,80,80,80,80,80,80,80,80,80,80,80,80,80,80,80,80,80,80,80,80],"card_choices":[{"not_picked":["Clash","Twin Strike"],"picked":"Flex","floor":1.0},{"not_picked":["Cleave","Battle Trance","Shrug It Off"],"picked":"SKIP","floor":4.0},{"not_picked":["Perfected Strike","Twin Strike"],"picked":"Pommel Strike","floor":7.0},{"not_picked":["Burning Pact","Cleave"],"picked":"Heavy Blade","floor":8.0},{"not_picked":["Hemokinesis","Rupture","Evolve"],"picked":"SKIP","floor":11.0},{"not_picked":["Havoc","Fiend Fire","Blood for Blood"],"picked":"SKIP","floor":13.0},{"not_picked":["Intimidate","Thunderclap","Masterful Stab"],"picked":"Armaments","floor":14.0},{"not_picked":["Barricade","Reaper","Grand Finale"],"picked":"Demon Form","floor":16.0},{"not_picked":["Rage","Power Through","Warcry","hubris:Counter"],"picked":"SKIP","floor":18.0},{"not_picked":["Sword Boomerang","Flex","Entrench","PiercingWail"],"picked":"SKIP","floor":19.0},{"not_picked":["Shrug It Off","Pommel Strike"],"picked":"Burning Pact+1","floor":22.0},{"not_picked":["Spot Weakness+1","Pommel Strike"],"picked":"Iron Wave","floor":31.0},{"not_picked":["Juggernaut","Offering"],"picked":"Limit Break","floor":33.0},{"not_picked":["Power Through","Hemokinesis","Havoc"],"picked":"SKIP","floor":35.0},{"not_picked":["Headbutt","Perfected Strike"],"picked":"Shockwave","floor":37.0},{"not_picked":["Sever Soul","Havoc","Sentinel+1"],"picked":"SKIP","floor":40.0}],"player_experience":3250031,"relics_obtained":[{"floor":7.0,"key":"Pear"},{"floor":9.0,"key":"Lantern"},{"floor":11.0,"key":"Akabeko"},{"floor":13.0,"key":"hubris:DisguiseKit"},{"floor":26.0,"key":"Centennial Puzzle"},{"floor":30.0,"key":"Bottled Flame"},{"floor":40.0,"key":"War Paint"},{"floor":40.0,"key":"Sundial"}],"event_choices":[{"damage_healed":0.0,"max_hp_gain":0.0,"max_hp_loss":0.0,"gold_gain":0.0,"event_name":"Shining Light","player_choice":"Entered Light","floor":3.0,"gold_loss":0.0,"damage_taken":21.0,"cards_upgraded":["Shrug It Off","Bash"]},{"damage_healed":0.0,"max_hp_gain":0.0,"max_hp_loss":0.0,"gold_gain":90.0,"event_name":"Knowing Skull","player_choice":"GOLD ","floor":21.0,"potions_obtained":[],"gold_loss":0.0,"damage_taken":12.0,"cards_obtained":[]},{"damage_healed":0.0,"max_hp_gain":0.0,"max_hp_loss":0.0,"gold_gain":0.0,"event_name":"Duplicator","player_choice":"Copied","floor":28.0,"gold_loss":0.0,"damage_taken":0.0,"cards_obtained":["Shrug It Off"]},{"damage_healed":0.0,"max_hp_gain":0.0,"max_hp_loss":0.0,"gold_gain":0.0,"event_name":"Tomb of Lord Red Mask","player_choice":"Ignored","floor":36.0,"gold_loss":0.0,"damage_taken":0.0}],"is_beta":false,"boss_relics":[{"not_picked":["Empty Cage","Runic Dome"],"picked":"hubris:Stopwatch"},{"not_picked":["Velvet Choker","hubris:CrackedHourglass"],"picked":"Black Star"}],"items_purged_floors":[20,38],"is_endless":false,"potions_floor_spawned":[7,11,13,14,16,19,31,33],"killed_by":"Transient","ascension_level":18}}