{"host":"qdfumeom6htv8yxl","time":1610124472,"event":{"mods":["AchievementEnabler","BaseMod","Bestiary","Block Reminder","Minty Spire (QoL Compilation)","Quick Restart","Relic Stats"],"gold_per_floor":[118,137,57,71,85,85,98,98,125,125,6,38,38,51,51,51,51],"floor_reached":16,"playtime":472,"items_purged":["Strike_G"],"score":204,"play_id":"6a1ebe93-f8b9-409d-b2fe-0e3327da6778","local_time":"20210108104752","is_ascension_mode":true,"campfire_choices":[{"data":"Flechettes","floor":6,"key":"SMITH"},{"floor":8,"key":"REST"},{"data":"Neutralize","floor":10,"key":"SMITH"},{"data":"Noxious Fumes","floor":15,"key":"SMITH"}],"circlet_count":0,"master_deck":["AscendersBane","Strike_G","Strike_G","Strike_G","Strike_G","Defend_G","Defend_G","Defend_G","Defend_G","Defend_G","Survivor","Neutralize+1","Flechettes+1","Cloak And Dagger","Backflip","Dagger Throw","Cloak And Dagger","Backflip","Blade Dance","Noxious Fumes+1","Backflip"],"relics":["Black Star","Boot","Tiny Chest","Smiling Mask"],"acts_visited":["Exordium"],"potions_floor_usage":[5,14],"damage_taken":[{"damage":9,"enemies":"Cultist","floor":1,"turns":5},{"damage":0,"enemies":"Small Slimes","floor":2,"turns":5},{"damage":3,"enemies":"Jaw Worm","floor":4,"turns":4},{"damage":3,"enemies":"Blue Slaver","floor":5,"turns":5},{"damage":11,"enemies":"2 Fungi Beasts","floor":7,"turns":3},{"damage":21,"enemies":"Gremlin Nob","floor":12,"turns":4},{"damage":7,"enemies":"Exordium Wildlife","floor":14,"turns":3},{"damage":0,"enemies":"The Guardian","floor":16,"turns":1}],"seed_played":"4139633346100400840","potions_obtained":[{"floor":1,"key":"LiquidMemories"},{"floor":12,"key":"AttackPotion"},{"floor":14,"key":"Energy Potion"}],"is_trial":false,"path_per_floor":["M","M","$","M","M","R","M","R","T","R","$","E","$","M","R","B"],"character_chosen":"THE_SILENT","items_purchased":["Backflip","Dagger Throw","Noxious Fumes"],"campfire_rested":1,"item_purchase_floors":[3,3,11],"current_hp_per_floor":[50,50,50,47,44,44,33,52,52,52,52,31,31,24,24,24,24],"gold":51,"neow_bonus":"BOSS_RELIC","is_daily":false,"chose_seed":false,"campfire_upgraded":3,"win_rate":0.0,"timestamp":1610124472,"path_taken":["M","M","?","?","M","R","M","R","T","R","$","E","$","?","R","BOSS"],"items_purchased_type":["Card","Card","Card"],"build_version":"2020-12-22","purchased_purges":1,"victory":false,"max_hp_per_floor":[66,66,66,66,66,66,66,66,66,66,66,66,66,66,66,66,66],"relic_stats":{"counters":[8,30],"Tiny Chest":0,"Black Star":1,"Boot":[6],"Smiling Mask":0,"obtain_stats":[{"Tiny Chest":12,"Black Star":0,"Boot":9,"Smiling Mask":12,"Ring of the Snake":0},{"Tiny Chest":6,"Black Star":0,"Boot":5,"Smiling Mask":6,"Ring of the Snake":0},{"Tiny Chest":26,"Black Star":0,"Boot":22,"Smiling Mask":26,"Ring of the Snake":0}]},"card_choices":[{"not_picked":["Endless Agony","Outmaneuver"],"picked":"Flechettes","floor":1},{"not_picked":["Flying Knee","Deadly Poison"],"picked":"Cloak And Dagger","floor":2},{"not_picked":["Deflect","Choke"],"picked":"Cloak And Dagger","floor":4},{"not_picked":["Concentrate","Poisoned Stab"],"picked":"Backflip","floor":5},{"not_picked":["Terror","Concentrate"],"picked":"Blade Dance","floor":7},{"not_picked":["All Out Attack","Riddle With Holes","Bane"],"picked":"SKIP","floor":12},{"not_picked":["Slice","Masterful Stab"],"picked":"Backflip","floor":14}],"player_experience":1739476,"relics_obtained":[{"floor":9,"key":"Boot"},{"floor":12,"key":"Tiny Chest"},{"floor":12,"key":"Smiling Mask"}],"event_choices":[],"is_beta":false,"boss_relics":[],"items_purged_floors":[11],"is_endless":false,"potions_floor_spawned":[1,12,14],"killed_by":"The Guardian","ascension_level":20}}