{"host":"6h0diz2ap0m56grs","time":1610146591,"event":{"mods":["2.2 Compatiblity","BaseMod","Colored Map","Marisa????????","Minty Spire (QoL Compilation)","Quick Restart","Replay The Spire","Shop Mod","StSLib","The Servant 0.9.4"],"gold_per_floor":[115,127,57,57,57,57,57,89,112,163,217,272,272,327,327,453,453,494,187,228,77,277,328,387,442,742,773,391,448,480,515,515,654,654,672,681,681,696,696,721,799,866,878,878],"floor_reached":43,"playtime":1945,"items_purged":["EnergyFlow+1"],"score":1191,"play_id":"4ce48af2-9869-404e-ac0c-b926bcf9d022","local_time":"20210108165631","daily_mods":["SealedDeck","Heirloom","Time Dilation","Flight"],"is_ascension_mode":true,"campfire_choices":[{"data":"MillisecondPulsars","floor":6,"key":"SMITH"},{"data":"TreasureHunter","floor":7,"key":"SMITH"},{"data":"SprinkleStarSeal","floor":13,"key":"SMITH"},{"floor":15,"key":"DIG"},{"floor":32,"key":"DIG"}],"circlet_count":0,"master_deck":["OneTimeOff","ChargeUpSpray+1","NonDirectionalLaser","OortCloud","OortCloud","GrandCross","AsteroidBelt","AsteroidBelt","LuminesStrike+1","GrandCross","SporeBomb","TreasureHunter+1","MillisecondPulsars+1","WitchOfGreed+1","SprinkleStarSeal+1","Parasite","Parasite","GrandCross","EventHorizon+1","TreasureHunter","LuminesStrike","UltimateShortwave","PropBag","Singularity+1"],"relics":["MiniHakkero","replay:Trail_Library","Torii","Frozen Egg 2","Replay:Rubber Ducky","Kunai","Shovel","ShroomBag","Counterbalance","Bottled Lightning","Replay:Kaleidoscope","Replay:Mystery Machine","Runic Dome","Bronze Scales","MerchantsRug","Nunchaku","Pen Nib","Bag of Preparation","Orichalcum","Bottled Flame","ReplayTheSpireMod:TigerMarble","White Beast Statue","Omamori","Anchor","BreadOfAWashokuLover","Sundial","Akabeko","Happy Flower","Ancient Tea Set","CeramicFish","Ginger","Coffee Dripper","MawBank","Oddly Smooth Stone","Bottled Tornado","Durian"],"acts_visited":["Exordium","TheCity","TheBeyond"],"potions_floor_usage":[24],"damage_taken":[{"damage":0,"enemies":"Jaw Worm","floor":1,"turns":2},{"damage":0,"enemies":"Cultist","floor":2,"turns":2},{"damage":0,"enemies":"Lagavulin","floor":8,"turns":3},{"damage":0,"enemies":"Gremlin Nob","floor":10,"turns":4},{"damage":0,"enemies":"Lagavulin","floor":11,"turns":4},{"damage":0,"enemies":"3 Sentries","floor":12,"turns":7},{"damage":0,"enemies":"Gremlin Nob","floor":14,"turns":5},{"damage":0,"enemies":"Fading Forest","floor":16,"turns":11},{"damage":0,"enemies":"Shell Parasite","floor":18,"turns":2},{"damage":0,"enemies":"Spheric Guardian","floor":20,"turns":3},{"damage":1,"enemies":"Book of Stabbing","floor":23,"turns":3},{"damage":1,"enemies":"Slavers","floor":24,"turns":3},{"damage":0,"enemies":"Book of Stabbing","floor":25,"turns":3},{"damage":0,"enemies":"Gremlin Leader","floor":27,"turns":2},{"damage":0,"enemies":"Book of Stabbing","floor":29,"turns":3},{"damage":0,"enemies":"Gremlin Leader","floor":30,"turns":2},{"damage":0,"enemies":"Cultist and Chosen","floor":31,"turns":2},{"damage":0,"enemies":"Champ","floor":33,"turns":7},{"damage":0,"enemies":"Orb Walker","floor":35,"turns":1},{"damage":0,"enemies":"3 Darklings","floor":38,"turns":1},{"damage":0,"enemies":"R_Hoarder","floor":40,"turns":3},{"damage":0,"enemies":"Giant Head","floor":41,"turns":5},{"damage":0,"enemies":"Nemesis","floor":42,"turns":3}],"seed_played":"9149834911069729996","potions_obtained":[{"floor":1,"key":"LiquidBronze"},{"floor":2,"key":"Fire Potion"},{"floor":10,"key":"Milkshake"},{"floor":11,"key":"Explosive Potion"},{"floor":16,"key":"Strength Potion"},{"floor":24,"key":"Adrenaline Potion"},{"floor":30,"key":"PowerPotion"},{"floor":40,"key":"CultistPotion"}],"is_trial":true,"path_per_floor":["M","M","$","?","$","R","R","E","T","E","E","E","R","E","R","B",null,"M","$","M","$","?","E","E","E","T","E","$","E","E","M","R","B",null,"M","?","$","M","?","E","E","E","T"],"character_chosen":"MARISA","items_purchased":["TreasureHunter","Bronze Scales","MerchantsRug","EventHorizon+1","Nunchaku","Anchor","BreadOfAWashokuLover"],"campfire_rested":0,"item_purchase_floors":[3,19,19,19,21,28,28],"current_hp_per_floor":[75,75,75,75,75,75,75,75,75,75,75,87,87,87,87,87,87,87,87,87,87,87,87,87,87,87,87,87,87,87,87,87,87,87,87,87,87,87,87,87,87,92,92,92],"gold":878,"neow_bonus":"","is_daily":false,"chose_seed":false,"campfire_upgraded":3,"win_rate":0.0,"timestamp":1610146591,"path_taken":["M","M","$","?","?","R","R","E","T","E","E","E","R","E","R","BOSS","M","$","?","$","?","E","E","E","T","E","?","E","E","?","R","BOSS","M","?","$","?","?","E","E","E","T"],"items_purchased_type":["Card","Relic","Relic","Card","Relic","Relic","Relic"],"build_version":"2020-12-22","purchased_purges":1,"victory":false,"max_hp_per_floor":[75,75,75,75,75,75,75,75,75,75,75,87,87,87,87,87,87,87,87,87,87,87,87,87,87,87,87,87,87,87,87,87,87,87,87,87,87,87,87,87,87,92,92,92],"card_choices":[{"not_picked":["DC","6A","WitchOfGreed"],"picked":"SKIP","floor":1},{"not_picked":["DeepEcoloBomb","WitchOfGreed"],"picked":"SporeBomb","floor":2},{"not_picked":["AsteroidBelt","ManaRampage"],"picked":"WitchOfGreed+1","floor":8},{"not_picked":["MachineGunSpark","GravityBeat","IllusionStar"],"picked":"SKIP","floor":10},{"not_picked":["MysteriousBeam","ShootingEcho"],"picked":"SprinkleStarSeal","floor":11},{"not_picked":["SuperNova+1","SporeBomb","DarkSpark"],"picked":"SKIP","floor":12},{"not_picked":["SatelliteIllusion+1","EnergyRecoil","DoubleSpark"],"picked":"SKIP","floor":14},{"not_picked":["GasGiant","UnstableBomb","DeepEcoloBomb"],"picked":"SKIP","floor":18},{"not_picked":["AsteroidBelt","EarthLightRay","StarlightTyphoon"],"picked":"SKIP","floor":20},{"not_picked":["StarDustReverie","MaximisePower"],"picked":"TreasureHunter","floor":22},{"not_picked":["6A","WitchLeyline+1","GasGiant"],"picked":"SKIP","floor":23},{"not_picked":["UnstableBomb","BinaryStars"],"picked":"LuminesStrike","floor":24},{"not_picked":["NonDirectionalLaser+1","MeteoricShower","MysteriousBeam"],"picked":"SKIP","floor":25},{"not_picked":["Orbital","JA","6A"],"picked":"SKIP","floor":27},{"not_picked":["MysteriousBeam","DeepEcoloBomb+1","WitchOfGreed+1"],"picked":"SKIP","floor":29},{"not_picked":["EnergyRecoil+1","ChargingUp","MachineGunSpark"],"picked":"SKIP","floor":30},{"not_picked":["MachineGunSpark+1","ChargeUpSpray","MysteriousBeam"],"picked":"SKIP","floor":31},{"not_picked":["MillisecondPulsars+1","MaximisePower"],"picked":"UltimateShortwave","floor":33},{"not_picked":["IllusionStar","SprinkleStarSeal","ShootingEcho+1"],"picked":"SKIP","floor":35},{"not_picked":["WitchOfGreed+1","GrandCross","ShootingEcho"],"picked":"SKIP","floor":38},{"not_picked":["EarthLightRay","AsteroidBelt","OpenUniverse+1"],"picked":"SKIP","floor":40},{"not_picked":["PowerUp+1","GasGiant"],"picked":"Singularity+1","floor":41},{"not_picked":["NonDirectionalLaser+1","WitchOfGreed+1","DoubleSpark"],"picked":"SKIP","floor":42}],"player_experience":132621,"relics_obtained":[{"floor":8,"key":"Frozen Egg 2"},{"floor":8,"key":"Darkstone Periapt"},{"floor":9,"key":"Replay:Rubber Ducky"},{"floor":10,"key":"Kunai"},{"floor":10,"key":"Shovel"},{"floor":11,"key":"Whetstone"},{"floor":11,"key":"Pet Ghost"},{"floor":12,"key":"ShroomBag"},{"floor":12,"key":"Counterbalance"},{"floor":14,"key":"Bottled Lightning"},{"floor":14,"key":"Replay:Kaleidoscope"},{"floor":15,"key":"Replay:Mystery Machine"},{"floor":23,"key":"Pen Nib"},{"floor":23,"key":"Bag of Preparation"},{"floor":24,"key":"MealTicket"},{"floor":24,"key":"Toy Ornithopter"},{"floor":24,"key":"Orichalcum"},{"floor":25,"key":"Bottled Flame"},{"floor":25,"key":"ReplayTheSpireMod:TigerMarble"},{"floor":26,"key":"Old Coin"},{"floor":27,"key":"White Beast Statue"},{"floor":27,"key":"Omamori"},{"floor":29,"key":"Sundial"},{"floor":29,"key":"Akabeko"},{"floor":30,"key":"Happy Flower"},{"floor":30,"key":"Ancient Tea Set"},{"floor":32,"key":"CeramicFish"},{"floor":33,"key":"Ginger"},{"floor":40,"key":"MawBank"},{"floor":41,"key":"Oddly Smooth Stone"},{"floor":41,"key":"Bottled Tornado"},{"floor":42,"key":"Durian"}],"event_choices":[{"damage_healed":0,"gold_gain":0,"player_choice":"1 cards matched","damage_taken":0,"max_hp_gain":0,"max_hp_loss":0,"event_name":"Match and Keep!","floor":4,"gold_loss":0,"cards_obtained":["MillisecondPulsars"]},{"damage_healed":0,"gold_gain":0,"player_choice":"1 cards matched","damage_taken":0,"max_hp_gain":0,"max_hp_loss":0,"event_name":"Match and Keep!","floor":36,"gold_loss":0,"cards_obtained":["PropBag"]},{"damage_healed":0,"gold_gain":0,"player_choice":"Ignored","damage_taken":0,"max_hp_gain":0,"max_hp_loss":0,"event_name":"Tomb of Lord Red Mask","floor":39,"gold_loss":0}],"is_beta":false,"boss_relics":[{"not_picked":["BewitchedHakkero","Tiny House"],"picked":"Runic Dome"},{"not_picked":["RampagingMagicTools","Honey Jar"],"picked":"Coffee Dripper"}],"items_purged_floors":[28],"is_endless":false,"potions_floor_spawned":[1,2,12,16,24,27,29,30,31,33,35,38,40,41,42],"ascension_level":1}}