{"host":"ig7tc0uedzltt2sr","time":1610065967,"event":{"mods":["BaseMod","Better Twitch Integration","Block Reminder","Colored Map","Colored Powertips","Communication Mod","Current Relic Mod","GifTheSpireLib","HexUI Lib","Minty Spire (QoL Compilation)","Quick Restart","Random Character Button","Rare Cards Sparkle","Relic Sorter","Relic Stats","Slay the Relics Exporter","StSLib","SuperFastMode","Synergy Search","Twitch Decklist","Twitch Utils","everything is the same but u backflip on backflip","slay the spire mod where everything is the same but ironclad has a cowboy hat"],"gold_per_floor":[115,127,82,82,82,102,121,137,189,189,202,266,277,277,277,277,277],"floor_reached":16,"playtime":112,"items_purged":[],"score":104,"play_id":"4fc1c08c-369e-4865-84c7-ea0bc907d552","local_time":"20210107163247","is_ascension_mode":false,"campfire_choices":[{"floor":10,"key":"REST"},{"floor":15,"key":"REST"}],"circlet_count":0,"master_deck":["Strike_R","Strike_R","Strike_R","Strike_R","Strike_R","Defend_R","Defend_R","Defend_R","Defend_R","Bash","Combust","Havoc","Burning Pact","Burning Pact","Infernal Blade","Pummel","Searing Blow","Rupture"],"relics":["Burning Blood"],"acts_visited":["Exordium"],"potions_floor_usage":[],"damage_taken":[{"damage":3,"enemies":"2 Louse","floor":1,"turns":6},{"damage":7,"enemies":"Small Slimes","floor":2,"turns":6},{"damage":33,"enemies":"Jaw Worm","floor":6,"turns":8},{"damage":12,"enemies":"Red Slaver","floor":7,"turns":5},{"damage":21,"enemies":"Large Slime","floor":8,"turns":6},{"damage":16,"enemies":"Lots of Slimes","floor":11,"turns":3},{"damage":13,"enemies":"Looter","floor":13,"turns":3},{"damage":0,"enemies":"Gremlin Nob","floor":14,"turns":1},{"damage":70,"enemies":"Hexaghost","floor":16,"turns":9}],"seed_played":"-7145858432280517315","potions_obtained":[{"floor":2,"key":"Swift Potion"},{"floor":8,"key":"Fire Potion"},{"floor":11,"key":"Energy Potion"},{"floor":13,"key":"SmokeBomb"}],"is_trial":false,"path_per_floor":["M","M","?","?","$","M","M","M","T","R","M","?","M","E","R","B"],"character_chosen":"IRONCLAD","items_purchased":[],"campfire_rested":2,"item_purchase_floors":[],"current_hp_per_floor":[80,79,79,79,79,52,46,31,31,55,45,45,38,44,68,0,0],"gold":277,"neow_bonus":"THREE_CARDS","is_daily":false,"chose_seed":false,"campfire_upgraded":0,"win_rate":0.0,"timestamp":1610065967,"path_taken":["M","M","?","?","$","M","M","M","T","R","M","?","M","E","R","BOSS"],"items_purchased_type":[],"build_version":"2020-12-22","purchased_purges":0,"victory":false,"max_hp_per_floor":[80,80,80,80,80,80,80,80,80,80,80,80,80,80,80,80,80],"relic_stats":{"counters":[9,47],"obtain_stats":[{"Burning Blood":0},{"Burning Blood":0},{"Burning Blood":0}],"Burning Blood":45},"card_choices":[{"not_picked":["Warcry","Body Slam"],"picked":"Combust","floor":0},{"not_picked":["Pommel Strike","Heavy Blade"],"picked":"Havoc","floor":1},{"not_picked":["Body Slam","Wild Strike"],"picked":"Burning Pact","floor":2},{"not_picked":["Wild Strike","Headbutt"],"picked":"Burning Pact","floor":6},{"not_picked":["True Grit","Fire Breathing"],"picked":"Infernal Blade","floor":7},{"not_picked":["Anger","Havoc"],"picked":"Pummel","floor":8},{"not_picked":["Pommel Strike","Wild Strike"],"picked":"Searing Blow","floor":11},{"not_picked":["Sentinel","Sword Boomerang"],"picked":"Rupture","floor":13}],"player_experience":1464058,"relics_obtained":[],"event_choices":[{"damage_healed":0,"gold_gain":0,"player_choice":"Left Gold","damage_taken":0,"max_hp_gain":0,"max_hp_loss":0,"event_name":"World of Goop","floor":3,"gold_loss":45},{"damage_healed":0,"gold_gain":0,"player_choice":"Ignored","damage_taken":0,"max_hp_gain":0,"max_hp_loss":0,"event_name":"Golden Idol","floor":4,"gold_loss":0},{"damage_healed":0,"gold_gain":64,"player_choice":"Gained Gold","damage_taken":0,"max_hp_gain":0,"max_hp_loss":0,"event_name":"Golden Wing","floor":12,"gold_loss":0}],"is_beta":false,"boss_relics":[],"items_purged_floors":[],"is_endless":false,"potions_floor_spawned":[2,8,11,13],"killed_by":"Hexaghost","ascension_level":0}}