{"host":"sabve5zmqufxyc5o","time":1610085966,"event":{"mods":["2.2 Compatiblity","AchievementEnabler","Act Like it!","BaseMod","Block Reminder","Colored Map","Colored Powertips","DeckTracker","KOR Keyword Fix","Keyboard Shortcuts","Minty Spire (QoL Compilation)","Quick Restart","Rare Cards Sparkle","Relic Stats","StSLib","SuperFastMode"],"gold_per_floor":[114,64,74,74,74,99,14,32,32,66,66,78,106,124,124,202,202,212,48,62,62,4,4,4,4],"floor_reached":24,"playtime":450,"items_purged":[],"score":478,"play_id":"4cb143f2-06fa-4050-aecb-a65ff5d6b467","local_time":"20210108150606","is_ascension_mode":true,"campfire_choices":[{"floor":11.0,"key":"REST"},{"data":"Hologram","floor":15,"key":"SMITH"},{"floor":23,"key":"REST"}],"circlet_count":0,"master_deck":["AscendersBane","Strike_B+1","Strike_B","Strike_B","Strike_B","Defend_B","Defend_B","Defend_B","Defend_B","Zap","Dualcast","Ball Lightning+1","Cold Snap","Compile Driver","Hologram+1","Self Repair","Rebound","Cold Snap","Compile Driver","Barrage","Barrage","Thunder Strike","Gash","Go for the Eyes","Conserve Battery","Skim","BootSequence","Stack"],"relics":["Cracked Core","NeowsBlessing","CaptainsWheel","Frozen Egg 2","Toy Ornithopter","Regal Pillow","Runic Pyramid"],"acts_visited":["Exordium","TheCity"],"potions_floor_usage":[12,14,16],"damage_taken":[{"damage":0.0,"enemies":"Cultist","floor":1.0,"turns":1.0},{"damage":0.0,"enemies":"2 Louse","floor":3.0,"turns":1.0},{"damage":0.0,"enemies":"Gremlin Nob","floor":6.0,"turns":1.0},{"damage":0.0,"enemies":"Jaw Worm","floor":8.0,"turns":2.0},{"damage":37.0,"enemies":"Lagavulin","floor":10.0,"turns":7.0},{"damage":13,"enemies":"Exordium Wildlife","floor":12,"turns":3},{"damage":24,"enemies":"3 Sentries","floor":13,"turns":6},{"damage":8,"enemies":"Blue Slaver","floor":14,"turns":2},{"damage":27,"enemies":"Hexaghost","floor":16,"turns":9},{"damage":12,"enemies":"Spheric Guardian","floor":18,"turns":4},{"damage":32,"enemies":"2 Thieves","floor":20,"turns":4},{"damage":40,"enemies":"Book of Stabbing","floor":24,"turns":6}],"seed_played":"6593058889943118726","potions_obtained":[{"floor":1.0,"key":"Block Potion"},{"floor":6.0,"key":"BlessingOfTheForge"},{"floor":8.0,"key":"BlessingOfTheForge"},{"floor":13,"key":"Fire Potion"}],"is_trial":false,"path_per_floor":["M","$","M","?","?","E","$","M","T","E","R","M","E","M","R","B",null,"M","$","M","?","$","R","E"],"character_chosen":"DEFECT","items_purchased":["Cold Snap","Self Repair","Go for the Eyes","Conserve Battery","Skim","Stack"],"campfire_rested":2,"item_purchase_floors":[2,7,19,19,19,22],"current_hp_per_floor":[64,64,64,69,46,46,46,53,53,23,45,47,30,34,34,19,62,57,57,25,25,25,62,22,22],"gold":4,"neow_bonus":"THREE_ENEMY_KILL","is_daily":false,"chose_seed":false,"campfire_upgraded":1,"win_rate":0.0,"timestamp":1610085966,"path_taken":["M","$","?","?","?","E","?","M","T","E","R","M","E","M","R","BOSS","M","$","M","?","$","R","E"],"items_purchased_type":["Card","Card","Card","Card","Card","Card"],"build_version":"2020-12-22","purchased_purges":0,"victory":false,"max_hp_per_floor":[71,71,71,76,76,76,76,76,76,76,76,76,76,76,76,76,76,76,76,76,76,76,76,76,76],"relic_stats":{"Regal Pillow":15,"counters":[12,46],"obtain_stats":[{"CaptainsWheel":6,"Regal Pillow":13,"NeowsBlessing":0,"Frozen Egg 2":9,"Cracked Core":0,"Toy Ornithopter":10,"Runic Pyramid":17},{"CaptainsWheel":3,"Regal Pillow":7,"NeowsBlessing":0,"Frozen Egg 2":4,"Cracked Core":0,"Toy Ornithopter":5,"Runic Pyramid":9},{"CaptainsWheel":3,"Regal Pillow":21,"NeowsBlessing":0,"Frozen Egg 2":5,"Cracked Core":0,"Toy Ornithopter":12,"Runic Pyramid":32}],"Toy Ornithopter":15},"card_choices":[{"not_picked":["FTL","Go for the Eyes"],"picked":"Ball Lightning","floor":1.0},{"not_picked":["Steam","Recycle"],"picked":"Compile Driver","floor":3.0},{"not_picked":["Ball Lightning","Leap"],"picked":"Hologram","floor":6.0},{"not_picked":["Turbo","Reinforced Body"],"picked":"Rebound","floor":8.0},{"not_picked":["Rip and Tear","Fusion"],"picked":"Cold Snap","floor":10.0},{"not_picked":["Hologram","FTL"],"picked":"Compile Driver","floor":12},{"not_picked":["Genetic Algorithm","Self Repair+1"],"picked":"Barrage","floor":13},{"not_picked":["White Noise","Storm+1"],"picked":"Barrage","floor":14},{"not_picked":["Machine Learning+1","All For One"],"picked":"Thunder Strike","floor":16},{"not_picked":["Steam","Rebound"],"picked":"Gash","floor":18},{"not_picked":["Lockon","White Noise"],"picked":"BootSequence","floor":20}],"player_experience":820812,"relics_obtained":[{"floor":6.0,"key":"CaptainsWheel"},{"floor":9.0,"key":"Frozen Egg 2"},{"floor":10.0,"key":"Toy Ornithopter"},{"floor":13,"key":"Regal Pillow"}],"event_choices":[{"damage_healed":0.0,"max_hp_gain":5.0,"max_hp_loss":0.0,"gold_gain":0.0,"event_name":"Big Fish","player_choice":"Donut","floor":4.0,"gold_loss":0.0,"damage_taken":0.0},{"damage_healed":0.0,"max_hp_gain":0.0,"max_hp_loss":0.0,"gold_gain":0.0,"event_name":"Shining Light","player_choice":"Entered Light","floor":5.0,"gold_loss":0.0,"damage_taken":23.0,"cards_upgraded":["Strike_B","Ball Lightning"]},{"damage_healed":0,"gold_gain":0,"player_choice":"Ignored","damage_taken":0,"max_hp_gain":0,"max_hp_loss":0,"event_name":"The Mausoleum","floor":21,"gold_loss":0}],"is_beta":false,"boss_relics":[{"not_picked":["Sozu","FrozenCore"],"picked":"Runic Pyramid"}],"items_purged_floors":[],"is_endless":false,"potions_floor_spawned":[1,6,8,13],"killed_by":"Book of Stabbing","ascension_level":20}}