{"host":"xe18zxp7krnsfrwn","time":1610076858,"event":{"mods":["BaseMod","BetterRewards","Colored Map","Downfall","Hubris","Infinite Spire","Minty Spire (QoL Compilation)","Replay The Spire","StSLib","The Animator","The Elementalist","The Runesmith","The Saiyan"],"gold_per_floor":[116,139,154,164,164,164,114,181,181,196,40,40,40,74,74,188,188,207,257,307,307,409,455,110,112,112],"floor_reached":25,"playtime":2228,"items_purged":[],"score":211,"play_id":"b4b0f0e5-a969-45bd-bf37-2968e3f21495","local_time":"20210107193418","is_ascension_mode":false,"campfire_choices":[{"data":"animator:DolaSchwi","floor":6,"key":"SMITH"},{"floor":13,"key":"REST"},{"floor":15,"key":"REST"}],"circlet_count":0,"master_deck":["animator:Strike_NoGameNoLife","animator:Defend_NoGameNoLife","animator:Strike","animator:Strike","animator:Strike","animator:Defend","animator:Defend","animator:Defend","animator:DolaSchwi+1","animator:DolaCouronne","animator:Millim","animator:FielNirvalen","animator:Archer","animator:Jibril","animator:Souei","animator:ShinjiMatou","animator:EmiyaShirou","animator:Viivi","animator:Hans","animator:AcuraShin","animator:Benimaru","infinitespire:Punishment","animator:Shion","animator:Lancer+1","animator:Sora","animator:Fredrika"],"relics":["animator:LivingPicture","animator:TheMissingPiece","NeowsBlessing","infinitespire:Midas Blood","ReplayTheSpireMod:Lightbulb","infinitespire:WardingShard","Dream Catcher","SsserpentHead","Honey Jar","hubris:KleinBottle","elementalistmod:GreenCirclet","Red Skull","infinitespire:Golems Mask","Toolbox","Happy Flower"],"acts_visited":["Exordium","TheCity"],"potions_floor_usage":[8,18,21,23,23],"damage_taken":[{"damage":0,"enemies":"Cultist","floor":1,"turns":1},{"damage":0,"enemies":"Jaw Worm","floor":2,"turns":1},{"damage":0,"enemies":"Small Slimes","floor":3,"turns":2},{"damage":14,"enemies":"2 Fungi Beasts","floor":4,"turns":4},{"damage":11,"enemies":"3 Sentries","floor":8,"turns":6},{"damage":0,"enemies":"Large Slime","floor":10,"turns":5},{"damage":23,"enemies":"Lots of Slimes","floor":14,"turns":3},{"damage":30,"enemies":"Hexaghost","floor":16,"turns":7},{"damage":11,"enemies":"Spheric Guardian","floor":18,"turns":5},{"damage":0,"enemies":"2 Thieves","floor":21,"turns":1},{"damage":4,"enemies":"Book of Stabbing","floor":23,"turns":4},{"damage":9,"enemies":"Snake Plant","floor":25,"turns":1}],"seed_played":"9031134471389884551","potions_obtained":[{"floor":2,"key":"Adrenaline Potion"},{"floor":4,"key":"LifebloodPotion"},{"floor":8,"key":"SmokeBomb"},{"floor":16,"key":"Guardian:BlockOnCardUsePotion"},{"floor":22,"key":"champ:CounterPotion"}],"is_trial":false,"path_per_floor":["M","M","M","M","?","R","?","?","T","M","$","?","R","M","R","B",null,"M","$","?","M","?","E","$","M"],"character_chosen":"THE_ANIMATOR","items_purchased":["Dream Catcher","hubris:KleinBottle","Toolbox","Happy Flower","animator:Fredrika"],"campfire_rested":2,"item_purchase_floors":[11,19,24,24,24],"current_hp_per_floor":[66,66,66,53,53,53,53,42,42,42,42,42,62,39,59,30,68,57,38,38,38,11,7,7,0,0],"gold":112,"neow_bonus":"THREE_ENEMY_KILL","is_daily":false,"chose_seed":false,"campfire_upgraded":1,"win_rate":0.0,"timestamp":1610076858,"path_taken":["M","M","M","?","?","R","?","?","T","M","$","?","R","M","R","BOSS","M","?","?","M","?","E","$","M"],"items_purchased_type":["Relic","Relic","Relic","Relic","Card"],"build_version":"2020-12-22","purchased_purges":0,"victory":false,"max_hp_per_floor":[66,66,66,67,67,67,67,67,67,67,67,67,67,67,67,68,68,68,68,68,68,68,68,68,68,68],"card_choices":[{"not_picked":["animator:ShinjiMatou","animator:DwarfShaman"],"picked":"animator:Millim","floor":1},{"not_picked":["animator:LizardPriest","animator:RinTohsaka"],"picked":"animator:FielNirvalen","floor":2},{"not_picked":["animator:Viivi","animator:Verdia"],"picked":"animator:Archer","floor":3},{"not_picked":["animator:DolaRiku","animator:IzunaHatsuse"],"picked":"animator:Jibril","floor":4},{"not_picked":["animator:Spearman","animator:Gillette"],"picked":"animator:Souei","floor":8},{"not_picked":["animator:Rider","animator:Shuna"],"picked":"animator:ShinjiMatou","floor":10},{"not_picked":["animator:Berserker","animator:Mitsuba"],"picked":"animator:EmiyaShirou","floor":13},{"not_picked":["animator:AcuraTooru","animator:GuildGirl"],"picked":"animator:Viivi","floor":14},{"not_picked":["animator:Shigure","animator:Souei"],"picked":"animator:Hans","floor":15},{"not_picked":["animator:GoblinSlayer","animator:Hans"],"picked":"animator:AcuraShin","floor":16},{"not_picked":["animator:Hakurou","animator:Millim","animator:Shuna"],"picked":"animator:Benimaru","floor":18},{"not_picked":["infinitespire:Starlight","ReplayTheSpireMod:Book of Names"],"picked":"infinitespire:Punishment","floor":19},{"not_picked":["animator:GuildGirl","animator:Alexander","animator:Shigure"],"picked":"animator:Shion","floor":22},{"not_picked":["animator:Illya","animator:HighElfArcher","animator:Layla"],"picked":"animator:Lancer+1","floor":22},{"not_picked":["animator:Caster","animator:GazelDwargon+1","animator:Viivi+1"],"picked":"animator:Sora","floor":23}],"player_experience":456552,"relics_obtained":[{"floor":8,"key":"ReplayTheSpireMod:Lightbulb"},{"floor":9,"key":"infinitespire:WardingShard"},{"floor":22,"key":"Red Skull"},{"floor":23,"key":"infinitespire:Golems Mask"}],"event_choices":[{"damage_healed":0,"gold_gain":0,"player_choice":"Box","damage_taken":0,"relics_obtained":["infinitespire:Midas Blood"],"max_hp_gain":0,"max_hp_loss":0,"event_name":"Big Fish","floor":5,"gold_loss":0,"cards_obtained":["Regret"]},{"cards_removed":["Regret"],"damage_healed":0,"gold_gain":0,"player_choice":"Card Removal","damage_taken":0,"max_hp_gain":0,"max_hp_loss":0,"event_name":"The Cleric","floor":7,"gold_loss":50},{"damage_healed":0,"gold_gain":30,"player_choice":"Searched \u00273\u0027 times","damage_taken":0,"max_hp_gain":0,"max_hp_loss":0,"event_name":"Dead Adventurer","floor":8,"gold_loss":0},{"damage_healed":0,"gold_gain":0,"player_choice":"Trade","damage_taken":0,"relics_obtained":["SsserpentHead"],"max_hp_gain":0,"max_hp_loss":0,"event_name":"FaceTrader","floor":12,"gold_loss":0}],"is_beta":false,"boss_relics":[{"not_picked":["hubris:BlackHole","Pandora\u0027s Box"],"picked":"Honey Jar"}],"items_purged_floors":[],"is_endless":false,"potions_floor_spawned":[2,4,8,16,21],"killed_by":"Snake Plant","ascension_level":0}}