{"host":"b995t17pt6d05w8c","time":1610109376,"event":{"mods":["AchievementEnabler","BaseMod","Colored Map","Minty Spire (QoL Compilation)","SuperFastMode"],"gold_per_floor":[119,194,144,144,71,96,96,131,131,131,147,162,187,199,199,296,296,307,323,350,265,265,295,314,314,314,340,340,45,45,60,60,164,164,182,182,232,2,224,224,224,250,277,286,124,149,149,165,165,165],"floor_reached":51,"playtime":1725,"items_purged":["Reprogram"],"score":1059,"play_id":"85a5aa3f-8f44-4309-9610-e89cbc63f5e4","local_time":"20210108213616","is_ascension_mode":true,"campfire_choices":[{"data":"Chaos","floor":7.0,"key":"SMITH"},{"data":"Zap","floor":10.0,"key":"SMITH"},{"data":"Dualcast","floor":15.0,"key":"SMITH"},{"data":"Gash","floor":28.0,"key":"SMITH"},{"data":"Go for the Eyes","floor":30.0,"key":"SMITH"},{"data":"White Noise","floor":32.0,"key":"SMITH"},{"data":"Biased Cognition","floor":40,"key":"SMITH"},{"data":"Madness","floor":47,"key":"SMITH"},{"floor":49,"key":"REST"}],"circlet_count":0,"master_deck":["Zap+1","Dualcast+1","All For One","Chaos+1","Chill","Genetic Algorithm","Go for the Eyes+1","White Noise+1","Electrodynamics","Seek","Machine Learning","Chill","Conserve Battery","Undo","BootSequence+1","Force Field","Coolheaded+1","Steam+1","Gash+1","FTL","Biased Cognition+1","Hologram","Madness","Madness+1","Beam Cell+1","Double Energy","Capacitor","All For One","Finesse","Undo+1"],"relics":["Cracked Core","NeowsBlessing","Lantern","Toy Ornithopter","Gremlin Horn","CaptainsWheel","Pandora\u0027s Box","Red Mask","Oddly Smooth Stone","MutagenicStrength","Juzu Bracelet","Nunchaku","Boot","OrangePellets","Philosopher\u0027s Stone","Gambling Chip","Potion Belt","Shovel","CeramicFish"],"acts_visited":["Exordium","TheCity","TheBeyond"],"potions_floor_usage":[42,50,50,50,50],"damage_taken":[{"damage":0.0,"enemies":"Cultist","floor":1.0,"turns":1.0},{"damage":0.0,"enemies":"Lagavulin","floor":6.0,"turns":2.0},{"damage":0.0,"enemies":"Gremlin Nob","floor":8.0,"turns":1.0},{"damage":0.0,"enemies":"2 Louse","floor":11.0,"turns":1.0},{"damage":0.0,"enemies":"Small Slimes","floor":12.0,"turns":2.0},{"damage":12.0,"enemies":"3 Sentries","floor":13.0,"turns":8.0},{"damage":13.0,"enemies":"Blue Slaver","floor":14.0,"turns":4.0},{"damage":2.0,"enemies":"Slime Boss","floor":16.0,"turns":7.0},{"damage":0.0,"enemies":"Chosen","floor":18.0,"turns":5.0},{"damage":0.0,"enemies":"Spheric Guardian","floor":19.0,"turns":4.0},{"damage":0.0,"enemies":"Masked Bandits","floor":20.0,"turns":2.0},{"damage":5.0,"enemies":"Book of Stabbing","floor":23.0,"turns":7.0},{"damage":0.0,"enemies":"Centurion and Healer","floor":24.0,"turns":10.0},{"damage":0.0,"enemies":"Cultist and Chosen","floor":31.0,"turns":7.0},{"damage":36.0,"enemies":"Automaton","floor":33.0,"turns":9.0},{"damage":0.0,"enemies":"3 Shapes","floor":35.0,"turns":2.0},{"damage":0,"enemies":"Mind Bloom Boss Battle","floor":37,"turns":4},{"damage":11,"enemies":"Nemesis","floor":42,"turns":7},{"damage":0,"enemies":"Orb Walker","floor":46,"turns":3},{"damage":12,"enemies":"Transient","floor":48,"turns":5},{"damage":0,"enemies":"Donu and Deca","floor":50,"turns":8}],"seed_played":"374590009118964181","potions_obtained":[{"floor":1.0,"key":"Weak Potion"},{"floor":11.0,"key":"SteroidPotion"},{"floor":14.0,"key":"SpeedPotion"},{"floor":18.0,"key":"FearPotion"},{"floor":33.0,"key":"PowerPotion"},{"floor":42,"key":"FocusPotion"}],"is_trial":false,"path_per_floor":["M","?","?","?","$","E","R","E","T","R","M","M","E","M","R","B",null,"M","M","?","?","?","E","M","?","T","T","R","$","R","M","R","B",null,"M","?","?","$","?","R","?","E","T","?","$","M","R","M","R","B",null],"character_chosen":"DEFECT","items_purchased":["Chaos","FTL","OrangePellets","Potion Belt","Double Energy","PotionOfCapacity","Finesse"],"campfire_rested":1,"item_purchase_floors":[5,29,29,38,38,45,45],"current_hp_per_floor":[68,57,57,57,57,57,57,57,57,57,57,57,45,32,32,35,65,65,65,65,65,65,60,60,60,60,60,60,60,60,60,60,24,62,62,53,53,53,53,53,53,47,47,47,47,47,47,35,57,75],"gold":165,"neow_bonus":"THREE_ENEMY_KILL","is_daily":false,"chose_seed":false,"campfire_upgraded":8,"win_rate":0.0,"timestamp":1610109376,"path_taken":["M","?","?","?","$","E","R","E","T","R","?","M","E","M","R","BOSS","M","M","?","?","?","E","M","?","T","?","R","?","R","M","R","BOSS","M","?","?","?","?","R","?","E","T","?","$","M","R","M","R","BOSS"],"items_purchased_type":["Card","Card","Relic","Relic","Card","Potion","Card"],"build_version":"2020-12-22","purchased_purges":1,"victory":true,"max_hp_per_floor":[75,75,75,75,75,75,75,75,75,75,75,75,75,75,75,75,75,75,75,75,75,75,75,75,75,75,75,75,75,75,75,75,75,75,75,75,75,75,75,75,75,75,75,75,75,75,75,75,75,75],"card_choices":[{"not_picked":["Consume","Scrape","Turbo"],"picked":"SKIP","floor":1.0},{"not_picked":["Rip and Tear","Lockon"],"picked":"Chill","floor":6.0},{"not_picked":["Turbo","Loop"],"picked":"Rebound","floor":8.0},{"not_picked":["Beam Cell","Rip and Tear"],"picked":"Genetic Algorithm","floor":11.0},{"not_picked":["Sweeping Beam","Turbo","Rebound"],"picked":"SKIP","floor":12.0},{"not_picked":["Compile Driver","Skim"],"picked":"Go for the Eyes","floor":13.0},{"not_picked":["Turbo","Skim"],"picked":"White Noise","floor":14.0},{"not_picked":["Hyperbeam","Creative AI"],"picked":"Electrodynamics","floor":16.0},{"not_picked":["Undo","Force Field+1"],"picked":"BootSequence+1","floor":18.0},{"not_picked":["Sweeping Beam+1","Reinforced Body"],"picked":"Force Field","floor":19.0},{"not_picked":["Compile Driver","Turbo"],"picked":"Coolheaded+1","floor":20.0},{"not_picked":["Sunder+1","Coolheaded"],"picked":"Steam+1","floor":23.0},{"not_picked":["Compile Driver","Multi-Cast"],"picked":"Gash","floor":24.0},{"not_picked":["Redo","Steam Power+1","Genetic Algorithm"],"picked":"SKIP","floor":31.0},{"not_picked":["Buffer","Seek"],"picked":"Biased Cognition","floor":33.0},{"not_picked":["Leap","Barrage+1"],"picked":"Hologram","floor":35.0},{"not_picked":["Ball Lightning","Sweeping Beam+1"],"picked":"Beam Cell+1","floor":37},{"not_picked":["Blizzard","Sweeping Beam","Steam"],"picked":"SKIP","floor":42},{"not_picked":["FTL","Chill"],"picked":"Undo+1","floor":46},{"not_picked":["Gash","Redo","Stack"],"picked":"SKIP","floor":48}],"player_experience":48829,"relics_obtained":[{"floor":6.0,"key":"Lantern"},{"floor":8.0,"key":"Toy Ornithopter"},{"floor":9.0,"key":"Gremlin Horn"},{"floor":13.0,"key":"CaptainsWheel"},{"floor":20.0,"key":"Red Mask"},{"floor":23.0,"key":"Juzu Bracelet"},{"floor":26.0,"key":"Nunchaku"},{"floor":27.0,"key":"Boot"},{"floor":37,"key":"Gambling Chip"},{"floor":42,"key":"Shovel"},{"floor":43,"key":"CeramicFish"}],"event_choices":[{"damage_healed":0.0,"max_hp_gain":0.0,"max_hp_loss":0.0,"gold_gain":75.0,"event_name":"World of Goop","player_choice":"Gather Gold","floor":2.0,"gold_loss":0.0,"damage_taken":11.0},{"cards_removed":["Strike_B"],"damage_healed":0.0,"max_hp_gain":0.0,"max_hp_loss":0.0,"gold_gain":0.0,"event_name":"The Cleric","player_choice":"Card Removal","floor":3.0,"gold_loss":50.0,"damage_taken":0.0},{"damage_healed":0.0,"max_hp_gain":0.0,"max_hp_loss":0.0,"gold_gain":0.0,"cards_transformed":["Defend_B"],"event_name":"Living Wall","player_choice":"Change","floor":4.0,"gold_loss":0.0,"damage_taken":0.0,"cards_obtained":["All For One"]},{"damage_healed":0.0,"max_hp_gain":0.0,"max_hp_loss":0.0,"gold_gain":0.0,"event_name":"Masked Bandits","player_choice":"Fought Bandits","floor":20.0,"gold_loss":0.0,"damage_taken":0.0},{"damage_healed":0.0,"max_hp_gain":0.0,"max_hp_loss":0.0,"gold_gain":0.0,"event_name":"Addict","player_choice":"Obtained Relic","floor":21.0,"gold_loss":85.0,"damage_taken":0.0,"relics_obtained":["Oddly Smooth Stone"]},{"damage_healed":0.0,"max_hp_gain":0.0,"max_hp_loss":0.0,"gold_gain":0.0,"event_name":"Drug Dealer","player_choice":"Inject Mutagens","floor":22.0,"gold_loss":0.0,"damage_taken":0.0,"relics_obtained":["MutagenicStrength"]},{"damage_healed":0.0,"max_hp_gain":0.0,"max_hp_loss":0.0,"gold_gain":0.0,"event_name":"Cursed Tome","player_choice":"Ignored","floor":25.0,"gold_loss":0.0,"damage_taken":0.0},{"damage_healed":0.0,"max_hp_gain":0.0,"max_hp_loss":0.0,"gold_gain":0.0,"event_name":"Winding Halls","player_choice":"Embrace Madness","floor":36.0,"gold_loss":0.0,"damage_taken":9.0,"cards_obtained":["Madness","Madness"]},{"damage_healed":0,"gold_gain":0,"player_choice":"Fight","damage_taken":0,"max_hp_gain":0,"max_hp_loss":0,"event_name":"MindBloom","floor":37,"gold_loss":0},{"damage_healed":0,"gold_gain":222,"player_choice":"Wore Mask","damage_taken":0,"max_hp_gain":0,"max_hp_loss":0,"event_name":"Tomb of Lord Red Mask","floor":39,"gold_loss":0},{"damage_healed":0,"gold_gain":0,"cards_transformed":["Rebound"],"player_choice":"Transformed","damage_taken":0,"max_hp_gain":0,"max_hp_loss":0,"event_name":"Transmorgrifier","floor":41,"gold_loss":0,"cards_obtained":["Capacitor"]},{"damage_healed":0,"gold_gain":0,"player_choice":"Copied","damage_taken":0,"max_hp_gain":0,"max_hp_loss":0,"event_name":"Duplicator","floor":44,"gold_loss":0,"cards_obtained":["All For One"]}],"is_beta":false,"boss_relics":[{"not_picked":["Sozu","SacredBark"],"picked":"Pandora\u0027s Box"},{"not_picked":["Coffee Dripper","Astrolabe"],"picked":"Philosopher\u0027s Stone"}],"items_purged_floors":[29],"is_endless":false,"potions_floor_spawned":[1,11,14,18,31,33,42],"ascension_level":6}}