{"host":"3l94tha3a4jgu0q4","time":1610082272,"event":{"mods":["2.2 Compatiblity","AchievementEnabler","BaseMod","Colored Map","Colored Powertips","Highlight Path","Minty Spire (QoL Compilation)","Permanent Neow","StSLib","SuperFastMode"],"gold_per_floor":[115,81,95,113,113,148,148,162,162,162,172,172,189,189,189,189,189],"floor_reached":16,"playtime":394,"items_purged":[],"score":102,"play_id":"cc052176-0e93-431e-9b59-b1b3ea2c40b8","local_time":"20210107210432","is_ascension_mode":false,"campfire_choices":[{"data":"Neutralize","floor":7,"key":"SMITH"},{"data":"Predator","floor":10,"key":"SMITH"},{"data":"Footwork","floor":12,"key":"SMITH"},{"data":"Prepared","floor":15,"key":"SMITH"}],"circlet_count":0,"master_deck":["Strike_G","Strike_G","Defend_G","Defend_G","Defend_G","Defend_G","Survivor","Neutralize+1","Calculated Gamble+1","Wraith Form v2+1","Expertise+1","Predator+1","Blur","Dagger Spray","Riddle With Holes","Prepared+1","Blur","Footwork+1","Dagger Throw","Grand Finale"],"relics":["Astrolabe","Oddly Smooth Stone","Strawberry"],"acts_visited":["Exordium"],"potions_floor_usage":[6,16],"damage_taken":[{"damage":0,"enemies":"Small Slimes","floor":1,"turns":5},{"damage":7,"enemies":"Cultist","floor":3,"turns":5},{"damage":0,"enemies":"2 Louse","floor":4,"turns":3},{"damage":24,"enemies":"3 Sentries","floor":6,"turns":10},{"damage":9,"enemies":"Red Slaver","floor":8,"turns":4},{"damage":0,"enemies":"2 Fungi Beasts","floor":11,"turns":5},{"damage":6,"enemies":"Blue Slaver","floor":13,"turns":4},{"damage":14,"enemies":"The Guardian","floor":16,"turns":4}],"seed_played":"-400425196678950416","potions_obtained":[{"floor":4,"key":"EssenceOfSteel"},{"floor":11,"key":"SneckoOil"},{"floor":13,"key":"SpeedPotion"}],"is_trial":false,"path_per_floor":["M","$","M","M","?","E","R","M","T","R","M","R","M","?","R","B"],"character_chosen":"THE_SILENT","items_purchased":["Blur"],"campfire_rested":0,"item_purchase_floors":[2],"current_hp_per_floor":[70,70,63,63,70,46,46,37,44,44,44,44,38,38,38,24,24],"gold":189,"neow_bonus":"BOSS_RELIC","is_daily":false,"chose_seed":false,"campfire_upgraded":4,"win_rate":0.0,"timestamp":1610082272,"path_taken":["M","$","M","M","?","E","R","M","T","R","M","R","M","?","R","BOSS"],"items_purchased_type":["Card"],"build_version":"2020-12-22","purchased_purges":0,"victory":false,"max_hp_per_floor":[70,70,70,70,70,70,70,70,77,77,77,77,77,77,77,77,77],"card_choices":[{"not_picked":["Slice","Distraction"],"picked":"Predator","floor":1},{"not_picked":["Acrobatics","Caltrops"],"picked":"Dagger Spray","floor":3},{"not_picked":["PiercingWail","Sucker Punch"],"picked":"Riddle With Holes","floor":4},{"not_picked":["Escape Plan","Heel Hook"],"picked":"Prepared","floor":6},{"not_picked":["Cloak And Dagger","Bane"],"picked":"Blur","floor":8},{"not_picked":["Slice","Sucker Punch"],"picked":"Footwork","floor":11},{"not_picked":["Escape Plan","Sucker Punch"],"picked":"Dagger Throw","floor":13}],"player_experience":1897532,"relics_obtained":[{"floor":6,"key":"Oddly Smooth Stone"},{"floor":9,"key":"Strawberry"}],"event_choices":[{"damage_healed":23,"gold_gain":0,"player_choice":"Banana","damage_taken":0,"max_hp_gain":0,"max_hp_loss":0,"event_name":"Big Fish","floor":5,"gold_loss":0},{"damage_healed":0,"gold_gain":0,"cards_transformed":["Defend_G"],"player_choice":"Transformed","damage_taken":0,"max_hp_gain":0,"max_hp_loss":0,"event_name":"Transmorgrifier","floor":14,"gold_loss":0,"cards_obtained":["Grand Finale"]}],"is_beta":false,"boss_relics":[],"items_purged_floors":[],"is_endless":false,"potions_floor_spawned":[4,11,13],"killed_by":"The Guardian","ascension_level":0}}