{"host":"aaqofma31c3gm2hj","time":1610074237,"event":{"mods":["BaseMod","Minty Spire (QoL Compilation)","Replay The Spire","Spicy Shops","StSLib"],"gold_per_floor":[111,121,121,46,46,46,79,79,79,79,79,79,95,95,95,95,95],"floor_reached":16,"playtime":171,"items_purged":[],"score":242,"play_id":"3964a732-90ae-4708-a3f3-05d078d6af6a","local_time":"20210108105037","is_ascension_mode":true,"campfire_choices":[{"data":"Acrobatics","floor":6.0,"key":"SMITH"},{"data":"Hidden Blade","floor":8.0,"key":"SMITH"},{"data":"Neutralize","floor":10.0,"key":"SMITH"},{"floor":12.0,"key":"RECALL"},{"floor":15.0,"key":"DIG"}],"circlet_count":0,"master_deck":["AscendersBane","Strike_G+1","Strike_G+1","Strike_G+1","Strike_G+1","Defend_G","Defend_G","Defend_G","Defend_G","Defend_G","Survivor","Neutralize+1","Acrobatics+1","Hidden Blade+1","Reflex+1"],"relics":["Ring of the Snake","NeowsBlessing","Golden Idol","Ancient Tea Set","Shuriken","Replay:Bottled Eggs"],"acts_visited":["Exordium"],"potions_floor_usage":[16],"damage_taken":[{"damage":0.0,"enemies":"Cultist","floor":1.0,"turns":1.0},{"damage":0.0,"enemies":"Jaw Worm","floor":2.0,"turns":1.0},{"damage":0.0,"enemies":"Lagavulin","floor":7.0,"turns":1.0},{"damage":0.0,"enemies":"2 Louse","floor":13.0,"turns":3.0},{"damage":13,"enemies":"Slime Boss","floor":16,"turns":5}],"seed_played":"-6383449582177695469","potions_obtained":[{"floor":1.0,"key":"Regen Potion"},{"floor":7.0,"key":"AttackPotion"}],"is_trial":false,"path_per_floor":["M","M","?","?","?","R","E","R","T","R","?","R","M","?","R","B"],"character_chosen":"THE_SILENT","items_purchased":[],"campfire_rested":0,"item_purchase_floors":[],"current_hp_per_floor":[59,59,36,36,36,36,36,36,36,36,36,36,36,36,36,23,23],"gold":95,"neow_bonus":"THREE_ENEMY_KILL","is_daily":false,"chose_seed":false,"campfire_upgraded":3,"win_rate":0.0,"timestamp":1610074237,"path_taken":["M","?","?","?","?","R","E","R","T","R","?","R","?","?","R","BOSS"],"items_purchased_type":[],"build_version":"2020-12-22","purchased_purges":0,"victory":false,"max_hp_per_floor":[66,66,66,66,66,66,66,66,66,66,66,66,66,66,66,66,66],"card_choices":[{"not_picked":["Backstab","ReplayTheSpireMod:Exploit Weakness","Quick Slash"],"picked":"SKIP","floor":1.0},{"not_picked":["PiercingWail","Blur"],"picked":"Acrobatics","floor":2.0},{"not_picked":["Replay:Poison Smokescreen","Catalyst"],"picked":"Hidden Blade","floor":7.0},{"not_picked":["Backflip","PiercingWail"],"picked":"Reflex","floor":13.0}],"player_experience":566470,"relics_obtained":[{"floor":7.0,"key":"Ancient Tea Set"},{"floor":15.0,"key":"Replay:Bottled Eggs"}],"event_choices":[{"damage_healed":0.0,"max_hp_gain":0.0,"max_hp_loss":0.0,"gold_gain":0.0,"event_name":"Golden Idol","player_choice":"Take Damage","floor":3.0,"gold_loss":0.0,"damage_taken":23.0,"relics_obtained":["Golden Idol"]},{"cards_removed":["Strike_G"],"damage_healed":0.0,"max_hp_gain":0.0,"max_hp_loss":0.0,"gold_gain":0.0,"event_name":"The Cleric","player_choice":"Card Removal","floor":4.0,"gold_loss":75.0,"damage_taken":0.0},{"damage_healed":0.0,"max_hp_gain":0.0,"max_hp_loss":0.0,"gold_gain":0.0,"event_name":"Liars Game","player_choice":"Ignored","floor":5.0,"gold_loss":0.0,"damage_taken":0.0},{"damage_healed":0.0,"max_hp_gain":0.0,"max_hp_loss":0.0,"gold_gain":0.0,"event_name":"WeMeetAgain","player_choice":"Gave Potion","floor":11.0,"gold_loss":0.0,"damage_taken":0.0,"relics_obtained":["Shuriken"]},{"damage_healed":0.0,"max_hp_gain":0.0,"max_hp_loss":0.0,"gold_gain":0.0,"event_name":"Upgrade Shrine","player_choice":"Upgraded","floor":14.0,"gold_loss":0.0,"damage_taken":0.0,"cards_upgraded":["Reflex"]}],"is_beta":false,"boss_relics":[],"items_purged_floors":[],"is_endless":false,"potions_floor_spawned":[1,7],"killed_by":"Slime Boss","ascension_level":20}}