{"host":"ynimr9ugvc6f046i","time":1610070884,"event":{"mods":["2.2 Compatiblity","BaseMod","Colored Map","DeckTracker","Highlight Path","Keyboard Shortcuts","Minty Spire (QoL Compilation)","Permanent Neow","Quick Restart","StSLib","SuperFastMode"],"gold_per_floor":[113,130,130,141,156,156,184,109,109,109,140,40,40,40,40,111,111,127,52,70,9,9,9,40,51,51,51,79,125,125,145,145,217,217,229,129,129,148,7,7,7],"floor_reached":40,"playtime":946,"items_purged":["Strike_G","Strike_G","Defend_G","Setup"],"score":910,"play_id":"eeba065b-7779-47a4-a5eb-704daf86466b","local_time":"20210108105444","is_ascension_mode":true,"campfire_choices":[{"data":"Apotheosis","floor":6.0,"key":"SMITH"},{"data":"Crippling Poison","floor":10.0,"key":"SMITH"},{"floor":13.0,"key":"RECALL"},{"floor":15.0,"key":"DIG"},{"floor":23.0,"key":"REST"},{"floor":27.0,"key":"DIG"},{"floor":30.0,"key":"DIG"},{"floor":32.0,"key":"DIG"}],"circlet_count":0,"master_deck":["AscendersBane","Survivor","Neutralize","Apotheosis+1","Dagger Throw","Poisoned Stab","Masterful Stab","Crippling Poison+1","Backflip","Grand Finale","Noxious Fumes","Masterful Stab","Dash","Acrobatics","Prepared","Acrobatics"],"relics":["Ring of the Snake","Ginger","Shovel","The Courier","SacredBark","Tingsha","Mango","Bird Faced Urn","Oddly Smooth Stone","Akabeko","Paper Crane","Meat on the Bone","Empty Cage"],"acts_visited":["Exordium","TheCity","TheBeyond"],"potions_floor_usage":[33],"damage_taken":[{"damage":0.0,"enemies":"Cultist","floor":1.0,"turns":4.0},{"damage":6.0,"enemies":"2 Louse","floor":2.0,"turns":2.0},{"damage":2.0,"enemies":"Small Slimes","floor":4.0,"turns":3.0},{"damage":0.0,"enemies":"Blue Slaver","floor":5.0,"turns":4.0},{"damage":0.0,"enemies":"Lagavulin","floor":7.0,"turns":6.0},{"damage":7.0,"enemies":"3 Sentries","floor":11.0,"turns":8.0},{"damage":7.0,"enemies":"Hexaghost","floor":16.0,"turns":9.0},{"damage":21.0,"enemies":"2 Thieves","floor":18.0,"turns":5.0},{"damage":8.0,"enemies":"Spheric Guardian","floor":20.0,"turns":5.0},{"damage":4.0,"enemies":"Gremlin Leader","floor":24.0,"turns":5.0},{"damage":10.0,"enemies":"Cultist and Chosen","floor":25.0,"turns":5.0},{"damage":4.0,"enemies":"Slavers","floor":28.0,"turns":2.0},{"damage":4.0,"enemies":"Centurion and Healer","floor":31.0,"turns":7.0},{"damage":37,"enemies":"Automaton","floor":33,"turns":9},{"damage":7,"enemies":"3 Shapes","floor":35,"turns":5},{"damage":9,"enemies":"3 Darklings","floor":38,"turns":6},{"damage":25,"enemies":"Nemesis","floor":40,"turns":3}],"seed_played":"-8351692413076731491","potions_obtained":[{"floor":4.0,"key":"Block Potion"},{"floor":11.0,"key":"EssenceOfSteel"},{"floor":16.0,"key":"AttackPotion"},{"floor":25.0,"key":"Fire Potion"},{"floor":28.0,"key":"Strength Potion"},{"floor":31.0,"key":"SpeedPotion"},{"floor":35,"key":"FearPotion"}],"is_trial":false,"path_per_floor":["M","M","?","M","M","R","E","$","T","R","E","$","R","?","R","B",null,"M","?","M","$","?","R","E","M","T","R","E","T","R","M","R","B",null,"M","$","?","M","$","E"],"character_chosen":"THE_SILENT","items_purchased":["Noxious Fumes","Acrobatics"],"campfire_rested":1,"item_purchase_floors":[21,39],"current_hp_per_floor":[59,53,46,44,44,44,44,44,44,44,37,37,37,37,37,30,53,32,32,24,24,24,42,38,28,42,42,40,40,40,38,38,18,60,55,55,55,48,48,25,25],"gold":7,"neow_bonus":"RANDOM_COLORLESS_2","is_daily":false,"chose_seed":false,"campfire_upgraded":2,"win_rate":0.0,"timestamp":1610070884,"path_taken":["M","?","?","M","M","R","E","$","T","R","E","$","R","?","R","BOSS","M","?","M","$","?","R","E","M","T","R","E","?","R","M","R","BOSS","M","$","?","M","$","E"],"items_purchased_type":["Card","Card"],"build_version":"2020-12-22","purchased_purges":4,"victory":false,"max_hp_per_floor":[60,60,60,60,60,60,60,60,60,60,60,60,60,60,60,60,60,60,60,60,60,60,60,60,60,74,74,74,74,74,74,74,74,74,74,74,74,74,74,74,74],"card_choices":[{"not_picked":["Deflect","Bane"],"picked":"Dagger Throw","floor":1.0},{"not_picked":["Quick Slash","Distraction"],"picked":"Poisoned Stab","floor":2.0},{"not_picked":["Dagger Spray","Sucker Punch"],"picked":"Masterful Stab","floor":4.0},{"not_picked":["Dagger Throw","Bullet Time"],"picked":"Crippling Poison","floor":5.0},{"not_picked":["Riddle With Holes","Quick Slash"],"picked":"Backflip","floor":7.0},{"not_picked":["Flechettes","Eviscerate","Leg Sweep"],"picked":"SKIP","floor":11.0},{"not_picked":["Venomology","Bullet Time"],"picked":"Grand Finale","floor":16.0},{"not_picked":["Dagger Throw","Cloak And Dagger","Deflect+1"],"picked":"SKIP","floor":18.0},{"not_picked":["Deadly Poison","Quick Slash","Expertise"],"picked":"SKIP","floor":20.0},{"not_picked":["Underhanded Strike","Flying Knee","Slice"],"picked":"SKIP","floor":24.0},{"not_picked":["Endless Agony+1","Outmaneuver","Quick Slash"],"picked":"SKIP","floor":25.0},{"not_picked":["Slice","Deflect","Cloak And Dagger"],"picked":"SKIP","floor":28.0},{"not_picked":["Catalyst","Dagger Throw"],"picked":"Acrobatics","floor":31.0},{"not_picked":["Accuracy+1","Bane+1","Concentrate"],"picked":"SKIP","floor":35},{"not_picked":["Slice","Noxious Fumes"],"picked":"Prepared","floor":38}],"player_experience":369267,"relics_obtained":[{"floor":7.0,"key":"Ginger"},{"floor":11.0,"key":"Shovel"},{"floor":15.0,"key":"The Courier"},{"floor":24.0,"key":"Tingsha"},{"floor":26.0,"key":"Mango"},{"floor":27.0,"key":"Bird Faced Urn"},{"floor":28.0,"key":"Oddly Smooth Stone"},{"floor":29.0,"key":"Akabeko"},{"floor":30.0,"key":"Paper Crane"},{"floor":32.0,"key":"Meat on the Bone"}],"event_choices":[{"cards_removed":["Strike_G"],"damage_healed":0.0,"max_hp_gain":0.0,"max_hp_loss":0.0,"gold_gain":0.0,"event_name":"Golden Wing","player_choice":"Card Removal","floor":3.0,"gold_loss":0.0,"damage_taken":7.0},{"damage_healed":0.0,"max_hp_gain":0.0,"max_hp_loss":0.0,"gold_gain":0.0,"event_name":"Liars Game","player_choice":"Ignored","floor":14.0,"gold_loss":0.0,"damage_taken":0.0},{"cards_removed":["Strike_G"],"damage_healed":0.0,"max_hp_gain":0.0,"max_hp_loss":0.0,"gold_gain":0.0,"event_name":"Beggar","player_choice":"Gave Gold","floor":19.0,"gold_loss":75.0,"damage_taken":0.0},{"damage_healed":0.0,"max_hp_gain":0.0,"max_hp_loss":0.0,"gold_gain":0.0,"cards_transformed":["Strike_G","Defend_G"],"event_name":"Drug Dealer","player_choice":"Became Test Subject","floor":22.0,"gold_loss":0.0,"damage_taken":0.0,"cards_obtained":["Masterful Stab","Dash"]},{"damage_healed":0,"gold_gain":0,"cards_transformed":["Defend_G"],"player_choice":"Transformed","damage_taken":0,"max_hp_gain":0,"max_hp_loss":0,"event_name":"Transmorgrifier","floor":37,"gold_loss":0,"cards_obtained":["Setup"]}],"is_beta":false,"boss_relics":[{"not_picked":["Tiny House","Snecko Eye"],"picked":"SacredBark"},{"not_picked":["Cursed Key","SlaversCollar"],"picked":"Empty Cage"}],"items_purged_floors":[8,12,36,39],"is_endless":false,"potions_floor_spawned":[4,11,16,25,28,31,35],"killed_by":"Nemesis","ascension_level":20}}