{"host":"mydft8i2zzydgggw","time":1610133022,"event":{"mods":["AchievementEnabler","BaseMod","Colored Map","Colored Powertips","DeckTracker","Keyboard Shortcuts","Minty Spire (QoL Compilation)","Rare Cards Sparkle","StSLib","SuperFastMode","The Poker Player","everything is the same but u backflip on backflip"],"gold_per_floor":[110,125,141,216,44,72,82,82,109,284,284,313,313,330,330,435,435,449,449,91,91,102,102,102],"floor_reached":23,"playtime":450,"items_purged":["Defend_R","Strike_R"],"score":219,"play_id":"8ee4f8a9-80f8-4620-a1cc-7b11901c71cf","local_time":"20210109041022","is_ascension_mode":true,"campfire_choices":[{"data":"Rage","floor":8.0,"key":"SMITH"},{"data":"Shrug It Off","floor":11.0,"key":"SMITH"},{"floor":13.0,"key":"REST"},{"floor":15.0,"key":"REST"}],"circlet_count":0,"master_deck":["Strike_R","Strike_R","Strike_R","Strike_R","Defend_R","Defend_R+1","Defend_R+1","Bash","Shrug It Off+1","Inflame","Rage+1","Doubt","Cleave","Perfected Strike","Impervious","CurseOfTheBell"],"relics":["Burning Blood","NeowsBlessing","Nunchaku","Tiny Chest","Happy Flower","Calling Bell","War Paint","Paper Frog","StoneCalendar","Bottled Flame","Pantograph"],"acts_visited":["Exordium","TheCity"],"potions_floor_usage":[23,23,23],"damage_taken":[{"damage":0.0,"enemies":"2 Louse","floor":1.0,"turns":1.0},{"damage":0.0,"enemies":"Jaw Worm","floor":2.0,"turns":1.0},{"damage":0.0,"enemies":"Cultist","floor":3.0,"turns":1.0},{"damage":24.0,"enemies":"Gremlin Nob","floor":6.0,"turns":4.0},{"damage":13.0,"enemies":"Exordium Wildlife","floor":7.0,"turns":6.0},{"damage":39.0,"enemies":"Lagavulin","floor":12.0,"turns":10.0},{"damage":11.0,"enemies":"Looter","floor":14.0,"turns":3.0},{"damage":70.0,"enemies":"Hexaghost","floor":16.0,"turns":11.0},{"damage":15,"enemies":"2 Thieves","floor":18,"turns":5},{"damage":45,"enemies":"Shell Parasite","floor":22,"turns":7},{"damage":34,"enemies":"Gremlin Leader","floor":23,"turns":7}],"seed_played":"-9053980606319431506","potions_obtained":[{"floor":2.0,"key":"GamblersBrew"},{"floor":3.0,"key":"Strength Potion"},{"floor":19,"key":"SneckoOil"},{"floor":19,"key":"GamblersBrew"},{"floor":19,"key":"Dexterity Potion"}],"is_trial":false,"path_per_floor":["M","M","M","?","$","E","M","R","T","?","R","E","R","M","R","B",null,"M","?","$","T","M","E"],"character_chosen":"IRONCLAD","items_purchased":["FairyPotion","Bottled Flame"],"campfire_rested":2,"item_purchase_floors":[5,20],"current_hp_per_floor":[80,80,80,69,69,51,44,44,44,44,44,11,35,30,54,14,80,71,71,71,71,32,0,0],"gold":102,"neow_bonus":"THREE_ENEMY_KILL","is_daily":false,"chose_seed":false,"campfire_upgraded":2,"win_rate":0.0,"timestamp":1610133022,"path_taken":["M","M","M","?","$","E","M","R","T","?","R","E","R","M","R","BOSS","M","?","$","?","M","E"],"items_purchased_type":["Potion","Relic"],"build_version":"2020-12-22","purchased_purges":2,"victory":false,"max_hp_per_floor":[80,80,80,80,80,80,80,80,80,80,80,80,80,80,80,80,80,80,80,80,80,80,80,80],"card_choices":[{"not_picked":["True Grit","Headbutt"],"picked":"Shrug It Off","floor":1.0},{"not_picked":["Body Slam","Sentinel","Pummel"],"picked":"SKIP","floor":2.0},{"not_picked":["Armaments","Heavy Blade"],"picked":"Inflame","floor":3.0},{"not_picked":["Twin Strike","Demon Form"],"picked":"Rage","floor":6.0},{"not_picked":["Sword Boomerang","Entrench","Battle Trance"],"picked":"SKIP","floor":7.0},{"not_picked":["Clash","Flex"],"picked":"Cleave","floor":12.0},{"not_picked":["Spot Weakness","Iron Wave"],"picked":"Perfected Strike","floor":14.0},{"not_picked":["Berserk","Bludgeon"],"picked":"Impervious","floor":16.0},{"not_picked":["Iron Wave","Anger","Heavy Blade"],"picked":"SKIP","floor":18},{"not_picked":["Headbutt+1","Shrug It Off+1","True Grit+1"],"picked":"SKIP","floor":22}],"player_experience":145153,"relics_obtained":[{"floor":6.0,"key":"Nunchaku"},{"floor":9.0,"key":"Tiny Chest"},{"floor":12.0,"key":"Happy Flower"},{"floor":17.0,"key":"War Paint"},{"floor":17.0,"key":"Paper Frog"},{"floor":17.0,"key":"StoneCalendar"},{"floor":21,"key":"Pantograph"}],"event_choices":[{"damage_healed":0.0,"max_hp_gain":0.0,"max_hp_loss":0.0,"gold_gain":75.0,"event_name":"World of Goop","player_choice":"Gather Gold","floor":4.0,"gold_loss":0.0,"damage_taken":11.0},{"damage_healed":0.0,"max_hp_gain":0.0,"max_hp_loss":0.0,"gold_gain":175.0,"event_name":"Liars Game","player_choice":"AGREE","floor":10.0,"gold_loss":0.0,"damage_taken":0.0,"cards_obtained":["Doubt"]},{"damage_healed":0,"gold_gain":0,"player_choice":"Got Potions","damage_taken":0,"max_hp_gain":0,"max_hp_loss":0,"event_name":"Lab","floor":19,"gold_loss":0}],"is_beta":false,"boss_relics":[{"not_picked":["Mark of Pain","Velvet Choker"],"picked":"Calling Bell"}],"items_purged_floors":[5,20],"is_endless":false,"potions_floor_spawned":[2,3],"killed_by":"Gremlin Leader","ascension_level":2}}