{"host":"r53pw7z744tg3fxg","time":1610149105,"event":{"mods":["AchievementEnabler","BaseMod","Colored Map","Colored Powertips","Highlight Path","Minty Spire (QoL Compilation)","Quick Restart","Transform Curses"],"gold_per_floor":[114,38,54,54,3,30,30,60,85,96,107,119,97,97,97,97,97],"floor_reached":16,"playtime":294,"items_purged":[],"score":248,"play_id":"4e2ebc34-567d-4350-b547-9173eaf818c5","local_time":"20210108163825","is_ascension_mode":true,"campfire_choices":[{"data":"TalkToTheHand","floor":7.0,"key":"SMITH"},{"floor":15.0,"key":"REST"}],"circlet_count":0,"master_deck":["AscendersBane","Strike_P","Strike_P","Strike_P","Strike_P","Defend_P","Defend_P","Defend_P","Defend_P","Eruption+1","Vigilance","FollowUp","CarveReality","PathToVictory","TalkToTheHand+1","Wish","Crescendo","WheelKick","MasterReality","Regret","ClearTheMind"],"relics":["PureWater","NeowsBlessing","Smiling Mask","StoneCalendar","Dream Catcher","Boot","Letter Opener"],"acts_visited":["Exordium"],"potions_floor_usage":[],"damage_taken":[{"damage":0.0,"enemies":"Cultist","floor":1.0,"turns":1.0},{"damage":0.0,"enemies":"2 Louse","floor":3.0,"turns":2.0},{"damage":0.0,"enemies":"Lagavulin","floor":6.0,"turns":1.0},{"damage":0.0,"enemies":"Gremlin Nob","floor":8.0,"turns":3.0},{"damage":5.0,"enemies":"Small Slimes","floor":10.0,"turns":2.0},{"damage":19.0,"enemies":"3 Louse","floor":11.0,"turns":3.0},{"damage":23.0,"enemies":"Looter","floor":12.0,"turns":3.0},{"damage":46,"enemies":"The Guardian","floor":16,"turns":5}],"seed_played":"-4126626540159758406","potions_obtained":[{"floor":6.0,"key":"Block Potion"},{"floor":8.0,"key":"FearPotion"},{"floor":12.0,"key":"Ancient Potion"}],"is_trial":false,"path_per_floor":["M","$","M","?","?","E","R","E","T","M","M","M","?","?","R","B"],"character_chosen":"WATCHER","items_purchased":["CarveReality"],"campfire_rested":1,"item_purchase_floors":[2],"current_hp_per_floor":[65,65,65,65,65,65,65,65,65,60,41,18,18,18,39,0,0],"gold":97,"neow_bonus":"THREE_ENEMY_KILL","is_daily":false,"chose_seed":false,"campfire_upgraded":1,"win_rate":0.0,"timestamp":1610149105,"path_taken":["M","$","?","?","?","E","R","E","T","?","M","M","?","?","R","BOSS"],"items_purchased_type":["Card"],"build_version":"2020-12-22","purchased_purges":0,"victory":false,"max_hp_per_floor":[72,72,72,72,72,72,72,72,72,72,72,72,72,72,72,72,72],"card_choices":[{"not_picked":["MentalFortress","Vengeance"],"picked":"FollowUp","floor":1.0},{"not_picked":["Prostrate","Consecrate"],"picked":"PathToVictory","floor":3.0},{"not_picked":["Vault","FollowUp"],"picked":"TalkToTheHand","floor":6.0},{"not_picked":["Evaluate","EmptyBody"],"picked":"Wish","floor":8.0},{"not_picked":["Protect","FollowUp"],"picked":"Crescendo","floor":10.0},{"not_picked":["FlurryOfBlows","Consecrate"],"picked":"WheelKick","floor":11.0},{"not_picked":["ThirdEye","JustLucky"],"picked":"MasterReality","floor":12.0},{"not_picked":["Halt","Study"],"picked":"ClearTheMind","floor":15.0}],"player_experience":1216218,"relics_obtained":[{"floor":6.0,"key":"StoneCalendar"},{"floor":8.0,"key":"Dream Catcher"},{"floor":9.0,"key":"Boot"}],"event_choices":[{"damage_healed":0.0,"max_hp_gain":0.0,"max_hp_loss":0.0,"gold_gain":0.0,"event_name":"Living Wall","player_choice":"Grow","floor":4.0,"gold_loss":0.0,"damage_taken":0.0,"cards_upgraded":["Eruption"]},{"damage_healed":0.0,"max_hp_gain":0.0,"max_hp_loss":0.0,"gold_gain":0.0,"event_name":"WeMeetAgain","player_choice":"Paid Gold","floor":5.0,"gold_loss":51.0,"damage_taken":0.0,"relics_obtained":["Smiling Mask"]},{"damage_healed":0.0,"max_hp_gain":0.0,"max_hp_loss":0.0,"gold_gain":0.0,"event_name":"World of Goop","player_choice":"Left Gold","floor":13.0,"gold_loss":22.0,"damage_taken":0.0},{"damage_healed":0.0,"max_hp_gain":0.0,"max_hp_loss":0.0,"gold_gain":0.0,"event_name":"Big Fish","player_choice":"Box","floor":14.0,"gold_loss":0.0,"damage_taken":0.0,"relics_obtained":["Letter Opener"],"cards_obtained":["Regret"]}],"is_beta":false,"boss_relics":[],"items_purged_floors":[],"is_endless":false,"potions_floor_spawned":[6,8,12],"killed_by":"The Guardian","ascension_level":11}}