{"host":"t6w2q9o6m1ipuhb5","time":1610095377,"event":{"mods":["2.2 Compatiblity","Abigail Mod","AchievementEnabler","Arknights The Spire","BaseMod","Chen","Colored Map","Colored Powertips","Downfall","Friendly Minions","GifTheSpireLib","Hermit","Hubris","Infinite Spire","KinomotoSakuraMod(????)","Kiyohime????","Marisa????????","Mimic Mod","Minty Spire (QoL Compilation)","Permanent Neow","Prisma Mod","Quick Restart","Reimu??????","Remilia??????","Replay The Spire","StSLib","SuperFastMode","The Animator","The Bug Knight","The Construct","The Cursed","The Marked","The Mystic","The Senshi","Waifu the Spire"],"gold_per_floor":[219,229,243,262,57,57,75,108,162,180,180,196,214,225,225,320,320,330,330,319,36,46,76,76,104,104,0,0,0],"floor_reached":28,"playtime":1843,"items_purged":[],"score":264,"play_id":"a095fadd-d56e-49cd-91ff-f14e49793fd0","local_time":"20210108034257","is_ascension_mode":false,"campfire_choices":[{"data":"construct:AttackMode","floor":6,"key":"SMITH"},{"floor":11,"key":"REST"},{"floor":15,"key":"DIG"},{"floor":24,"key":"REST"}],"circlet_count":0,"master_deck":["construct:Strike_Gold","construct:Strike_Gold","construct:Strike_Gold","construct:Strike_Gold","construct:Strike_Gold","construct:Defend_Gold","construct:Defend_Gold","construct:Defend_Gold","construct:Defend_Gold","construct:Defend_Gold","construct:AttackMode+1","construct:DefenseMode","construct:Tumble+1","construct:Forcefield","construct:SweepLaser","construct:ReactiveShield+1","construct:Autoturret","construct:CripplingShot","construct:Versatility","construct:Boost","construct:ClusterMines","construct:SuppressiveFire","construct:Anticipate","construct:SiegeForm","construct:Analyze","hubris:Fate","ReplayTheSpireMod:Restless Dread","construct:Failsafe","construct:Stasis","construct:Boost+1","construct:FierceBash","construct:Reinforce"],"relics":["construct:Cogwheel","Guide Book","Vajra","Omamori","infinitespire:Satchel","ReplayTheSpireMod:CursedCoin","Pondfish Scales","StrikeDummy","White Beast Statue","infinitespire:Eraser"],"acts_visited":["Exordium","TheCity"],"potions_floor_usage":[7,16,16,23,23,23,23,23,25,28],"damage_taken":[{"damage":2,"enemies":"2 Louse","floor":1,"turns":3},{"damage":0,"enemies":"Small Slimes","floor":2,"turns":3},{"damage":0,"enemies":"Jaw Worm","floor":3,"turns":6},{"damage":8,"enemies":"Blue Slaver","floor":4,"turns":5},{"damage":14,"enemies":"2 Fungi Beasts","floor":7,"turns":3},{"damage":42,"enemies":"Gremlin Nob","floor":8,"turns":6},{"damage":7,"enemies":"Large Slime","floor":10,"turns":5},{"damage":8,"enemies":"3 Louse","floor":12,"turns":3},{"damage":1,"enemies":"Looter","floor":13,"turns":3},{"damage":0,"enemies":"Large Slime","floor":14,"turns":5},{"damage":12,"enemies":"Slime Boss","floor":16,"turns":7},{"damage":12,"enemies":"Chosen","floor":18,"turns":5},{"damage":32,"enemies":"2 Thieves","floor":20,"turns":4},{"damage":4,"enemies":"Shelled Parasite and Fungi","floor":22,"turns":4},{"damage":30,"enemies":"Nightmare","floor":23,"turns":6},{"damage":35,"enemies":"Slavers","floor":25,"turns":5},{"damage":19,"enemies":"Gremlin Leader","floor":28,"turns":2}],"seed_played":"4075947284313381462","potions_obtained":[{"floor":1,"key":"SpeedPotion"},{"floor":4,"key":"AttackPotion"},{"floor":13,"key":"Toxic Potion"},{"floor":14,"key":"EssenceOfSteel"},{"floor":16,"key":"EntropicBrew"},{"floor":18,"key":"ZuzhouPotion:ReiMu"},{"floor":20,"key":"MagicPotion:ReiMu"},{"floor":25,"key":"PowerPotion"}],"is_trial":false,"path_per_floor":["M","M","M","M","$","R","M","E","T","M","R","M","M","M","R_BF","B",null,"M","?","M","$","M","NM","R","E","T","?","E"],"character_chosen":"THE_CONSTRUCT_MOD","items_purchased":["construct:Autoturret","Guide Book","ReplayTheSpireMod:CursedCoin","Pondfish Scales","construct:Failsafe","construct:Stasis"],"campfire_rested":2,"item_purchase_floors":[5,5,21,21,21,21],"current_hp_per_floor":[83,83,83,75,75,75,61,19,19,12,37,29,28,28,28,16,85,73,73,41,41,37,12,37,17,17,17,0,0],"gold":0,"neow_bonus":"HUNDRED_GOLD","is_daily":false,"chose_seed":false,"campfire_upgraded":1,"win_rate":0.0,"timestamp":1610095377,"path_taken":["M","M","M","M","$","R","M","E","T","M","R","M","M","M","R_BF","BOSS","M","?","M","$","M","NM","R","E","T","?","E"],"items_purchased_type":["Card","Relic","Relic","Relic","Card","Card"],"build_version":"2020-12-22","purchased_purges":0,"victory":false,"max_hp_per_floor":[85,85,85,85,85,85,85,85,85,85,85,85,85,85,85,85,85,85,85,85,85,85,85,85,85,85,85,85,85],"card_choices":[{"not_picked":["construct:FocusedBeam","construct:CriticalHit"],"picked":"construct:Tumble","floor":1},{"not_picked":["construct:UnbalancingBlast","construct:SaveState"],"picked":"construct:Forcefield","floor":2},{"not_picked":["construct:SuppressiveFire","construct:SyphonStrike"],"picked":"construct:SweepLaser","floor":3},{"not_picked":["construct:Backfire","construct:HeavyBolt"],"picked":"construct:ReactiveShield","floor":4},{"not_picked":["construct:Impenetrable","construct:Backup"],"picked":"construct:CripplingShot","floor":7},{"not_picked":["construct:ScrapCannon","construct:BatteryCore"],"picked":"construct:Versatility","floor":8},{"not_picked":["construct:Analyze","construct:Isolate"],"picked":"construct:Boost","floor":10},{"not_picked":["construct:CriticalHit","construct:HardReboot"],"picked":"construct:ClusterMines","floor":12},{"not_picked":["construct:Tumble","construct:HeavyBolt"],"picked":"construct:SuppressiveFire","floor":13},{"not_picked":["construct:Boost","construct:GuardCore"],"picked":"construct:Anticipate","floor":14},{"not_picked":["construct:GoldenBullet","construct:BatteryCore"],"picked":"construct:SiegeForm","floor":16},{"not_picked":["construct:SuppressiveFire","construct:VentSteam+1"],"picked":"construct:Analyze","floor":18},{"not_picked":["ReplayTheSpireMod:Chaos Vortex","infinitespire:FinalStrike"],"picked":"hubris:Fate","floor":19},{"not_picked":["construct:Backfire","construct:Dampening","construct:ForceCore"],"picked":"SKIP","floor":20},{"not_picked":["construct:Zapper","construct:Dampening"],"picked":"construct:Boost+1","floor":22},{"not_picked":["construct:QuickAttack","construct:ScrapCannon"],"picked":"construct:FierceBash","floor":23},{"not_picked":["construct:HeavyBolt","construct:ChargeShot"],"picked":"construct:Reinforce","floor":25}],"player_experience":368582,"relics_obtained":[{"floor":8,"key":"Vajra"},{"floor":9,"key":"Omamori"},{"floor":15,"key":"infinitespire:Satchel"},{"floor":23,"key":"StrikeDummy"},{"floor":25,"key":"White Beast Statue"},{"floor":26,"key":"infinitespire:Eraser"}],"event_choices":[{"damage_healed":0,"gold_gain":0,"player_choice":"Paid Fearfully","damage_taken":0,"max_hp_gain":0,"max_hp_loss":0,"event_name":"Masked Bandits","floor":27,"gold_loss":104}],"is_beta":false,"boss_relics":[{"not_picked":["Snecko Eye","Astrolabe","Pandora\u0027s Box"]}],"items_purged_floors":[],"is_endless":true,"potions_floor_spawned":[1,4,13,14,16,18,20,25],"killed_by":"Gremlin Leader","ascension_level":0}}