{"host":"rmsq46plbpwfbxcc","time":1610111658,"event":{"mods":["AchievementEnabler","BaseMod","Colored Map","Colored Powertips","DeckTracker","KOR Keyword Fix","Minty Spire (QoL Compilation)","Permanent Neow","SuperFastMode"],"gold_per_floor":[115,115,135,151,167,167,195,207,207,207,226,226,257,26,26,127,127,100,0,0,20,20,20,51,51,51,51,78,91,123,48,48,144,144,160,172,172,186,233,233,260,260,260,160,174,174,187,72,72,72,72,72,15,46,46,46],"floor_reached":55,"playtime":1759,"items_purged":["Strike_G","Defend_G","Defend_G"],"score":1016,"play_id":"104b3397-7695-4437-83c6-3a1f006122de","local_time":"20210108221418","is_ascension_mode":true,"campfire_choices":[{"data":"Apotheosis","floor":6.0,"key":"SMITH"},{"data":"After Image","floor":10.0,"key":"SMITH"},{"data":"Neutralize","floor":12.0,"key":"SMITH"},{"data":"Blade Dance","floor":15.0,"key":"SMITH"},{"data":"After Image","floor":23.0,"key":"SMITH"},{"data":"Cloak And Dagger","floor":27.0,"key":"SMITH"},{"data":"Noxious Fumes","floor":32.0,"key":"SMITH"},{"data":"Adrenaline","floor":40.0,"key":"SMITH"},{"floor":46.0,"key":"RECALL"},{"data":"Backstab","floor":49.0,"key":"SMITH"},{"data":"Blur","floor":52.0,"key":"SMITH"}],"circlet_count":0,"master_deck":["Strike_G+1","Survivor","Neutralize+1","Apotheosis+1","Cloak And Dagger+1","After Image+1","Blur+1","Blade Dance+1","After Image+1","Backstab+1","PiercingWail","Noxious Fumes+1","Adrenaline+1","PiercingWail+1","Envenom+1","Choke+1","Backstab+1","Escape Plan+1","Terror"],"relics":["Ring of the Snake","Whetstone","Pen Nib","Orichalcum","Lantern","SlaversCollar","Gremlin Horn","Ninja Scroll","Art of War","Red Mask","Astrolabe","Ginger","The Courier","Blue Candle","Bag of Marbles","Bag of Preparation"],"acts_visited":["Exordium","TheCity","TheBeyond","TheEnding"],"potions_floor_usage":[55,55,55,55],"damage_taken":[{"damage":0.0,"enemies":"Small Slimes","floor":1.0,"turns":4.0},{"damage":0.0,"enemies":"Cultist","floor":3.0,"turns":4.0},{"damage":1.0,"enemies":"Jaw Worm","floor":4.0,"turns":4.0},{"damage":0.0,"enemies":"3 Louse","floor":5.0,"turns":1.0},{"damage":14.0,"enemies":"Gremlin Nob","floor":7.0,"turns":4.0},{"damage":0.0,"enemies":"Large Slime","floor":8.0,"turns":5.0},{"damage":1.0,"enemies":"Blue Slaver","floor":11.0,"turns":5.0},{"damage":5.0,"enemies":"3 Sentries","floor":13.0,"turns":6.0},{"damage":0.0,"enemies":"Hexaghost","floor":16.0,"turns":11.0},{"damage":14.0,"enemies":"2 Thieves","floor":18.0,"turns":5.0},{"damage":0.0,"enemies":"Shell Parasite","floor":21.0,"turns":5.0},{"damage":0.0,"enemies":"Gremlin Leader","floor":24.0,"turns":7.0},{"damage":0.0,"enemies":"Book of Stabbing","floor":28.0,"turns":6.0},{"damage":1.0,"enemies":"Shelled Parasite and Fungi","floor":29.0,"turns":5.0},{"damage":1.0,"enemies":"Masked Bandits","floor":30.0,"turns":4.0},{"damage":0.0,"enemies":"Collector","floor":33.0,"turns":9.0},{"damage":0.0,"enemies":"3 Shapes","floor":35.0,"turns":5.0},{"damage":0.0,"enemies":"Orb Walker","floor":36.0,"turns":1.0},{"damage":0.0,"enemies":"Maw","floor":38.0,"turns":8.0},{"damage":0.0,"enemies":"2 Orb Walkers","floor":39.0,"turns":4.0},{"damage":0.0,"enemies":"Reptomancer","floor":41.0,"turns":6.0},{"damage":0.0,"enemies":"Spire Growth","floor":45.0,"turns":3.0},{"damage":0.0,"enemies":"Sphere and 2 Shapes","floor":47.0,"turns":5.0},{"damage":0.0,"enemies":"Awakened One","floor":50.0,"turns":12.0},{"damage":7.0,"enemies":"Shield and Spear","floor":54.0,"turns":8.0},{"damage":68,"enemies":"The Heart","floor":55,"turns":3}],"seed_played":"-2892079405931856391","potions_obtained":[{"floor":1.0,"key":"Explosive Potion"},{"floor":3.0,"key":"SkillPotion"},{"floor":11.0,"key":"Explosive Potion"},{"floor":13.0,"key":"DuplicationPotion"},{"floor":29.0,"key":"Energy Potion"},{"floor":30.0,"key":"EntropicBrew"},{"floor":33.0,"key":"PowerPotion"},{"floor":39.0,"key":"Weak Potion"},{"floor":41.0,"key":"Block Potion"}],"is_trial":false,"path_per_floor":["M","?","M","M","M","R","E","M","T","R","M","R","E","$","R","B",null,"M","$","?","M","?","R","E","$","T","R","E","M","?","?","R","B",null,"M","M","?","M","?","R","E","T","T","$","M","R","M","$","R","B",null,"R","$","E","B"],"character_chosen":"THE_SILENT","items_purchased":["Lantern","Bag of Marbles","Terror"],"campfire_rested":0,"item_purchase_floors":[14,48,53],"current_hp_per_floor":[63,63,63,62,62,62,48,48,48,48,47,47,42,42,42,42,63,49,49,49,49,49,49,49,49,49,49,49,48,47,47,47,47,63,63,63,63,63,63,63,63,63,63,63,63,63,63,63,63,63,63,63,63,56,0,0],"gold":46,"neow_bonus":"RANDOM_COLORLESS_2","is_daily":false,"chose_seed":false,"campfire_upgraded":10,"win_rate":0.0,"timestamp":1610111658,"path_taken":["M","?","M","M","M","R","E","M","T","R","M","R","E","$","R","BOSS","M","$","?","?","?","R","E","$","T","R","E","M","?","?","R","BOSS","M","M","?","M","?","R","E","?","T","$","M","R","M","$","R","BOSS","R","$","E","BOSS"],"items_purchased_type":["Relic","Relic","Card"],"build_version":"2020-12-22","purchased_purges":3,"victory":false,"max_hp_per_floor":[63,63,63,63,63,63,63,63,63,63,63,63,63,63,63,63,63,63,63,63,63,63,63,63,63,63,63,63,63,63,63,63,63,63,63,63,63,63,63,63,63,63,63,63,63,63,63,63,63,63,63,63,63,63,63,63],"card_choices":[{"not_picked":["Thinking Ahead","Metamorphosis"],"picked":"Apotheosis","floor":0.0},{"not_picked":["Bane","PiercingWail"],"picked":"Cloak And Dagger","floor":1.0},{"not_picked":["Flying Knee","Dodge and Roll"],"picked":"After Image","floor":3.0},{"not_picked":["Quick Slash","Outmaneuver","Dagger Throw"],"picked":"SKIP","floor":4.0},{"not_picked":["Flechettes","Slice","Riddle With Holes"],"picked":"SKIP","floor":5.0},{"not_picked":["Bane","Prepared"],"picked":"Choke","floor":7.0},{"not_picked":["Poisoned Stab","Outmaneuver","Underhanded Strike"],"picked":"SKIP","floor":8.0},{"not_picked":["Poisoned Stab","Noxious Fumes"],"picked":"Blur","floor":11.0},{"not_picked":["Terror","Choke"],"picked":"Blade Dance","floor":13.0},{"not_picked":["Die Die Die","Doppelganger"],"picked":"After Image","floor":16.0},{"not_picked":["Flechettes","Underhanded Strike","Calculated Gamble"],"picked":"SKIP","floor":18.0},{"not_picked":["Dodge and Roll","Dagger Spray"],"picked":"Backstab","floor":21.0},{"not_picked":["Backstab","Blade Dance"],"picked":"PiercingWail","floor":24.0},{"not_picked":["Unload","Blade Dance"],"picked":"Noxious Fumes","floor":28.0},{"not_picked":["Deflect","Slice","Prepared+1"],"picked":"SKIP","floor":29.0},{"not_picked":["Wraith Form v2","A Thousand Cuts"],"picked":"Adrenaline","floor":33.0},{"not_picked":["Cloak And Dagger","Noxious Fumes+1","Deflect+1"],"picked":"SKIP","floor":35.0},{"not_picked":["Calculated Gamble","All Out Attack","Deflect"],"picked":"SKIP","floor":36.0},{"not_picked":["Dodge and Roll+1","Dagger Spray","Bane+1"],"picked":"SKIP","floor":38.0},{"not_picked":["Crippling Poison","After Image"],"picked":"Backstab+1","floor":41.0},{"not_picked":["Deadly Poison+1","Underhanded Strike","Endless Agony"],"picked":"SKIP","floor":45.0},{"not_picked":["Underhanded Strike+1","Dagger Throw+1"],"picked":"Escape Plan+1","floor":47.0},{"not_picked":["Die Die Die","Flechettes","Dagger Spray"],"picked":"SKIP","floor":54.0}],"player_experience":634713,"relics_obtained":[{"floor":7.0,"key":"Whetstone"},{"floor":9.0,"key":"Pen Nib"},{"floor":13.0,"key":"Orichalcum"},{"floor":24.0,"key":"Gremlin Horn"},{"floor":26.0,"key":"Ninja Scroll"},{"floor":28.0,"key":"Art of War"},{"floor":30.0,"key":"Red Mask"},{"floor":39.0,"key":"Ginger"},{"floor":41.0,"key":"The Courier"},{"floor":43.0,"key":"Blue Candle"},{"floor":54.0,"key":"Bag of Preparation"}],"event_choices":[{"cards_removed":["Defend_G"],"damage_healed":0.0,"max_hp_gain":0.0,"max_hp_loss":0.0,"gold_gain":0.0,"event_name":"Living Wall","player_choice":"Forget","floor":2.0,"gold_loss":0.0,"damage_taken":0.0},{"cards_removed":["Strike_G"],"damage_healed":0.0,"max_hp_gain":0.0,"max_hp_loss":0.0,"gold_gain":0.0,"event_name":"Purifier","player_choice":"Purged","floor":20.0,"gold_loss":0.0,"damage_taken":0.0},{"damage_healed":0.0,"max_hp_gain":0.0,"max_hp_loss":0.0,"gold_gain":0.0,"event_name":"Cursed Tome","player_choice":"Ignored","floor":22.0,"gold_loss":0.0,"damage_taken":0.0},{"damage_healed":0.0,"max_hp_gain":0.0,"max_hp_loss":0.0,"gold_gain":0.0,"event_name":"Masked Bandits","player_choice":"Fought Bandits","floor":30.0,"gold_loss":0.0,"damage_taken":0.0},{"cards_removed":["Defend_G"],"damage_healed":0.0,"max_hp_gain":0.0,"max_hp_loss":0.0,"gold_gain":0.0,"event_name":"Beggar","player_choice":"Gave Gold","floor":31.0,"gold_loss":75.0,"damage_taken":0.0},{"cards_removed":["Choke"],"damage_healed":0.0,"max_hp_gain":0.0,"max_hp_loss":0.0,"gold_gain":0.0,"event_name":"Falling","player_choice":"Removed Attack","floor":37.0,"gold_loss":0.0,"damage_taken":0.0},{"damage_healed":0.0,"max_hp_gain":0.0,"max_hp_loss":0.0,"gold_gain":0.0,"event_name":"Mysterious Sphere","player_choice":"Fight","floor":39.0,"gold_loss":0.0,"damage_taken":0.0}],"is_beta":false,"boss_relics":[{"not_picked":["Ectoplasm","SacredBark"],"picked":"SlaversCollar"},{"not_picked":["Runic Pyramid","Runic Dome"],"picked":"Astrolabe"}],"items_purged_floors":[14,19,44],"is_endless":false,"potions_floor_spawned":[1,3,11,13,29,30,33,38,39,41],"killed_by":"The Heart","ascension_level":1}}