{"host":"i09pxcjttd31eh4q","time":1610081720,"event":{"mods":["AchievementEnabler","BaseMod","Colored Map","Keyboard Shortcuts","Minty Spire (QoL Compilation)","StSLib","SuperFastMode"],"gold_per_floor":[114,125,140,153,169,169,244,244,244,294,311,346,346,368,368,368,368],"floor_reached":16,"playtime":378,"items_purged":[],"score":204,"play_id":"32637d53-f0de-4913-a03b-7432ed3c92dd","local_time":"20210108135520","is_ascension_mode":true,"campfire_choices":[{"data":"Poisoned Stab","floor":6,"key":"SMITH"},{"data":"Dagger Spray","floor":8,"key":"SMITH"},{"floor":15,"key":"REST"}],"circlet_count":0,"master_deck":["AscendersBane","Strike_G","Strike_G","Strike_G","Strike_G","Defend_G","Defend_G","Defend_G","Defend_G","Survivor","Neutralize","Poisoned Stab+1","Outmaneuver","Dagger Throw","Dagger Spray+1","Acrobatics","Backflip","Footwork"],"relics":["Ring of the Snake","StrikeDummy","Eternal Feather","Odd Mushroom"],"acts_visited":["Exordium"],"potions_floor_usage":[11,12,14],"damage_taken":[{"damage":1,"enemies":"Cultist","floor":1,"turns":4},{"damage":3,"enemies":"2 Louse","floor":2,"turns":3},{"damage":1,"enemies":"Small Slimes","floor":3,"turns":4},{"damage":4,"enemies":"Looter","floor":4,"turns":4},{"damage":15,"enemies":"Large Slime","floor":5,"turns":6},{"damage":0,"enemies":"Exordium Thugs","floor":11,"turns":3},{"damage":17,"enemies":"3 Sentries","floor":12,"turns":6},{"damage":0,"enemies":"The Mushroom Lair","floor":14,"turns":3},{"damage":50,"enemies":"Slime Boss","floor":16,"turns":8}],"seed_played":"6784933427267088651","potions_obtained":[{"floor":3,"key":"Explosive Potion"},{"floor":11,"key":"LiquidMemories"},{"floor":12,"key":"GhostInAJar"}],"is_trial":false,"path_per_floor":["M","M","M","M","M","R","?","R","T","?","M","E","?","?","R","B"],"character_chosen":"THE_SILENT","items_purchased":[],"campfire_rested":1,"item_purchase_floors":[],"current_hp_per_floor":[58,55,54,50,35,35,24,24,24,24,24,7,7,7,34,0,0],"gold":368,"neow_bonus":"REMOVE_TWO","is_daily":false,"chose_seed":false,"campfire_upgraded":2,"win_rate":0.0,"timestamp":1610081720,"path_taken":["M","M","M","M","M","R","?","R","T","?","?","E","?","?","R","BOSS"],"items_purchased_type":[],"build_version":"2020-12-22","purchased_purges":0,"victory":false,"max_hp_per_floor":[60,60,60,60,60,60,60,60,60,60,60,60,60,60,60,60,60],"card_choices":[{"not_picked":["Bane","Endless Agony"],"picked":"Poisoned Stab","floor":1},{"not_picked":["Concentrate","Outmaneuver","Sucker Punch"],"picked":"SKIP","floor":2},{"not_picked":["Concentrate","Sucker Punch"],"picked":"Outmaneuver","floor":2},{"not_picked":["Flying Knee","PiercingWail"],"picked":"Dagger Throw","floor":3},{"not_picked":["Slice","Finisher"],"picked":"Dagger Spray","floor":4},{"not_picked":["Concentrate","Finisher","Bullet Time"],"picked":"SKIP","floor":5},{"not_picked":["Endless Agony","Finisher"],"picked":"Acrobatics","floor":11},{"not_picked":["Outmaneuver","Bane"],"picked":"Backflip","floor":12},{"not_picked":["Cloak And Dagger","Quick Slash"],"picked":"Footwork","floor":14}],"player_experience":837331,"relics_obtained":[{"floor":9,"key":"StrikeDummy"},{"floor":12,"key":"Eternal Feather"},{"floor":14,"key":"Odd Mushroom"}],"event_choices":[{"damage_healed":0,"gold_gain":75,"player_choice":"Gather Gold","damage_taken":11,"max_hp_gain":0,"max_hp_loss":0,"event_name":"World of Goop","floor":7,"gold_loss":0},{"damage_healed":0,"gold_gain":50,"player_choice":"Pray","damage_taken":0,"max_hp_gain":0,"max_hp_loss":0,"event_name":"Golden Shrine","floor":10,"gold_loss":0},{"damage_healed":0,"gold_gain":0,"player_choice":"Ignored","damage_taken":0,"max_hp_gain":0,"max_hp_loss":0,"event_name":"Liars Game","floor":13,"gold_loss":0},{"damage_healed":0,"gold_gain":0,"player_choice":"Fought Mushrooms","damage_taken":0,"max_hp_gain":0,"max_hp_loss":0,"event_name":"Mushrooms","floor":14,"gold_loss":0}],"is_beta":false,"boss_relics":[],"items_purged_floors":[],"is_endless":false,"potions_floor_spawned":[3,11,12],"killed_by":"Slime Boss","ascension_level":20}}