{"host":"dhv3u8yhd2rnugsp","time":1610145412,"event":{"mods":["BaseMod","Block Reminder","Colored Map","Googly Eyes","Highlight Path","Minty Spire (QoL Compilation)","Permanent Neow","Quick Restart","Random Character Button","StSLib"],"gold_per_floor":[110,125,125,125,139,139,164,181,232,232,249,27,27,27,27,106,106,126,126,163,163,200,260,150,150,150,207,253,253,313,363,363,440,440,481,83,63,112,160,160,218,218,245,2,2,31,47,61,61,61],"floor_reached":51,"playtime":2845,"items_purged":["Pain","Strike_P+1","Writhe"],"score":1317,"play_id":"5f29dc37-e635-48bb-b56f-972a1107dcb9","local_time":"20210108163652","is_ascension_mode":true,"campfire_choices":[{"floor":6,"key":"REST"},{"floor":10,"key":"REST"},{"data":"FlurryOfBlows","floor":13,"key":"SMITH"},{"data":"Eruption","floor":15,"key":"SMITH"},{"floor":25,"key":"REST"},{"floor":29,"key":"REST"},{"floor":32,"key":"REST"},{"floor":40,"key":"REST"},{"data":"SpiritShield","floor":42,"key":"SMITH"},{"floor":49,"key":"REST"}],"circlet_count":0,"master_deck":["AscendersBane","Strike_P+1","Strike_P+1","Defend_P+1","Defend_P+1","Defend_P+1","Defend_P+1","Eruption+1","Vigilance+1","Devotion","FlurryOfBlows+1","Meditate+1","Sanctity","Adaptation","BattleHymn","Wish+1","CutThroughFate","CutThroughFate+1","SashWhip","JustLucky+1","SpiritShield+1","Halt+1","Conclude","Scrawl","FearNoEvil","DevaForm","EmptyBody+1"],"relics":["PureWater","Letter Opener","WarpedTongs","Toy Ornithopter","Regal Pillow","Pen Nib","Cursed Key","War Paint","Vajra","Oddly Smooth Stone","Snecko Eye","Whetstone","Smiling Mask","Lantern","Bronze Scales","Lizard Tail"],"acts_visited":["Exordium","TheCity","TheBeyond"],"potions_floor_usage":[11,22,23,27,28,28,39,41,50,50],"damage_taken":[{"damage":13,"enemies":"Jaw Worm","floor":1,"turns":7},{"damage":3,"enemies":"2 Louse","floor":2,"turns":2},{"damage":9,"enemies":"Cultist","floor":5,"turns":5},{"damage":25,"enemies":"Lagavulin","floor":7,"turns":7},{"damage":12,"enemies":"Looter","floor":8,"turns":4},{"damage":13,"enemies":"Lots of Slimes","floor":11,"turns":3},{"damage":9,"enemies":"The Guardian","floor":16,"turns":7},{"damage":3,"enemies":"Chosen","floor":18,"turns":4},{"damage":4,"enemies":"3 Byrds","floor":20,"turns":4},{"damage":18,"enemies":"Centurion and Healer","floor":22,"turns":5},{"damage":34,"enemies":"Book of Stabbing","floor":23,"turns":4},{"damage":11,"enemies":"Gremlin Leader","floor":27,"turns":4},{"damage":20,"enemies":"Snecko","floor":28,"turns":6},{"damage":36,"enemies":"Slavers","floor":30,"turns":6},{"damage":41,"enemies":"Automaton","floor":33,"turns":8},{"damage":15,"enemies":"3 Shapes","floor":35,"turns":5},{"damage":0,"enemies":"Orb Walker","floor":38,"turns":3},{"damage":11,"enemies":"Jaw Worm Horde","floor":39,"turns":5},{"damage":16,"enemies":"Nemesis","floor":41,"turns":7},{"damage":16,"enemies":"Reptomancer","floor":46,"turns":5},{"damage":0,"enemies":"3 Darklings","floor":47,"turns":4},{"damage":4,"enemies":"4 Shapes","floor":48,"turns":4},{"damage":39,"enemies":"Time Eater","floor":50,"turns":8}],"seed_played":"-7167950531381883995","potions_obtained":[{"floor":2,"key":"BottledMiracle"},{"floor":8,"key":"Fire Potion"},{"floor":11,"key":"SteroidPotion"},{"floor":22,"key":"Weak Potion"},{"floor":23,"key":"AttackPotion"},{"floor":27,"key":"Swift Potion"},{"floor":37,"key":"LiquidMemories"},{"floor":38,"key":"SteroidPotion"},{"floor":41,"key":"DistilledChaos"},{"floor":47,"key":"SkillPotion"}],"is_trial":false,"path_per_floor":["M","M","?","?","M","R","E","M","T","R","M","$","R","$","R","B",null,"M","?","M","?","M","E","?","R","T","E","M","R","E","?","R","B",null,"M","$","?","M","M","R","E","R","T","$","?","E","M","M","R","B",null],"character_chosen":"WATCHER","items_purchased":["Pen Nib","DevaForm","Whetstone","Bronze Scales","Block Potion"],"campfire_rested":7,"item_purchase_floors":[12,36,36,44,44],"current_hp_per_floor":[48,45,34,34,25,45,20,8,8,43,35,35,35,35,35,26,58,55,55,51,51,38,9,9,44,44,38,28,63,27,27,62,21,56,41,41,41,41,35,68,52,52,52,52,52,36,36,32,67,29],"gold":61,"neow_bonus":"ONE_RANDOM_RARE_CARD","is_daily":false,"chose_seed":false,"campfire_upgraded":3,"win_rate":0.0,"timestamp":1610145412,"path_taken":["M","M","?","?","M","R","E","M","T","R","M","$","R","$","R","BOSS","M","?","M","?","M","E","?","R","T","E","?","R","E","?","R","BOSS","M","$","?","M","M","R","E","R","T","$","?","E","M","M","R","BOSS"],"items_purchased_type":["Relic","Card","Relic","Relic","Potion"],"build_version":"2020-12-22","purchased_purges":3,"victory":true,"max_hp_per_floor":[68,68,68,68,68,68,68,68,68,68,68,68,68,68,68,68,68,68,68,68,68,68,68,68,68,68,68,68,68,68,68,68,68,68,68,68,68,68,68,68,68,68,68,68,68,68,68,68,68,68],"card_choices":[{"not_picked":["SashWhip","CrushJoints"],"picked":"FlurryOfBlows","floor":1},{"not_picked":["Indignation","PathToVictory"],"picked":"Meditate","floor":2},{"not_picked":["PathToVictory","Evaluate"],"picked":"Sanctity","floor":5},{"not_picked":["Worship","CrushJoints"],"picked":"Adaptation","floor":7},{"not_picked":["PathToVictory","CarveReality"],"picked":"BattleHymn","floor":8},{"not_picked":["Evaluate","Weave","Crescendo"],"picked":"SKIP","floor":11},{"not_picked":["DevaForm","Judgement"],"picked":"Wish","floor":16},{"not_picked":["BowlingBash+1","PathToVictory"],"picked":"CutThroughFate","floor":18},{"not_picked":["BowlingBash","EmptyBody"],"picked":"CutThroughFate","floor":20},{"not_picked":["Evaluate","DeceiveReality"],"picked":"SashWhip","floor":22},{"not_picked":["PathToVictory","Worship"],"picked":"JustLucky","floor":23},{"not_picked":["Consecrate","WreathOfFlame"],"picked":"SpiritShield","floor":27},{"not_picked":["EmptyFist","Protect"],"picked":"Halt+1","floor":28},{"not_picked":["EmptyFist","Evaluate"],"picked":"Conclude","floor":30},{"not_picked":["Alpha","ConjureBlade"],"picked":"Scrawl","floor":33},{"not_picked":["Halt","Conclude"],"picked":"FearNoEvil","floor":35},{"not_picked":["JustLucky+1","ClearTheMind","FlyingSleeves"],"picked":"SKIP","floor":38},{"not_picked":["Evaluate","Consecrate","BowlingBash"],"picked":"SKIP","floor":39},{"not_picked":["FlurryOfBlows","Perseverance","Prostrate"],"picked":"SKIP","floor":41},{"not_picked":["FollowUp","Judgement"],"picked":"EmptyBody+1","floor":46},{"not_picked":["EmptyFist","SignatureMove","FearNoEvil"],"picked":"SKIP","floor":47},{"not_picked":["SashWhip","EmptyBody","Swivel"],"picked":"SKIP","floor":48}],"player_experience":1627509,"relics_obtained":[{"floor":7,"key":"Toy Ornithopter"},{"floor":9,"key":"Regal Pillow"},{"floor":23,"key":"War Paint"},{"floor":27,"key":"Vajra"},{"floor":30,"key":"Oddly Smooth Stone"},{"floor":41,"key":"Smiling Mask"},{"floor":43,"key":"Lantern"},{"floor":46,"key":"Lizard Tail"}],"event_choices":[{"damage_healed":0,"gold_gain":0,"player_choice":"Success","damage_taken":11,"relics_obtained":["Letter Opener"],"max_hp_gain":0,"max_hp_loss":0,"event_name":"Scrap Ooze","floor":3,"gold_loss":0},{"damage_healed":0,"gold_gain":0,"player_choice":"Rummage","damage_taken":0,"relics_obtained":["WarpedTongs"],"max_hp_gain":0,"max_hp_loss":0,"event_name":"Accursed Blacksmith","floor":4,"gold_loss":0,"cards_obtained":["Pain"]},{"damage_healed":0,"gold_gain":0,"player_choice":"Ignored","damage_taken":0,"max_hp_gain":0,"max_hp_loss":0,"event_name":"Ghosts","floor":19,"gold_loss":0},{"damage_healed":0,"gold_gain":0,"player_choice":"Simplicity","damage_taken":0,"max_hp_gain":0,"max_hp_loss":0,"event_name":"Back to Basics","floor":21,"gold_loss":0,"cards_upgraded":["Strike_P","Strike_P","Strike_P","Strike_P","Defend_P","Defend_P","Defend_P","Defend_P"]},{"cards_removed":["Strike_P"],"damage_healed":0,"gold_gain":0,"player_choice":"Upgrade and Remove","damage_taken":0,"max_hp_gain":0,"max_hp_loss":0,"event_name":"Designer","floor":24,"gold_loss":110,"cards_upgraded":["Meditate"]},{"damage_healed":0,"gold_gain":50,"player_choice":"Stole From Cult","damage_taken":0,"max_hp_gain":0,"max_hp_loss":0,"event_name":"Nest","floor":31,"gold_loss":0},{"damage_healed":0,"gold_gain":0,"player_choice":"Bought 1 Potion","damage_taken":0,"max_hp_gain":0,"max_hp_loss":0,"event_name":"The Woman in Blue","floor":37,"gold_loss":0},{"damage_healed":0,"gold_gain":0,"player_choice":"Ignored","damage_taken":0,"max_hp_gain":0,"max_hp_loss":0,"event_name":"Mysterious Sphere","floor":45,"gold_loss":0}],"is_beta":false,"boss_relics":[{"not_picked":["Sozu","VioletLotus"],"picked":"Cursed Key"},{"not_picked":["Philosopher\u0027s Stone","Busted Crown"],"picked":"Snecko Eye"}],"items_purged_floors":[12,36,44],"is_endless":false,"potions_floor_spawned":[2,8,11,22,23,27,38,41,47,48],"ascension_level":15}}