{"host":"vm8b3ptwl81uq21f","time":1610090341,"event":{"mods":["Aspiration","BaseMod","BetterRewards","Colored Map","Colored Powertips","Downfall","GifTheSpireLib","Googly Eyes","GungeonMod","Halation","Hubris","Infinite Spire","Minty Spire (QoL Compilation)","Quick Restart","Rare Cards Sparkle","Replay The Spire","Shop Mod","Spicy Shops","StSLib","Stuff the Spire","The IronCluck","[IsaacMod]????"],"gold_per_floor":[116,131,131,142,42,42,77,77,77,88,38,51,78,127,127,127,127],"floor_reached":16,"playtime":604,"items_purged":["DemoMod:RustySidearm","DemoMod:CrossBow"],"score":206,"play_id":"3215b77a-eff0-42ab-b1e5-4fd8ea5c5d87","local_time":"20210108021901","is_ascension_mode":true,"campfire_choices":[{"data":"DemoMod:ManualReload","floor":6,"key":"SMITH"},{"data":"DemoMod:AbyssalTentacle","floor":8,"key":"SMITH"},{"data":"DemoMod:Replace","floor":15,"key":"SMITH"}],"circlet_count":0,"master_deck":["DemoMod:Strike_Huntress","DemoMod:Defend_Huntress","DemoMod:Defend_Huntress","DemoMod:Defend_Huntress","DemoMod:Defend_Huntress","DemoMod:Roll","DemoMod:ManualReload+1","DemoMod:Unmoved","DemoMod:BattleInHaste","DemoMod:AbyssalTentacle+1","DemoMod:Replace+1","DemoMod:PracticeMakesPerfect","DemoMod:FightSabre","DemoMod:FastSwitch"],"relics":["DemoMod:Dog","HushsDoor","MaYiHuaBei","hubris:SphereOfDissonance","Sling","StuffTheSpire:HeavyRock","Lantern","hubris:TenFootPole","Shovel","halation:WeightlessCrab","HornCleat","TungstenRod"],"acts_visited":["Exordium"],"potions_floor_usage":[7,13,13,16],"damage_taken":[{"damage":0,"enemies":"Cultist","floor":1,"turns":3},{"damage":2,"enemies":"Jaw Worm","floor":2,"turns":2},{"damage":3,"enemies":"Small Slimes","floor":4,"turns":3},{"damage":7,"enemies":"Lagavulin","floor":7,"turns":6},{"damage":5,"enemies":"Looter","floor":10,"turns":2},{"damage":0,"enemies":"2 Fungi Beasts","floor":12,"turns":4},{"damage":0,"enemies":"Gremlin Nob","floor":13,"turns":2},{"damage":0,"enemies":"Exordium Thugs","floor":14,"turns":4},{"damage":11,"enemies":"Slime Boss","floor":16,"turns":8}],"seed_played":"-1905725077490072794","potions_obtained":[{"floor":1,"key":"SteroidPotion"},{"floor":10,"key":"DistilledChaos"},{"floor":12,"key":"DistilledChaos"},{"floor":14,"key":"Block Potion"}],"is_trial":false,"path_per_floor":["M","M","$","M","$","R","E","R","T","M","?","M","E","M","R","B"],"character_chosen":"HUNTRESS","items_purchased":["hubris:SphereOfDissonance","Sling","StuffTheSpire:HeavyRock","Lantern","hubris:TenFootPole","DemoMod:Unmoved"],"campfire_rested":0,"item_purchase_floors":[0,0,0,0,0,0],"current_hp_per_floor":[36,34,34,31,31,31,24,24,24,19,19,19,19,19,19,8,8],"gold":127,"neow_bonus":"","is_daily":false,"chose_seed":false,"campfire_upgraded":3,"win_rate":0.0,"timestamp":1610090341,"path_taken":["M","M","$","?","$","R","E","R","T","M","?","M","E","M","R","BOSS"],"items_purchased_type":["Relic","Relic","Relic","Relic","Relic","Card"],"build_version":"2020-12-22","purchased_purges":2,"victory":false,"max_hp_per_floor":[70,70,70,70,70,70,70,70,70,70,70,70,70,70,70,70,70],"card_choices":[{"not_picked":["DemoMod:TeaPot","DemoMod:Ejector"],"picked":"DemoMod:BattleInHaste","floor":1},{"not_picked":["DemoMod:PracticeMakesPerfect","DemoMod:LifeOrb"],"picked":"DemoMod:AbyssalTentacle","floor":2},{"not_picked":["DemoMod:TeaPot","DemoMod:StickyCrossBow"],"picked":"DemoMod:Replace","floor":4},{"not_picked":["DemoMod:BoxingGlove","DemoMod:JK47","DemoMod:DirectionalPad"],"picked":"SKIP","floor":7},{"not_picked":["DemoMod:Unity","DemoMod:HighKaliber"],"picked":"DemoMod:PracticeMakesPerfect","floor":10},{"not_picked":["DemoMod:BoxingGlove","DemoMod:Unmoved"],"picked":"DemoMod:FightSabre","floor":12},{"not_picked":["DemoMod:Elimentaler","DemoMod:FinishedGun"],"picked":"DemoMod:Purify","floor":13},{"not_picked":["DemoMod:StickyCrossBow","DemoMod:TripleGun"],"picked":"DemoMod:FastSwitch","floor":14}],"player_experience":368515,"relics_obtained":[{"floor":7,"key":"halation:WeightlessCrab"},{"floor":9,"key":"HornCleat"},{"floor":13,"key":"TungstenRod"}],"event_choices":[{"cards_removed":["DemoMod:Strike_Huntress"],"damage_healed":0,"gold_gain":0,"player_choice":"Card Removal","damage_taken":0,"max_hp_gain":0,"max_hp_loss":0,"event_name":"The Cleric","floor":11,"gold_loss":50}],"is_beta":false,"boss_relics":[],"items_purged_floors":[0,5],"is_endless":false,"potions_floor_spawned":[1,10,12,14],"killed_by":"Slime Boss","ascension_level":2}}