{"host":"baymyijz6sxaqj5s","time":1610109802,"event":{"mods":["AchievementEnabler","BaseMod","Colored Map","Colored Powertips","DeckTracker","Highlight Path","KOR Keyword Fix","Keyboard Shortcuts","Minty Spire (QoL Compilation)","Quick Restart","StSLib","SuperFastMode"],"gold_per_floor":[119,137,149,72,137,137,62,62,62,62,81,81,81,81,81,180,180,192,192,205,205,205],"floor_reached":21,"playtime":381,"items_purged":[],"score":192,"play_id":"0483b3e8-a155-41a9-acd1-e510b0532ba2","local_time":"20210108214322","is_ascension_mode":true,"campfire_choices":[{"data":"Body Slam","floor":6,"key":"SMITH"},{"data":"Heavy Blade","floor":8,"key":"SMITH"},{"data":"Inflame","floor":10,"key":"SMITH"},{"data":"Sword Boomerang","floor":12,"key":"SMITH"},{"data":"Barricade","floor":15,"key":"SMITH"}],"circlet_count":0,"master_deck":["Strike_R+1","Strike_R","Strike_R","Defend_R","Defend_R","Defend_R","Defend_R","Bash+1","Sword Boomerang+1","Body Slam+1","Heavy Blade+1","Inflame+1","Battle Trance","Barricade+1","Demon Form"],"relics":["Burning Blood","Pantograph","Empty Cage"],"acts_visited":["Exordium","TheCity"],"potions_floor_usage":[11,16],"damage_taken":[{"damage":8,"enemies":"Jaw Worm","floor":1,"turns":5},{"damage":15,"enemies":"Cultist","floor":2,"turns":5},{"damage":5,"enemies":"2 Louse","floor":3,"turns":3},{"damage":4,"enemies":"Red Slaver","floor":11,"turns":3},{"damage":82,"enemies":"Hexaghost","floor":16,"turns":11},{"damage":52,"enemies":"Spheric Guardian","floor":18,"turns":7},{"damage":57,"enemies":"3 Byrds","floor":20,"turns":6},{"damage":25,"enemies":"Snake Plant","floor":21,"turns":2}],"seed_played":"1504236230005853338","potions_obtained":[{"floor":3,"key":"SpeedPotion"},{"floor":11,"key":"BloodPotion"}],"is_trial":false,"path_per_floor":["M","M","M","$","?","R","$","R","T","R","M","R","?","?","R","B",null,"M","?","M","M"],"character_chosen":"IRONCLAD","items_purchased":["Inflame","Battle Trance"],"campfire_rested":0,"item_purchase_floors":[4,7],"current_hp_per_floor":[86,77,78,78,78,78,78,78,78,78,80,80,62,62,62,28,88,42,71,20,0,0],"gold":205,"neow_bonus":"TEN_PERCENT_HP_BONUS","is_daily":false,"chose_seed":false,"campfire_upgraded":5,"win_rate":0.0,"timestamp":1610109802,"path_taken":["M","M","M","$","?","R","?","R","T","R","?","R","?","?","R","BOSS","M","?","M","M"],"items_purchased_type":["Card","Card"],"build_version":"2020-12-22","purchased_purges":0,"victory":false,"max_hp_per_floor":[88,88,88,88,88,88,88,88,88,88,88,88,88,88,88,88,88,88,88,88,88,88],"card_choices":[{"not_picked":["Havoc","Sever Soul"],"picked":"Sword Boomerang","floor":1},{"not_picked":["Wild Strike","Reckless Charge"],"picked":"Body Slam","floor":2},{"not_picked":["Disarm","Searing Blow"],"picked":"Heavy Blade","floor":3},{"not_picked":["Warcry","Sever Soul","Dual Wield"],"picked":"SKIP","floor":11},{"not_picked":["Barricade","Exhume"],"picked":"Demon Form","floor":16},{"not_picked":["Disarm","Sword Boomerang","Twin Strike"],"picked":"SKIP","floor":18},{"not_picked":["Inflame","Thunderclap","Anger"],"picked":"SKIP","floor":20}],"player_experience":83962,"relics_obtained":[{"floor":9,"key":"Pantograph"}],"event_choices":[{"damage_healed":0,"gold_gain":65,"player_choice":"Gained Gold","damage_taken":0,"max_hp_gain":0,"max_hp_loss":0,"event_name":"Golden Wing","floor":5,"gold_loss":0},{"damage_healed":0,"gold_gain":0,"player_choice":"Entered Light","damage_taken":18,"max_hp_gain":0,"max_hp_loss":0,"event_name":"Shining Light","floor":13,"gold_loss":0,"cards_upgraded":["Bash","Strike_R"]},{"damage_healed":0,"gold_gain":0,"player_choice":"1 cards matched","damage_taken":0,"max_hp_gain":0,"max_hp_loss":0,"event_name":"Match and Keep!","floor":14,"gold_loss":0,"cards_obtained":["Barricade"]},{"damage_healed":29,"gold_gain":0,"player_choice":"Heal","damage_taken":0,"max_hp_gain":0,"max_hp_loss":0,"event_name":"The Library","floor":19,"gold_loss":0}],"is_beta":false,"boss_relics":[{"not_picked":["Mark of Pain","Cursed Key"],"picked":"Empty Cage"}],"items_purged_floors":[],"is_endless":false,"potions_floor_spawned":[3,11],"killed_by":"Snake Plant","ascension_level":3}}