{"host":"uqbebr2vlnosvkft","time":1610148913,"event":{"mods":["AchievementEnabler","BaseMod","Minty Spire (QoL Compilation)"],"gold_per_floor":[144,189,234,110,110,110,155,200,225,384,429,429,519,564,564,864,864,918,963,1008,958,1003,1093,1093,1138,1163,1163,1208,1253,585,885,885,1185,1185,1230,1284,726,876,921,921,1011,1011,1011,1056,1101,1101,1146,1191,1191,1191],"floor_reached":51,"playtime":2252,"items_purged":["Clothesline"],"score":807,"play_id":"d6096d4b-56dd-4070-ab59-d7f90d173d86","local_time":"20210109023513","daily_mods":["Draft","Uncertain Future","Midas"],"is_ascension_mode":false,"campfire_choices":[{"floor":12,"key":"REST"},{"floor":15,"key":"REST"},{"floor":24,"key":"REST"},{"floor":27,"key":"REST"},{"floor":32,"key":"REST"},{"floor":40,"key":"REST"},{"floor":46,"key":"REST"},{"floor":49,"key":"REST"}],"circlet_count":0,"master_deck":["Metallicize","Sword Boomerang","Twin Strike","Warcry","Flex","Armaments","Battle Trance","Sword Boomerang","Whirlwind","Flex","Battle Trance+1","Seeing Red","Warcry","Flex","Flex","Flex","CurseOfTheBell","Inflame+1","Heavy Blade+1","Demon Form","Apotheosis","Inflame"],"relics":["Burning Blood","Boot","Meat on the Bone","Gremlin Horn","Calling Bell","CeramicFish","Molten Egg 2","Torii","White Beast Statue","Bag of Preparation","Vajra","Prayer Wheel","StoneCalendar","Self Forming Clay","Philosopher\u0027s Stone","Oddly Smooth Stone","Regal Pillow","Turnip","Peace Pipe","Blue Candle"],"acts_visited":["Exordium","TheCity","TheBeyond"],"potions_floor_usage":[16,23,28,30,31,31,31,50,50,50],"damage_taken":[{"damage":0,"enemies":"2 Louse","floor":1,"turns":2},{"damage":2,"enemies":"Small Slimes","floor":2,"turns":2},{"damage":0,"enemies":"Jaw Worm","floor":3,"turns":1},{"damage":5,"enemies":"Gremlin Gang","floor":7,"turns":2},{"damage":6,"enemies":"2 Fungi Beasts","floor":8,"turns":2},{"damage":18,"enemies":"Lagavulin Event","floor":10,"turns":3},{"damage":0,"enemies":"3 Louse","floor":11,"turns":1},{"damage":9,"enemies":"Gremlin Nob","floor":13,"turns":3},{"damage":16,"enemies":"Blue Slaver","floor":14,"turns":3},{"damage":41,"enemies":"Hexaghost","floor":16,"turns":6},{"damage":2,"enemies":"Chosen","floor":18,"turns":3},{"damage":14,"enemies":"Shell Parasite","floor":19,"turns":4},{"damage":10,"enemies":"Sentry and Sphere","floor":20,"turns":3},{"damage":28,"enemies":"Shelled Parasite and Fungi","floor":22,"turns":3},{"damage":25,"enemies":"Book of Stabbing","floor":23,"turns":3},{"damage":8,"enemies":"Centurion and Healer","floor":25,"turns":3},{"damage":32,"enemies":"Snecko","floor":28,"turns":6},{"damage":42,"enemies":"Snake Plant","floor":29,"turns":3},{"damage":14,"enemies":"Colosseum Slavers","floor":31,"turns":2},{"damage":0,"enemies":"Colosseum Nobs","floor":31,"turns":1},{"damage":65,"enemies":"Collector","floor":33,"turns":7},{"damage":0,"enemies":"3 Darklings","floor":35,"turns":2},{"damage":12,"enemies":"3 Shapes","floor":36,"turns":1},{"damage":12,"enemies":"Mind Bloom Boss Battle","floor":38,"turns":4},{"damage":9,"enemies":"Transient","floor":39,"turns":5},{"damage":15,"enemies":"Giant Head","floor":41,"turns":4},{"damage":32,"enemies":"Writhing Mass","floor":44,"turns":3},{"damage":27,"enemies":"4 Shapes","floor":45,"turns":3},{"damage":12,"enemies":"Jaw Worm Horde","floor":47,"turns":2},{"damage":27,"enemies":"Maw","floor":48,"turns":5},{"damage":27,"enemies":"Awakened One","floor":50,"turns":6}],"seed_played":"-6062085814737979882","potions_obtained":[{"floor":1,"key":"Weak Potion"},{"floor":10,"key":"SteroidPotion"},{"floor":13,"key":"ColorlessPotion"},{"floor":16,"key":"AttackPotion"},{"floor":25,"key":"DistilledChaos"},{"floor":28,"key":"DuplicationPotion"},{"floor":31,"key":"Weak Potion"},{"floor":33,"key":"DistilledChaos"},{"floor":35,"key":"GamblersBrew"},{"floor":38,"key":"HeartOfIron"},{"floor":48,"key":"HeartOfIron"}],"is_trial":false,"path_per_floor":["M","M","M","$","?","?","M","M","T","?","M","R","E","M","R","B",null,"M","M","M","?","M","E","R","M","T","R","M","M","$","?","R","B",null,"M","M","$","?","M","R","E","?","T","M","M","R","M","M","R","B",null],"character_chosen":"IRONCLAD","items_purchased":["Flex","Vajra","Prayer Wheel","Heavy Blade+1","Fruit Juice","Regen Potion","Oddly Smooth Stone","Regal Pillow","Apotheosis","Inflame"],"campfire_rested":8,"item_purchase_floors":[4,30,30,30,30,30,37,37,37,37],"current_hp_per_floor":[80,80,80,80,80,80,80,80,80,68,74,80,77,67,80,57,80,80,72,68,68,58,51,75,73,73,80,54,30,35,57,82,35,85,85,79,79,73,70,85,76,76,76,50,41,81,75,54,85,64],"gold":1191,"neow_bonus":"","is_daily":true,"chose_seed":false,"campfire_upgraded":0,"win_rate":0.0,"timestamp":1610148913,"path_taken":["M","M","M","$","?","?","M","M","T","?","M","R","E","M","R","BOSS","M","M","M","?","M","E","R","M","T","R","?","M","$","?","R","BOSS","M","M","$","?","M","R","E","?","T","M","M","R","?","M","R","BOSS"],"items_purchased_type":["Card","Relic","Relic","Card","Potion","Potion","Relic","Relic","Card","Card"],"build_version":"2020-12-22","purchased_purges":1,"victory":true,"max_hp_per_floor":[80,80,80,80,80,80,80,80,80,80,80,80,80,80,80,80,80,80,80,80,80,80,80,80,80,80,80,80,80,85,85,85,85,85,85,85,85,85,85,85,85,85,85,85,85,85,85,85,85,85],"card_choices":[{"not_picked":["Intimidate","Iron Wave"],"picked":"Metallicize","floor":0},{"not_picked":["Rampage","Anger"],"picked":"Sword Boomerang","floor":0},{"not_picked":["Havoc","Wild Strike"],"picked":"Clothesline","floor":0},{"not_picked":["Clash","Anger"],"picked":"Twin Strike","floor":0},{"not_picked":["Flame Barrier","Pommel Strike"],"picked":"Warcry","floor":0},{"not_picked":["Warcry","Disarm"],"picked":"Flex","floor":0},{"not_picked":["Fire Breathing","Cleave"],"picked":"Armaments","floor":0},{"not_picked":["Cleave","Rupture"],"picked":"Battle Trance","floor":0},{"not_picked":["Sever Soul","Dual Wield"],"picked":"Sword Boomerang","floor":0},{"not_picked":["Wild Strike","Combust"],"picked":"Whirlwind","floor":0},{"not_picked":["Metallicize","Reckless Charge"],"picked":"Flex","floor":0},{"not_picked":["Shrug It Off","Entrench"],"picked":"Battle Trance","floor":0},{"not_picked":["True Grit","Reckless Charge"],"picked":"Seeing Red","floor":0},{"not_picked":["Clash","Cleave"],"picked":"Warcry","floor":0},{"not_picked":["Thunderclap","Disarm"],"picked":"Flex","floor":0},{"not_picked":["Armaments","Perfected Strike","True Grit"],"picked":"SKIP","floor":1},{"not_picked":["Hemokinesis","Ghostly Armor"],"picked":"Flex","floor":2},{"not_picked":["Flame Barrier","Clothesline","Rupture"],"picked":"SKIP","floor":3},{"not_picked":["Pommel Strike","Wild Strike","Burning Pact"],"picked":"SKIP","floor":7},{"not_picked":["Cleave","Bloodletting","Battle Trance"],"picked":"SKIP","floor":8},{"not_picked":["Perfected Strike","Fire Breathing","Intimidate"],"picked":"SKIP","floor":11},{"not_picked":["Infernal Blade","Metallicize","Rage"],"picked":"SKIP","floor":13},{"not_picked":["Clothesline","Metallicize","Combust"],"picked":"SKIP","floor":14},{"not_picked":["Thunderclap+1","Warcry"],"picked":"Inflame+1","floor":18},{"not_picked":["Armaments","Twin Strike+1","Clothesline+1"],"picked":"SKIP","floor":19},{"not_picked":["Ghostly Armor","Shrug It Off","Rampage+1"],"picked":"SKIP","floor":20},{"not_picked":["Dual Wield","Twin Strike+1","Body Slam+1"],"picked":"SKIP","floor":22},{"not_picked":["Evolve","Entrench+1","Brutality"],"picked":"SKIP","floor":23},{"not_picked":["Flex","Carnage+1","Twin Strike+1"],"picked":"SKIP","floor":25},{"not_picked":["Iron Wave+1","Warcry+1","Pommel Strike+1"],"picked":"SKIP","floor":28},{"not_picked":["Iron Wave+1","Perfected Strike+1","Warcry"],"picked":"SKIP","floor":29},{"not_picked":["Sword Boomerang+1","Armaments","Body Slam+1"],"picked":"SKIP","floor":35},{"not_picked":["Sword Boomerang+1","Intimidate","Heavy Blade+1"],"picked":"SKIP","floor":35},{"not_picked":["Entrench+1","Shockwave+1"],"picked":"Demon Form","floor":36},{"not_picked":["Rupture","Carnage+1","Iron Wave+1"],"picked":"SKIP","floor":36},{"not_picked":["Rupture","Carnage+1","Iron Wave+1"],"picked":"SKIP","floor":36},{"not_picked":["Sword Boomerang+1","Flame Barrier","Uppercut+1"],"picked":"SKIP","floor":39},{"not_picked":["True Grit","Clothesline+1","Headbutt+1"],"picked":"SKIP","floor":39},{"not_picked":["Combust+1","Pummel+1","Iron Wave+1"],"picked":"SKIP","floor":41},{"not_picked":["Power Through","Sentinel+1","Bludgeon+1"],"picked":"SKIP","floor":44},{"not_picked":["Wild Strike+1","Perfected Strike+1","Headbutt+1"],"picked":"SKIP","floor":44},{"not_picked":["Shrug It Off","Armaments","Battle Trance"],"picked":"SKIP","floor":45},{"not_picked":["Hemokinesis+1","Headbutt+1","Thunderclap+1"],"picked":"SKIP","floor":45},{"not_picked":["Rupture","Sword Boomerang+1","Anger+1"],"picked":"SKIP","floor":47},{"not_picked":["Feed+1","Blood for Blood+1","Sword Boomerang+1"],"picked":"SKIP","floor":47},{"not_picked":["Ghostly Armor","Carnage+1","Reckless Charge+1"],"picked":"SKIP","floor":48},{"not_picked":["Thunderclap+1","Spot Weakness","Cleave+1"],"picked":"SKIP","floor":48}],"player_experience":253718,"relics_obtained":[{"floor":9,"key":"Boot"},{"floor":13,"key":"Gremlin Horn"},{"floor":17,"key":"CeramicFish"},{"floor":17,"key":"Molten Egg 2"},{"floor":17,"key":"Torii"},{"floor":23,"key":"White Beast Statue"},{"floor":26,"key":"Bag of Preparation"},{"floor":31,"key":"StoneCalendar"},{"floor":31,"key":"Self Forming Clay"},{"floor":38,"key":"Turnip"},{"floor":41,"key":"Peace Pipe"},{"floor":43,"key":"Blue Candle"}],"event_choices":[{"damage_healed":0,"gold_gain":0,"player_choice":"Ignored","damage_taken":0,"max_hp_gain":0,"max_hp_loss":0,"event_name":"Liars Game","floor":5,"gold_loss":0},{"damage_healed":0,"gold_gain":0,"player_choice":"Grow","damage_taken":0,"max_hp_gain":0,"max_hp_loss":0,"event_name":"Living Wall","floor":6,"gold_loss":0,"cards_upgraded":["Battle Trance"]},{"damage_healed":0,"gold_gain":0,"player_choice":"Searched \u00272\u0027 times","damage_taken":0,"relics_obtained":["Meat on the Bone"],"max_hp_gain":0,"max_hp_loss":0,"event_name":"Dead Adventurer","floor":10,"gold_loss":0},{"damage_healed":0,"gold_gain":0,"player_choice":"Bet on Murderer","damage_taken":0,"max_hp_gain":0,"max_hp_loss":0,"event_name":"The Joust","floor":21,"gold_loss":50},{"damage_healed":0,"gold_gain":0,"player_choice":"Fight","damage_taken":0,"max_hp_gain":0,"max_hp_loss":0,"event_name":"Colosseum","floor":31,"gold_loss":0},{"damage_healed":0,"gold_gain":0,"player_choice":"Fought Nobs","damage_taken":0,"max_hp_gain":0,"max_hp_loss":0,"event_name":"Colosseum","floor":31,"gold_loss":0},{"damage_healed":0,"gold_gain":0,"player_choice":"Fight","damage_taken":0,"max_hp_gain":0,"max_hp_loss":0,"event_name":"MindBloom","floor":38,"gold_loss":0},{"damage_healed":0,"gold_gain":0,"player_choice":"Got Potions","damage_taken":0,"max_hp_gain":0,"max_hp_loss":0,"event_name":"Lab","floor":42,"gold_loss":0}],"is_beta":false,"boss_relics":[{"not_picked":["Runic Cube","Runic Pyramid"],"picked":"Calling Bell"},{"not_picked":["Sozu","Tiny House"],"picked":"Philosopher\u0027s Stone"}],"items_purged_floors":[4],"is_endless":false,"potions_floor_spawned":[1,8,10,13,16,18,22,25,28,29,31,31,33,35,36,38,39,41,44,45,47,48],"ascension_level":0}}