{"host":"w9yruvs4bqht6bhw","time":1610068298,"event":{"mods":["BaseMod","Colored Powertips","Minty Spire (QoL Compilation)"],"gold_per_floor":[114,14,26,46,64,64,64,64,90,119,119,146,166,136,136,241,241,256,28,28,0,0,0,15,15,15,15,15,15,31,50,50,50,50],"floor_reached":33,"playtime":908,"items_purged":["Strike_R"],"score":389,"play_id":"97ef2d74-07e4-4742-ac0a-fa41e152c6e6","local_time":"20210107201138","is_ascension_mode":true,"campfire_choices":[{"data":"Heavy Blade","floor":6,"key":"SMITH"},{"data":"Spot Weakness","floor":8,"key":"SMITH"},{"data":"Iron Wave","floor":11,"key":"SMITH"},{"floor":15,"key":"REST"},{"data":"Limit Break","floor":23,"key":"SMITH"},{"data":"Iron Wave","floor":25,"key":"SMITH"},{"data":"Shrug It Off","floor":28,"key":"SMITH"},{"data":"Flex","floor":32,"key":"SMITH"}],"circlet_count":0,"master_deck":["Strike_R","Strike_R","Defend_R","Defend_R","Defend_R","Bash","Feed","Spot Weakness+1","Shrug It Off+1","Heavy Blade+1","Iron Wave+1","Flex+1","Limit Break+1","Spot Weakness+1","Iron Wave+1"],"relics":["Burning Blood","Eternal Feather","Tiny Chest","HornCleat","MealTicket","Empty Cage","DollysMirror","Juzu Bracelet","Orichalcum","GremlinMask"],"acts_visited":["Exordium","TheCity"],"potions_floor_usage":[5,16,16,30],"damage_taken":[{"damage":6,"enemies":"Cultist","floor":1,"turns":3},{"damage":4,"enemies":"Jaw Worm","floor":3,"turns":5},{"damage":11,"enemies":"2 Louse","floor":4,"turns":4},{"damage":17,"enemies":"Exordium Thugs","floor":5,"turns":5},{"damage":32,"enemies":"Gremlin Nob","floor":10,"turns":4},{"damage":41,"enemies":"Lagavulin","floor":12,"turns":6},{"damage":3,"enemies":"Blue Slaver","floor":13,"turns":4},{"damage":22,"enemies":"Slime Boss","floor":16,"turns":7},{"damage":17,"enemies":"Shell Parasite","floor":18,"turns":4},{"damage":44,"enemies":"Spheric Guardian","floor":24,"turns":6},{"damage":20,"enemies":"Snake Plant","floor":30,"turns":4},{"damage":17,"enemies":"Centurion and Healer","floor":31,"turns":6},{"damage":74,"enemies":"Collector","floor":33,"turns":6}],"seed_played":"-613668877662390460","potions_obtained":[{"floor":1,"key":"LiquidBronze"},{"floor":4,"key":"SteroidPotion"},{"floor":5,"key":"Fire Potion"},{"floor":14,"key":"CultistPotion"},{"floor":14,"key":"Regen Potion"}],"is_trial":false,"path_per_floor":["M","$","M","M","M","R","T","R","T","E","R","E","M","?","R","B",null,"M","$","?","?","T","R","M","R","T","?","R","?","M","M","R","B"],"character_chosen":"IRONCLAD","items_purchased":["Spot Weakness","Shrug It Off","DollysMirror"],"campfire_rested":1,"item_purchase_floors":[2,2,19],"current_hp_per_floor":[72,72,77,75,64,64,64,73,73,47,56,21,24,24,58,42,75,67,82,82,82,82,88,53,62,62,62,71,71,62,51,60,0,0],"gold":50,"neow_bonus":"ONE_RANDOM_RARE_CARD","is_daily":false,"chose_seed":false,"campfire_upgraded":7,"win_rate":0.0,"timestamp":1610068298,"path_taken":["M","?","M","M","M","R","?","R","T","E","R","E","M","?","R","BOSS","M","$","?","?","?","R","M","R","T","?","R","?","M","M","R","BOSS"],"items_purchased_type":["Card","Card","Relic"],"build_version":"2020-12-22","purchased_purges":1,"victory":false,"max_hp_per_floor":[80,80,83,86,86,86,86,86,86,86,86,86,86,86,86,86,86,89,89,89,89,89,89,92,92,92,92,92,92,92,92,92,92,92],"card_choices":[{"not_picked":["Carnage","Cleave","Clothesline"],"picked":"SKIP","floor":1},{"not_picked":["Sever Soul","Flex","Metallicize"],"picked":"SKIP","floor":3},{"not_picked":["Ghostly Armor","Reckless Charge"],"picked":"Heavy Blade","floor":4},{"not_picked":["Anger","Iron Wave","Havoc"],"picked":"SKIP","floor":5},{"not_picked":["Anger","Havoc"],"picked":"Iron Wave","floor":5},{"not_picked":["Twin Strike","Anger","Bloodletting"],"picked":"SKIP","floor":10},{"not_picked":["Searing Blow","Exhume","Clothesline"],"picked":"SKIP","floor":12},{"not_picked":["True Grit","Heavy Blade"],"picked":"Flex","floor":13},{"not_picked":["Exhume","Feed"],"picked":"Limit Break","floor":16},{"not_picked":["Burning Pact","Clothesline","Wild Strike"],"picked":"SKIP","floor":18},{"not_picked":["Wild Strike+1","Armaments+1"],"picked":"Iron Wave","floor":24},{"not_picked":["Disarm","Body Slam","Inflame"],"picked":"SKIP","floor":30},{"not_picked":["Inflame","Cleave","Fire Breathing"],"picked":"SKIP","floor":31}],"player_experience":348243,"relics_obtained":[{"floor":7,"key":"Eternal Feather"},{"floor":9,"key":"Tiny Chest"},{"floor":10,"key":"HornCleat"},{"floor":12,"key":"MealTicket"},{"floor":22,"key":"Juzu Bracelet"},{"floor":26,"key":"Orichalcum"}],"event_choices":[{"damage_healed":0,"gold_gain":0,"player_choice":"Bought 2 Potions","damage_taken":0,"max_hp_gain":0,"max_hp_loss":0,"event_name":"The Woman in Blue","floor":14,"gold_loss":0},{"cards_removed":["Defend_R"],"damage_healed":0,"gold_gain":0,"player_choice":"Elegance","damage_taken":0,"max_hp_gain":0,"max_hp_loss":0,"event_name":"Back to Basics","floor":20,"gold_loss":0},{"damage_healed":0,"gold_gain":0,"player_choice":"Paid Fearfully","damage_taken":0,"max_hp_gain":0,"max_hp_loss":0,"event_name":"Masked Bandits","floor":21,"gold_loss":28},{"damage_healed":0,"gold_gain":0,"player_choice":"Trade","damage_taken":0,"relics_obtained":["GremlinMask"],"max_hp_gain":0,"max_hp_loss":0,"event_name":"FaceTrader","floor":27,"gold_loss":0},{"damage_healed":0,"gold_gain":0,"player_choice":"Ignored","damage_taken":0,"max_hp_gain":0,"max_hp_loss":0,"event_name":"Ghosts","floor":29,"gold_loss":0}],"is_beta":false,"boss_relics":[{"not_picked":["Coffee Dripper","Runic Cube"],"picked":"Empty Cage"}],"items_purged_floors":[19],"is_endless":false,"potions_floor_spawned":[1,4,5],"killed_by":"Collector","ascension_level":8}}