{"host":"g75gtovmj0ine2rf","time":1610099824,"event":{"mods":["2.2 Compatiblity","AchievementEnabler","Act Like it!","Aspiration","Astrologer","Bard","BaseMod","Better Match","BetterRewards","CapriCore","Challenge The Spire","ChefMod","Colored Map","Conspire","Elementarium","Energized Spire","Friendly Minions","Gensokyo","Halation","Hallownest","Hermit","HexUI Lib","Highlight Path","Hubris","Infinite Spire","Jedi Mod","Lobotomy","Menagerie","Minty Spire (QoL Compilation)","Puzzle Mod","Quick Restart","Rare Cards Sparkle","Relic Stats","Replay The Spire","Robot Space Explorer","Shade Mod","Shop Mod","Spicy Shops","StSLib","SuperFastMode","The Construct","The Cursed","The Dragon Tamer","The Factory","The Jungle","The Marked","The Runesmith","TheBandit","TheFirefly","TheSwordswoman","TheVacant","Transform Curses","Wandering Minibosses","thorton","vexMod"],"gold_per_floor":[111,122,47,47,57,57,57,85,112,112,126,126,126,126],"floor_reached":13,"playtime":586,"items_purged":[],"score":105,"play_id":"62c01953-8f91-4aec-86b4-b138b35c0a91","local_time":"20210108205704","is_ascension_mode":true,"campfire_choices":[{"data":"RobotSpaceExplorer:MiniLasers","floor":6.0,"key":"SMITH"},{"floor":12.0,"key":"REST"}],"circlet_count":0,"master_deck":["RobotSpaceExplorer:Strike","RobotSpaceExplorer:Strike","RobotSpaceExplorer:Strike","RobotSpaceExplorer:Defend","RobotSpaceExplorer:Defend","RobotSpaceExplorer:Defend","RobotSpaceExplorer:Defend","RobotSpaceExplorer:Scan","RobotSpaceExplorer:MiniLasers+1","RobotSpaceExplorer:PowerCollector","Blind+1","RobotSpaceExplorer:DualCore","RobotSpaceExplorer:JunkDive","Doubt","Menagerie:DarkRitual","Menagerie:LightningHelix","Menagerie:WallOfBlossoms"],"relics":["RobotSpaceExplorer:RoboCore","vexMod:RetaliationKit","jedi:arcanewood"],"acts_visited":["Exordium"],"potions_floor_usage":[13],"damage_taken":[{"damage":5.0,"enemies":"Menagerie:MonstrousExperiment","floor":1.0,"turns":9.0},{"damage":14.0,"enemies":"Menagerie:2_RABBITS","floor":2.0,"turns":6.0},{"damage":0.0,"enemies":"Menagerie:WhisperingWraith","floor":5.0,"turns":7.0},{"damage":18.0,"enemies":"Menagerie:Hydra","floor":8.0,"turns":5.0},{"damage":1.0,"enemies":"Menagerie:Hexasnake","floor":11.0,"turns":4.0},{"damage":0,"enemies":"Menagerie:MaskedSummoner","floor":13,"turns":2}],"seed_played":"2704724599775079082","potions_obtained":[{"floor":2.0,"key":"FearPotion"},{"floor":5.0,"key":"PowerPotion"},{"floor":8.0,"key":"FearPotion"},{"floor":11.0,"key":"BlessingOfTheForge"}],"is_trial":false,"path_per_floor":["M","M","?","?","M","R","$","E","T","?","M","R","E"],"character_chosen":"RobotSpaceExplorer","items_purchased":[],"campfire_rested":1,"item_purchase_floors":[],"current_hp_per_floor":[63,49,49,49,49,49,49,31,31,31,33,53,56,56],"gold":126,"neow_bonus":"REMOVE_CARD","is_daily":false,"chose_seed":false,"campfire_upgraded":1,"win_rate":0.0,"timestamp":1610099824,"path_taken":["M","M","?","?","M","R","$","E","T","?","M","R","E"],"items_purchased_type":[],"build_version":"2020-12-22","purchased_purges":0,"victory":false,"max_hp_per_floor":[75,75,75,75,75,75,75,75,75,68,68,68,68,68],"relic_stats":{"counters":[6,33],"obtain_stats":[{"RobotSpaceExplorer:RoboCore":0,"vexMod:RetaliationKit":8,"jedi:arcanewood":9},{"RobotSpaceExplorer:RoboCore":0,"vexMod:RetaliationKit":4,"jedi:arcanewood":4},{"RobotSpaceExplorer:RoboCore":0,"vexMod:RetaliationKit":27,"jedi:arcanewood":27}]},"card_choices":[{"not_picked":["RobotSpaceExplorer:Ammunition","RobotSpaceExplorer:ShovelStrike","RobotSpaceExplorer:MetalStrike"],"picked":"SKIP","floor":1.0},{"not_picked":["RobotSpaceExplorer:ToxicBomb","RobotSpaceExplorer:Reload"],"picked":"RobotSpaceExplorer:PowerCollector","floor":2.0},{"not_picked":["Replay:Sssssssssshield+1","Survey Options+1"],"picked":"Blind+1","floor":3.0},{"not_picked":["RobotSpaceExplorer:ShockKick","RobotSpaceExplorer:ImprovisedAttack"],"picked":"RobotSpaceExplorer:DualCore","floor":5.0},{"not_picked":["RobotSpaceExplorer:ScrapMissile","RobotSpaceExplorer:MiniDrones"],"picked":"RobotSpaceExplorer:JunkDive","floor":8.0},{"not_picked":["Menagerie:Dismember","Menagerie:CrumblingSanctuary"],"picked":"Menagerie:DarkRitual","floor":10.0},{"not_picked":["Menagerie:Staggershock","Menagerie:Languish"],"picked":"Menagerie:LightningHelix","floor":10.0},{"not_picked":["Menagerie:LightningBolt","Menagerie:Foresee"],"picked":"Menagerie:WallOfBlossoms","floor":10.0},{"not_picked":["RobotSpaceExplorer:MiniDrones","RobotSpaceExplorer:SurgingShield","RobotSpaceExplorer:StunGrenade"],"picked":"SKIP","floor":11.0}],"player_experience":1391938,"relics_obtained":[{"floor":8.0,"key":"vexMod:RetaliationKit"},{"floor":9.0,"key":"jedi:arcanewood"}],"event_choices":[{"damage_healed":0.0,"max_hp_gain":0.0,"max_hp_loss":0.0,"gold_gain":0.0,"event_name":"betterMatch:BetterMatch","player_choice":"2","floor":3.0,"gold_loss":0.0,"damage_taken":0.0,"cards_obtained":["betterMatch:ColorlessUncommonCard"]},{"damage_healed":0.0,"max_hp_gain":0.0,"max_hp_loss":0.0,"gold_gain":0.0,"event_name":"conspire:Investor","player_choice":"Leave","floor":4.0,"gold_loss":0.0,"damage_taken":0.0},{"damage_healed":0.0,"max_hp_gain":0.0,"max_hp_loss":7.0,"gold_gain":0.0,"event_name":"Menagerie:OvergrownLibrary","player_choice":"Read","floor":10.0,"gold_loss":0.0,"damage_taken":0.0,"cards_obtained":["Doubt"]}],"is_beta":false,"boss_relics":[],"items_purged_floors":[],"is_endless":false,"potions_floor_spawned":[2,5,8,11],"killed_by":"Menagerie:MaskedSummoner","ascension_level":6}}