{"host":"d265sm4b0zub77qp","time":1610099933,"event":{"mods":["AchievementEnabler","BaseMod","BetterRewards","Colored Map","Downfall","GifTheSpireLib","Jorbs\u0027s Wanderer Trilogy","Minty Spire (QoL Compilation)","StSLib","Stuff the Spire","[IsaacMod]????"],"gold_per_floor":[112,191,209,227,227,227,262,262,262,289,305,315,329,343,343,443,443,459,489,509,364,375,375,400,417,417,442,452,462,462,120,120,219,219,258,291,319,319,236,236,276,336,363,363,585,636,676,688,688,744],"floor_reached":51,"playtime":4815,"items_purged":[],"score":1079,"play_id":"a9ec1de2-befb-40b9-9a11-dc74415c8c20","local_time":"20210108025853","is_ascension_mode":true,"campfire_choices":[{"data":"Defragment","floor":6,"key":"SMITH"},{"floor":8,"key":"REST"},{"floor":15,"key":"REST"},{"data":"Double Energy","floor":23,"key":"SMITH"},{"floor":32,"key":"REST"},{"data":"Echo Form","floor":44,"key":"SMITH"},{"data":"Amplify","floor":49,"key":"SMITH"}],"circlet_count":0,"master_deck":["Strike_B","Strike_B","Strike_B","Strike_B","Defend_B","Defend_B","Defend_B","Defend_B","Zap","Dualcast","Defragment+1","Cold Snap","Cancel","Streamline","Glacier","StuffTheSpire:ShieldGenerator","Double Energy+1","Electrodynamics","Conserve Battery+1","Double Energy","Capacitor","Loop","Static Discharge","Capacitor","Amplify+1","Echo Form+1","Fan","Tempest","Panache","Echo Form"],"relics":["Cracked Core","HushsDoor","Pocketwatch","Strange Spoon","DeathBook","StuffTheSpire:EmeraldSignet","Chaos","Chemical X","GuppysHead","BloodBag","Red Mask","NineVolt","Charon\u0027s Ashes","Membership Card","StuffTheSpire:GrapeVine","DataDisk","StuffTheSpire:Expresso","Habit","SalivaCoin","Lee\u0027s Waffle","NineLifeCat"],"acts_visited":["Exordium","TheCity","TheBeyond"],"potions_floor_usage":[11,13,13,14,22,24,27,30,35,36,37,47],"damage_taken":[{"damage":7,"enemies":"Jaw Worm","floor":1,"turns":3},{"damage":3,"enemies":"Cultist","floor":3,"turns":3},{"damage":2,"enemies":"2 Louse","floor":4,"turns":3},{"damage":34,"enemies":"Lagavulin","floor":7,"turns":6},{"damage":0,"enemies":"3 Sentries","floor":10,"turns":1},{"damage":23,"enemies":"Large Slime","floor":11,"turns":5},{"damage":0,"enemies":"Looter","floor":12,"turns":3},{"damage":0,"enemies":"Blue Slaver","floor":13,"turns":2},{"damage":0,"enemies":"Exordium Thugs","floor":14,"turns":5},{"damage":22,"enemies":"Slime Boss","floor":16,"turns":14},{"damage":0,"enemies":"Chosen","floor":18,"turns":4},{"damage":24,"enemies":"Masked Bandits","floor":19,"turns":3},{"damage":14,"enemies":"Shell Parasite","floor":20,"turns":6},{"damage":15,"enemies":"Shelled Parasite and Fungi","floor":22,"turns":7},{"damage":4,"enemies":"Gremlin Leader","floor":24,"turns":6},{"damage":0,"enemies":"3 Cultists","floor":25,"turns":2},{"damage":8,"enemies":"Slavers","floor":27,"turns":5},{"damage":13,"enemies":"Snake Plant","floor":28,"turns":4},{"damage":19,"enemies":"Sentry and Sphere","floor":29,"turns":5},{"damage":0,"enemies":"Gremlin Leader","floor":30,"turns":3},{"damage":19,"enemies":"Champ","floor":33,"turns":11},{"damage":23,"enemies":"Orb Walker","floor":35,"turns":4},{"damage":25,"enemies":"3 Darklings","floor":36,"turns":2},{"damage":32,"enemies":"Spire Growth","floor":37,"turns":5},{"damage":29,"enemies":"Sphere and 2 Shapes","floor":41,"turns":4},{"damage":49,"enemies":"Giant Head","floor":42,"turns":7},{"damage":31,"enemies":"Reptomancer","floor":46,"turns":5},{"damage":62,"enemies":"Transient","floor":47,"turns":5},{"damage":0,"enemies":"4 Shapes","floor":48,"turns":1},{"damage":92,"enemies":"Time Eater","floor":50,"turns":7}],"seed_played":"-3086383626735246133","potions_obtained":[{"floor":4,"key":"LiquidMemories"},{"floor":10,"key":"SpeedPotion"},{"floor":11,"key":"GamblersBrew"},{"floor":12,"key":"DistilledChaos"},{"floor":20,"key":"Weak Potion"},{"floor":22,"key":"Dexterity Potion"},{"floor":25,"key":"PowerPotion"},{"floor":29,"key":"SmokeBomb"},{"floor":33,"key":"Swift Potion"},{"floor":35,"key":"PowerPotion"},{"floor":36,"key":"DuplicationPotion"},{"floor":46,"key":"AttackPotion"}],"is_trial":false,"path_per_floor":["M","?","M","M","?","R","E","R","T","E","M","M","M","M","R","B",null,"M","?","M","$","M","R","E","M","T","E","M","M","E","$","R","B",null,"M","M","M","?","$","?","M","E","T","R","?","E","M","M","R","B",null],"character_chosen":"DEFECT","items_purchased":["Defragment","Strange Spoon","NineVolt","DataDisk","StuffTheSpire:Expresso","Habit","Capacitor","Echo Form","Panache"],"campfire_rested":3,"item_purchase_floors":[0,0,21,31,31,31,31,34,39],"current_hp_per_floor":[49,34,31,31,31,31,5,27,27,27,4,4,6,6,28,14,75,82,78,64,64,59,59,55,55,55,49,40,21,21,21,45,34,78,60,35,22,68,68,68,39,75,19,19,19,11,11,11,11,8],"gold":744,"neow_bonus":"","is_daily":false,"chose_seed":false,"campfire_upgraded":4,"win_rate":0.0,"timestamp":1610099933,"path_taken":["M","?","M","?","?","R","E","R","T","E","M","M","M","M","R","BOSS","M","?","?","$","?","R","E","M","T","E","M","M","E","$","R","BOSS","M","M","M","?","$","?","M","E","T","R","?","E","M","?","R","BOSS"],"items_purchased_type":["Card","Relic","Relic","Relic","Relic","Relic","Card","Card","Card"],"build_version":"2020-12-22","purchased_purges":0,"victory":true,"max_hp_per_floor":[75,75,75,75,75,75,75,75,75,75,75,75,75,75,75,75,75,82,82,82,82,82,82,82,82,82,82,82,82,82,82,82,82,78,78,78,78,68,68,68,68,75,19,19,19,19,19,19,19,19],"card_choices":[{"not_picked":[],"picked":"ChaosCard","floor":0},{"not_picked":["Barrage","Undo"],"picked":"Cold Snap","floor":1},{"not_picked":["Auto Shields","Hologram"],"picked":"Cancel","floor":3},{"not_picked":["Compile Driver","Redo"],"picked":"Streamline","floor":4},{"not_picked":["Compile Driver","Steam Power","All For One"],"picked":"SKIP","floor":7},{"not_picked":["StuffTheSpire:LoadUp","Barrage"],"picked":"Glacier","floor":10},{"not_picked":["Glacier","Rebound"],"picked":"StuffTheSpire:ShieldGenerator","floor":11},{"not_picked":["Compile Driver","Leap","Go for the Eyes"],"picked":"SKIP","floor":12},{"not_picked":["Aggregate","StuffTheSpire:LoadUp"],"picked":"Double Energy","floor":13},{"not_picked":["Steam","Hello World","StuffTheSpire:Plugnplay"],"picked":"SKIP","floor":14},{"not_picked":["Fission","Thunder Strike"],"picked":"Electrodynamics","floor":16},{"not_picked":["Skim","Force Field+1","Recycle"],"picked":"SKIP","floor":18},{"not_picked":["Gash+1","Coolheaded"],"picked":"Conserve Battery+1","floor":20},{"not_picked":["Scrape","Go for the Eyes+1","Sweeping Beam"],"picked":"SKIP","floor":22},{"not_picked":["Compile Driver+1","Consume"],"picked":"Double Energy","floor":24},{"not_picked":["Rebound+1","Darkness"],"picked":"Capacitor","floor":25},{"not_picked":["Stack","Skim"],"picked":"Loop","floor":27},{"not_picked":["Conserve Battery","Coolheaded+1"],"picked":"Static Discharge","floor":28},{"not_picked":["Distribution+1","StuffTheSpire:Plugnplay","Double Energy"],"picked":"SKIP","floor":29},{"not_picked":["StuffTheSpire:Purify","Seek"],"picked":"Amplify","floor":33},{"not_picked":["Leap","Gash+1"],"picked":"Fan","floor":35},{"not_picked":["Capacitor","Conserve Battery","Sweeping Beam"],"picked":"SKIP","floor":36},{"not_picked":["Rebound","StuffTheSpire:LoadUp+1"],"picked":"Tempest","floor":37},{"not_picked":["Madness","Secret Technique"],"picked":"Bomb","floor":40},{"not_picked":["StuffTheSpire:LoadUp","Ball Lightning","Go for the Eyes"],"picked":"SKIP","floor":41},{"not_picked":["Barrage","StuffTheSpire:LoadUp","Redo"],"picked":"SKIP","floor":42},{"not_picked":["Ball Lightning+1","Leap+1","Steam"],"picked":"SKIP","floor":46},{"not_picked":["Go for the Eyes+1","Sweeping Beam","Conserve Battery"],"picked":"SKIP","floor":47},{"not_picked":["Turbo+1","Cold Snap+1"],"picked":"Echo Form","floor":48}],"player_experience":268003,"relics_obtained":[{"floor":5,"key":"StuffTheSpire:EmeraldSignet"},{"floor":7,"key":"BloodDonationMachine"},{"floor":9,"key":"Chaos"},{"floor":10,"key":"Chemical X"},{"floor":19,"key":"Red Mask"},{"floor":24,"key":"Charon\u0027s Ashes"},{"floor":26,"key":"Membership Card"},{"floor":27,"key":"StuffTheSpire:GrapeVine"},{"floor":42,"key":"Lee\u0027s Waffle"},{"floor":43,"key":"NineLifeCat"}],"event_choices":[{"damage_healed":0,"gold_gain":0,"player_choice":"Relic","damage_taken":0,"max_hp_gain":0,"max_hp_loss":0,"event_name":"Wheel of Change","floor":5,"gold_loss":0},{"damage_healed":0,"gold_gain":0,"player_choice":"Fought Bandits","damage_taken":0,"max_hp_gain":0,"max_hp_loss":0,"event_name":"Masked Bandits","floor":19,"gold_loss":0},{"damage_healed":68,"gold_gain":0,"player_choice":"Heal","damage_taken":0,"max_hp_gain":0,"max_hp_loss":10,"event_name":"The Moai Head","floor":38,"gold_loss":0},{"damage_healed":0,"gold_gain":0,"player_choice":"Memory 1","damage_taken":0,"max_hp_gain":0,"max_hp_loss":0,"event_name":"SensoryStone","floor":40,"gold_loss":0},{"damage_healed":0,"gold_gain":222,"player_choice":"Wore Mask","damage_taken":0,"max_hp_gain":0,"max_hp_loss":0,"event_name":"Tomb of Lord Red Mask","floor":45,"gold_loss":0}],"is_beta":false,"boss_relics":[{"not_picked":["Runic Cube","Gremlin Horn"],"picked":"GuppysHead"},{"not_picked":[]},{"not_picked":["Velvet Choker","StuffTheSpire:HistoryBook"],"picked":"SalivaCoin"},{"not_picked":[]}],"items_purged_floors":[],"is_endless":false,"potions_floor_spawned":[4,10,11,12,20,22,25,29,33,35,36,46],"ascension_level":2}}