{"host":"sxuxxxc6yxgqlsd9","time":1610117027,"event":{"mods":["BaseMod","Minty Spire (QoL Compilation)","Shop Mod","StSLib"],"gold_per_floor":[111,121,131,176,192,192,192,210,210,223,243,259,278,294,294,392,392,379,392,406,418,437,437,437,437,460,476,149,167,183,203,203,203,203],"floor_reached":33,"playtime":3897,"items_purged":[],"score":253,"play_id":"a381ec80-d22e-4296-8b3f-e66abda213b3","local_time":"20210108224347","is_ascension_mode":false,"campfire_choices":[{"data":"Zap","floor":6.0,"key":"SMITH"},{"data":"BootSequence","floor":15.0,"key":"SMITH"},{"floor":23,"key":"REST"},{"floor":25,"key":"REST"},{"data":"Hello World","floor":32,"key":"SMITH"}],"circlet_count":0,"master_deck":["Strike_B","Strike_B","Strike_B","Strike_B","Defend_B+1","Defend_B","Defend_B","Defend_B","Zap+1","Dualcast+1","Buffer","Ball Lightning","BootSequence+1","Conserve Battery","Go for the Eyes","Lockon","Hello World+1","Sweeping Beam","Machine Learning","Streamline","Go for the Eyes+1"],"relics":["FrozenCore","Orichalcum","Toy Ornithopter","White Beast Statue","Bag of Preparation","MerchantsRug"],"acts_visited":["Exordium","TheCity"],"potions_floor_usage":[20,21,21,21,27,29,30,31,33],"damage_taken":[{"damage":0.0,"enemies":"Cultist","floor":1.0,"turns":4.0},{"damage":6.0,"enemies":"2 Louse","floor":2.0,"turns":3.0},{"damage":0.0,"enemies":"Small Slimes","floor":3.0,"turns":3.0},{"damage":9.0,"enemies":"Exordium Wildlife","floor":5.0,"turns":5.0},{"damage":4.0,"enemies":"Exordium Thugs","floor":8.0,"turns":4.0},{"damage":0.0,"enemies":"2 Fungi Beasts","floor":10.0,"turns":3.0},{"damage":0.0,"enemies":"Looter","floor":11.0,"turns":2.0},{"damage":0.0,"enemies":"Exordium Wildlife","floor":12.0,"turns":4.0},{"damage":1.0,"enemies":"2 Fungi Beasts","floor":13.0,"turns":3.0},{"damage":0.0,"enemies":"3 Louse","floor":14.0,"turns":4.0},{"damage":56.0,"enemies":"Hexaghost","floor":16.0,"turns":10.0},{"damage":0.0,"enemies":"2 Thieves","floor":18.0,"turns":4.0},{"damage":10.0,"enemies":"Spheric Guardian","floor":19.0,"turns":5.0},{"damage":21,"enemies":"Chosen and Byrds","floor":20,"turns":8},{"damage":24,"enemies":"Sentry and Sphere","floor":21,"turns":8},{"damage":25,"enemies":"Snake Plant","floor":22,"turns":6},{"damage":0,"enemies":"Snecko","floor":27,"turns":5},{"damage":6,"enemies":"Centurion and Healer","floor":29,"turns":6},{"damage":13,"enemies":"Chosen and Byrds","floor":30,"turns":7},{"damage":14,"enemies":"Shelled Parasite and Fungi","floor":31,"turns":6},{"damage":96,"enemies":"Automaton","floor":33,"turns":14}],"seed_played":"3236001992667845719","potions_obtained":[{"floor":5.0,"key":"SpeedPotion"},{"floor":8.0,"key":"SteroidPotion"},{"floor":10.0,"key":"Swift Potion"},{"floor":11.0,"key":"Block Potion"},{"floor":12.0,"key":"Swift Potion"},{"floor":13.0,"key":"SpeedPotion"},{"floor":14.0,"key":"Strength Potion"},{"floor":16.0,"key":"Regen Potion"},{"floor":19.0,"key":"Ancient Potion"},{"floor":20,"key":"LiquidBronze"},{"floor":21,"key":"Fruit Juice"},{"floor":22,"key":"Weak Potion"},{"floor":27,"key":"Explosive Potion"},{"floor":29,"key":"Explosive Potion"},{"floor":30,"key":"SkillPotion"},{"floor":31,"key":"Strength Potion"}],"is_trial":false,"path_per_floor":["M","M","M","T","M","R","T","M","T","M","M","M","M","M","R","B",null,"M","M","M","M","M","R","?","R","T","M","$","M","M","M","R","B"],"character_chosen":"DEFECT","items_purchased":["MerchantsRug","FairyPotion","Ancient Potion"],"campfire_rested":2,"item_purchase_floors":[28,28,28],"current_hp_per_floor":[75,69,69,69,60,60,60,56,56,56,61,66,70,75,75,19,75,75,69,53,49,24,48,48,72,72,77,77,74,66,57,57,0,0],"gold":203,"neow_bonus":"ONE_RANDOM_RARE_CARD","is_daily":false,"chose_seed":false,"campfire_upgraded":3,"win_rate":0.0,"timestamp":1610117027,"path_taken":["M","M","M","?","?","R","?","M","T","M","M","M","M","M","R","BOSS","M","M","M","M","?","R","?","R","T","?","$","M","M","?","R","BOSS"],"items_purchased_type":["Relic","Potion","Potion"],"build_version":"2020-12-22","purchased_purges":0,"victory":false,"max_hp_per_floor":[75,75,75,75,75,75,75,75,75,75,75,75,75,75,75,75,75,75,75,75,80,80,80,80,80,80,80,80,80,80,80,80,80,80],"card_choices":[{"not_picked":["Hologram","Cold Snap"],"picked":"Ball Lightning","floor":1.0},{"not_picked":["Compile Driver","Force Field"],"picked":"BootSequence","floor":2.0},{"not_picked":["Tempest","Undo"],"picked":"Conserve Battery","floor":3.0},{"not_picked":["Force Field","Turbo"],"picked":"Go for the Eyes","floor":5.0},{"not_picked":["Redo","Rip and Tear","Beam Cell"],"picked":"SKIP","floor":8.0},{"not_picked":["Undo","Leap","Coolheaded"],"picked":"SKIP","floor":10.0},{"not_picked":["Storm","Coolheaded"],"picked":"Lockon","floor":11.0},{"not_picked":["Doom and Gloom","Skim"],"picked":"Hello World","floor":12.0},{"not_picked":["Fission","Cold Snap","Blizzard"],"picked":"SKIP","floor":13.0},{"not_picked":["Rip and Tear","Capacitor"],"picked":"Sweeping Beam","floor":14.0},{"not_picked":["Multi-Cast","Buffer"],"picked":"Machine Learning","floor":16.0},{"not_picked":["Rebound","Hologram+1","Coolheaded"],"picked":"SKIP","floor":18.0},{"not_picked":["Sweeping Beam","Reinforced Body+1"],"picked":"Streamline","floor":19.0},{"not_picked":["Barrage","Defragment","Aggregate"],"picked":"SKIP","floor":20},{"not_picked":["Turbo","Aggregate+1","Rip and Tear"],"picked":"SKIP","floor":21},{"not_picked":["Rip and Tear","Hologram","Gash+1"],"picked":"SKIP","floor":22},{"not_picked":["Reinforced Body","Cold Snap+1"],"picked":"Go for the Eyes+1","floor":27},{"not_picked":["Streamline","Chaos","Turbo"],"picked":"SKIP","floor":29},{"not_picked":["All For One","Reprogram+1","Cold Snap"],"picked":"SKIP","floor":30},{"not_picked":["Chill","Streamline+1","Hologram+1"],"picked":"SKIP","floor":31}],"player_experience":95633,"relics_obtained":[{"floor":4.0,"key":"Orichalcum"},{"floor":7.0,"key":"Toy Ornithopter"},{"floor":9.0,"key":"White Beast Statue"},{"floor":24,"key":"Bag of Preparation"},{"floor":26,"key":"War Paint"}],"event_choices":[{"damage_healed":0,"gold_gain":0,"player_choice":"Relic","damage_taken":0,"max_hp_gain":0,"max_hp_loss":0,"event_name":"Wheel of Change","floor":24,"gold_loss":0}],"is_beta":false,"boss_relics":[{"not_picked":["Tiny House","Calling Bell"],"picked":"FrozenCore"}],"items_purged_floors":[],"is_endless":false,"potions_floor_spawned":[5,8,10,11,12,13,14,16,18,19,20,21,22,27,29,30,31],"killed_by":"Automaton","ascension_level":0}}