{"host":"uonldg9uriwfhjjx","time":1610083250,"event":{"mods":["AchievementEnabler","BaseMod","Minty Spire (QoL Compilation)","Relic Stats"],"gold_per_floor":[116,65,65,45,60,85,102,102,102,102,118,151,151,151,151,223,223,237,162,179,137,137,137,165,183,254,287,300,39,52,82,94,180,192,218,276,194,222,245,286,316,328,340,384,416,446,483,511,523,535],"floor_reached":51,"playtime":1662,"items_purged":["Strike_G","Defend_G"],"score":1483,"play_id":"afb6627f-a3e0-49c7-b3eb-3c04aeb6f220","local_time":"20210108002050","is_ascension_mode":true,"campfire_choices":[{"data":"Blade Dance","floor":8,"key":"SMITH"},{"data":"Cloak And Dagger","floor":10,"key":"SMITH"},{"floor":13,"key":"REST"},{"data":"Survivor","floor":15,"key":"SMITH"},{"data":"Burst","floor":23,"key":"SMITH"},{"data":"Accuracy","floor":32,"key":"SMITH"},{"data":"Blade Dance","floor":42,"key":"SMITH"},{"data":"Accuracy","floor":49,"key":"SMITH"}],"circlet_count":0,"master_deck":["AscendersBane","Strike_G+1","Strike_G","Defend_G","Defend_G","Defend_G","Survivor+1","Neutralize+1","Cloak And Dagger+1","Deadly Poison","Blade Dance+1","Backstab","Burst+1","Blur+1","Cloak And Dagger+1","Footwork+1","Infinite Blades","Blade Dance+1","Cloak And Dagger+1","Accuracy+1","Backstab","Infinite Blades","Leg Sweep","Blade Dance+1","Infinite Blades","Accuracy+1"],"relics":["Ring of the Snake","NeowsBlessing","Mango","Whetstone","TungstenRod","Sundial","Shuriken","Astrolabe","Anchor","Pantograph","Bird Faced Urn","Lee\u0027s Waffle","MawBank","WristBlade","Calipers","Potion Belt","CaptainsWheel","Bottled Tornado","Singing Bowl","Turnip"],"acts_visited":["Exordium","TheCity","TheBeyond"],"potions_floor_usage":[46,50,50,50,50,50,50,50,50],"damage_taken":[{"damage":0,"enemies":"Small Slimes","floor":1,"turns":1},{"damage":0,"enemies":"2 Louse","floor":5,"turns":1},{"damage":0,"enemies":"Gremlin Nob","floor":6,"turns":1},{"damage":1,"enemies":"Cultist","floor":7,"turns":4},{"damage":16,"enemies":"Exordium Thugs","floor":11,"turns":5},{"damage":27,"enemies":"3 Sentries","floor":12,"turns":8},{"damage":14,"enemies":"Slime Boss","floor":16,"turns":8},{"damage":9,"enemies":"Spheric Guardian","floor":18,"turns":4},{"damage":0,"enemies":"3 Byrds","floor":20,"turns":4},{"damage":21,"enemies":"Slavers","floor":24,"turns":4},{"damage":5,"enemies":"Snake Plant","floor":25,"turns":6},{"damage":18,"enemies":"Gremlin Leader","floor":27,"turns":5},{"damage":10,"enemies":"Centurion and Healer","floor":28,"turns":5},{"damage":7,"enemies":"Snecko","floor":30,"turns":4},{"damage":15,"enemies":"Slavers","floor":31,"turns":4},{"damage":29,"enemies":"Champ","floor":33,"turns":7},{"damage":0,"enemies":"3 Shapes","floor":35,"turns":5},{"damage":0,"enemies":"2 Orb Walkers","floor":36,"turns":2},{"damage":0,"enemies":"3 Darklings","floor":38,"turns":4},{"damage":0,"enemies":"Maw","floor":39,"turns":4},{"damage":3,"enemies":"Giant Head","floor":40,"turns":5},{"damage":9,"enemies":"4 Shapes","floor":41,"turns":5},{"damage":19,"enemies":"Nemesis","floor":44,"turns":3},{"damage":0,"enemies":"Sphere and 2 Shapes","floor":45,"turns":2},{"damage":0,"enemies":"Writhing Mass","floor":46,"turns":3},{"damage":8,"enemies":"Reptomancer","floor":47,"turns":3},{"damage":11,"enemies":"4 Shapes","floor":48,"turns":11},{"damage":61,"enemies":"Awakened One","floor":50,"turns":7}],"seed_played":"6974767508243942308","potions_obtained":[{"floor":1,"key":"GamblersBrew"},{"floor":4,"key":"EntropicBrew"},{"floor":5,"key":"FairyPotion"},{"floor":38,"key":"CunningPotion"},{"floor":44,"key":"Energy Potion"},{"floor":47,"key":"BlessingOfTheForge"}],"is_trial":false,"path_per_floor":["M","$","?","?","M","E","M","R","T","R","M","E","R","T","R","B",null,"M","$","M","$","?","R","E","M","T","E","M","$","M","E","R","B",null,"M","?","?","M","M","E","M","R","T","E","M","M","E","M","R","B",null],"character_chosen":"THE_SILENT","items_purchased":["Deadly Poison","Infinite Blades","Lee\u0027s Waffle"],"campfire_rested":1,"item_purchase_floors":[2,21,29],"current_hp_per_floor":[59,59,47,47,47,47,46,46,46,46,30,3,27,27,27,13,63,54,54,54,54,54,54,33,28,28,10,2,87,84,75,75,62,81,87,87,87,87,87,84,80,80,80,67,73,77,71,72,72,44],"gold":547,"neow_bonus":"THREE_ENEMY_KILL","is_daily":false,"chose_seed":false,"campfire_upgraded":7,"win_rate":0.0,"timestamp":1610083250,"path_taken":["M","$","?","?","?","E","M","R","T","R","M","E","R","?","R","BOSS","M","$","M","$","?","R","E","M","T","E","M","$","?","E","R","BOSS","M","?","?","M","M","E","?","R","T","E","M","?","E","M","R","BOSS"],"items_purchased_type":["Card","Card","Relic"],"build_version":"2020-12-22","purchased_purges":2,"victory":true,"max_hp_per_floor":[66,66,80,80,80,80,80,80,80,80,80,80,80,80,80,80,80,80,80,80,80,80,80,80,80,80,80,80,87,87,87,87,87,87,87,87,87,87,87,87,87,87,87,89,91,93,93,95,95,95],"relic_stats":{"Lee\u0027s Waffle":85,"Singing Bowl":8,"counters":[28,125],"Astrolabe":["Blur","Cloak And Dagger","Footwork"],"Whetstone":["Strike_G","Neutralize"],"MawBank":240,"Sundial":[10],"Shuriken":[119],"Pantograph":35,"Bird Faced Urn":[59],"Turnip":[0],"obtain_stats":[{"Potion Belt":37,"Lee\u0027s Waffle":29,"Calipers":36,"NeowsBlessing":0,"Singing Bowl":44,"Astrolabe":17,"Mango":3,"Whetstone":6,"Bottled Tornado":43,"MawBank":31,"Anchor":24,"CaptainsWheel":40,"WristBlade":34,"Sundial":12,"Shuriken":14,"Pantograph":26,"Bird Faced Urn":27,"Turnip":47,"TungstenRod":9,"Ring of the Snake":0},{"Potion Belt":18,"Lee\u0027s Waffle":13,"Calipers":18,"NeowsBlessing":0,"Singing Bowl":23,"Astrolabe":7,"Mango":1,"Whetstone":3,"Bottled Tornado":22,"MawBank":15,"Anchor":10,"CaptainsWheel":21,"WristBlade":16,"Sundial":6,"Shuriken":6,"Pantograph":11,"Bird Faced Urn":12,"Turnip":26,"TungstenRod":4,"Ring of the Snake":0},{"Potion Belt":78,"Lee\u0027s Waffle":56,"Calipers":78,"NeowsBlessing":0,"Singing Bowl":99,"Astrolabe":28,"Mango":1,"Whetstone":3,"Bottled Tornado":96,"MawBank":64,"Anchor":40,"CaptainsWheel":91,"WristBlade":71,"Sundial":20,"Shuriken":20,"Pantograph":46,"Bird Faced Urn":51,"Turnip":107,"TungstenRod":7,"Ring of the Snake":0}],"TungstenRod":43,"Ring of the Snake":[56]},"card_choices":[{"not_picked":["Terror","Dodge and Roll"],"picked":"Cloak And Dagger","floor":1},{"not_picked":["Heel Hook","Dagger Spray","Acrobatics"],"picked":"SKIP","floor":5},{"not_picked":["Dagger Spray","Deflect"],"picked":"Blade Dance","floor":6},{"not_picked":["Poisoned Stab","Dodge and Roll","Flying Knee"],"picked":"SKIP","floor":7},{"not_picked":["Caltrops","Bane","Endless Agony"],"picked":"SKIP","floor":11},{"not_picked":["Poisoned Stab","Distraction"],"picked":"Backstab","floor":12},{"not_picked":["Bullet Time","Die Die Die"],"picked":"Burst","floor":16},{"not_picked":["Underhanded Strike","Dodge and Roll","Deflect"],"picked":"SKIP","floor":18},{"not_picked":["Poisoned Stab","Deadly Poison","Slice"],"picked":"SKIP","floor":20},{"not_picked":["Underhanded Strike","Concentrate","Riddle With Holes+1"],"picked":"SKIP","floor":24},{"not_picked":["Backflip","Unload","Poisoned Stab"],"picked":"SKIP","floor":25},{"not_picked":["Prepared","Catalyst"],"picked":"Cloak And Dagger+1","floor":27},{"not_picked":["All Out Attack+1","Catalyst"],"picked":"Accuracy","floor":28},{"not_picked":["Deflect","Quick Slash"],"picked":"Backstab","floor":30},{"not_picked":["Concentrate","Skewer+1","Slice"],"picked":"SKIP","floor":31},{"not_picked":["Backflip","Blade Dance"],"picked":"Infinite Blades","floor":35},{"not_picked":["Dodge and Roll","Prepared+1"],"picked":"Leg Sweep","floor":36},{"not_picked":["Cloak And Dagger","Dodge and Roll","Predator"],"picked":"SKIP","floor":38},{"not_picked":["Storm of Steel","Tactician"],"picked":"Blade Dance","floor":39},{"not_picked":["Flying Knee","Backflip"],"picked":"Infinite Blades","floor":40},{"not_picked":["All Out Attack","Bouncing Flask+1","Dagger Throw"],"picked":"SKIP","floor":41},{"not_picked":["Prepared","Malaise","Heel Hook"],"picked":"Singing Bowl","floor":44},{"not_picked":["Deadly Poison","Flying Knee","Sucker Punch+1"],"picked":"Singing Bowl","floor":45},{"not_picked":["Backflip","Slice","Riddle With Holes"],"picked":"Singing Bowl","floor":46},{"not_picked":["Masterful Stab","Eviscerate"],"picked":"Accuracy","floor":47},{"not_picked":["Outmaneuver","Deflect+1","Cloak And Dagger"],"picked":"Singing Bowl","floor":48}],"player_experience":744283,"relics_obtained":[{"floor":6,"key":"Whetstone"},{"floor":9,"key":"TungstenRod"},{"floor":12,"key":"Sundial"},{"floor":14,"key":"Shuriken"},{"floor":24,"key":"Anchor"},{"floor":26,"key":"Pantograph"},{"floor":27,"key":"Bird Faced Urn"},{"floor":31,"key":"MawBank"},{"floor":36,"key":"Calipers"},{"floor":40,"key":"CaptainsWheel"},{"floor":43,"key":"Bottled Tornado"},{"floor":44,"key":"Singing Bowl"},{"floor":47,"key":"Turnip"}],"event_choices":[{"damage_healed":0,"gold_gain":0,"player_choice":"Success","damage_taken":26,"relics_obtained":["Mango"],"max_hp_gain":0,"max_hp_loss":0,"event_name":"Scrap Ooze","floor":3,"gold_loss":0},{"damage_healed":0,"gold_gain":0,"player_choice":"Bought 1 Potion","damage_taken":0,"max_hp_gain":0,"max_hp_loss":0,"event_name":"The Woman in Blue","floor":4,"gold_loss":0},{"damage_healed":0,"gold_gain":0,"player_choice":"Copied","damage_taken":0,"max_hp_gain":0,"max_hp_loss":0,"event_name":"Duplicator","floor":22,"gold_loss":0,"cards_obtained":["Blade Dance"]},{"damage_healed":0,"gold_gain":0,"player_choice":"Fight","damage_taken":0,"max_hp_gain":0,"max_hp_loss":0,"event_name":"Mysterious Sphere","floor":36,"gold_loss":0},{"damage_healed":0,"gold_gain":0,"player_choice":"Paid Gold","damage_taken":0,"relics_obtained":["Potion Belt"],"max_hp_gain":0,"max_hp_loss":0,"event_name":"WeMeetAgain","floor":37,"gold_loss":94}],"is_beta":false,"boss_relics":[{"not_picked":["Ectoplasm","Ring of the Serpent"],"picked":"Astrolabe"},{"not_picked":["Calling Bell","Pandora\u0027s Box"],"picked":"WristBlade"}],"items_purged_floors":[19,29],"is_endless":false,"potions_floor_spawned":[1,5,11,16,25,27,33,35,38,44,47,48],"ascension_level":16}}