{"host":"01t6jpmmvexppwnf","time":1610098155,"event":{"mods":["AchievementEnabler","Act Like it!","BaseMod","Better-Laid Plans","BetterRewards","Colored Map","Colored Powertips","Conspire","Hallownest","Minty Spire (QoL Compilation)","Permanent Neow","Quick Restart","Rare Cards Sparkle","Remove Card Discount Mod","Replay The Spire","Shop Mod","StSLib","Transform Curses","óô»ðÖ¸ÄÏ"],"gold_per_floor":[119,119,0,0,16,154,185,195,272,306,320,354,369,382,124,220,320,338,358,370,386,386,416,416,448,498,527,539,689,748,782,723,822,822,837,837,853,853,863,893,909,909,909,569,569,569,583,595,595,595,595,595,509,542,542,542],"floor_reached":55,"playtime":4564,"items_purged":["Injury","Strike_B","Strike_B","Dualcast","Zap","Strike_B","Strike_B","Hallownest:curseDreamersLament","ReplayTheSpireMod:Repulse+1","Crystallizer","Beam Cell","Sweeping Beam","Melter","Streamline","Reinforced Body+1"],"score":1079,"play_id":"43a6bb8d-ecfd-445d-b623-b0a7e650fc83","local_time":"20210108172915","is_ascension_mode":true,"campfire_choices":[{"data":"Seek","floor":24.0,"key":"SMITH"},{"data":"Reprogram","floor":42.0,"key":"SMITH"},{"data":"ReplayTheSpireMod:Omega Cannon","floor":46.0,"key":"SMITH"},{"floor":49.0,"key":"RECALL"},{"data":"Reinforced Body","floor":52.0,"key":"SMITH"}],"circlet_count":0,"master_deck":["Hallownest:skillLeafShield","Hallownest:skillLeafShield","Hallownest:skillLeafShield","Hallownest:skillLeafShield","Hallownest:skillLeafShield","Reprogram+1","Reinforced Body+1","Seek+1","Self Repair+1","Core Surge","ReplayTheSpireMod:GoodbyeWorld+1","Genetic Algorithm","Genetic Algorithm","ReplayTheSpireMod:Omega Cannon+1","Amnesia","Heatsinks+1","Hello World","Madness","Mirror Shield"],"relics":["Philosopher\u0027s Stone","Oddly Smooth Stone","ReplayTheSpireMod:CursedCoin","Geode","Kunai","MealTicket","Potion Belt","conspire:Flyswatter","Replay:Wanted Poster","Hallownest:WatcherSealRelic","Mummified Hand","Replay:Bottled Flurry","Question Card","Regal Pillow","Coffee Dripper","ReplayTheSpireMod:Ring of Addiction","White Beast Statue","Chameleon Ring","Mango","Onion Ring","Bottled Flame","Du-Vu Doll"],"acts_visited":["Hallownest:Greenpath","Hallownest:CityofTears","Hallownest:KingdomsEdge","TheEnding"],"potions_floor_usage":[55,55,55,55,55],"damage_taken":[{"damage":8.0,"enemies":"Hallownest:monsterHuskWarrior","floor":1.0,"turns":3.0},{"damage":0.0,"enemies":"Hallownest:monsterHuskGuard","floor":5.0,"turns":3.0},{"damage":6.0,"enemies":"Hallownest:eliteMossKnight","floor":7.0,"turns":8.0},{"damage":0.0,"enemies":"2_ Uuma","floor":8.0,"turns":4.0},{"damage":0.0,"enemies":"Hallownest:eliteVengeflyKing","floor":10.0,"turns":5.0},{"damage":9.0,"enemies":"Hallownest:2_Tiktiks_1_Baldur_1_Crawlid","floor":11.0,"turns":4.0},{"damage":8.0,"enemies":"Hallownest:eliteCrystalGuardian","floor":12.0,"turns":5.0},{"damage":2.0,"enemies":"Hallownest:MossCreep_and_Mosskin","floor":13.0,"turns":6.0},{"damage":0.0,"enemies":"Hallownest:monsterAspidMother","floor":14.0,"turns":4.0},{"damage":0.0,"enemies":"Hallownest:BossFalseKnight","floor":16.0,"turns":8.0},{"damage":6.0,"enemies":"Hallownest:3_Youths","floor":18.0,"turns":6.0},{"damage":2.0,"enemies":"Hallownest:Guard_and_Sentry","floor":19.0,"turns":4.0},{"damage":18.0,"enemies":"Hallownest:3_Mistakes","floor":20.0,"turns":11.0},{"damage":1.0,"enemies":"Hallownest:monsterMisterMushroom","floor":21.0,"turns":6.0},{"damage":20.0,"enemies":"Hallownest:Nosk","floor":23.0,"turns":9.0},{"damage":16.0,"enemies":"Hallownest:eliteWatcherKnight","floor":25.0,"turns":9.0},{"damage":4.0,"enemies":"Hallownest:Nosk","floor":27.0,"turns":8.0},{"damage":8.0,"enemies":"Hallownest:Master_and_Novice","floor":28.0,"turns":3.0},{"damage":13.0,"enemies":"Hallownest:Glutton_and_Coward","floor":30.0,"turns":4.0},{"damage":25.0,"enemies":"Hallownest:eliteSoulWarrior","floor":31.0,"turns":7.0},{"damage":50.0,"enemies":"Hallownest:BossMantisLord","floor":33.0,"turns":15.0},{"damage":19.0,"enemies":"Hallownest:Shield_Heavy","floor":35.0,"turns":4.0},{"damage":47.0,"enemies":"Hallownest:3_Siblings","floor":37.0,"turns":8.0},{"damage":0.0,"enemies":"Hallownest:monsterPrimalAspid","floor":39.0,"turns":5.0},{"damage":63.0,"enemies":"Hallownest:eliteHiveKnight","floor":40.0,"turns":11.0},{"damage":8.0,"enemies":"Hallownest:Xero_Hu_Marmu","floor":41.0,"turns":10.0},{"damage":0.0,"enemies":"Hallownest:2_Great","floor":47.0,"turns":2.0},{"damage":3.0,"enemies":"Hallownest:monsterPrimalAspid","floor":48.0,"turns":3.0},{"damage":59.0,"enemies":"Hallownest:BossHollowKnight","floor":50.0,"turns":16.0},{"damage":38.0,"enemies":"Shield and Spear","floor":54.0,"turns":4.0},{"damage":108,"enemies":"The Heart","floor":55,"turns":4}],"seed_played":"-7773192433880545666","potions_obtained":[{"floor":1.0,"key":"Venom Potion"},{"floor":13.0,"key":"SpeedPotion"},{"floor":14.0,"key":"Strength Potion"},{"floor":16.0,"key":"Block Potion"},{"floor":19.0,"key":"FocusPotion"},{"floor":23.0,"key":"SpeedPotion"},{"floor":27.0,"key":"Fire Potion"},{"floor":28.0,"key":"FairyPotion"},{"floor":30.0,"key":"Regen Potion"},{"floor":38.0,"key":"Venom Potion"},{"floor":38.0,"key":"Flashbang"},{"floor":38.0,"key":"Venom Potion"},{"floor":39.0,"key":"Regen Potion"},{"floor":40.0,"key":"PotionOfCapacity"},{"floor":41.0,"key":"Swift Potion"},{"floor":47.0,"key":"BlessingOfTheForge"},{"floor":54.0,"key":"DuplicationPotion"}],"is_trial":false,"path_per_floor":["M","?","?","$","M","R","E","M","T","E","M","E","M","M","R","B",null,"M","M","M","M","?","E","R","E","T","E","M","?","M","E","R","B",null,"M","?","M","?","M","E","M","R","T","$","?","R","M","M","R","B",null,"R","$","E","B"],"character_chosen":"DEFECT","items_purchased":["ReplayTheSpireMod:CursedCoin","conspire:Flyswatter","Genetic Algorithm","Hello World","Bottled Flame","Madness"],"campfire_rested":0,"item_purchase_floors":[6,15,32,44,44,53],"current_hp_per_floor":[67,67,67,67,67,67,61,61,61,61,52,44,42,42,42,42,67,61,59,41,50,50,50,50,54,54,60,72,72,75,60,60,45,68,69,69,42,42,62,55,57,57,57,72,72,72,80,80,80,31,68,68,80,50,0,0],"gold":542,"neow_bonus":"BOSS_RELIC","is_daily":false,"chose_seed":false,"campfire_upgraded":4,"win_rate":0.0,"timestamp":1610098155,"path_taken":["M","?","?","?","M","R","E","M","T","E","?","E","M","M","R","BOSS","M","M","M","M","?","E","R","E","T","E","M","?","M","E","R","BOSS","M","?","M","?","M","E","?","R","T","$","?","R","M","M","R","BOSS","R","$","E","BOSS"],"items_purchased_type":["Relic","Relic","Card","Card","Relic","Card"],"build_version":"2020-12-22","purchased_purges":15,"victory":false,"max_hp_per_floor":[75,75,75,75,75,75,75,75,75,75,75,75,75,75,75,75,75,75,75,75,75,75,75,75,75,75,75,75,75,75,75,75,75,75,75,70,70,70,70,84,84,84,84,82,82,82,80,80,80,80,80,80,80,78,78,78],"card_choices":[{"not_picked":["Blizzard","Rebound"],"picked":"Sweeping Beam","floor":1.0},{"not_picked":["ReplaySolidLightProjector","Cold Snap"],"picked":"Reprogram","floor":5.0},{"not_picked":["Barrage","Rebound"],"picked":"Melter","floor":7.0},{"not_picked":["Go for the Eyes","Self Repair"],"picked":"Crystallizer","floor":8.0},{"not_picked":["Conserve Battery","ReplayTheSpireMod:Reroute Power","Ball Lightning"],"picked":"SKIP","floor":10.0},{"not_picked":["Cold Snap","Time Bomb"],"picked":"Beam Cell","floor":11.0},{"not_picked":["Double Energy","conspire:Rain"],"picked":"Reinforced Body","floor":12.0},{"not_picked":["Go for the Eyes","conspire:Rain","Compile Driver"],"picked":"SKIP","floor":13.0},{"not_picked":["Compile Driver","Stack","Barrage"],"picked":"SKIP","floor":14.0},{"not_picked":["Fission","Rainbow"],"picked":"Seek","floor":16.0},{"not_picked":["Go for the Eyes+1","Conserve Battery"],"picked":"Streamline","floor":18.0},{"not_picked":["Gash","ReplayTheSpireMod:Dual Polarity+1","Capacitor"],"picked":"SKIP","floor":19.0},{"not_picked":["Beam Cell","Consume"],"picked":"Self Repair+1","floor":20.0},{"not_picked":["Compile Driver","Leap","Rip and Tear"],"picked":"SKIP","floor":21.0},{"not_picked":["Glacier+1","Stack","Conserve Battery"],"picked":"SKIP","floor":23.0},{"not_picked":["Sweeping Beam","Coolheaded","Gash"],"picked":"SKIP","floor":25.0},{"not_picked":["Mirror Shield","Rebound"],"picked":"Core Surge","floor":27.0},{"not_picked":["conspire:Rain","Force Field","Beam Cell+1"],"picked":"ReplayTheSpireMod:Repulse+1","floor":28.0},{"not_picked":["Cold Snap+1","Stack","Streamline"],"picked":"ReplayTheSpireMod:GoodbyeWorld+1","floor":30.0},{"not_picked":["FTL","Glacier","Sweeping Beam","Compile Driver+1"],"picked":"SKIP","floor":31.0},{"not_picked":["Thunder Strike","Hyperbeam","Biased Cognition"],"picked":"ReplayTheSpireMod:Omega Cannon","floor":33.0},{"not_picked":["Rebound","Gash","Turbo","Compile Driver+1"],"picked":"SKIP","floor":35.0},{"not_picked":["Barrage","Hyperbeam","FIFO Queue","Leap"],"picked":"SKIP","floor":37.0},{"not_picked":["Core Surge","Tempest","Gash+1"],"picked":"Reinforced Body+1","floor":39.0},{"not_picked":["Cold Snap+1","ReplaySolidLightProjector+1","Tempest+1","Ball Lightning+1"],"picked":"SKIP","floor":40.0},{"not_picked":["Double Energy+1","Compile Driver","Gash+1"],"picked":"Heatsinks+1","floor":41.0},{"not_picked":["Hologram","Melter+1","BasicCrystalCard+1","Coolheaded"],"picked":"SKIP","floor":47.0},{"not_picked":["Hologram+1","Compile Driver","Gash","Hyperbeam"],"picked":"SKIP","floor":48.0},{"not_picked":["Rebound+1","Gash","Reprogram"],"picked":"Mirror Shield","floor":54.0}],"player_experience":166018,"relics_obtained":[{"floor":7.0,"key":"Geode"},{"floor":9.0,"key":"Kunai"},{"floor":10.0,"key":"MealTicket"},{"floor":12.0,"key":"Potion Belt"},{"floor":23.0,"key":"Mummified Hand"},{"floor":25.0,"key":"Replay:Bottled Flurry"},{"floor":27.0,"key":"Question Card"},{"floor":31.0,"key":"Regal Pillow"},{"floor":38.0,"key":"ReplayTheSpireMod:Ring of Addiction"},{"floor":38.0,"key":"White Beast Statue"},{"floor":38.0,"key":"Chameleon Ring"},{"floor":40.0,"key":"Mango"},{"floor":43.0,"key":"Onion Ring"},{"floor":54.0,"key":"Du-Vu Doll"}],"event_choices":[{"damage_healed":0.0,"max_hp_gain":0.0,"max_hp_loss":0.0,"gold_gain":0.0,"event_name":"conspire:Investor","player_choice":"Leave","floor":45.0,"gold_loss":0.0,"damage_taken":0.0}],"is_beta":false,"boss_relics":[{"not_picked":["Snecko Eye","Honey Jar"],"picked":"Replay:Wanted Poster"},{"not_picked":["Replay:Bronze Core","Inserter"],"picked":"Coffee Dripper"}],"items_purged_floors":[6,6,6,6,6,6,15,32,32,32,32,44,44,44,44],"is_endless":false,"potions_floor_spawned":[1,13,14,16,19,23,27,28,30,39,40,41,47,48,54],"killed_by":"The Heart","ascension_level":5}}