{"host":"2npfnsezmz4exwhv","time":1610091759,"event":{"mods":["BaseMod","Colored Powertips","Gold Saver","Minty Spire (QoL Compilation)","Quick Restart","Shop Mod","StSLib","SuperFastMode","The Alterego","The Construct","Uncapped","noobMod"],"gold_per_floor":[1017,37,37,55,69,69,99,99,99,111,146,165,191,208,208,313,313,329,340,354,368,382,413,413,448,448,448,448,461,472,499,499,595,645,657,707,707,721,731,731,764,764,764,795,795,408,439,464,464,464,464,464,574,607,607],"floor_reached":56,"playtime":1476,"items_purged":["alterego_mod:BrynhildrsRune","alterego_mod:Defend"],"score":1871,"play_id":"f70dcfdd-733b-4aee-a3e3-c9f70d445d19","local_time":"20210108154239","is_ascension_mode":true,"campfire_choices":[{"floor":6,"key":"RECALL"},{"data":"alterego_mod:Venus","floor":8,"key":"SMITH"},{"data":"alterego_mod:BigMeatyClaws","floor":15,"key":"SMITH"},{"data":"alterego_mod:Venus","floor":24,"key":"SMITH"},{"data":"alterego_mod:Impale","floor":28,"key":"PURGE"},{"data":"alterego_mod:BusterCard","floor":32,"key":"PURGE"},{"data":"alterego_mod:HighServant","floor":40,"key":"PURGE"},{"data":"alterego_mod:Strike","floor":42,"key":"PURGE"},{"data":"alterego_mod:Strike","floor":45,"key":"PURGE"},{"data":"alterego_mod:Defend","floor":49,"key":"PURGE"},{"data":"alterego_mod:GachaTicket","floor":52,"key":"SMITH"}],"circlet_count":0,"master_deck":["alterego_mod:Strike","alterego_mod:Strike","alterego_mod:Defend","alterego_mod:Defend","alterego_mod:BigMeatyClaws+1","alterego_mod:Venus+1","alterego_mod:Rip","alterego_mod:BiFurious","alterego_mod:Undulate","alterego_mod:Stockings","alterego_mod:Collar","alterego_mod:GachaTicket+1","alterego_mod:ClassAdvantage+1","alterego_mod:Rip","alterego_mod:Venus+1","alterego_mod:Bounce+1","alterego_mod:Rip","alterego_mod:Vow+1","alterego_mod:Bounce","alterego_mod:Clap","alterego_mod:Collar+1","alterego_mod:GIGAMILK","alterego_mod:Exercise","alterego_mod:SakuraFive+1"],"relics":["alterego_mod:MasochisticConstitution","ice","NeowsBlessing","MerchantsRug","construct:BoolHorns","OrangePellets","Ancient Tea Set","Ice Cream","SlaversCollar","Juzu Bracelet","Bag of Preparation","Peace Pipe","Boot","FossilizedHelix","White Beast Statue","Unceasing Top","Pocketwatch","construct:RocketBooster","Pen Nib"],"acts_visited":["Exordium","TheCity","TheBeyond","TheEnding"],"potions_floor_usage":[22,22],"damage_taken":[{"damage":0,"enemies":"Small Slimes","floor":1,"turns":1},{"damage":0,"enemies":"Jaw Worm","floor":4,"turns":1},{"damage":0,"enemies":"Cultist","floor":5,"turns":1},{"damage":34,"enemies":"3 Sentries","floor":7,"turns":5},{"damage":4,"enemies":"Exordium Thugs","floor":10,"turns":3},{"damage":3,"enemies":"Gremlin Nob","floor":11,"turns":4},{"damage":17,"enemies":"3 Louse","floor":12,"turns":3},{"damage":10,"enemies":"3 Sentries","floor":13,"turns":4},{"damage":15,"enemies":"Lots of Slimes","floor":14,"turns":4},{"damage":22,"enemies":"Hexaghost","floor":16,"turns":4},{"damage":10,"enemies":"2 Thieves","floor":18,"turns":3},{"damage":15,"enemies":"3 Byrds","floor":19,"turns":4},{"damage":18,"enemies":"Snake Plant","floor":20,"turns":4},{"damage":24,"enemies":"Shelled Parasite and Fungi","floor":21,"turns":4},{"damage":6,"enemies":"Chosen and Byrds","floor":22,"turns":3},{"damage":24,"enemies":"Gremlin Leader","floor":23,"turns":3},{"damage":23,"enemies":"Slavers","floor":25,"turns":3},{"damage":0,"enemies":"Snake Plant","floor":29,"turns":1},{"damage":0,"enemies":"Shelled Parasite and Fungi","floor":30,"turns":1},{"damage":0,"enemies":"Book of Stabbing","floor":31,"turns":2},{"damage":0,"enemies":"Collector","floor":33,"turns":2},{"damage":0,"enemies":"3 Shapes","floor":35,"turns":1},{"damage":48,"enemies":"Mind Bloom Boss Battle","floor":36,"turns":3},{"damage":8,"enemies":"3 Darklings","floor":38,"turns":3},{"damage":0,"enemies":"Writhing Mass","floor":39,"turns":1},{"damage":3,"enemies":"Giant Head","floor":41,"turns":3},{"damage":14,"enemies":"Nemesis","floor":44,"turns":2},{"damage":15,"enemies":"Reptomancer","floor":47,"turns":2},{"damage":0,"enemies":"Giant Head","floor":48,"turns":2},{"damage":0,"enemies":"Awakened One","floor":50,"turns":3},{"damage":11,"enemies":"Shield and Spear","floor":54,"turns":2},{"damage":116,"enemies":"The Heart","floor":55,"turns":4}],"seed_played":"-4970708759000091022","potions_obtained":[{"floor":4,"key":"construct:ShiftPotion"},{"floor":12,"key":"DistilledChaos"},{"floor":13,"key":"BlessingOfTheForge"},{"floor":16,"key":"construct:ShiftPotion"},{"floor":23,"key":"Dexterity Potion"},{"floor":29,"key":"LiquidMemories"},{"floor":33,"key":"Ancient Potion"},{"floor":47,"key":"ColorlessPotion"},{"floor":48,"key":"AttackPotion"},{"floor":54,"key":"BlessingOfTheForge"}],"is_trial":false,"path_per_floor":["M","$","?","M","M","R","E","R","T","M","E","M","E","M","R","B",null,"M","M","M","M","M","E","R","E","T","?","R","M","M","E","R","B",null,"M","?","?","M","M","R","E","R","T","E","R","$","E","E","R","B",null,"R","$","E","B",null],"character_chosen":"The_Alterego","items_purchased":["MerchantsRug","alterego_mod:Venus","construct:BoolHorns","OrangePellets","Ancient Tea Set","alterego_mod:GIGAMILK","alterego_mod:Exercise","Unceasing Top"],"campfire_rested":0,"item_purchase_floors":[2,2,2,2,2,46,46,46],"current_hp_per_floor":[70,70,70,70,70,70,37,37,37,34,32,16,95,81,81,60,98,89,75,58,35,30,7,7,138,145,145,145,145,145,145,145,145,171,171,124,124,117,117,117,115,115,115,102,102,102,88,88,88,88,182,182,182,172,57],"gold":607,"neow_bonus":"THREE_ENEMY_KILL","is_daily":false,"chose_seed":false,"campfire_upgraded":4,"win_rate":0.0,"timestamp":1610091759,"path_taken":["M","$","?","M","M","R","E","R","T","M","E","M","E","M","R","BOSS","M","M","M","M","M","E","R","E","T","?","R","M","M","E","R","BOSS","M","?","?","M","M","R","E","R","T","E","R","$","E","E","R","BOSS","R","$","E","BOSS"],"items_purchased_type":["Relic","Card","Relic","Relic","Relic","Card","Card","Relic"],"build_version":"2020-12-22","purchased_purges":2,"victory":true,"max_hp_per_floor":[90,90,90,90,90,90,91,91,91,92,93,94,95,103,103,111,111,114,140,147,153,156,160,160,164,171,171,171,171,171,173,173,173,178,178,197,197,202,202,202,205,205,205,209,209,209,212,212,212,213,213,213,213,216,289],"card_choices":[{"not_picked":["alterego_mod:HighServant","alterego_mod:1TonWallop","alterego_mod:DiscoLights"],"picked":"SKIP","floor":1},{"not_picked":["alterego_mod:Cooking","alterego_mod:BeGentle","alterego_mod:GoddessCore"],"picked":"SKIP","floor":4},{"not_picked":["alterego_mod:Santa","alterego_mod:Complex"],"picked":"alterego_mod:Stockings","floor":5},{"not_picked":["alterego_mod:Nekomimi","alterego_mod:IndependentAction"],"picked":"alterego_mod:Collar","floor":7},{"not_picked":["alterego_mod:Birthday","alterego_mod:Swimsuit","alterego_mod:Maid"],"picked":"SKIP","floor":10},{"not_picked":["alterego_mod:Jiggle","alterego_mod:PerceptionDisorder","alterego_mod:GoddessCore"],"picked":"SKIP","floor":11},{"not_picked":["alterego_mod:GoddessCore","alterego_mod:Pet"],"picked":"alterego_mod:GachaTicket","floor":12},{"not_picked":["alterego_mod:Complex","alterego_mod:PerceptionDisorder"],"picked":"alterego_mod:ClassAdvantage","floor":13},{"not_picked":["alterego_mod:TrashNCrash","alterego_mod:MagicResistance"],"picked":"alterego_mod:Rip","floor":14},{"not_picked":["alterego_mod:TrickOrTreatment","alterego_mod:InsideBaseball"],"picked":"alterego_mod:Venus","floor":16},{"not_picked":["alterego_mod:PerceptionDisorder+1","alterego_mod:TrashNCrash+1","alterego_mod:BiFurious"],"picked":"SKIP","floor":18},{"not_picked":["alterego_mod:Birthday","alterego_mod:Undulate","alterego_mod:Belle+1"],"picked":"SKIP","floor":19},{"not_picked":["alterego_mod:Undulate","alterego_mod:Maid","alterego_mod:PresenceConcealment"],"picked":"SKIP","floor":20},{"not_picked":["alterego_mod:Jiggle","alterego_mod:Crossover+1","alterego_mod:1TonWallop"],"picked":"SKIP","floor":21},{"not_picked":["alterego_mod:DestructionOfProperty+1","alterego_mod:Jiggle","alterego_mod:1TonWallop"],"picked":"SKIP","floor":22},{"not_picked":["alterego_mod:BoobPocket","alterego_mod:Cushion"],"picked":"alterego_mod:Bounce","floor":23},{"not_picked":["alterego_mod:Complex","alterego_mod:IdEs","alterego_mod:PurpleHair"],"picked":"SKIP","floor":25},{"not_picked":["alterego_mod:DiscoLights","alterego_mod:MagicResistance","alterego_mod:Pet+1"],"picked":"SKIP","floor":29},{"not_picked":["alterego_mod:Undulate","alterego_mod:Mirror+1"],"picked":"alterego_mod:Rip","floor":30},{"not_picked":["alterego_mod:Birthday","alterego_mod:Weigh","alterego_mod:Jiggle"],"picked":"SKIP","floor":31},{"not_picked":["alterego_mod:STier","alterego_mod:BrynhildrRomantia"],"picked":"alterego_mod:Vow","floor":33},{"not_picked":["alterego_mod:Complex","alterego_mod:Skirt"],"picked":"alterego_mod:Bounce","floor":34},{"not_picked":["alterego_mod:DeftHands+1","alterego_mod:Pet+1"],"picked":"alterego_mod:Clap","floor":35},{"not_picked":["alterego_mod:Schoolgirl","alterego_mod:Bunnysuit","alterego_mod:Lingerie+1"],"picked":"SKIP","floor":38},{"not_picked":["alterego_mod:Cycle","alterego_mod:Mirror","alterego_mod:SuperDuperMasochism"],"picked":"SKIP","floor":39},{"not_picked":["alterego_mod:Clones","alterego_mod:GoddessCore+1"],"picked":"alterego_mod:Collar+1","floor":41},{"not_picked":["alterego_mod:GoddessCore+1","alterego_mod:Stockings","alterego_mod:Complex+1"],"picked":"SKIP","floor":44},{"not_picked":["alterego_mod:Maid+1","alterego_mod:Complex","alterego_mod:Cooking"],"picked":"SKIP","floor":47},{"not_picked":["alterego_mod:Maid+1","alterego_mod:Smother+1","alterego_mod:SuperDuperMasochism+1"],"picked":"SKIP","floor":48},{"not_picked":["alterego_mod:Collar","alterego_mod:Rip"],"picked":"alterego_mod:SakuraFive+1","floor":54}],"player_experience":47833,"relics_obtained":[{"floor":7,"key":"CaptainsWheel"},{"floor":11,"key":"Orichalcum"},{"floor":13,"key":"Ice Cream"},{"floor":23,"key":"Juzu Bracelet"},{"floor":25,"key":"Bag of Preparation"},{"floor":26,"key":"Strawberry"},{"floor":31,"key":"Regal Pillow"},{"floor":36,"key":"WingedGreaves"},{"floor":41,"key":"Boot"},{"floor":43,"key":"FossilizedHelix"},{"floor":44,"key":"White Beast Statue"},{"floor":47,"key":"Pocketwatch"},{"floor":48,"key":"construct:RocketBooster"},{"floor":54,"key":"Pen Nib"}],"event_choices":[{"damage_healed":0,"gold_gain":0,"player_choice":"Opened","damage_taken":0,"relics_obtained":["Peace Pipe"],"max_hp_gain":0,"max_hp_loss":0,"event_name":"The Mausoleum","floor":27,"gold_loss":0},{"damage_healed":0,"gold_gain":0,"player_choice":"Fight","damage_taken":0,"max_hp_gain":0,"max_hp_loss":0,"event_name":"MindBloom","floor":36,"gold_loss":0},{"damage_healed":0,"gold_gain":0,"player_choice":"Upgraded","damage_taken":0,"max_hp_gain":0,"max_hp_loss":0,"event_name":"Upgrade Shrine","floor":37,"gold_loss":0,"cards_upgraded":["alterego_mod:ClassAdvantage"]}],"is_beta":false,"boss_relics":[{"not_picked":["Runic Dome","Busted Crown"],"picked":"SlaversCollar"},{"not_picked":["Fusion Hammer","Philosopher\u0027s Stone"],"picked":"Tiny House"}],"items_purged_floors":[2,46],"is_endless":false,"potions_floor_spawned":[4,12,13,14,16,18,20,23,29,33,38,39,41,44,47,48,54],"ascension_level":5}}