{"host":"ig7tc0uedzltt2sr","time":1610071341,"event":{"mods":["BaseMod","Better Twitch Integration","Block Reminder","Colored Map","Colored Powertips","Communication Mod","Current Relic Mod","GifTheSpireLib","HexUI Lib","Minty Spire (QoL Compilation)","Quick Restart","Random Character Button","Rare Cards Sparkle","Relic Sorter","Relic Stats","Slay the Relics Exporter","StSLib","SuperFastMode","Synergy Search","Twitch Decklist","Twitch Utils","everything is the same but u backflip on backflip","slay the spire mod where everything is the same but ironclad has a cowboy hat"],"gold_per_floor":[114,131,149,104,118,118,118,118],"floor_reached":7,"playtime":117,"items_purged":[],"score":43,"play_id":"8244aab0-32b5-4b6a-8420-08646d43fc7d","local_time":"20210107180221","is_ascension_mode":false,"campfire_choices":[],"circlet_count":0,"master_deck":["Strike_R","Strike_R","Strike_R","Strike_R","Defend_R","Defend_R","Defend_R","Defend_R","Bash","Ghostly Armor","Havoc","Iron Wave","Feed","Blood for Blood"],"relics":["Burning Blood"],"acts_visited":["Exordium"],"potions_floor_usage":[],"damage_taken":[{"damage":4,"enemies":"2 Louse","floor":1,"turns":4},{"damage":2,"enemies":"Small Slimes","floor":2,"turns":7},{"damage":121,"enemies":"Jaw Worm","floor":3,"turns":23},{"damage":0,"enemies":"Looter","floor":4,"turns":5},{"damage":11,"enemies":"Exordium Wildlife","floor":5,"turns":7},{"damage":17,"enemies":"Lagavulin","floor":7,"turns":7}],"seed_played":"-7250914268391316466","potions_obtained":[{"floor":1,"key":"FairyPotion"}],"is_trial":false,"path_per_floor":["M","M","M","M","M","?","E"],"character_chosen":"IRONCLAD","items_purchased":[],"campfire_rested":0,"item_purchase_floors":[],"current_hp_per_floor":[88,88,15,21,16,16,0,0],"gold":118,"neow_bonus":"TEN_PERCENT_HP_BONUS","is_daily":false,"chose_seed":false,"campfire_upgraded":0,"win_rate":0.0,"timestamp":1610071341,"path_taken":["M","M","M","M","M","?","E"],"items_purchased_type":[],"build_version":"2020-12-22","purchased_purges":0,"victory":false,"max_hp_per_floor":[88,88,88,88,88,88,88,88],"relic_stats":{"counters":[6,53],"obtain_stats":[{"Burning Blood":0},{"Burning Blood":0},{"Burning Blood":0}],"Burning Blood":24},"card_choices":[{"not_picked":["Havoc","True Grit"],"picked":"Ghostly Armor","floor":1},{"not_picked":["Clash","Sword Boomerang"],"picked":"Havoc","floor":2},{"not_picked":["Havoc","Armaments"],"picked":"Iron Wave","floor":3},{"not_picked":["Havoc","Headbutt"],"picked":"Feed","floor":4},{"not_picked":["Clothesline","Fire Breathing"],"picked":"Blood for Blood","floor":5}],"player_experience":1468160,"relics_obtained":[],"event_choices":[{"cards_removed":["Strike_R"],"damage_healed":0,"gold_gain":0,"player_choice":"Forget","damage_taken":0,"max_hp_gain":0,"max_hp_loss":0,"event_name":"Living Wall","floor":6,"gold_loss":0}],"is_beta":false,"boss_relics":[],"items_purged_floors":[],"is_endless":false,"potions_floor_spawned":[1],"killed_by":"Lagavulin","ascension_level":0}}