{"host":"sdl5b0uiznq00owb","time":1610076559,"event":{"mods":["BaseMod","Minty Spire (QoL Compilation)","Permanent Neow","Relic Stats"],"gold_per_floor":[118,118,137,151,163,163,195,195,195,220,220,220,245,255,255,351,351,368,368,57,70,96,96,115,150,150,150,177,177,177,187,187,286,286,305,305,315,315,329,364,380,156,156,56,56,109,109,124,124,124],"floor_reached":51,"playtime":2952,"items_purged":["Strike_B","Strike_B"],"score":1262,"play_id":"1c4cfde3-9a9b-4030-a852-b08297a98180","local_time":"20210107212919","is_ascension_mode":true,"campfire_choices":[{"data":"Sunder","floor":6,"key":"SMITH"},{"floor":8,"key":"REST"},{"data":"Static Discharge","floor":11,"key":"SMITH"},{"data":"Conserve Battery","floor":15,"key":"SMITH"},{"floor":23,"key":"REST"},{"data":"Capacitor","floor":27,"key":"SMITH"},{"floor":30,"key":"REST"},{"data":"Biased Cognition","floor":32,"key":"SMITH"},{"data":"Steam Power","floor":45,"key":"SMITH"},{"floor":47,"key":"REST"},{"data":"Defragment","floor":49,"key":"SMITH"}],"circlet_count":0,"master_deck":["AscendersBane","Defend_B","Defend_B+1","Defend_B","Defend_B+1","Zap","Dualcast+1","Cold Snap+1","Sunder+1","Compile Driver","Static Discharge+1","Conserve Battery+1","Sweeping Beam","Biased Cognition+1","White Noise+1","Barrage+1","Core Surge","Capacitor+1","Glacier+1","FTL+1","Electrodynamics","Defragment+1","Panacea","Steam Power+1","Hologram+1"],"relics":["Cracked Core","Toy Ornithopter","Bag of Marbles","Mummified Hand","Kunai","Cursed Key","Nloth\u0027s Gift","Bird Faced Urn","Red Mask","Lizard Tail","Vajra","SlaversCollar","Ginger","Bag of Preparation","Calipers"],"acts_visited":["Exordium","TheCity","TheBeyond"],"potions_floor_usage":[10,24,28,33,37,50,50],"damage_taken":[{"damage":4,"enemies":"2 Louse","floor":1,"turns":3},{"damage":0,"enemies":"Small Slimes","floor":3,"turns":3},{"damage":0,"enemies":"Cultist","floor":4,"turns":3},{"damage":9,"enemies":"Looter","floor":5,"turns":3},{"damage":18,"enemies":"Gremlin Nob","floor":7,"turns":3},{"damage":0,"enemies":"Lagavulin","floor":10,"turns":4},{"damage":12,"enemies":"3 Sentries","floor":13,"turns":4},{"damage":0,"enemies":"Blue Slaver","floor":14,"turns":1},{"damage":12,"enemies":"Hexaghost","floor":16,"turns":9},{"damage":4,"enemies":"3 Byrds","floor":18,"turns":1},{"damage":12,"enemies":"Shell Parasite","floor":21,"turns":4},{"damage":15,"enemies":"Masked Bandits","floor":22,"turns":3},{"damage":6,"enemies":"3 Cultists","floor":24,"turns":5},{"damage":20,"enemies":"Gremlin Leader","floor":25,"turns":5},{"damage":47,"enemies":"Book of Stabbing","floor":28,"turns":5},{"damage":0,"enemies":"Centurion and Healer","floor":31,"turns":6},{"damage":0,"enemies":"Automaton","floor":33,"turns":10},{"damage":0,"enemies":"Orb Walker","floor":35,"turns":3},{"damage":2,"enemies":"3 Shapes","floor":37,"turns":2},{"damage":13,"enemies":"Spire Growth","floor":39,"turns":4},{"damage":81,"enemies":"Reptomancer","floor":40,"turns":5},{"damage":0,"enemies":"Transient","floor":41,"turns":5},{"damage":24,"enemies":"2 Orb Walkers","floor":46,"turns":4},{"damage":0,"enemies":"Sphere and 2 Shapes","floor":48,"turns":2},{"damage":1,"enemies":"Donu and Deca","floor":50,"turns":13}],"seed_played":"-6690999029537470251","potions_obtained":[{"floor":3,"key":"GamblersBrew"},{"floor":7,"key":"ColorlessPotion"},{"floor":10,"key":"Ancient Potion"},{"floor":13,"key":"LiquidBronze"},{"floor":28,"key":"FairyPotion"},{"floor":31,"key":"Block Potion"},{"floor":37,"key":"BlessingOfTheForge"},{"floor":39,"key":"Dexterity Potion"},{"floor":40,"key":"PowerPotion"}],"is_trial":false,"path_per_floor":["M","?","M","M","M","R","E","R","T","E","R","?","E","M","R","B",null,"M","?","$","M","?","R","M","E","T","R","E","?","R","M","R","B",null,"M","?","M","?","M","E","M","$","T","$","R","?","R","M","R","B",null],"character_chosen":"DEFECT","items_purchased":["Bird Faced Urn","Bag of Preparation"],"campfire_rested":4,"item_purchase_floors":[20,42],"current_hp_per_floor":[64,49,49,49,40,40,22,44,44,49,49,42,30,30,30,18,61,57,57,57,51,42,64,71,55,55,55,21,21,43,51,51,64,72,75,75,75,75,69,30,42,42,42,42,42,30,52,62,62,75],"gold":124,"neow_bonus":"RANDOM_COMMON_RELIC","is_daily":false,"chose_seed":false,"campfire_upgraded":7,"win_rate":0.0,"timestamp":1610076559,"path_taken":["M","?","M","M","M","R","E","R","T","E","R","?","E","M","R","BOSS","M","?","$","?","?","R","M","E","T","R","E","?","R","?","R","BOSS","M","?","M","?","M","E","?","$","T","?","R","?","R","M","R","BOSS"],"items_purchased_type":["Relic","Relic"],"build_version":"2020-12-22","purchased_purges":2,"victory":true,"max_hp_per_floor":[75,75,75,75,75,75,75,75,75,75,75,75,75,75,75,75,75,75,75,75,75,75,75,75,75,75,75,75,75,75,75,75,75,75,75,75,75,75,75,75,75,75,75,75,75,75,75,75,75,75],"relic_stats":{"Lizard Tail":0,"counters":[25,110],"Mummified Hand":[79],"Bird Faced Urn":[114],"Nloth\u0027s Gift":4,"Bag of Preparation":[6],"Kunai":[29],"Ginger":[0],"Cursed Key":0,"obtain_stats":[{"Calipers":46,"Vajra":28,"Bag of Preparation":42,"Ginger":40,"War Paint":9,"Cursed Key":17,"SlaversCollar":34,"Lizard Tail":25,"Mummified Hand":10,"Bird Faced Urn":20,"Bag of Marbles":7,"Nloth\u0027s Gift":19,"Red Mask":22,"Kunai":13,"Cracked Core":0,"Toy Ornithopter":0},{"Calipers":23,"Vajra":15,"Bag of Preparation":22,"Ginger":21,"War Paint":5,"Cursed Key":9,"SlaversCollar":17,"Lizard Tail":14,"Mummified Hand":6,"Bird Faced Urn":10,"Bag of Marbles":5,"Nloth\u0027s Gift":10,"Red Mask":12,"Kunai":7,"Cracked Core":0,"Toy Ornithopter":0},{"Calipers":95,"Vajra":56,"Bag of Preparation":91,"Ginger":86,"War Paint":15,"Cursed Key":33,"SlaversCollar":72,"Lizard Tail":51,"Mummified Hand":19,"Bird Faced Urn":34,"Bag of Marbles":15,"Nloth\u0027s Gift":34,"Red Mask":41,"Kunai":23,"Cracked Core":0,"Toy Ornithopter":0}],"Toy Ornithopter":30},"card_choices":[{"not_picked":["Streamline","Glacier"],"picked":"Cold Snap","floor":1},{"not_picked":["Redo","Double Energy"],"picked":"Sunder","floor":3},{"not_picked":["Steam Power","Go for the Eyes"],"picked":"Compile Driver","floor":4},{"not_picked":["Steam","Gash"],"picked":"Static Discharge","floor":5},{"not_picked":["Hologram","Hello World","Turbo"],"picked":"SKIP","floor":7},{"not_picked":["Melter","Double Energy","Go for the Eyes"],"picked":"SKIP","floor":10},{"not_picked":["Leap","Steam"],"picked":"Conserve Battery","floor":13},{"not_picked":["Fusion","Gash"],"picked":"Sweeping Beam","floor":14},{"not_picked":["All For One","Reboot"],"picked":"Biased Cognition","floor":16},{"not_picked":["Turbo","Beam Cell"],"picked":"White Noise+1","floor":18},{"not_picked":["Redo","Beam Cell"],"picked":"Barrage+1","floor":21},{"not_picked":["Ball Lightning","Beam Cell"],"picked":"Core Surge","floor":22},{"not_picked":["Scrape","Redo","Genetic Algorithm"],"picked":"SKIP","floor":24},{"not_picked":["Leap","Undo"],"picked":"Capacitor","floor":25},{"not_picked":["Electrodynamics","Double Energy"],"picked":"Glacier","floor":28},{"not_picked":["Sweeping Beam+1","Loop"],"picked":"FTL+1","floor":31},{"not_picked":["All For One","Hyperbeam"],"picked":"Electrodynamics","floor":33},{"not_picked":["Leap","Hologram"],"picked":"Defragment","floor":35},{"not_picked":["Blind","Sadistic Nature"],"picked":"Panacea","floor":36},{"not_picked":["FTL","Stack","Auto Shields+1"],"picked":"SKIP","floor":37},{"not_picked":["Thunder Strike","Tempest","Meteor Strike"],"picked":"SKIP","floor":39},{"not_picked":["Hologram","Gash+1"],"picked":"Steam Power","floor":40},{"not_picked":["Tempest+1","Ball Lightning"],"picked":"Hologram+1","floor":41},{"not_picked":["Sweeping Beam","Consume+1","Self Repair"],"picked":"SKIP","floor":48}],"player_experience":772561,"relics_obtained":[{"floor":7,"key":"Bag of Marbles"},{"floor":9,"key":"War Paint"},{"floor":10,"key":"Mummified Hand"},{"floor":13,"key":"Kunai"},{"floor":22,"key":"Red Mask"},{"floor":25,"key":"Lizard Tail"},{"floor":28,"key":"Vajra"},{"floor":40,"key":"Ginger"},{"floor":46,"key":"Calipers"}],"event_choices":[{"damage_healed":0,"gold_gain":0,"player_choice":"Entered Light","damage_taken":15,"max_hp_gain":0,"max_hp_loss":0,"event_name":"Shining Light","floor":2,"gold_loss":0,"cards_upgraded":["Cold Snap","Defend_B"]},{"cards_removed":["Strike_B"],"damage_healed":0,"gold_gain":0,"player_choice":"Card Removal","damage_taken":7,"max_hp_gain":0,"max_hp_loss":0,"event_name":"Golden Wing","floor":12,"gold_loss":0},{"damage_healed":0,"gold_gain":0,"player_choice":"Traded Relic","damage_taken":0,"relics_obtained":["Nloth\u0027s Gift"],"max_hp_gain":0,"max_hp_loss":0,"event_name":"N\u0027loth","floor":19,"relics_lost":["War Paint"],"gold_loss":0},{"damage_healed":0,"gold_gain":0,"player_choice":"Fought Bandits","damage_taken":0,"max_hp_gain":0,"max_hp_loss":0,"event_name":"Masked Bandits","floor":22,"gold_loss":0},{"damage_healed":0,"gold_gain":0,"player_choice":"Upgraded","damage_taken":0,"max_hp_gain":0,"max_hp_loss":0,"event_name":"Upgrade Shrine","floor":29,"gold_loss":0,"cards_upgraded":["Glacier"]},{"damage_healed":0,"gold_gain":0,"player_choice":"Memory 1","damage_taken":0,"max_hp_gain":0,"max_hp_loss":0,"event_name":"SensoryStone","floor":36,"gold_loss":0},{"cards_removed":["Strike_B"],"damage_healed":0,"gold_gain":0,"player_choice":"Removed Attack","damage_taken":0,"max_hp_gain":0,"max_hp_loss":0,"event_name":"Falling","floor":38,"gold_loss":0},{"damage_healed":0,"gold_gain":0,"player_choice":"Fight","damage_taken":0,"max_hp_gain":0,"max_hp_loss":0,"event_name":"Mysterious Sphere","floor":46,"gold_loss":0}],"is_beta":false,"boss_relics":[{"not_picked":["Empty Cage","Calling Bell"],"picked":"Cursed Key"},{"not_picked":["Velvet Choker","Tiny House"],"picked":"SlaversCollar"}],"items_purged_floors":[42,44],"is_endless":false,"potions_floor_spawned":[3,7,10,13,16,21,22,28,31,37,39,40],"ascension_level":10}}