{"host":"627up2rvtmm0cf0r","time":1610113166,"event":{"mods":["ATMod(阿瑾Mod)","Act Like it!","BaseMod","Better Vampires","CapriCore","Card Filter","Card Forge","Colored Powertips","DeckTracker","Dota2Spire","Friendly Minions","Highlight Path","Infinite Spire","Jedi Mod","Marked Mod","Mimic Mod","Minty Spire (QoL Compilation)","MostiFishMod","Permanent Neow","Practice Mode","Quick Restart","Relic Stats","Shop Mod","Spicy Shops","StSLib","SuperFastMode","TestMod","The Marked","【遗物卡牌】REMEMod","残留之物","篝火指南"],"gold_per_floor":[110,110,110,120,520,550,562,591,625,645,645,663,708,738,738,840,840,856,856,856,872,888,888,921,935,935,949,1024,1044,1044,1070,1070,1167,1167,1180,1180,1280,1300,1300,644,664,699,735,735,735,414,462,495,140,142],"floor_reached":51,"playtime":1527,"items_purged":["Pain","theMarked:Defend","theMarked:Defend","AT_BreakingExtremeWeapon+1"],"score":952,"play_id":"3ab379e6-c498-42db-9c23-f4aa74050b36","local_time":"20210108213926","is_ascension_mode":true,"campfire_choices":[{"data":"theMarked:EmpowerWeapon","floor":11,"key":"SMITH"},{"data":"theMarked:ParalyzingBlade","floor":15,"key":"SMITH"},{"data":"PlaceholderMod:FinalSpray","floor":23,"key":"SMITH"},{"data":"AT_DarkMatter","floor":32,"key":"SMITH"}],"circlet_count":0,"master_deck":["theMarked:Strike","theMarked:Strike+1","theMarked:Strike+1","theMarked:Strike","theMarked:Strike+1","theMarked:Defend+1","theMarked:Defend","theMarked:SoldierOfQuellstein+1","AT_DarkMatter+1","PlaceholderMod:FinalSpray+1","theMarked:ParalyzingBlade+1","theMarked:EternalStudent+1","theMarked:EmpowerWeapon+1","theMarked:BindingBlade+1","theMarked:Improvise+1","theMarked:ElementalBlade+1","theMarked:BindingBlade+1","theMarked:BindingBlade+1","theMarked:ParalyzingBlade+1"],"relics":["theMarked:ArtifactOfAir","Hammer of Thor","Seething Fire","Anvil of the Gods","DaveBox","testmod-TestBox","AT_ATBox","testmod-Mahjong","Eternal Feather","SynthV:TestCard","infinitespire:Satchel","Dota2Spire:BlackKingBar","Juzu Bracelet","testmod-IndustrialRevolution","Toxic Egg 2","RhineSuit","AT_ChloranthyRing","Whetstone","Dota2Spire:Desolator","Lantern","testmod-Prudence","WarpedTongs","AT_SilvercatRing","HandDrill","Anchor","Dota2Spire:OctarineCore","Letter Opener","Dota2Spire:DivineRapier","Dota2Spire:ArcaneBoots","AT_RabadonDeathcap","testmod-LifeArmor","Happy Flower","BrkXgEgg"],"acts_visited":["Exordium","TheCity","TheBeyond"],"potions_floor_usage":[],"damage_taken":[{"damage":0,"enemies":"Small Slimes","floor":1,"turns":1},{"damage":0,"enemies":"Jaw Worm","floor":4,"turns":1},{"damage":5,"enemies":"Gremlin Nob","floor":6,"turns":3},{"damage":0,"enemies":"Cultist","floor":7,"turns":2},{"damage":18,"enemies":"Lagavulin","floor":8,"turns":3},{"damage":3,"enemies":"3 Louse","floor":9,"turns":3},{"damage":0,"enemies":"3 Louse","floor":10,"turns":1},{"damage":0,"enemies":"Large Slime","floor":12,"turns":3},{"damage":6,"enemies":"3 Sentries","floor":14,"turns":4},{"damage":16,"enemies":"Slime Boss","floor":16,"turns":4},{"damage":17,"enemies":"2 Thieves","floor":18,"turns":2},{"damage":8,"enemies":"Shell Parasite","floor":21,"turns":3},{"damage":5,"enemies":"Snake Plant","floor":22,"turns":2},{"damage":17,"enemies":"Slavers","floor":24,"turns":4},{"damage":2,"enemies":"Cultist and Chosen","floor":25,"turns":3},{"damage":8,"enemies":"Chosen and Byrds","floor":27,"turns":2},{"damage":6,"enemies":"Snecko","floor":29,"turns":3},{"damage":0,"enemies":"REME_1_Revenger","floor":31,"turns":2},{"damage":10,"enemies":"Automaton","floor":33,"turns":3},{"damage":0,"enemies":"Orb Walker","floor":35,"turns":2},{"damage":14,"enemies":"3 Shapes","floor":38,"turns":3},{"damage":0,"enemies":"Jaw Worm Horde","floor":41,"turns":2},{"damage":21,"enemies":"Reptomancer","floor":42,"turns":3},{"damage":0,"enemies":"4 Shapes","floor":43,"turns":2},{"damage":24,"enemies":"2 Orb Walkers","floor":47,"turns":3},{"damage":0,"enemies":"Giant Head","floor":48,"turns":2},{"damage":10,"enemies":"Awakened One","floor":50,"turns":3}],"seed_played":"-306812971565032937","potions_obtained":[{"floor":6,"key":"LiquidBronze"},{"floor":8,"key":"Strength Potion"},{"floor":10,"key":"PowerPotion"},{"floor":31,"key":"testmod-TimePotion"}],"is_trial":false,"path_per_floor":["M","?","?","M","?","E","M","E","MIM","M","R","M","T","E","R","B",null,"M","?","?","M","M","R","E","M","T","M","?","M","?","E","R","B",null,"M","?","?","M","?","R","M","E","MIM","?","AVR","R","?","E","R","B",null],"character_chosen":"THE_DEFAULT","items_purchased":["AT_SilvercatRing","HandDrill","AT_BreakingExtremeWeapon","Dota2Spire:DivineRapier","Dota2Spire:ArcaneBoots","Happy Flower","BrkXgEgg"],"campfire_rested":0,"item_purchase_floors":[40,40,40,46,46,49,49],"current_hp_per_floor":[70,75,75,75,75,70,70,52,49,49,58,58,58,52,61,45,75,58,58,75,67,62,71,54,52,52,44,37,31,31,31,40,30,75,75,75,75,62,62,74,74,53,53,53,53,65,41,41,53,43],"gold":142,"neow_bonus":"UPGRADE_CARD","is_daily":false,"chose_seed":false,"campfire_upgraded":4,"win_rate":0.0,"timestamp":1610113166,"path_taken":["M","?","?","?","?","E","M","E","MIM","M","R","M","?","E","R","BOSS","M","?","?","M","M","R","E","M","T","M","?","M","?","E","R","BOSS","M","?","?","M","?","R","M","E","MIM","?","AVR","R","?","E","R","BOSS"],"items_purchased_type":["Relic","Relic","Card","Relic","Relic","Relic","Relic"],"build_version":"2020-12-22","purchased_purges":4,"victory":true,"max_hp_per_floor":[70,75,75,75,75,75,75,75,75,75,75,75,75,75,75,75,75,75,75,75,75,75,75,75,75,75,75,75,75,75,75,75,75,75,75,75,75,75,75,75,75,75,75,75,75,75,75,75,75,75],"relic_stats":{"Happy Flower":[1],"counters":[27,69],"Eternal Feather":72,"Juzu Bracelet":4,"HandDrill":[8],"Whetstone":["theMarked:Strike","theMarked:Strike"],"Letter Opener":[35],"obtain_stats":[{"Lantern":31,"AT_ATBox":0,"DaveBox":0,"RhineSuit":17,"Hammer of Thor":0,"testmod-LifeArmor":48,"Juzu Bracelet":9,"Whetstone":24,"testmod-Prudence":34,"testmod-Mahjong":0,"Dota2Spire:DivineRapier":46,"HandDrill":40,"Dota2Spire:ArcaneBoots":46,"Toxic Egg 2":14,"AT_ChloranthyRing":19,"AT_RabadonDeathcap":47,"testmod-TestBox":0,"Dota2Spire:BlackKingBar":8,"Happy Flower":49,"Eternal Feather":0,"BrkXgEgg":49,"Seething Fire":0,"Letter Opener":45,"AT_SilvercatRing":40,"testmod-IndustrialRevolution":13,"WarpedTongs":36,"theMarked:ArtifactOfAir":0,"Anchor":42,"SynthV:TestCard":1,"Anvil of the Gods":0,"infinitespire:Satchel":6,"Dota2Spire:OctarineCore":43,"REME_ComplimentaryCards":0,"Dota2Spire:Desolator":26},{"Lantern":18,"AT_ATBox":0,"DaveBox":0,"RhineSuit":10,"Hammer of Thor":0,"testmod-LifeArmor":26,"Juzu Bracelet":6,"Whetstone":14,"testmod-Prudence":19,"testmod-Mahjong":0,"Dota2Spire:DivineRapier":24,"HandDrill":21,"Dota2Spire:ArcaneBoots":24,"Toxic Egg 2":9,"AT_ChloranthyRing":11,"AT_RabadonDeathcap":25,"testmod-TestBox":0,"Dota2Spire:BlackKingBar":5,"Happy Flower":26,"Eternal Feather":0,"BrkXgEgg":26,"Seething Fire":0,"Letter Opener":24,"AT_SilvercatRing":21,"testmod-IndustrialRevolution":8,"WarpedTongs":20,"theMarked:ArtifactOfAir":0,"Anchor":23,"SynthV:TestCard":1,"Anvil of the Gods":0,"infinitespire:Satchel":3,"Dota2Spire:OctarineCore":24,"REME_ComplimentaryCards":0,"Dota2Spire:Desolator":15},{"Lantern":46,"AT_ATBox":0,"DaveBox":0,"RhineSuit":25,"Hammer of Thor":0,"testmod-LifeArmor":66,"Juzu Bracelet":13,"Whetstone":36,"testmod-Prudence":49,"testmod-Mahjong":0,"Dota2Spire:DivineRapier":61,"HandDrill":54,"Dota2Spire:ArcaneBoots":61,"Toxic Egg 2":21,"AT_ChloranthyRing":27,"AT_RabadonDeathcap":64,"testmod-TestBox":0,"Dota2Spire:BlackKingBar":10,"Happy Flower":66,"Eternal Feather":0,"BrkXgEgg":66,"Seething Fire":0,"Letter Opener":61,"AT_SilvercatRing":54,"testmod-IndustrialRevolution":17,"WarpedTongs":51,"theMarked:ArtifactOfAir":0,"Anchor":59,"SynthV:TestCard":1,"Anvil of the Gods":0,"infinitespire:Satchel":5,"Dota2Spire:OctarineCore":61,"REME_ComplimentaryCards":0,"Dota2Spire:Desolator":39}],"WarpedTongs":[17]},"card_choices":[{"not_picked":["theMarked:Polarize","theMarked:Static"],"picked":"theMarked:ParalyzingBlade","floor":1},{"not_picked":["theMarked:Frustration","theMarked:WardOff","theMarked:Generate","theMarked:ChainLightning","theMarked:ParalyzingBlade"],"picked":"SKIP","floor":4},{"not_picked":["theMarked:Frustration","theMarked:Standoff","theMarked:ContemptForTheProud","theMarked:ChainLightning"],"picked":"theMarked:EternalStudent","floor":6},{"not_picked":["theMarked:KeepCalmAndFightOn","theMarked:Parry","theMarked:WastefulAttack","theMarked:ElectricStrings","theMarked:EmpowerWeapon"],"picked":"SKIP","floor":7},{"not_picked":["theMarked:GodGivenPower","theMarked:Aftermath","theMarked:MysticalArsenal","theMarked:Parry","theMarked:Opportunist"],"picked":"SKIP","floor":8},{"not_picked":["theMarked:Electrify","theMarked:BanishingStrike","theMarked:KeepCalmAndFightOn","theMarked:MysticalArsenal"],"picked":"theMarked:EmpowerWeapon","floor":9},{"not_picked":["theMarked:Indomitable","theMarked:WastefulAttack","theMarked:ElectricStrings","theMarked:BanishingStrike","theMarked:GodGivenPower"],"picked":"SKIP","floor":10},{"not_picked":["theMarked:MuscleMemory","theMarked:BanishingStrike","theMarked:ChainLightning","theMarked:ReduceFriction","theMarked:Aftermath"],"picked":"SKIP","floor":12},{"not_picked":["theMarked:Parkour","theMarked:StartUp","theMarked:WardOff+1","theMarked:TakeCover+1","theMarked:WastefulDefense+1"],"picked":"SKIP","floor":14},{"not_picked":["theMarked:SuspiciousRaven+1","theMarked:Levitate+1","theMarked:MuscleMemory","theMarked:SummonStrength"],"picked":"theMarked:BindingBlade+1","floor":16},{"not_picked":["theMarked:Static+1","theMarked:WastefulDefense+1","theMarked:Convert+1","theMarked:Generate+1","theMarked:MaelstromOfLightning+1"],"picked":"SKIP","floor":18},{"not_picked":["theMarked:MysticalArsenal","theMarked:ComboAttacks","theMarked:SelfDefenseTraining+1","theMarked:Parkour"],"picked":"theMarked:Improvise+1","floor":21},{"not_picked":["theMarked:TwofoldDefense+1","theMarked:Snap","theMarked:CreepingChasm+1","theMarked:Improvise+1","theMarked:EmpowerWeapon+1"],"picked":"SKIP","floor":22},{"not_picked":["theMarked:Opportunist","theMarked:Aftermath+1","theMarked:WardOff+1","theMarked:WastefulDefense+1"],"picked":"theMarked:ElementalBlade+1","floor":24},{"not_picked":["theMarked:CreepingChasm+1","theMarked:BanishingWave+1","theMarked:BanishingStrike+1","theMarked:EmpowerWeapon+1","theMarked:Opportunist+1"],"picked":"SKIP","floor":25},{"not_picked":["theMarked:ChainLightning+1","theMarked:ComboAttacks+1","theMarked:TurnInvisible+1","theMarked:BanishingStrike","theMarked:EmpowerWeapon+1"],"picked":"SKIP","floor":27},{"not_picked":["theMarked:Static+1","theMarked:BanishingStrike","theMarked:WardOff+1","theMarked:ChainLightning+1","theMarked:CreepingChasm+1"],"picked":"SKIP","floor":29},{"not_picked":["theMarked:Electrify+1","theMarked:EmpowerWeapon+1","theMarked:Overthink+1","theMarked:ParalyzingBlade+1","theMarked:RogueSparks"],"picked":"SKIP","floor":31},{"not_picked":["theMarked:UnarmedFury","theMarked:Levitate+1","theMarked:DispelDoubt","theMarked:SoldierForm"],"picked":"theMarked:BindingBlade+1","floor":33},{"not_picked":["theMarked:ResourceFulStrike+1","theMarked:BanishingStrike","theMarked:Improvise+1","theMarked:EmpowerWeapon+1","theMarked:Frustration"],"picked":"SKIP","floor":35},{"not_picked":["theMarked:DeterminationOfTheMarked+1","theMarked:HeritageOfTheMarked","theMarked:WastefulAttack+1","theMarked:Static+1","theMarked:TakeCover+1"],"picked":"SKIP","floor":38},{"not_picked":["theMarked:WardOff+1","theMarked:Aftermath+1","theMarked:Overthink+1","theMarked:Parkour","theMarked:RogueSparks+1"],"picked":"SKIP","floor":41},{"not_picked":["theMarked:Static+1","theMarked:Seal+1","theMarked:FavorableWinds+1","theMarked:DeterminationOfTheMarked","theMarked:ComboAttacks+1"],"picked":"SKIP","floor":42},{"not_picked":["theMarked:Improvise+1","theMarked:BanishingStrike+1","theMarked:RepellingDischarge+1","theMarked:WastefulDefense+1"],"picked":"theMarked:ParalyzingBlade+1","floor":43},{"not_picked":["theMarked:Indomitable+1","theMarked:Static+1","theMarked:Parkour","theMarked:EnhanceMovement+1","theMarked:Improvise+1"],"picked":"SKIP","floor":48}],"player_experience":74434,"relics_obtained":[{"floor":1,"key":"SynthV:TestCard"},{"floor":6,"key":"infinitespire:Satchel"},{"floor":8,"key":"Dota2Spire:BlackKingBar"},{"floor":9,"key":"Juzu Bracelet"},{"floor":13,"key":"testmod-IndustrialRevolution"},{"floor":14,"key":"Toxic Egg 2"},{"floor":24,"key":"Whetstone"},{"floor":26,"key":"Dota2Spire:Desolator"},{"floor":31,"key":"Lantern"},{"floor":42,"key":"Anchor"},{"floor":43,"key":"Dota2Spire:OctarineCore"},{"floor":47,"key":"AT_RabadonDeathcap"},{"floor":48,"key":"testmod-LifeArmor"}],"event_choices":[{"damage_healed":0,"gold_gain":0,"player_choice":"Donut","damage_taken":0,"max_hp_gain":5,"max_hp_loss":0,"event_name":"Big Fish","floor":2,"gold_loss":0},{"damage_healed":0,"gold_gain":400,"player_choice":"Sell","damage_taken":0,"max_hp_gain":0,"max_hp_loss":0,"event_name":"恩洛斯的盘子","floor":5,"relics_lost":["REME_ComplimentaryCards"],"gold_loss":0},{"damage_healed":0,"gold_gain":0,"player_choice":"Opened","damage_taken":0,"relics_obtained":["AT_ChloranthyRing"],"max_hp_gain":0,"max_hp_loss":0,"event_name":"The Mausoleum","floor":19,"gold_loss":0,"cards_obtained":["Writhe"]},{"damage_healed":25,"gold_gain":0,"player_choice":"Heal","damage_taken":0,"max_hp_gain":0,"max_hp_loss":0,"event_name":"The Library","floor":20,"gold_loss":0},{"damage_healed":0,"gold_gain":75,"player_choice":"Touch","damage_taken":7,"max_hp_gain":0,"max_hp_loss":0,"event_name":"FaceTrader","floor":28,"gold_loss":0},{"cards_removed":["Writhe"],"damage_healed":0,"gold_gain":0,"player_choice":"Elegance","damage_taken":0,"max_hp_gain":0,"max_hp_loss":0,"event_name":"Back to Basics","floor":30,"gold_loss":0},{"damage_healed":0,"gold_gain":0,"player_choice":"Rummage","damage_taken":0,"relics_obtained":["WarpedTongs"],"max_hp_gain":0,"max_hp_loss":0,"event_name":"Accursed Blacksmith","floor":36,"gold_loss":0,"cards_obtained":["Pain"]},{"damage_healed":0,"gold_gain":100,"player_choice":"Pray","damage_taken":0,"max_hp_gain":0,"max_hp_loss":0,"event_name":"Golden Shrine","floor":37,"gold_loss":0},{"damage_healed":0,"gold_gain":0,"player_choice":"Copied","damage_taken":0,"max_hp_gain":0,"max_hp_loss":0,"event_name":"Duplicator","floor":39,"gold_loss":0,"cards_obtained":["theMarked:BindingBlade"]},{"damage_healed":0,"gold_gain":0,"player_choice":"Memory 1","damage_taken":0,"max_hp_gain":0,"max_hp_loss":0,"event_name":"SensoryStone","floor":44,"gold_loss":0},{"damage_healed":0,"gold_gain":0,"player_choice":"Fight","damage_taken":0,"max_hp_gain":0,"max_hp_loss":0,"event_name":"Mysterious Sphere","floor":47,"gold_loss":0}],"is_beta":false,"boss_relics":[{"not_picked":["testmod-HarvestTotem","Fusion Hammer"],"picked":"RhineSuit"},{"not_picked":["NightmareShop","BloodWine"],"picked":"testmod-Prudence"}],"items_purged_floors":[40,45,46,49],"is_endless":false,"potions_floor_spawned":[6,8,10,14,16,22,24,25,31,35,41,47],"ascension_level":1}}