{"host":"0i8dz4ityulxi1rd","time":1610110500,"event":{"mods":["BaseMod","Colored Map","Colored Powertips","Custom Start","Highlight Path","Hubris","Keyboard Shortcuts","Minty Spire (QoL Compilation)","StSLib","SuperFastMode"],"gold_per_floor":[367,34,34,34,57,57,70,70,70,145,65,80,80,80],"floor_reached":13,"playtime":235,"items_purged":[],"score":146,"play_id":"f01b531c-d7ee-4c49-a416-de6d9e71b677","local_time":"20210108215500","is_ascension_mode":true,"campfire_choices":[{"data":"Regret","floor":6,"key":"PURGE"},{"data":"Strike_R","floor":8,"key":"PURGE"}],"circlet_count":0,"master_deck":["AscendersBane","Strike_R","Strike_R","Strike_R","Strike_R","Defend_R","Defend_R","Defend_R","Defend_R","Bash","Uppercut","Shrug It Off","Burning Pact"],"relics":["Burning Blood","Peace Pipe","hubris:TinFlute","Golden Idol","Self Forming Clay"],"acts_visited":[],"potions_floor_usage":[],"damage_taken":[{"damage":2,"enemies":"2 Louse","floor":1,"turns":3},{"damage":17,"enemies":"Small Slimes","floor":5,"turns":4},{"damage":2,"enemies":"Jaw Worm","floor":7,"turns":4},{"damage":17,"enemies":"2 Fungi Beasts","floor":12,"turns":6},{"damage":26,"enemies":"3 Sentries","floor":13,"turns":7}],"seed_played":"8074158724438033414","potions_obtained":[],"is_trial":false,"path_per_floor":["M","$","?","?","M","R","M","R","T","?","$","M","E"],"character_chosen":"IRONCLAD","items_purchased":["Peace Pipe","Burning Pact"],"campfire_rested":0,"item_purchase_floors":[2,11],"current_hp_per_floor":[68,68,68,62,51,51,55,55,55,44,44,33,7,7],"gold":80,"neow_bonus":"TWO_FIFTY_GOLD","is_daily":false,"chose_seed":false,"campfire_upgraded":0,"win_rate":0.0,"timestamp":1610110500,"path_taken":["M","$","?","?","M","R","M","R","T","?","$","M","E"],"items_purchased_type":["Relic","Card"],"build_version":"2020-12-22","purchased_purges":0,"victory":false,"max_hp_per_floor":[68,68,68,62,62,62,62,62,62,62,62,62,62,62],"card_choices":[{"not_picked":["True Grit","Shrug It Off"],"picked":"Uppercut","floor":1},{"not_picked":["Body Slam","Sword Boomerang"],"picked":"Shrug It Off","floor":5},{"not_picked":["Inflame","Combust","Uppercut"],"picked":"SKIP","floor":7},{"not_picked":["Reaper","hubris:ReadiedAction","Armaments"],"picked":"SKIP","floor":12}],"player_experience":1310020,"relics_obtained":[{"floor":9,"key":"Self Forming Clay"}],"event_choices":[{"damage_healed":0,"gold_gain":0,"player_choice":"Box","damage_taken":0,"relics_obtained":["hubris:TinFlute"],"max_hp_gain":0,"max_hp_loss":0,"event_name":"Big Fish","floor":3,"gold_loss":0,"cards_obtained":["Regret"]},{"damage_healed":0,"gold_gain":0,"player_choice":"Lose Max HP","damage_taken":0,"relics_obtained":["Golden Idol"],"max_hp_gain":0,"max_hp_loss":6,"event_name":"Golden Idol","floor":4,"gold_loss":0},{"damage_healed":0,"gold_gain":75,"player_choice":"Gather Gold","damage_taken":11,"max_hp_gain":0,"max_hp_loss":0,"event_name":"World of Goop","floor":10,"gold_loss":0}],"is_beta":false,"boss_relics":[],"items_purged_floors":[],"is_endless":false,"potions_floor_spawned":[],"killed_by":"3 Sentries","ascension_level":20}}