{"host":"lxihx0b6awoz2w1j","time":1610147451,"event":{"mods":["Act Like it!","Aspiration","BaseMod","Better Third Choice","CapriCore","Colored Powertips","Downfall","Gensokyo","Hermit","HololiveMod","Hubris","Infinite Spire","JesterMod","Luminous","Marisa????????","Melee Mod","Minty Spire (QoL Compilation)","Prisma Mod","Quick Restart","Relic Stats","Replay The Spire","Shade Mod","Spicy Shops","StSLib","The Alterego","The Blue Laboratory","The Cursed","The Disciple","The Forsaken","The Immortal","The Jungle","The Marked","The Runesmith","The Senshi","The Servant 0.9.4","Waifu the Spire"],"gold_per_floor":[117,131,151,164,164,164,189,62,62,82,116,191,191,203,203,203,203],"floor_reached":16,"playtime":620,"items_purged":[],"score":127,"play_id":"5a773512-f15b-45f1-9e57-01844c742e0b","local_time":"20210109001051","is_ascension_mode":false,"campfire_choices":[{"data":"Neutralize","floor":6,"key":"SMITH"},{"floor":13,"key":"REST"},{"data":"Noxious Fumes","floor":15,"key":"SMITH"}],"circlet_count":0,"master_deck":["Strike_G","Strike_G","Strike_G","Strike_G","Strike_G","Defend_G","Defend_G","Defend_G","Defend_G","Defend_G","Survivor","Neutralize+1","Noxious Fumes+1","Footwork","Flying Knee","Dagger Spray","Footwork","Cloak And Dagger","Dagger Spray","Corpse Explosion","Backflip"],"relics":["Ring of the Snake","aspiration:Lifesprig","Replay:Bottled Snecko","Pear"],"acts_visited":["Exordium"],"potions_floor_usage":[],"damage_taken":[{"damage":4,"enemies":"Cultist","floor":1,"turns":5},{"damage":2,"enemies":"Jaw Worm","floor":2,"turns":5},{"damage":6,"enemies":"Small Slimes","floor":3,"turns":4},{"damage":0,"enemies":"Blue Slaver","floor":4,"turns":5},{"damage":0,"enemies":"Looter","floor":10,"turns":4},{"damage":20,"enemies":"Replay:BlueRogue","floor":11,"turns":6},{"damage":0,"enemies":"Gremlin Gang","floor":14,"turns":3},{"damage":73,"enemies":"Slime Boss","floor":16,"turns":11}],"seed_played":"2866812690227213802","potions_obtained":[{"floor":3,"key":"Dexterity Potion"},{"floor":4,"key":"ColorlessPotion"},{"floor":14,"key":"SteroidPotion"}],"is_trial":false,"path_per_floor":["M","M","M","M","?","R","T","$","T","M","E","?","R","M","R","B"],"character_chosen":"THE_SILENT","items_purchased":["Footwork","Cloak And Dagger"],"campfire_rested":1,"item_purchase_floors":[8,8],"current_hp_per_floor":[73,71,65,65,65,65,65,65,65,65,55,44,70,70,70,0,0],"gold":203,"neow_bonus":"TEN_PERCENT_HP_BONUS","is_daily":false,"chose_seed":false,"campfire_upgraded":2,"win_rate":0.0,"timestamp":1610147451,"path_taken":["M","M","M","?","?","R","?","$","T","M","E","?","R","M","R","BOSS"],"items_purchased_type":["Card","Card"],"build_version":"2020-12-22","purchased_purges":0,"victory":false,"max_hp_per_floor":[77,77,77,77,77,77,77,77,77,77,87,87,87,87,87,87,87],"relic_stats":{"counters":[8,43],"obtain_stats":[{"aspiration:Lifesprig":7,"Pear":11,"Replay:Bottled Snecko":9,"Ring of the Snake":0},{"aspiration:Lifesprig":4,"Pear":6,"Replay:Bottled Snecko":4,"Ring of the Snake":0},{"aspiration:Lifesprig":19,"Pear":29,"Replay:Bottled Snecko":19,"Ring of the Snake":0}],"Ring of the Snake":[16]},"card_choices":[{"not_picked":["Sneak Up","Leg Sweep"],"picked":"Noxious Fumes","floor":1},{"not_picked":["Quick Slash","Sneak Up"],"picked":"Footwork","floor":2},{"not_picked":["Prepared","Riddle With Holes"],"picked":"Flying Knee","floor":3},{"not_picked":["Poisoned Stab","Outmaneuver"],"picked":"Dagger Spray","floor":4},{"not_picked":["hubris:SlightOfHand","Expertise"],"picked":"Dagger Spray","floor":10},{"not_picked":["Prepared","Underhanded Strike"],"picked":"Corpse Explosion","floor":11},{"not_picked":["Quick Slash","Flying Knee"],"picked":"Backflip","floor":14}],"player_experience":546914,"relics_obtained":[{"floor":7,"key":"aspiration:Lifesprig"},{"floor":9,"key":"Replay:Bottled Snecko"},{"floor":11,"key":"Pear"}],"event_choices":[{"damage_healed":0,"gold_gain":0,"player_choice":"Ignored","damage_taken":0,"max_hp_gain":0,"max_hp_loss":0,"event_name":"Golden Wing","floor":5,"gold_loss":0},{"damage_healed":0,"gold_gain":75,"player_choice":"Gold","damage_taken":11,"max_hp_gain":0,"max_hp_loss":0,"event_name":"betterThird:BetterGoop","floor":12,"gold_loss":0}],"is_beta":false,"boss_relics":[],"items_purged_floors":[],"is_endless":false,"potions_floor_spawned":[3,4,14],"killed_by":"Slime Boss","ascension_level":0}}