{"host":"k2mw1od0xoi9pcfj","time":1610140797,"event":{"mods":["100% Spire Juice","AchievementEnabler","Act Like it!","Aspiration","BaseMod","Better Altar","Better Match","Better Note","Better Sensory Stone","Better Skull","Better Third Choice","Conspire","Defuse TimeMaze Blight","Downfall","Energized Spire","Friendly Minions","Gensokyo","Halation","Hallownest","Hermit","Highlight Path","Infinite Spire","Koishi","Marisa????????","Minty Spire (QoL Compilation)","Permanent Neow","Prisma Mod","Quick Restart","Random Character Button","Relic Sorter","Relic Stats","Remilia??????","Replay The Spire","Shade Mod","Shedinja","Spicy Shops","StSLib","Synergy Search","The Animator","The Bug Knight","The Cursed","The Exalted","The Hierophant","The Necromancer","The Runesmith","The Senshi","The Servant 0.9.4","The Wild Card","Treasure Hunter","WarShipGirlsR/????R mod","everything is the same but u backflip on backflip","slay the spire mod where everything is the same but ironclad has a cowboy hat"],"gold_per_floor":[121,133,133,133,133,133,147,147,174,190,207,224,251,264,264,264,264],"floor_reached":16,"playtime":1359,"items_purged":[],"score":129,"play_id":"6b02fa12-188a-4b2a-84a2-d7e5428594ff","local_time":"20210108151957","is_ascension_mode":false,"campfire_choices":[{"data":"Moonworks:NicePresent","floor":6,"key":"SMITH"},{"data":"Moonworks:LulusLuckyEgg","floor":8,"key":"SMITH"},{"floor":15,"key":"REST"}],"circlet_count":0,"master_deck":["Moonworks:Strike","Moonworks:Strike+1","Moonworks:Strike","Moonworks:Strike","Moonworks:Defend","Moonworks:Defend","Moonworks:Defend","Moonworks:Defend","Moonworks:Ambush","Moonworks:LongDistanceShot+1","Moonworks:LulusLuckyEgg+1","Moonworks:NicePresent+1","Moonworks:EvilSpyWorkPreparation","TH:DeckOfManyThings","Moonworks:EvilSpyWorkPreparation","Moonworks:StiffCrystal","Moonworks:OutOfAmmo","Moonworks:NicePresent","Moonworks:SakisCookie"],"relics":["Moonworks:BrokenBomb","Moonworks:Homemark","Potion Belt","theSenshi:SailorFukuRelic","infinitespire:CursedDice","Hallownest:DreamNailRelic","aspiration:Lifesprig","Replay:Rubber Ducky"],"acts_visited":["Hallownest:Greenpath"],"potions_floor_usage":[14],"damage_taken":[{"damage":0,"enemies":"Hallownest:2_MossCreeps","floor":1,"turns":6},{"damage":0,"enemies":"Hallownest:monsterHuskWarrior","floor":2,"turns":4},{"damage":0,"enemies":"Hallownest:2_Baldur","floor":7,"turns":4},{"damage":6,"enemies":"Hallownest:monsterMossCharger","floor":10,"turns":3},{"damage":14,"enemies":"Hallownest:monsterFoolEater","floor":11,"turns":3},{"damage":10,"enemies":"Hallownest:1_Ooma_and_2_Uuma","floor":12,"turns":6},{"damage":0,"enemies":"Hallownest:eliteVengeflyKing","floor":13,"turns":10},{"damage":0,"enemies":"Hallownest:monsterMossCharger","floor":14,"turns":6},{"damage":25,"enemies":"Hallownest:BossHornet","floor":16,"turns":6}],"seed_played":"5694333319120854979","potions_obtained":[{"floor":7,"key":"FearPotion"},{"floor":10,"key":"Reflective Coating"},{"floor":12,"key":"Reflective Coating"},{"floor":13,"key":"LiquidMemories"}],"is_trial":false,"path_per_floor":["M","M","?","?","?","R","M","R","T","M","M","M","E","M","R","B"],"character_chosen":"THE_STARBREAKER","items_purchased":[],"campfire_rested":1,"item_purchase_floors":[],"current_hp_per_floor":[60,60,32,32,32,32,32,32,32,26,12,2,2,2,20,0,0],"gold":264,"neow_bonus":"RANDOM_COMMON_RELIC","is_daily":false,"chose_seed":false,"campfire_upgraded":2,"win_rate":0.0,"timestamp":1610140797,"path_taken":["M","M","?","?","?","R","M","R","T","?","M","M","E","M","R","BOSS"],"items_purchased_type":[],"build_version":"2020-12-22","purchased_purges":0,"victory":false,"max_hp_per_floor":[60,60,60,60,60,60,60,60,60,60,60,60,60,60,60,60,60],"relic_stats":{"counters":[9,48],"obtain_stats":[{"Potion Belt":0,"aspiration:Lifesprig":9,"infinitespire:CursedDice":3,"Moonworks:Homemark":0,"Hallownest:DreamNailRelic":5,"theSenshi:SailorFukuRelic":3,"Moonworks:BrokenBomb":0,"Replay:Rubber Ducky":13},{"Potion Belt":0,"aspiration:Lifesprig":3,"infinitespire:CursedDice":2,"Moonworks:Homemark":0,"Hallownest:DreamNailRelic":2,"theSenshi:SailorFukuRelic":2,"Moonworks:BrokenBomb":0,"Replay:Rubber Ducky":7},{"Potion Belt":0,"aspiration:Lifesprig":14,"infinitespire:CursedDice":10,"Moonworks:Homemark":0,"Hallownest:DreamNailRelic":10,"theSenshi:SailorFukuRelic":10,"Moonworks:BrokenBomb":0,"Replay:Rubber Ducky":36}]},"card_choices":[{"not_picked":["Moonworks:BigMagnum","Moonworks:RedAndBlue"],"picked":"Moonworks:LulusLuckyEgg","floor":1},{"not_picked":["Moonworks:CastOff","Moonworks:TacticalRetreat"],"picked":"Moonworks:NicePresent","floor":2},{"not_picked":["Moonworks:DeployBits","Moonworks:BigMagnum"],"picked":"Moonworks:EvilSpyWorkPreparation","floor":7},{"not_picked":["TH:EnergyPotion"],"picked":"TH:DeckOfManyThings","floor":9},{"not_picked":["Moonworks:LulusLuckyEgg","Moonworks:BigMagnum"],"picked":"Moonworks:EvilSpyWorkPreparation","floor":10},{"not_picked":["Moonworks:ImOnFire","Moonworks:BigMagnum"],"picked":"Moonworks:StiffCrystal","floor":11},{"not_picked":["Moonworks:Assault","Moonworks:SakisCookie"],"picked":"Moonworks:OutOfAmmo","floor":12},{"not_picked":["Moonworks:ShieldCounter","Moonworks:BigMagnum"],"picked":"Moonworks:NicePresent","floor":13},{"not_picked":["TH:EnergyPotion","TH:ElvenBoots"],"picked":"SKIP","floor":13},{"not_picked":["Moonworks:CastOff","Moonworks:AngelHand"],"picked":"Moonworks:SakisCookie","floor":14}],"player_experience":1606768,"relics_obtained":[{"floor":9,"key":"aspiration:Lifesprig"},{"floor":13,"key":"Replay:Rubber Ducky"}],"event_choices":[],"is_beta":false,"boss_relics":[],"items_purged_floors":[],"is_endless":false,"potions_floor_spawned":[7,10,12,13],"killed_by":"Hallownest:BossHornet","ascension_level":0}}