{"host":"kabf61oc9jgfwufg","time":1610122790,"event":{"mods":["AchievementEnabler","Act Like it!","Aspiration","BaseMod","Conspire","GifTheSpireLib","Halation","HexUI Lib","Hubris","Infinite Spire","Melee Mod","Minty Spire (QoL Compilation)","Quick Restart","Rare Cards Sparkle","Replay The Spire","Shop Mod","StSLib","Waifu the Spire"],"gold_per_floor":[111,111,66,241,252,252,28,58,58,58,75,75,75,95,95,193,193,206,206,61,61,61,61,61,61,61,61,76,76,76,90,90,186,186,199,215,215,215,235,235,235],"floor_reached":40,"playtime":1314,"items_purged":["Doubt","CommonCold"],"score":405,"play_id":"aaa73fe5-8b11-4352-9f8e-5a1b19353276","local_time":"20210108161950","is_ascension_mode":false,"campfire_choices":[{"data":"Eruption","floor":6.0,"key":"SMITH"},{"data":"EmptyMind","floor":12.0,"key":"SMITH"},{"data":"FlurryOfBlows","floor":15.0,"key":"SMITH"},{"data":"Wish","floor":23.0,"key":"SMITH"},{"data":"m_Survivalism","floor":25.0,"key":"SMITH"},{"floor":32.0,"key":"REST"}],"circlet_count":0,"master_deck":["Strike_P","Strike_P","Strike_P","Strike_P","Defend_P","Defend_P","Defend_P","Defend_P","Eruption+1","Vigilance","FlurryOfBlows+1","FlurryOfBlows+1","EmptyMind+1","Wish+1","Looming Evil","m_Survivalism+1","Panacea","infinitespire:Oblivion","meleeMod_UpTilt+1","hubris:EnhanceAbility","CurseOfTheBell","meleeMod_FireFlower+1","meleeMod_TeamAttackOn+1","meleeMod_DownTilt+1"],"relics":["PureWater","NeowsBlessing","Pen Nib","Thread and Needle","hubris:CrystalStatue","ReplayTheSpireMod:SealedPack","infinitespire:Lucky Rock","Ring of Fury","OrangePellets","PrismaticShard","Replay:Purple Gloves","aspiration:RitualStick","Calling Bell","conspire:TopHat","hubris:SphereOfDissonance","Lizard Tail","Omamori"],"acts_visited":["Exordium","TheCity","TheBeyond"],"potions_floor_usage":[40],"damage_taken":[{"damage":0.0,"enemies":"Jaw Worm","floor":1.0,"turns":1.0},{"damage":0.0,"enemies":"2 Louse","floor":5.0,"turns":2.0},{"damage":0.0,"enemies":"3 Sentries","floor":8.0,"turns":1.0},{"damage":1.0,"enemies":"Small Slimes","floor":11.0,"turns":3.0},{"damage":5.0,"enemies":"Blue Slaver","floor":14.0,"turns":2.0},{"damage":7.0,"enemies":"Slime Boss","floor":16.0,"turns":9.0},{"damage":15.0,"enemies":"Shell Parasite","floor":18.0,"turns":5.0},{"damage":2.0,"enemies":"Chosen","floor":28.0,"turns":3.0},{"damage":14.0,"enemies":"Centurion and Healer","floor":31.0,"turns":4.0},{"damage":6.0,"enemies":"conspire:MysteriousRune","floor":33.0,"turns":5.0},{"damage":73.0,"enemies":"3 Darklings","floor":35.0,"turns":6.0},{"damage":0,"enemies":"Orb Walker","floor":36,"turns":3},{"damage":0,"enemies":"Maw","floor":39,"turns":8},{"damage":72,"enemies":"Nightmare","floor":40,"turns":7}],"seed_played":"-5962616456383834772","potions_obtained":[{"floor":8.0,"key":"SpeedPotion"},{"floor":14.0,"key":"StancePotion"},{"floor":16.0,"key":"Elixir"},{"floor":18.0,"key":"Fire Potion"},{"floor":31.0,"key":"Energy Potion"},{"floor":39,"key":"Regen Potion"}],"is_trial":false,"path_per_floor":["M","?","$","?","M","R","$","E","T","?","M","R","?","M","R","B",null,"M","?","$","?","AVR","R","?","R","T","?","M","$","?","M","R","B",null,"M","M","?","?","M","NM"],"character_chosen":"WATCHER","items_purchased":["FlurryOfBlows","Pen Nib","infinitespire:Lucky Rock"],"campfire_rested":1,"item_purchase_floors":[3,7,20],"current_hp_per_floor":[72,72,72,72,72,72,72,72,72,72,71,71,71,66,66,59,72,57,57,57,57,57,57,49,49,49,36,34,34,19,5,28,22,77,4,4,4,4,4,0,0],"gold":235,"neow_bonus":"THREE_ENEMY_KILL","is_daily":false,"chose_seed":false,"campfire_upgraded":5,"win_rate":0.0,"timestamp":1610122790,"path_taken":["M","?","?","?","M","R","$","E","T","?","?","R","?","M","R","BOSS","M","?","$","?","AVR","R","?","R","T","?","?","$","?","M","R","BOSS","M","M","?","?","M","NM"],"items_purchased_type":["Card","Relic","Relic"],"build_version":"2020-12-22","purchased_purges":2,"victory":false,"max_hp_per_floor":[72,72,72,72,72,72,72,72,72,72,72,72,72,72,72,72,72,72,72,72,72,72,72,72,72,72,77,77,77,77,77,77,77,77,77,77,77,77,77,77,77],"card_choices":[{"not_picked":["ThirdEye","ClearTheMind"],"picked":"FlurryOfBlows","floor":1.0},{"not_picked":["DeceiveReality","ReachHeaven","Replay:Hum"],"picked":"SKIP","floor":5.0},{"not_picked":["Prostrate","DeceiveReality","Evaluate"],"picked":"SKIP","floor":8.0},{"not_picked":["CutThroughFate","MentalFortress"],"picked":"EmptyMind","floor":11.0},{"not_picked":["ReachHeaven","Weave","Nirvana"],"picked":"SKIP","floor":14.0},{"not_picked":["Ragnarok","MasterReality"],"picked":"Wish","floor":16.0},{"not_picked":["Eruption","Dualcast"],"picked":"m_Survivalism","floor":17.0},{"not_picked":["MasterReality","Ragnarok"],"picked":"Establishment","floor":17.0},{"not_picked":["Finesse","Dark Shackles"],"picked":"Panacea","floor":17.0},{"not_picked":["infinitespire:NeuralNetwork","infinitespire:Starlight"],"picked":"infinitespire:Oblivion","floor":17.0},{"not_picked":["WheelKick+1","DeusExMachina","ClearTheMind"],"picked":"SKIP","floor":18.0},{"not_picked":["Panic Button","ReplayTheSpireMod:Trickstab"],"picked":"meleeMod_UpTilt+1","floor":28.0},{"not_picked":["Wild Strike","Protect","Streamline"],"picked":"SKIP","floor":31.0},{"not_picked":["Omniscience","Master of Strategy"],"picked":"hubris:EnhanceAbility","floor":33.0},{"not_picked":["Replay:Battleflow","Undo"],"picked":"meleeMod_FireFlower+1","floor":35.0},{"not_picked":["Clash","Twin Strike"],"picked":"meleeMod_TeamAttackOn+1","floor":36},{"not_picked":["Cloak And Dagger","Dark Shackles"],"picked":"meleeMod_DownTilt+1","floor":39}],"player_experience":88213,"relics_obtained":[{"floor":8.0,"key":"Thread and Needle"},{"floor":9.0,"key":"hubris:CrystalStatue"},{"floor":21.0,"key":"Ring of Fury"},{"floor":24.0,"key":"PrismaticShard"},{"floor":26.0,"key":"Replay:Purple Gloves"},{"floor":34.0,"key":"conspire:TopHat"},{"floor":34.0,"key":"hubris:SphereOfDissonance"},{"floor":34.0,"key":"Lizard Tail"}],"event_choices":[{"damage_healed":0.0,"max_hp_gain":0.0,"max_hp_loss":0.0,"gold_gain":0.0,"event_name":"conspire:Investor","player_choice":"Leave","floor":2.0,"gold_loss":0.0,"damage_taken":0.0},{"damage_healed":0.0,"max_hp_gain":0.0,"max_hp_loss":0.0,"gold_gain":175.0,"event_name":"Liars Game","player_choice":"AGREE","floor":4.0,"gold_loss":0.0,"damage_taken":0.0,"cards_obtained":["Doubt"]},{"damage_healed":0.0,"max_hp_gain":0.0,"max_hp_loss":0.0,"gold_gain":0.0,"event_name":"Accursed Blacksmith","player_choice":"Forge","floor":10.0,"gold_loss":0.0,"damage_taken":0.0,"cards_upgraded":["FlurryOfBlows"]},{"damage_healed":0.0,"max_hp_gain":5.0,"max_hp_loss":0.0,"gold_gain":0.0,"event_name":"Forgotten Altar","player_choice":"Shed Blood","floor":27.0,"gold_loss":0.0,"damage_taken":18.0},{"damage_healed":0,"gold_gain":0,"player_choice":"Ignored","damage_taken":0,"max_hp_gain":0,"max_hp_loss":0,"event_name":"Mysterious Sphere","floor":37,"gold_loss":0},{"cards_removed":["Establishment"],"damage_healed":0,"gold_gain":0,"player_choice":"Gave Card","damage_taken":0,"relics_obtained":["Omamori"],"max_hp_gain":0,"max_hp_loss":0,"event_name":"WeMeetAgain","floor":38,"gold_loss":0}],"is_beta":false,"boss_relics":[{"not_picked":["Astrolabe","HolyWater"],"picked":"ReplayTheSpireMod:SealedPack"},{"not_picked":["Kintsugi","Philosopher\u0027s Stone"],"picked":"Calling Bell"}],"items_purged_floors":[7,22],"is_endless":false,"potions_floor_spawned":[8,14,16,18,31,39],"killed_by":"Nightmare","ascension_level":0}}