{"host":"q6wyndrixvj3w9nl","time":1610108249,"event":{"mods":["AchievementEnabler","BaseMod","Better Third Choice","Colored Map","Curses Come First","Hermit","Jorbs\u0027s Wanderer Trilogy","Minty Spire (QoL Compilation)","Permanent Neow","Quick Restart","Rare Cards Sparkle","Relic Stats","StSLib","The Cursed","The Hierophant"],"gold_per_floor":[118,137,151,161,180,180,213,229,277,308,321,321,321],"floor_reached":12,"playtime":2000,"items_purged":[],"score":108,"play_id":"ebf8a9a7-a8aa-4a83-9f72-d13ed91059fe","local_time":"20210108131729","is_ascension_mode":true,"campfire_choices":[{"data":"Coolheaded","floor":6,"key":"SMITH"}],"circlet_count":0,"master_deck":["Strike_B","Strike_B","Strike_B","Strike_B","Defend_B","Defend_B","Defend_B","Defend_B","Zap","Dualcast","Go for the Eyes","Sweeping Beam","Coolheaded+1","Compile Driver","Cold Snap","Capacitor","Leap","Barrage","Sunder"],"relics":["Snecko Eye","Calipers","Oddly Smooth Stone","Blue Candle"],"acts_visited":["Exordium"],"potions_floor_usage":[4,8],"damage_taken":[{"damage":0,"enemies":"Cultist","floor":1,"turns":4},{"damage":0,"enemies":"Small Slimes","floor":2,"turns":2},{"damage":4,"enemies":"Jaw Worm","floor":3,"turns":3},{"damage":2,"enemies":"Looter","floor":4,"turns":4},{"damage":7,"enemies":"3 Louse","floor":5,"turns":3},{"damage":22,"enemies":"3 Sentries","floor":7,"turns":7},{"damage":7,"enemies":"Lots of Slimes","floor":8,"turns":6},{"damage":14,"enemies":"Lagavulin","floor":10,"turns":9},{"damage":0,"enemies":"Large Slime","floor":11,"turns":5},{"damage":38,"enemies":"Gremlin Nob","floor":12,"turns":5}],"seed_played":"7003007016961539001","potions_obtained":[{"floor":1,"key":"Explosive Potion"},{"floor":3,"key":"DistilledChaos"},{"floor":8,"key":"SmokeBomb"}],"is_trial":false,"path_per_floor":["M","M","M","M","M","R","E","M","T","E","M","E"],"character_chosen":"DEFECT","items_purchased":[],"campfire_rested":0,"item_purchase_floors":[],"current_hp_per_floor":[75,75,71,69,62,62,40,33,33,19,19,0,0],"gold":321,"neow_bonus":"BOSS_RELIC","is_daily":false,"chose_seed":false,"campfire_upgraded":1,"win_rate":0.0,"timestamp":1610108249,"path_taken":["M","M","M","M","M","R","E","M","T","E","M","E"],"items_purchased_type":[],"build_version":"2020-12-22","purchased_purges":0,"victory":false,"max_hp_per_floor":[75,75,75,75,75,75,75,75,75,75,75,75,75],"relic_stats":{"counters":[10,48],"Blue Candle":[0],"Snecko Eye":[88,96,92,95],"obtain_stats":[{"Calipers":7,"Blue Candle":10,"Snecko Eye":0,"Oddly Smooth Stone":9,"Cracked Core":0},{"Calipers":6,"Blue Candle":8,"Snecko Eye":0,"Oddly Smooth Stone":7,"Cracked Core":0},{"Calipers":23,"Blue Candle":38,"Snecko Eye":0,"Oddly Smooth Stone":29,"Cracked Core":0}]},"card_choices":[{"not_picked":["BootSequence","Gash"],"picked":"Go for the Eyes","floor":1},{"not_picked":["Rebound","Go for the Eyes"],"picked":"Sweeping Beam","floor":2},{"not_picked":["Storm","Turbo"],"picked":"Coolheaded","floor":3},{"not_picked":["Rebound","Go for the Eyes"],"picked":"Compile Driver","floor":4},{"not_picked":["Barrage","Gash"],"picked":"Cold Snap","floor":5},{"not_picked":["Compile Driver","Cold Snap"],"picked":"Capacitor","floor":7},{"not_picked":["White Noise","BootSequence"],"picked":"Leap","floor":8},{"not_picked":["Leap","Hyperbeam"],"picked":"Barrage","floor":10},{"not_picked":["Compile Driver","Hello World"],"picked":"Sunder","floor":11}],"player_experience":344964,"relics_obtained":[{"floor":7,"key":"Calipers"},{"floor":9,"key":"Oddly Smooth Stone"},{"floor":10,"key":"Blue Candle"}],"event_choices":[],"is_beta":false,"boss_relics":[],"items_purged_floors":[],"is_endless":false,"potions_floor_spawned":[1,3,8],"killed_by":"Gremlin Nob","ascension_level":3}}