{"host":"3m7kwbdmvdgbilll","time":1610123917,"event":{"mods":["2.2 Compatiblity","AchievementEnabler","Aspiration","BaseMod","Beaked The Cultist","Better Match","Better Sensory Stone","Better Skull","Better Third Choice","BetterRewards","CCEM","Colored Map","Colored Powertips","Conspire","Custom Start","Dark Map","Downfall","Energized Spire","GifTheSpireLib","Halation","Hermit","Highlight Path","Hubris","Infinite Spire","Jedi Mod","Marisa????????","Mimic Mod","Minty Spire (QoL Compilation)","Permanent Neow","Quick Restart","Rare Cards Sparkle","Replay The Spire","Shade Mod","Shop Mod","Small Relic Pack","Spicy Shops","StSLib","Stuff the Spire","The Alterego","The Construct","The Hierophant","The Servant 0.9.4","Unceasing Turn Reminder","Wandering Minibosses"],"gold_per_floor":[0,13,13,23,39,57,57,57,57],"floor_reached":8,"playtime":745,"items_purged":[],"score":48,"play_id":"7d35b502-09a2-422c-9402-f86594cd0325","local_time":"20210108113837","is_ascension_mode":false,"campfire_choices":[{"floor":1,"key":"RECALL"}],"circlet_count":0,"master_deck":["alterego_mod:Strike","alterego_mod:Strike","alterego_mod:Strike","alterego_mod:Strike","alterego_mod:Defend","alterego_mod:Defend","alterego_mod:Defend","alterego_mod:Defend","alterego_mod:Impale","alterego_mod:BigMeatyClaws","alterego_mod:BrynhildrsRune","alterego_mod:Smother","alterego_mod:Punishment","alterego_mod:Vow","alterego_mod:Pet"],"relics":["alterego_mod:MasochisticConstitution","Lizard Tail","StuffTheSpire:HeavyRock"],"acts_visited":["Exordium"],"potions_floor_usage":[6],"damage_taken":[{"damage":12,"enemies":"conspire:RoseBush","floor":2,"turns":3},{"damage":27,"enemies":"Cultist","floor":4,"turns":7},{"damage":21,"enemies":"Small Slimes","floor":5,"turns":4},{"damage":22,"enemies":"Blue Slaver","floor":6,"turns":5},{"damage":54,"enemies":"3 Sentries","floor":8,"turns":9}],"seed_played":"1226005289225850715","potions_obtained":[{"floor":4,"key":"SkillPotion"}],"is_trial":false,"path_per_floor":["R_BF","M","?","M","M","M","T","E"],"character_chosen":"The_Alterego","items_purchased":[],"campfire_rested":0,"item_purchase_floors":[],"current_hp_per_floor":[70,59,59,33,13,54,54,0,0],"gold":57,"neow_bonus":"ONE_RARE_RELIC","is_daily":false,"chose_seed":false,"campfire_upgraded":0,"win_rate":0.0,"timestamp":1610123917,"path_taken":["R_BF","M","?","M","M","M","T","E"],"items_purchased_type":[],"build_version":"2020-12-22","purchased_purges":0,"victory":false,"max_hp_per_floor":[70,71,71,72,73,74,74,74,74],"card_choices":[{"not_picked":["alterego_mod:Complex","alterego_mod:1TonWallop"],"picked":"alterego_mod:Smother","floor":2},{"not_picked":["alterego_mod:HighServant","alterego_mod:Rip"],"picked":"alterego_mod:Punishment","floor":4},{"not_picked":["alterego_mod:RocketPunch","alterego_mod:Cycle"],"picked":"alterego_mod:Vow","floor":5},{"not_picked":["alterego_mod:Undulate","alterego_mod:GoddessCore"],"picked":"alterego_mod:Pet","floor":6}],"player_experience":43036,"relics_obtained":[{"floor":7,"key":"StuffTheSpire:HeavyRock"}],"event_choices":[{"damage_healed":0,"gold_gain":0,"player_choice":"Ignored","damage_taken":0,"max_hp_gain":0,"max_hp_loss":0,"event_name":"NoteForYourself","floor":3,"gold_loss":0}],"is_beta":false,"boss_relics":[],"items_purged_floors":[],"is_endless":false,"potions_floor_spawned":[4],"killed_by":"3 Sentries","ascension_level":0}}