{"host":"nn8dnwg7qu5hzjj2","time":1610146346,"event":{"mods":["AchievementEnabler","BaseMod","Better Match","Better Note","Better Sensory Stone","Better Vampires","Card Forge","Colored Map","Colored Powertips","Data Control","Highlight Path","Infinite Spire","Minty Spire (QoL Compilation)","Permanent Neow","Relic Filter","Replay The Spire","Shop Mod","StSLib","Synergy Search","The Jungle","Transform Curses"],"gold_per_floor":[117,117,117,117,127,156,156,188,188,188,188,188,203,217,217,317,317,332,345,345,357,357,357,387,487,487,507,539,539,556,556,556,655,655,671,691,709,720,773,807,807,807,807,820,920,920,947,973,973,1076,1076,1087,1100,1112,1037,1050,1079,1079,1097,1151,1177,1175,1224,1233,1234,1234,1322,1422,1417,1417,1425,1432,1448,1448,1465,1479,1479,1482,1482,1500,1495,1521,1521,1609,1609,1609,1650,1650,1650,1650,1603,1603,1610,1610,1610,1632,1632,1663,1669,1669,1698,1698,1694,1695,1701,1688,1680,1686,1696,1696,1696,1701,1778,1804,1804,1819,1819,1911,1911,1914,1920,1919,1931,1933,1948,1657,1657,1657,1688,1688,1828,1960,2096,2096,2325,2325,2487,2657,2842,3036,2436,2436,2606,2606,2656,2656,3150,0,22,47,47,145,145,145,145,176,252],"floor_reached":158,"playtime":7411,"items_purged":[],"score":4670,"play_id":"5d501f4b-bb37-43a1-bda2-3549167eef1f","local_time":"20210108155226","is_ascension_mode":true,"campfire_choices":[{"floor":7.0,"key":"REST"},{"data":"infinitespire:Neurotoxin","floor":10.0,"key":"SMITH"},{"floor":15.0,"key":"DIG"},{"floor":23.0,"key":"DIG"},{"data":"infinitespire:FutureSight","floor":29.0,"key":"SMITH"},{"data":"Body Slam","floor":32.0,"key":"SMITH"},{"data":"Exhume","floor":41.0,"key":"SMITH"},{"data":"Catalyst","floor":49.0,"key":"SMITH"},{"floor":66.0,"key":"DIG"},{"floor":74.0,"key":"DIG"},{"floor":100.0,"key":"DIG"},{"data":"Deep Breath","floor":110.0,"key":"SMITH"},{"data":"infinitespire:Execution","floor":115.0,"key":"SMITH"},{"data":"Madness","floor":117.0,"key":"SMITH"},{"floor":130.0,"key":"DIG"},{"floor":134,"key":"DIG"},{"floor":142,"key":"DIG"},{"floor":144,"key":"DIG"},{"floor":151,"key":"DIG"},{"floor":154,"key":"DIG"}],"circlet_count":0,"master_deck":["Barricade+1","Entrench+1","Exhume+1","infinitespire:OneForAll+1","Catalyst+1","infinitespire:Neurotoxin+1","infinitespire:FutureSight+1","ReplayTheSpireMod:Echoes of Time+1","infinitespire:Starlight+1","Genetic Algorithm+1","Body Slam+1","infinitespire:Execution+1","infinitespire:Starlight+1","Pot Of Greed+1","Pot Of Greed+1","Shame","Deep Breath+1","Madness+1","Madness+1","Pot Of Greed","theJungle:PetSnecko"],"relics":["Hammer of Thor","Seething Fire","Anvil of the Gods","Iron Core","Unceasing Top","Pen Nib","White Beast Statue","Onion Ring","ReplayTheSpireMod:Ring of Exchange","Ring of Hypnosis","Replay:PocketPolymizer","Orrery","Shovel","infinitespire:PuzzleCube","Happy Flower","CaptainsWheel","Frozen Egg 2","Pandora\u0027s Box","Ice Cream","infinitespire:Bottled Soul","Juzu Bracelet","Thread and Needle","Champion Belt","InkBottle","ClockworkSouvenir","Red Skull","infinitespire:Golems Mask","Bronze Scales","Smiling Mask","ReplayTheSpireMod:Lightbulb","Blood Vial","Art of War","Replay:Wanted Poster","Tiny Chest","Peace Pipe","Grinning Jar","Strawberry","Snack Pack","Question Card","theJungle:SneckoAutograph","infinitespire:Lychee Nut","WingedGreaves","Replay:Baseball","infinitespire:BottledMercury","Torii","Replay:Bottled Snecko","ReplayTheSpireMod:ShopPack","Regal Pillow","Replay:Multitool","Bag of Marbles","Omamori","Charon\u0027s Ashes","infinitespire:Midas Blood","Toy Ornithopter","Calling Bell","ReplayTheSpireMod:Spearhead","Mercury Hourglass","Pocketwatch","Vajra","MealTicket","Divine Protection","Replay:Bandana","infinitespire:EvilPickle","Centennial Puzzle","Bottled Flame","Busted Crown","Frozen Eye","Replay:Kaleidoscope","Orichalcum","Replay:Rubber Ducky","Black Star","Anchor","War Paint","Oddly Smooth Stone","Old Coin","Red Mask","Potion Belt","ReplayTheSpireMod:TigerMarble","Replay:WaspNest","Mark of Pain","Replay:Bottled Steam","SacredBark","King of Hearts","FossilizedHelix"],"acts_visited":["Exordium","theJungle:Jungle","TheBeyond","Exordium","theJungle:Jungle","TheBeyond","Exordium","theJungle:Jungle","TheBeyond","TheEnding"],"potions_floor_usage":[149,157,157,157],"damage_taken":[{"damage":7.0,"enemies":"2 Louse","floor":1.0,"turns":4.0},{"damage":92.0,"enemies":"Jaw Worm","floor":5.0,"turns":13.0},{"damage":0.0,"enemies":"Gremlin Nob","floor":6.0,"turns":4.0},{"damage":0.0,"enemies":"Replay:BlueRogue","floor":8.0,"turns":4.0},{"damage":0.0,"enemies":"Cultist","floor":13.0,"turns":3.0},{"damage":2.0,"enemies":"Blue Slaver","floor":14.0,"turns":2.0},{"damage":30.0,"enemies":"Hexaghost","floor":16.0,"turns":5.0},{"damage":23.0,"enemies":"theJungle:Flameango_and_Byrd","floor":18.0,"turns":4.0},{"damage":18.0,"enemies":"Shell Parasite","floor":19.0,"turns":2.0},{"damage":19.0,"enemies":"theJungle:2_Snecko_Cultists","floor":21.0,"turns":4.0},{"damage":24.0,"enemies":"theJungle:Cassacara","floor":24.0,"turns":3.0},{"damage":0.0,"enemies":"theJungle:JungleHuntersEncounter","floor":27.0,"turns":2.0},{"damage":0.0,"enemies":"theJungle:MamaSnecko","floor":28.0,"turns":3.0},{"damage":21.0,"enemies":"Snake Plant","floor":30.0,"turns":2.0},{"damage":17.0,"enemies":"theJungle:TotemBoss","floor":33.0,"turns":8.0},{"damage":18.0,"enemies":"Orb Walker","floor":35.0,"turns":2.0},{"damage":22.0,"enemies":"3 Shapes","floor":36.0,"turns":3.0},{"damage":0.0,"enemies":"Transient","floor":37.0,"turns":4.0},{"damage":0.0,"enemies":"Maw","floor":38.0,"turns":2.0},{"damage":19.0,"enemies":"2 Orb Walkers","floor":39.0,"turns":3.0},{"damage":0.0,"enemies":"R_Hoarder","floor":40.0,"turns":3.0},{"damage":26.0,"enemies":"Jaw Worm Horde","floor":44.0,"turns":3.0},{"damage":15.0,"enemies":"infinitespire:Three Voidlings","floor":45.0,"turns":3.0},{"damage":0.0,"enemies":"Nightmare_Alpha","floor":45.0,"turns":3.0},{"damage":0.0,"enemies":"Nemesis","floor":48.0,"turns":3.0},{"damage":5.0,"enemies":"Awakened One","floor":50.0,"turns":3.0},{"damage":0.0,"enemies":"Jaw Worm","floor":52.0,"turns":1.0},{"damage":0.0,"enemies":"Cultist","floor":53.0,"turns":1.0},{"damage":0.0,"enemies":"Small Slimes","floor":54.0,"turns":1.0},{"damage":0.0,"enemies":"Blue Slaver","floor":56.0,"turns":1.0},{"damage":0.0,"enemies":"Gremlin Nob","floor":57.0,"turns":1.0},{"damage":0.0,"enemies":"Lagavulin","floor":59.0,"turns":3.0},{"damage":0.0,"enemies":"Gremlin Nob","floor":61.0,"turns":1.0},{"damage":24.0,"enemies":"Gremlin Gang","floor":62.0,"turns":3.0},{"damage":0.0,"enemies":"Lagavulin Event","floor":63.0,"turns":2.0},{"damage":0.0,"enemies":"Large Slime","floor":64.0,"turns":2.0},{"damage":25.0,"enemies":"3 Louse","floor":65.0,"turns":3.0},{"damage":0.0,"enemies":"Hexaghost","floor":67.0,"turns":2.0},{"damage":0.0,"enemies":"theJungle:5_Spyders","floor":69.0,"turns":3.0},{"damage":0.0,"enemies":"Shell Parasite","floor":71.0,"turns":1.0},{"damage":0.0,"enemies":"theJungle:2_Snecko_Cultists","floor":72.0,"turns":2.0},{"damage":0.0,"enemies":"theJungle:JungleHuntersEncounter","floor":73.0,"turns":1.0},{"damage":0.0,"enemies":"Nightmare","floor":75.0,"turns":2.0},{"damage":0.0,"enemies":"theJungle:Lyon","floor":76.0,"turns":1.0},{"damage":4.0,"enemies":"theJungle:Snecko_Cultist_And_Trap","floor":78.0,"turns":2.0},{"damage":0.0,"enemies":"theJungle:MamaSnecko","floor":80.0,"turns":2.0},{"damage":41.0,"enemies":"Snake Plant","floor":81.0,"turns":2.0},{"damage":0.0,"enemies":"theJungle:2_Phrogs","floor":82.0,"turns":1.0},{"damage":0.0,"enemies":"theJungle:QueenSpyder","floor":84.0,"turns":1.0},{"damage":39.0,"enemies":"3 Shapes","floor":86.0,"turns":2.0},{"damage":29.0,"enemies":"2 Orb Walkers","floor":87.0,"turns":2.0},{"damage":20.0,"enemies":"3 Darklings","floor":90.0,"turns":2.0},{"damage":16.0,"enemies":"Reptomancer","floor":91.0,"turns":14.0},{"damage":0.0,"enemies":"R_Hoarder","floor":93.0,"turns":3.0},{"damage":0.0,"enemies":"Nightmare","floor":96.0,"turns":1.0},{"damage":0.0,"enemies":"Mind Bloom Boss Battle","floor":98.0,"turns":2.0},{"damage":0.0,"enemies":"Jaw Worm Horde","floor":99.0,"turns":1.0},{"damage":27.0,"enemies":"Awakened One","floor":101.0,"turns":3.0},{"damage":0.0,"enemies":"Cultist","floor":103.0,"turns":2.0},{"damage":0.0,"enemies":"Small Slimes","floor":104.0,"turns":2.0},{"damage":0.0,"enemies":"2 Louse","floor":105.0,"turns":2.0},{"damage":32.0,"enemies":"Lots of Slimes","floor":106.0,"turns":2.0},{"damage":9.0,"enemies":"2 Fungi Beasts","floor":107.0,"turns":2.0},{"damage":46.0,"enemies":"Nightmare_Alpha","floor":108.0,"turns":2.0},{"damage":0.0,"enemies":"3 Sentries","floor":109.0,"turns":2.0},{"damage":0.0,"enemies":"Large Slime","floor":112.0,"turns":2.0},{"damage":0.0,"enemies":"Looter","floor":116.0,"turns":1.0},{"damage":0.0,"enemies":"The Guardian","floor":118.0,"turns":1.0},{"damage":0.0,"enemies":"theJungle:Flameango_and_Byrd","floor":120.0,"turns":2.0},{"damage":22.0,"enemies":"theJungle:MUSHROOMGANG","floor":121.0,"turns":2.0},{"damage":4.0,"enemies":"theJungle:2_Flameangoes","floor":122.0,"turns":2.0},{"damage":0.0,"enemies":"theJungle:2_Snecko_Cultists","floor":123.0,"turns":2.0},{"damage":0.0,"enemies":"theJungle:Snecko_Cultist_And_Trap","floor":124.0,"turns":2.0},{"damage":0.0,"enemies":"theJungle:Cassacara","floor":125.0,"turns":2.0},{"damage":0.0,"enemies":"theJungle:MamaSnecko","floor":129.0,"turns":1.0},{"damage":0.0,"enemies":"theJungle:Cassacara","floor":131.0,"turns":1.0},{"damage":0.0,"enemies":"theJungle:JungleHuntersEncounter","floor":132.0,"turns":2.0},{"damage":0.0,"enemies":"theJungle:SlimyTreeVines","floor":133.0,"turns":2.0},{"damage":0,"enemies":"theJungle:FunGuy","floor":135,"turns":2},{"damage":0,"enemies":"Orb Walker","floor":137,"turns":1},{"damage":0,"enemies":"3 Darklings","floor":138,"turns":2},{"damage":0,"enemies":"Writhing Mass","floor":139,"turns":1},{"damage":0,"enemies":"Sphere and 2 Shapes","floor":140,"turns":2},{"damage":19,"enemies":"Spire Growth","floor":143,"turns":2},{"damage":0,"enemies":"R_Hoarder","floor":147,"turns":2},{"damage":2,"enemies":"4 Shapes","floor":149,"turns":1},{"damage":0,"enemies":"Reptomancer","floor":150,"turns":1},{"damage":0,"enemies":"infinitespire:LordOfFortification","floor":152,"turns":3},{"damage":0,"enemies":"Shield and Spear","floor":156,"turns":2},{"damage":0,"enemies":"The Heart","floor":157,"turns":5}],"seed_played":"6270847918858304019","potions_obtained":[{"floor":5.0,"key":"Explosive Potion"},{"floor":6.0,"key":"Energy Potion"},{"floor":13.0,"key":"Languid Potion"},{"floor":19.0,"key":"Doom Potion"},{"floor":28.0,"key":"Strength Potion"},{"floor":37.0,"key":"DistilledChaos"},{"floor":38.0,"key":"SteroidPotion"},{"floor":53.0,"key":"FearPotion"},{"floor":54.0,"key":"Elixir"},{"floor":59.0,"key":"LifebloodPotion"},{"floor":72.0,"key":"Toxic Potion"},{"floor":73.0,"key":"PowerPotion"},{"floor":75.0,"key":"SpeedPotion"},{"floor":84.0,"key":"Doom Potion"},{"floor":104.0,"key":"GamblersBrew"},{"floor":133,"key":"SkillPotion"},{"floor":147,"key":"Swift Potion"},{"floor":149,"key":"HeartOfIron"},{"floor":150,"key":"BlessingOfTheForge"},{"floor":152,"key":"SkillPotion"},{"floor":156,"key":"Reflective Coating"}],"is_trial":false,"path_per_floor":["M","?","$","?","M","E","R","E","T","R","T","?","M","M","R_BF","B",null,"M","M","?","M","?","R","E","?","T","M","E","R","M","?","R","B",null,"M","M","M","M","?","E","R","?","T","M","?","$","?","E","R","B",null,"M","M","M","?","M","E","?","E","T","E","M","?","M","M","R_BF","B",null,"M","AVR","M","M","M","R","NM","M","T","M","$","E","M","E","R_BF","B",null,"M","?","?","?","M","E","T","E","T","AVR","NM","?","?","M","R","B",null,"?","?","?","?","M","NM","E","R","T","M","?","T","R","M","R","B",null,"M","M","M","M","M","E","$","?","T","E","R","E","M","M","R","B",null,"M","M","M","M","$","R","M","R","T","?","E","?","M","E","R","B",null,"R","$","E","B",null],"character_chosen":"IRONCLAD","items_purchased":["MealTicket","Strange Spoon","Frozen Eye","Replay:Kaleidoscope","Orichalcum"],"campfire_rested":1,"item_purchase_floors":[126,126,141,141,141],"current_hp_per_floor":[87,87,87,92,20,30,57,77,77,77,77,77,93,93,93,73,93,80,72,48,59,35,35,31,25,25,55,75,75,74,74,74,77,93,85,81,93,93,93,93,93,93,93,67,76,76,76,93,93,93,93,93,93,93,93,93,93,93,93,93,93,69,81,83,70,70,82,93,93,93,93,93,93,93,93,93,100,96,96,100,79,91,91,100,100,71,44,44,44,51,63,63,75,75,75,75,66,75,75,75,75,75,75,75,75,67,75,41,70,70,70,75,64,64,64,66,66,75,75,75,55,56,63,75,75,75,75,75,75,75,75,75,75,75,75,75,75,75,4,9,24,24,40,40,40,40,47,47,70,75,75,75,75,75,75,75,75],"gold":252,"neow_bonus":"TEN_PERCENT_HP_BONUS","is_daily":false,"chose_seed":false,"campfire_upgraded":8,"win_rate":0.0,"timestamp":1610146346,"path_taken":["M","?","$","?","?","E","R","E","T","R","?","?","M","M","R_BF","BOSS","M","M","?","M","?","R","E","?","T","?","E","R","M","?","R","BOSS","M","M","M","M","?","E","R","?","T","M","?","$","?","E","R","BOSS","M","M","M","?","M","E","?","E","T","E","M","?","M","M","R_BF","BOSS","M","AVR","M","M","M","R","NM","M","T","M","$","E","M","E","R_BF","BOSS","M","?","?","?","M","E","?","E","T","AVR","NM","?","?","M","R","BOSS","?","?","?","?","M","NM","E","R","T","M","?","?","R","M","R","BOSS","M","M","M","M","M","E","$","?","T","E","R","E","M","M","R","BOSS","M","M","M","M","$","R","M","R","T","?","E","?","M","E","R","BOSS","R","$","E","BOSS"],"items_purchased_type":["Relic","Relic","Relic","Relic","Relic"],"build_version":"2020-12-22","purchased_purges":0,"victory":true,"max_hp_per_floor":[88,88,88,93,93,93,93,93,93,93,93,93,93,93,93,93,93,93,93,93,93,93,93,93,93,93,93,93,93,93,93,93,93,93,93,93,93,93,93,93,93,93,93,93,93,93,93,93,93,93,93,93,93,93,93,93,93,93,93,93,93,93,93,93,93,93,93,93,93,93,93,93,93,93,93,93,100,100,100,100,100,100,100,100,100,100,75,75,75,75,75,75,75,75,75,75,75,75,75,75,75,75,75,75,75,75,75,75,75,75,75,75,75,75,75,75,75,75,75,75,75,75,75,75,75,75,75,75,75,75,75,75,75,75,75,75,75,75,75,75,75,75,75,75,75,75,75,75,75,75,75,75,75,75,75,75,75],"card_choices":[{"not_picked":["Fire Breathing","Shrug It Off","Pommel Strike"],"picked":"SKIP","floor":1.0},{"not_picked":["WeaponsOverheat","Clash","Cold Snap"],"picked":"SKIP","floor":5.0},{"not_picked":["Rampage","Evolve","WeaponsOverheat"],"picked":"SKIP","floor":6.0},{"not_picked":["Perfected Strike","ReplayTheSpireMod:Omega Cannon","Rampage"],"picked":"SKIP","floor":8.0},{"not_picked":["Evolve","Perfected Strike","Sever Soul"],"picked":"SKIP","floor":13.0},{"not_picked":["Rampage","Sword Boomerang","Fire Breathing"],"picked":"SKIP","floor":14.0},{"not_picked":["Thunderclap","Sword Boomerang"],"picked":"Wild Strike","floor":17.0},{"not_picked":["Flex","Twin Strike"],"picked":"ReplayTheSpireMod:Muscle Training","floor":17.0},{"not_picked":["Sword Boomerang","Clash"],"picked":"Inflame","floor":17.0},{"not_picked":["Iron Wave","Cleave"],"picked":"Steam Power","floor":17.0},{"not_picked":["Shockwave","Hologram"],"picked":"Uppercut","floor":17.0},{"not_picked":["Warcry","Blood for Blood","Anger+1"],"picked":"SKIP","floor":18.0},{"not_picked":["Fire Breathing+1","Hemokinesis","Brutality"],"picked":"SKIP","floor":19.0},{"not_picked":["ReplayTheSpireMod:Black Plague","ReplayTheSpireMod:??????????????????????"],"picked":"infinitespire:SealOfDarkness+","floor":20.0},{"not_picked":["Rage","Evolve"],"picked":"Body Slam+1","floor":21.0},{"not_picked":["Clothesline","Carnage","Twin Strike+1"],"picked":"SKIP","floor":24.0},{"not_picked":["Blood for Blood","Armaments+1","Clothesline+1"],"picked":"SKIP","floor":27.0},{"not_picked":["Infernal Blade","Clash","Sever Soul"],"picked":"SKIP","floor":28.0},{"not_picked":["Twin Strike","Havoc","Headbutt"],"picked":"SKIP","floor":30.0},{"not_picked":["Wild Strike","Infernal Blade","Combust+1"],"picked":"SKIP","floor":35.0},{"not_picked":["Pummel","Armaments+1","Clash+1"],"picked":"SKIP","floor":36.0},{"not_picked":["Perfected Strike","Evolve+1","Pommel Strike+1"],"picked":"SKIP","floor":37.0},{"not_picked":["Iron Wave+1","Heavy Blade+1","Double Tap"],"picked":"SKIP","floor":38.0},{"not_picked":["Bloodletting","Immolate","Carnage"],"picked":"SKIP","floor":40.0},{"not_picked":["Body Slam+1","Sword Boomerang","Whirlwind"],"picked":"SKIP","floor":44.0},{"not_picked":["infinitespire:Fortify","infinitespire:SevenWalls"],"picked":"infinitespire:Execution","floor":45.0},{"not_picked":["Heavy Blade","Searing Blow","Ghostly Armor"],"picked":"SKIP","floor":48.0},{"not_picked":["Perfected Strike","Anger","Spot Weakness"],"picked":"SKIP","floor":52.0},{"not_picked":["Rampage","Spot Weakness","Wild Strike"],"picked":"SKIP","floor":53.0},{"not_picked":["Second Wind","Ghostly Armor","Perfected Strike"],"picked":"SKIP","floor":54.0},{"not_picked":["Warcry","Immolate","Inflame+1"],"picked":"SKIP","floor":56.0},{"not_picked":["Pummel","Metallicize+1","Shockwave"],"picked":"SKIP","floor":57.0},{"not_picked":["Heavy Blade","Burning Pact","Twin Strike"],"picked":"SKIP","floor":59.0},{"not_picked":["Evolve+1","Cleave","Iron Wave"],"picked":"SKIP","floor":61.0},{"not_picked":["Shrug It Off","Sever Soul","Pummel"],"picked":"SKIP","floor":62.0},{"not_picked":["Shrug It Off","Sever Soul","Pummel"],"picked":"SKIP","floor":62.0},{"not_picked":["Inflame+1","Armaments","Dark Embrace+1"],"picked":"SKIP","floor":64.0},{"not_picked":["Cleave","Warcry","Twin Strike"],"picked":"SKIP","floor":65.0},{"not_picked":["Combust+1","Ghostly Armor","Clothesline+1"],"picked":"SKIP","floor":69.0},{"not_picked":["Burning Pact+1","Wild Strike","Heavy Blade"],"picked":"SKIP","floor":71.0},{"not_picked":["Thunderclap","Iron Wave","Shrug It Off"],"picked":"SKIP","floor":72.0},{"not_picked":["Feed","Sentinel","Bloodletting"],"picked":"SKIP","floor":73.0},{"not_picked":["Blood for Blood","Sever Soul","Twin Strike"],"picked":"SKIP","floor":75.0},{"not_picked":["infinitespire:OneForAll","Uppercut","Metallicize+1"],"picked":"SKIP","floor":76.0},{"not_picked":["Fiend Fire","Bloodletting+1","True Grit"],"picked":"SKIP","floor":78.0},{"not_picked":["Seeing Red","Clothesline","Warcry"],"picked":"SKIP","floor":80.0},{"not_picked":["Flame Barrier","Shockwave","Spot Weakness+1"],"picked":"SKIP","floor":81.0},{"not_picked":["Dark Embrace+1","Body Slam","Pummel+1"],"picked":"SKIP","floor":82.0},{"not_picked":["Battle Trance+1","Burning Pact+1","Dual Wield+1","True Grit"],"picked":"SKIP","floor":86.0},{"not_picked":["Dramatic Entrance","Swift Strike","Violence"],"picked":"Deep Breath","floor":88.0},{"not_picked":["Shrug It Off+1","Fire Breathing+1","Clash","Sentinel+1"],"picked":"SKIP","floor":90.0},{"not_picked":["Immolate","Warcry+1","Pommel Strike","Clash+1"],"picked":"SKIP","floor":91.0},{"not_picked":["ReplayTheSpireMod:??????????????????????","infinitespire:Execution"],"picked":"Replay:Fractal Strike","floor":93.0},{"not_picked":["Cleave+1","Seeing Red+1","Anger","Reaper"],"picked":"SKIP","floor":93.0},{"not_picked":["Secret Technique","Panache","Transmutation"],"picked":"Magnetism","floor":95.0},{"not_picked":["Madness","Secret Technique","Forethought"],"picked":"Finesse","floor":95.0},{"not_picked":["Violence","Mayhem","Jack Of All Trades"],"picked":"Magnetism","floor":95.0},{"not_picked":["Body Slam","Flex","Rampage","Metallicize+1"],"picked":"SKIP","floor":96.0},{"not_picked":["Dark Embrace+1","Battle Trance+1","Metallicize+1","Flex+1"],"picked":"SKIP","floor":99.0},{"not_picked":["Fire Breathing+1","Ghostly Armor","Warcry","Wild Strike"],"picked":"SKIP","floor":103.0},{"not_picked":["Carnage","Havoc","Battle Trance","Thunderclap"],"picked":"SKIP","floor":104.0},{"not_picked":["Disarm","Reckless Charge","Cleave","Shrug It Off"],"picked":"SKIP","floor":105.0},{"not_picked":["Flame Barrier","Impervious","Havoc","Armaments"],"picked":"SKIP","floor":106.0},{"not_picked":["Headbutt","Rage","Perfected Strike","Exhume"],"picked":"SKIP","floor":107.0},{"not_picked":["Anger","Body Slam","Sever Soul","Uppercut"],"picked":"SKIP","floor":108.0},{"not_picked":["Iron Wave","Sever Soul","Uppercut","Perfected Strike"],"picked":"SKIP","floor":109.0},{"not_picked":["Combust+1","Dropkick","Reaper","Havoc"],"picked":"SKIP","floor":112.0},{"not_picked":["Perfected Strike","Fire Breathing+1","Cleave","Battle Trance"],"picked":"SKIP","floor":116.0},{"not_picked":["Dark Embrace+1","Clothesline","Body Slam","Bloodletting+1"],"picked":"SKIP","floor":120.0},{"not_picked":["Sever Soul+1","Thunderclap","Heavy Blade","Cleave+1"],"picked":"SKIP","floor":121.0},{"not_picked":["Havoc","Disarm","Headbutt","Sword Boomerang"],"picked":"SKIP","floor":122.0},{"not_picked":["Rage","Headbutt","Entrench","Iron Wave"],"picked":"SKIP","floor":123.0},{"not_picked":["Power Through","Sword Boomerang+1","Sentinel","infinitespire:OneForAll"],"picked":"SKIP","floor":124.0},{"not_picked":["Heavy Blade","Cleave","Perfected Strike","Havoc"],"picked":"SKIP","floor":125.0},{"not_picked":["Brutality+1","Flame Barrier","True Grit","Rage"],"picked":"SKIP","floor":129.0},{"not_picked":["Disarm","Flame Barrier","Rage","Wild Strike"],"picked":"SKIP","floor":131.0},{"not_picked":["Pommel Strike","Iron Wave","Twin Strike","Body Slam"],"picked":"SKIP","floor":132.0},{"not_picked":["Blood for Blood","True Grit","Headbutt+1","Perfected Strike"],"picked":"SKIP","floor":133},{"not_picked":["Clothesline","Bloodletting"],"picked":"SKIP","floor":137},{"not_picked":["Havoc","Second Wind"],"picked":"SKIP","floor":138},{"not_picked":["Sword Boomerang+1","Fiend Fire"],"picked":"SKIP","floor":139},{"not_picked":["Inflame+1","Armaments+1"],"picked":"SKIP","floor":140},{"not_picked":["Thunderclap+1","Immolate"],"picked":"SKIP","floor":143},{"not_picked":["Shockwave","Headbutt"],"picked":"SKIP","floor":147},{"not_picked":["Headbutt","Searing Blow"],"picked":"SKIP","floor":149},{"not_picked":["Cleave","Impervious"],"picked":"SKIP","floor":150},{"not_picked":["Iron Wave+1","Warcry+1"],"picked":"SKIP","floor":156}],"player_experience":113004,"relics_obtained":[{"floor":6.0,"key":"Unceasing Top"},{"floor":8.0,"key":"Pen Nib"},{"floor":9.0,"key":"White Beast Statue"},{"floor":11.0,"key":"Onion Ring"},{"floor":12.0,"key":"ReplayTheSpireMod:Ring of Exchange"},{"floor":12.0,"key":"Ring of Hypnosis"},{"floor":15.0,"key":"Replay:PocketPolymizer"},{"floor":23.0,"key":"infinitespire:PuzzleCube"},{"floor":24.0,"key":"Happy Flower"},{"floor":26.0,"key":"CaptainsWheel"},{"floor":28.0,"key":"Frozen Egg 2"},{"floor":39.0,"key":"Ice Cream"},{"floor":40.0,"key":"infinitespire:Bottled Soul"},{"floor":43.0,"key":"Juzu Bracelet"},{"floor":45.0,"key":"Thread and Needle"},{"floor":47.0,"key":"Champion Belt"},{"floor":48.0,"key":"InkBottle"},{"floor":57.0,"key":"Red Skull"},{"floor":59.0,"key":"Bronze Scales"},{"floor":60.0,"key":"Smiling Mask"},{"floor":61.0,"key":"ReplayTheSpireMod:Lightbulb"},{"floor":66.0,"key":"Art of War"},{"floor":74.0,"key":"Peace Pipe"},{"floor":75.0,"key":"Grinning Jar"},{"floor":77.0,"key":"Strawberry"},{"floor":80.0,"key":"Snack Pack"},{"floor":82.0,"key":"Question Card"},{"floor":87.0,"key":"infinitespire:Lychee Nut"},{"floor":91.0,"key":"Replay:Baseball"},{"floor":92.0,"key":"infinitespire:BottledMercury"},{"floor":93.0,"key":"Torii"},{"floor":94.0,"key":"Replay:Bottled Snecko"},{"floor":96.0,"key":"Regal Pillow"},{"floor":98.0,"key":"Replay:Multitool"},{"floor":100.0,"key":"Bag of Marbles"},{"floor":108.0,"key":"Omamori"},{"floor":109.0,"key":"Charon\u0027s Ashes"},{"floor":111.0,"key":"infinitespire:Midas Blood"},{"floor":114.0,"key":"Toy Ornithopter"},{"floor":119.0,"key":"ReplayTheSpireMod:Spearhead"},{"floor":119.0,"key":"Mercury Hourglass"},{"floor":119.0,"key":"Pocketwatch"},{"floor":125.0,"key":"Vajra"},{"floor":128.0,"key":"Divine Protection"},{"floor":129.0,"key":"Replay:Bandana"},{"floor":130.0,"key":"infinitespire:EvilPickle"},{"floor":131.0,"key":"Centennial Puzzle"},{"floor":134,"key":"Bottled Flame"},{"floor":142,"key":"Replay:Rubber Ducky"},{"floor":144,"key":"Black Star"},{"floor":145,"key":"Anchor"},{"floor":147,"key":"Oddly Smooth Stone"},{"floor":147,"key":"Old Coin"},{"floor":150,"key":"Potion Belt"},{"floor":150,"key":"ReplayTheSpireMod:TigerMarble"},{"floor":151,"key":"Replay:WaspNest"},{"floor":154,"key":"Replay:Bottled Steam"},{"floor":156,"key":"King of Hearts"},{"floor":156,"key":"FossilizedHelix"}],"event_choices":[{"damage_healed":0.0,"max_hp_gain":5.0,"max_hp_loss":0.0,"gold_gain":0.0,"event_name":"Big Fish","player_choice":"Donut","floor":4.0,"gold_loss":0.0,"damage_taken":0.0},{"damage_healed":0.0,"max_hp_gain":0.0,"max_hp_loss":0.0,"gold_gain":0.0,"event_name":"Mysterious Sphere","player_choice":"Fight","floor":39.0,"gold_loss":0.0,"damage_taken":0.0},{"cards_removed":["Self Repair"],"damage_healed":0.0,"max_hp_gain":0.0,"max_hp_loss":0.0,"gold_gain":0.0,"event_name":"Falling","player_choice":"Removed Power","floor":42.0,"gold_loss":0.0,"damage_taken":0.0},{"damage_healed":0.0,"max_hp_gain":0.0,"max_hp_loss":0.0,"gold_gain":0.0,"event_name":"betterMatch:BetterMatch","player_choice":"3","floor":55.0,"gold_loss":0.0,"damage_taken":0.0,"cards_obtained":[]},{"damage_healed":0.0,"max_hp_gain":0.0,"max_hp_loss":0.0,"gold_gain":0.0,"event_name":"WeMeetAgain","player_choice":"Gave Potion","floor":58.0,"gold_loss":0.0,"damage_taken":0.0,"relics_obtained":["infinitespire:Golems Mask"]},{"damage_healed":0.0,"max_hp_gain":0.0,"max_hp_loss":0.0,"gold_gain":0.0,"event_name":"Dead Adventurer","player_choice":"Searched \u00273\u0027 times","floor":63.0,"gold_loss":0.0,"damage_taken":0.0,"relics_obtained":["Blood Vial"]},{"damage_healed":0.0,"max_hp_gain":0.0,"max_hp_loss":0.0,"gold_gain":0.0,"event_name":"Mysterious Sphere","player_choice":"Fight","floor":87.0,"gold_loss":0.0,"damage_taken":0.0},{"damage_healed":0.0,"max_hp_gain":0.0,"max_hp_loss":0.0,"gold_gain":6.0,"event_name":"betterStone:BetterStone","player_choice":"1","floor":88.0,"gold_loss":0.0,"damage_taken":0.0},{"cards_removed":["Body Slam"],"damage_healed":0.0,"max_hp_gain":0.0,"max_hp_loss":0.0,"gold_gain":0.0,"event_name":"Falling","player_choice":"Removed Attack","floor":89.0,"gold_loss":0.0,"damage_taken":0.0},{"damage_healed":0.0,"max_hp_gain":0.0,"max_hp_loss":0.0,"gold_gain":0.0,"event_name":"Winding Halls","player_choice":"Embrace Madness","floor":97.0,"gold_loss":0.0,"damage_taken":9.0,"cards_obtained":["Madness","Madness"]},{"damage_healed":0.0,"max_hp_gain":0.0,"max_hp_loss":0.0,"gold_gain":0.0,"event_name":"MindBloom","player_choice":"Fight","floor":98.0,"gold_loss":0.0,"damage_taken":0.0},{"damage_healed":0.0,"max_hp_gain":0.0,"max_hp_loss":0.0,"gold_gain":75.0,"event_name":"World of Goop","player_choice":"Gather Gold","floor":113.0,"gold_loss":0.0,"damage_taken":11.0},{"damage_healed":0,"gold_gain":0,"player_choice":"Gave Potion","damage_taken":0,"relics_obtained":["War Paint"],"max_hp_gain":0,"max_hp_loss":0,"event_name":"WeMeetAgain","floor":146,"gold_loss":0},{"damage_healed":0,"gold_gain":0,"player_choice":"Paid","damage_taken":0,"relics_obtained":["Red Mask"],"max_hp_gain":0,"max_hp_loss":0,"event_name":"Tomb of Lord Red Mask","floor":148,"gold_loss":3150}],"is_beta":false,"boss_relics":[{"not_picked":["Replay:Fungal Core","infinitespire:Cupcake"],"picked":"Orrery"},{"not_picked":["infinitespire:Burning Sword","ChewingGum"],"picked":"Pandora\u0027s Box"},{"not_picked":["Replay:Drink Me","Replay:Bronze Core"],"picked":"ClockworkSouvenir"},{"not_picked":["Replay:Drink Me","Mark of Pain"],"picked":"Replay:Wanted Poster"},{"not_picked":["infinitespire:Burning Sword","Velvet Choker"],"picked":"Runic Dome"},{"not_picked":["Astrolabe","infinitespire:Cupcake"],"picked":"Painkiller Herb"},{"not_picked":["infinitespire:Cupcake","Velvet Choker"],"picked":"Calling Bell"},{"not_picked":["Abe\u0027s Treasure","Ring of Chaos"],"picked":"Busted Crown"},{"not_picked":["infinitespire:Burning Sword","Kintsugi"],"picked":"Mark of Pain"}],"items_purged_floors":[],"is_endless":true,"potions_floor_spawned":[5,6,13,14,16,18,19,21,24,27,28,30,33,35,36,37,38,39,40,44,45,45,48,50,52,53,54,56,57,59,61,62,63,64,65,67,69,71,72,73,75,76,78,80,81,82,84,86,87,90,91,93,96,98,99,101,103,104,105,106,107,108,109,112,116,118,120,121,122,123,124,125,129,131,132,133,135,137,138,139,140,143,147,149,150,152,156,157],"ascension_level":2}}