{"host":"v54ek091sdz7ha6h","time":1610136753,"event":{"mods":["BaseMod","Better Vampires","Colored Map","Colored Powertips","Custom Start","Highlight Path","KOR Keyword Fix","Minty Spire (QoL Compilation)","Quick Restart","Rare Cards Sparkle","StSLib","SuperFastMode","The Awakened One except there are too many feathers","everything is the same but u backflip on backflip","slay the spire mod where everything is the same but ironclad has a cowboy hat"],"gold_per_floor":[117,132,132,144,10,40,40,40,40,51,16,16,46,61,61,138,138,148,148,161,161,161,161,193,193,193],"floor_reached":25,"playtime":662,"items_purged":["Strike_B"],"score":458,"play_id":"6a92085d-29bd-4b8d-9a7b-fa5425eddc90","local_time":"20210109051233","is_ascension_mode":true,"campfire_choices":[{"data":"Reprogram","floor":7.0,"key":"SMITH"},{"data":"Dualcast","floor":12.0,"key":"SMITH"},{"floor":15.0,"key":"REST"},{"floor":23.0,"key":"REST"}],"circlet_count":0,"master_deck":["AscendersBane","Strike_B+1","Strike_B+1","Strike_B+1","Defend_B+1","Defend_B+1","Zap","Dualcast+1","Reprogram+1","FTL","Go for the Eyes","Hologram","Sweeping Beam","Rip and Tear","Self Repair","FTL","Creative AI","Leap"],"relics":["Cracked Core","Unceasing Top","Gambling Chip","Busted Crown","Peace Pipe","Ornamental Fan"],"acts_visited":["Exordium","TheCity"],"potions_floor_usage":[],"damage_taken":[{"damage":10.0,"enemies":"Small Slimes","floor":1.0,"turns":4.0},{"damage":8.0,"enemies":"2 Louse","floor":2.0,"turns":3.0},{"damage":5.0,"enemies":"Jaw Worm","floor":4.0,"turns":4.0},{"damage":11.0,"enemies":"Gremlin Nob","floor":6.0,"turns":3.0},{"damage":4.0,"enemies":"Blue Slaver","floor":10.0,"turns":3.0},{"damage":35.0,"enemies":"3 Sentries","floor":13.0,"turns":5.0},{"damage":2.0,"enemies":"Exordium Thugs","floor":14.0,"turns":4.0},{"damage":21.0,"enemies":"Hexaghost","floor":16.0,"turns":9.0},{"damage":29.0,"enemies":"3 Byrds","floor":18.0,"turns":5.0},{"damage":28.0,"enemies":"2 Thieves","floor":20.0,"turns":4.0},{"damage":24.0,"enemies":"Slavers","floor":24.0,"turns":5.0},{"damage":15,"enemies":"Shelled Parasite and Fungi","floor":25,"turns":3}],"seed_played":"-3393188754566855394","potions_obtained":[{"floor":2.0,"key":"SteroidPotion"},{"floor":4.0,"key":"SneckoOil"},{"floor":13.0,"key":"EssenceOfSteel"},{"floor":14.0,"key":"LiquidMemories"},{"floor":18.0,"key":"Strength Potion"},{"floor":20.0,"key":"Strength Potion"}],"is_trial":false,"path_per_floor":["M","M","?","M","$","E","R","?","T","M","?","R","E","M","R","B",null,"M","?","M","?","T","R","E","M"],"character_chosen":"DEFECT","items_purchased":["Sweeping Beam"],"campfire_rested":2,"item_purchase_floors":[5],"current_hp_per_floor":[54,46,39,34,34,23,23,23,23,19,36,36,8,6,27,13,57,35,35,14,14,14,35,11,0,0],"gold":193,"neow_bonus":"TRANSFORM_CARD","is_daily":false,"chose_seed":false,"campfire_upgraded":2,"win_rate":0.0,"timestamp":1610136753,"path_taken":["M","M","?","M","$","E","R","?","T","M","?","R","E","M","R","BOSS","M","?","M","?","?","R","E","?"],"items_purchased_type":["Card"],"build_version":"2020-12-22","purchased_purges":1,"victory":false,"max_hp_per_floor":[71,71,71,71,71,71,71,71,71,71,71,71,71,71,71,71,71,71,71,71,71,71,71,71,71,71],"card_choices":[{"not_picked":["Coolheaded","Ball Lightning"],"picked":"FTL","floor":1.0},{"not_picked":["Conserve Battery","Stack"],"picked":"Go for the Eyes","floor":2.0},{"not_picked":["Consume","Streamline"],"picked":"Hologram","floor":4.0},{"not_picked":["Scrape","Streamline"],"picked":"Rip and Tear","floor":6.0},{"not_picked":["Sweeping Beam","Reinforced Body"],"picked":"Self Repair","floor":10.0},{"not_picked":["Recycle","Compile Driver","Hologram"],"picked":"SKIP","floor":13.0},{"not_picked":["Redo","Amplify"],"picked":"FTL","floor":14.0},{"not_picked":["Fission","Seek"],"picked":"Creative AI","floor":16.0},{"not_picked":["Coolheaded"],"picked":"SKIP","floor":18.0},{"not_picked":["Heatsinks"],"picked":"SKIP","floor":20.0},{"not_picked":["Barrage"],"picked":"SKIP","floor":24.0}],"player_experience":1402970,"relics_obtained":[{"floor":6.0,"key":"Unceasing Top"},{"floor":13.0,"key":"Gambling Chip"},{"floor":22.0,"key":"Peace Pipe"},{"floor":24.0,"key":"Ornamental Fan"}],"event_choices":[{"cards_removed":["Defend_B"],"damage_healed":0.0,"max_hp_gain":0.0,"max_hp_loss":0.0,"gold_gain":0.0,"event_name":"Golden Wing","player_choice":"Card Removal","floor":3.0,"gold_loss":0.0,"damage_taken":7.0},{"damage_healed":0.0,"max_hp_gain":0.0,"max_hp_loss":0.0,"gold_gain":0.0,"event_name":"Shining Light","player_choice":"Ignored","floor":8.0,"gold_loss":0.0,"damage_taken":0.0},{"damage_healed":17.0,"max_hp_gain":0.0,"max_hp_loss":0.0,"gold_gain":0.0,"event_name":"The Cleric","player_choice":"Healed","floor":11.0,"gold_loss":35.0,"damage_taken":0.0},{"damage_healed":0.0,"max_hp_gain":0.0,"max_hp_loss":0.0,"gold_gain":0.0,"event_name":"The Library","player_choice":"Read","floor":19.0,"gold_loss":0.0,"damage_taken":0.0,"cards_obtained":["Leap"]},{"damage_healed":0.0,"max_hp_gain":0.0,"max_hp_loss":0.0,"gold_gain":0.0,"event_name":"Back to Basics","player_choice":"Simplicity","floor":21.0,"gold_loss":0.0,"damage_taken":0.0,"cards_upgraded":["Strike_B","Strike_B","Strike_B","Defend_B","Defend_B"]}],"is_beta":false,"boss_relics":[{"not_picked":["Fusion Hammer","SacredBark"],"picked":"Busted Crown"}],"items_purged_floors":[5],"is_endless":false,"potions_floor_spawned":[2,4,13,14,18,20],"killed_by":"Shelled Parasite and Fungi","ascension_level":20}}