{"host":"15dd7v8o90xso62x","time":1610105770,"event":{"mods":["BaseMod","Minty Spire (QoL Compilation)","Quick Restart","StSLib","SuperFastMode"],"gold_per_floor":[113,113,133,283,283,318,328,328,328,328,339,363,388,400,400,478,478,495,514,124,124,143,143,143],"floor_reached":23,"playtime":592,"items_purged":["Strike_R"],"score":502,"play_id":"3ea608c5-9b60-45f9-90cb-3ac224e17539","local_time":"20210108203610","is_ascension_mode":true,"campfire_choices":[{"data":"Body Slam","floor":8.0,"key":"SMITH"},{"data":"Clothesline","floor":15.0,"key":"SMITH"}],"circlet_count":0,"master_deck":["AscendersBane","Strike_R","Strike_R","Strike_R","Strike_R","Defend_R+1","Defend_R","Defend_R","Defend_R","Bash+1","Shrug It Off+1","Pommel Strike","Power Through","Body Slam+1","Anger","Clothesline+1","Barricade+1","Shrug It Off","Shrug It Off","Offering","Carnage"],"relics":["Burning Blood","NeowsBlessing","Bronze Scales","Ornamental Fan","Regal Pillow","War Paint","SlaversCollar","Membership Card","Dream Catcher"],"acts_visited":["Exordium","TheCity"],"potions_floor_usage":[18,22,23,23],"damage_taken":[{"damage":0.0,"enemies":"Cultist","floor":1.0,"turns":1.0},{"damage":0.0,"enemies":"Small Slimes","floor":3.0,"turns":1.0},{"damage":0.0,"enemies":"Lagavulin","floor":6.0,"turns":2.0},{"damage":0.0,"enemies":"2 Louse","floor":7.0,"turns":2.0},{"damage":20.0,"enemies":"Exordium Thugs","floor":11.0,"turns":5.0},{"damage":0.0,"enemies":"Gremlin Nob","floor":13.0,"turns":3.0},{"damage":40.0,"enemies":"Red Slaver","floor":14.0,"turns":4.0},{"damage":38.0,"enemies":"Hexaghost","floor":16.0,"turns":10.0},{"damage":23,"enemies":"Shell Parasite","floor":18,"turns":5},{"damage":29,"enemies":"Chosen","floor":19,"turns":6},{"damage":19,"enemies":"Snake Plant","floor":22,"turns":4},{"damage":7,"enemies":"Centurion and Healer","floor":23,"turns":5}],"seed_played":"-1545534391681784097","potions_obtained":[{"floor":6.0,"key":"Energy Potion"},{"floor":7.0,"key":"AttackPotion"},{"floor":13.0,"key":"Regen Potion"},{"floor":16.0,"key":"PowerPotion"},{"floor":19,"key":"Weak Potion"},{"floor":22,"key":"DuplicationPotion"}],"is_trial":false,"path_per_floor":["M","?","M","?","?","E","M","R","T","?","M","T","E","M","R","B",null,"M","M","$","?","M","M"],"character_chosen":"IRONCLAD","items_purchased":["Membership Card","Shrug It Off","Dream Catcher","Offering"],"campfire_rested":0,"item_purchase_floors":[20,20,20,20],"current_hp_per_floor":[74,74,75,75,68,74,75,75,75,75,61,61,67,33,33,16,60,43,20,20,20,7,0,0],"gold":143,"neow_bonus":"THREE_ENEMY_KILL","is_daily":false,"chose_seed":false,"campfire_upgraded":2,"win_rate":0.0,"timestamp":1610105770,"path_taken":["M","?","?","?","?","E","M","R","T","?","M","?","E","M","R","BOSS","M","M","$","?","M","?"],"items_purchased_type":["Relic","Card","Relic","Card"],"build_version":"2020-12-22","purchased_purges":1,"victory":false,"max_hp_per_floor":[75,75,75,75,75,75,75,75,75,75,75,75,75,75,75,75,75,75,75,75,75,75,75,75],"card_choices":[{"not_picked":["Warcry","Sword Boomerang"],"picked":"Shrug It Off","floor":1.0},{"not_picked":["Headbutt","Reckless Charge"],"picked":"Pommel Strike","floor":3.0},{"not_picked":["True Grit","Brutality"],"picked":"Power Through","floor":6.0},{"not_picked":["Battle Trance","Twin Strike"],"picked":"Body Slam","floor":7.0},{"not_picked":["Clash","Havoc","Reckless Charge"],"picked":"SKIP","floor":11.0},{"not_picked":["Combust","Perfected Strike"],"picked":"Anger","floor":13.0},{"not_picked":["Sword Boomerang","Headbutt"],"picked":"Clothesline","floor":14.0},{"not_picked":["Corruption","Reaper"],"picked":"Barricade","floor":16.0},{"not_picked":["Body Slam+1","Sentinel","Pummel"],"picked":"SKIP","floor":18},{"not_picked":["Uppercut","Headbutt"],"picked":"Shrug It Off","floor":19},{"not_picked":["Sword Boomerang","Warcry"],"picked":"Carnage","floor":22}],"player_experience":1009205,"relics_obtained":[{"floor":6.0,"key":"Bronze Scales"},{"floor":9.0,"key":"Ornamental Fan"},{"floor":12.0,"key":"Regal Pillow"},{"floor":13.0,"key":"War Paint"}],"event_choices":[{"damage_healed":0.0,"max_hp_gain":0.0,"max_hp_loss":0.0,"gold_gain":0.0,"event_name":"Upgrade Shrine","player_choice":"Upgraded","floor":2.0,"gold_loss":0.0,"damage_taken":0.0,"cards_upgraded":["Bash"]},{"damage_healed":0.0,"max_hp_gain":0.0,"max_hp_loss":0.0,"gold_gain":150.0,"event_name":"Liars Game","player_choice":"AGREE","floor":4.0,"gold_loss":0.0,"damage_taken":0.0,"cards_obtained":["Doubt"]},{"cards_removed":["Doubt"],"damage_healed":0.0,"max_hp_gain":0.0,"max_hp_loss":0.0,"gold_gain":0.0,"event_name":"Golden Wing","player_choice":"Card Removal","floor":5.0,"gold_loss":0.0,"damage_taken":7.0},{"damage_healed":0.0,"max_hp_gain":0.0,"max_hp_loss":0.0,"gold_gain":0.0,"event_name":"Dead Adventurer","player_choice":"Searched \u00270\u0027 times","floor":10.0,"gold_loss":0.0,"damage_taken":0.0},{"damage_healed":0,"gold_gain":0,"player_choice":"Upgraded","damage_taken":0,"max_hp_gain":0,"max_hp_loss":0,"event_name":"Upgrade Shrine","floor":21,"gold_loss":0,"cards_upgraded":["Barricade"]}],"is_beta":false,"boss_relics":[{"not_picked":["Sozu","Black Star"],"picked":"SlaversCollar"}],"items_purged_floors":[20],"is_endless":false,"potions_floor_spawned":[6,7,11,13,16,19,22],"killed_by":"Centurion and Healer","ascension_level":20}}