{"host":"u0qetpmu4y58k1tf","time":1610117183,"event":{"mods":["AchievementEnabler","BaseMod","Colored Map","Colored Powertips","Hermit","Marisa£¨Ùöéë¡¡Øª×âÞÞ£©","Minty Spire (QoL Compilation)","Replay The Spire","StSLib","SuperFastMode","The Bug Knight","The Cursed","The Hierophant","The Runesmith"],"gold_per_floor":[112,132,192,219,231,260,260,292,592,89,89,5,15,35,35,132,132,147,72,88,88,88,106,123,123,148,148,165,182,182,208,208,312,312,325,341,341,64,64,90,90,116,170,203,221,235,235,289,289,289,289,289,40,65,65,65],"floor_reached":55,"playtime":3469,"items_purged":["Strike_G","Pain","Strike_G","Strike_G"],"score":1162,"play_id":"6d108a86-fcaa-4efe-b249-a05b11da73c8","local_time":"20210108234623","is_ascension_mode":true,"campfire_choices":[{"floor":7,"key":"REST"},{"floor":15,"key":"REST"},{"floor":25,"key":"RECALL"},{"data":"Tactician","floor":30,"key":"SMITH"},{"data":"Prepared","floor":32,"key":"SMITH"},{"floor":41,"key":"REST"},{"floor":49,"key":"REST"},{"floor":52,"key":"REST"}],"circlet_count":0,"master_deck":["Strike_G","Defend_G","Defend_G+1","Defend_G","Defend_G+1","Defend_G","Survivor","Neutralize","A Thousand Cuts","Prepared","ReplayTheSpireMod:Speed Training","A Thousand Cuts","Footwork","Tactician+1","Reflex","Specialist","Magnetism","Backstab","Escape Plan","Atom Bomb","Tactician+1","Endless Agony","Prepared","Malaise","Quick Slash+1","Prepared+1","Envenom","ReplayTheSpireMod:Exploit Weakness+1","Slice+1","Madness","Madness","Tactician+1","Footwork","Underhanded Strike","Escape Plan+1","Underhanded Strike","Calculated Gamble","Hidden Blade+1","Prepared+1","Prepared","ReplayTheSpireMod:Scrap Shanks"],"relics":["Ring of the Snake","Pet Ghost","Smiling Mask","Pondfish Scales","Old Coin","BargainBundle","Oddly Smooth Stone","WarpedTongs","WristBlade","MutagenicStrength","Potion Belt","Simple Rune","Fusion Hammer","DollysMirror","Garlic","FossilizedHelix","Replay:Wax Seal","Vampiric Spirits","CatCart","Anchor","Gremlin Food"],"acts_visited":["Exordium","TheCity","TheBeyond","TheEnding"],"potions_floor_usage":[5,6,8,8,16,16,16,23,33,33,33,50,50,50,50],"damage_taken":[{"damage":8,"enemies":"Cultist","floor":1,"turns":5},{"damage":0,"enemies":"Small Slimes","floor":2,"turns":4},{"damage":2,"enemies":"Jaw Worm","floor":5,"turns":3},{"damage":13,"enemies":"3 Sentries","floor":6,"turns":6},{"damage":44,"enemies":"Gremlin Nob","floor":8,"turns":5},{"damage":3,"enemies":"Exordium Wildlife","floor":13,"turns":3},{"damage":0,"enemies":"3 Louse","floor":14,"turns":4},{"damage":8,"enemies":"Slime Boss","floor":16,"turns":5},{"damage":4,"enemies":"Shell Parasite","floor":18,"turns":6},{"damage":0,"enemies":"Chosen","floor":20,"turns":5},{"damage":9,"enemies":"3 Cultists","floor":23,"turns":4},{"damage":0,"enemies":"Snecko","floor":24,"turns":3},{"damage":5,"enemies":"Cultist and Chosen","floor":28,"turns":5},{"damage":4,"enemies":"Shelled Parasite and Fungi","floor":29,"turns":5},{"damage":0,"enemies":"Gremlin Leader","floor":31,"turns":4},{"damage":15,"enemies":"Pondfish","floor":33,"turns":6},{"damage":0,"enemies":"Orb Walker","floor":35,"turns":4},{"damage":25,"enemies":"3 Darklings","floor":36,"turns":5},{"damage":10,"enemies":"HollowMod:StalkingDevout","floor":40,"turns":7},{"damage":4,"enemies":"Giant Head","floor":42,"turns":6},{"damage":15,"enemies":"Reptomancer","floor":44,"turns":4},{"damage":0,"enemies":"Jaw Worm Horde","floor":45,"turns":3},{"damage":0,"enemies":"Sphere and 2 Shapes","floor":46,"turns":3},{"damage":6,"enemies":"Orin","floor":48,"turns":6},{"damage":59,"enemies":"Awakened One","floor":50,"turns":9},{"damage":19,"enemies":"Shield and Spear","floor":54,"turns":6},{"damage":95,"enemies":"The Heart","floor":55,"turns":7}],"seed_played":"5290524905880796070","potions_obtained":[{"floor":2,"key":"Poison Potion"},{"floor":3,"key":"Poison Potion"},{"floor":3,"key":"Venom Potion"},{"floor":6,"key":"Languid Potion"},{"floor":14,"key":"Strength Potion"},{"floor":16,"key":"DistilledChaos"},{"floor":18,"key":"SkillPotion"},{"floor":28,"key":"Fire Potion"},{"floor":29,"key":"Strength Potion"},{"floor":33,"key":"Reflective Coating"},{"floor":36,"key":"Toxic Potion"},{"floor":42,"key":"ColorlessPotion"},{"floor":44,"key":"SpeedPotion"},{"floor":48,"key":"PowerPotion"}],"is_trial":false,"path_per_floor":["M","M","?","T","M","E","R","E","T","$","?","$","M","M","R","B",null,"M","?","M","?","?","M","M","R","T","?","M","M","R","E","R","B",null,"M","M","?","$","?","E","R","E","T","E","M","M","?","?","R","B",null,"R","$","E","B"],"character_chosen":"THE_SILENT","items_purchased":["BargainBundle","Adrenaline Potion","Swift Potion","Energy Potion","Footwork","Tactician","Reflex","Specialist","Oddly Smooth Stone","Magnetism","Backstab","DollysMirror","Footwork","Anchor","Prepared"],"campfire_rested":5,"item_purchase_floors":[10,10,10,10,10,10,10,10,10,10,12,38,38,53,53],"current_hp_per_floor":[62,62,45,45,43,30,51,7,7,7,7,7,4,4,25,17,70,66,66,66,66,66,57,57,57,57,57,52,48,48,48,48,33,70,70,45,36,36,36,26,47,43,43,28,36,40,40,46,67,11,70,70,70,51,0,0],"gold":65,"neow_bonus":"ONE_RANDOM_RARE_CARD","is_daily":false,"chose_seed":false,"campfire_upgraded":2,"win_rate":0.0,"timestamp":1610117183,"path_taken":["M","?","?","?","M","E","R","E","T","$","?","$","M","?","R","BOSS","M","?","M","?","?","M","M","R","T","?","M","M","R","E","R","BOSS","M","M","?","$","?","E","R","E","T","E","M","M","?","?","R","BOSS","R","$","E","BOSS"],"items_purchased_type":["Relic","Potion","Potion","Potion","Card","Card","Card","Card","Relic","Card","Card","Relic","Card","Relic","Card"],"build_version":"2020-12-22","purchased_purges":4,"victory":false,"max_hp_per_floor":[70,70,70,70,70,70,70,70,70,70,70,70,70,70,70,70,70,70,70,70,70,70,70,70,70,70,70,70,70,70,70,70,70,70,70,70,70,70,70,70,70,70,70,70,70,70,70,70,70,70,70,70,70,70,70,70],"card_choices":[{"not_picked":["ReplayTheSpireMod:Shiv Toss","Sucker Punch"],"picked":"Prepared","floor":1},{"not_picked":["Deadly Poison","Leg Sweep","Dodge and Roll"],"picked":"SKIP","floor":2},{"not_picked":["Deadly Poison","Outmaneuver"],"picked":"ReplayTheSpireMod:Speed Training","floor":3},{"not_picked":["Prepared","Poisoned Stab"],"picked":"A Thousand Cuts","floor":5},{"not_picked":["Dagger Spray","Bane","Flying Knee"],"picked":"SKIP","floor":6},{"not_picked":["Riddle With Holes","Blur","ReplayTheSpireMod:Exploit Weakness"],"picked":"SKIP","floor":8},{"not_picked":["Dash","Bane","Quick Slash"],"picked":"SKIP","floor":13},{"not_picked":["Hidden Blade","Footwork"],"picked":"Escape Plan","floor":14},{"not_picked":["Poison Darts","Die Die Die"],"picked":"Atom Bomb","floor":16},{"not_picked":["ReplayTheSpireMod:Tripwire","Hidden Blade"],"picked":"Tactician+1","floor":18},{"not_picked":["Bane+1","Footwork"],"picked":"Endless Agony","floor":20},{"not_picked":["ReplayTheSpireMod:The Works","Quick Slash"],"picked":"Prepared","floor":23},{"not_picked":["Backflip","Flechettes"],"picked":"Deflect","floor":24},{"not_picked":["Dodge and Roll","PiercingWail+1"],"picked":"Malaise","floor":28},{"not_picked":["Flechettes","Blur"],"picked":"Quick Slash+1","floor":29},{"not_picked":["Caltrops+1","Deadly Poison"],"picked":"Prepared","floor":31},{"not_picked":["Wraith Form v2","Glass Knife"],"picked":"Envenom","floor":33},{"not_picked":["Backflip","Underhanded Strike+1"],"picked":"ReplayTheSpireMod:Exploit Weakness+1","floor":35},{"not_picked":["Backflip+1","Dodge and Roll+1"],"picked":"Slice+1","floor":36},{"not_picked":["ReplayTheSpireMod:Tripwire","Quick Slash"],"picked":"Underhanded Strike","floor":40},{"not_picked":["Dodge and Roll+1","Flying Knee"],"picked":"Escape Plan+1","floor":42},{"not_picked":["Well Laid Plans","Bouncing Flask+1"],"picked":"Underhanded Strike","floor":44},{"not_picked":["Slice","Poison Darts"],"picked":"Calculated Gamble","floor":45},{"not_picked":["Slice+1","Dagger Throw+1"],"picked":"Hidden Blade+1","floor":46},{"not_picked":["Dodge and Roll+1","Backflip+1"],"picked":"Prepared+1","floor":48},{"not_picked":["Leg Sweep","Fluid Movement"],"picked":"ReplayTheSpireMod:Scrap Shanks","floor":54}],"player_experience":32291,"relics_obtained":[{"floor":3,"key":"Pet Ghost"},{"floor":6,"key":"Smiling Mask"},{"floor":8,"key":"Pondfish Scales"},{"floor":9,"key":"Old Coin"},{"floor":26,"key":"Potion Belt"},{"floor":31,"key":"Simple Rune"},{"floor":40,"key":"Garlic"},{"floor":42,"key":"FossilizedHelix"},{"floor":43,"key":"Replay:Wax Seal"},{"floor":44,"key":"Vampiric Spirits"},{"floor":48,"key":"CatCart"},{"floor":54,"key":"Gremlin Food"}],"event_choices":[{"damage_healed":0,"gold_gain":0,"player_choice":"Rummage","damage_taken":0,"relics_obtained":["WarpedTongs"],"max_hp_gain":0,"max_hp_loss":0,"event_name":"Accursed Blacksmith","floor":11,"gold_loss":0,"cards_obtained":["Pain"]},{"cards_removed":["Strike_G"],"damage_healed":0,"gold_gain":0,"player_choice":"Gave Gold","damage_taken":0,"max_hp_gain":0,"max_hp_loss":0,"event_name":"Beggar","floor":19,"gold_loss":75},{"damage_healed":0,"gold_gain":0,"player_choice":"Inject Mutagens","damage_taken":0,"relics_obtained":["MutagenicStrength"],"max_hp_gain":0,"max_hp_loss":0,"event_name":"Drug Dealer","floor":21,"gold_loss":0},{"damage_healed":0,"gold_gain":0,"player_choice":"Ignored","damage_taken":0,"max_hp_gain":0,"max_hp_loss":0,"event_name":"Ghosts","floor":22,"gold_loss":0},{"damage_healed":0,"gold_gain":0,"player_choice":"Ignored","damage_taken":0,"max_hp_gain":0,"max_hp_loss":0,"event_name":"Vampires","floor":27,"gold_loss":0},{"damage_healed":0,"gold_gain":0,"player_choice":"Embrace Madness","damage_taken":9,"max_hp_gain":0,"max_hp_loss":0,"event_name":"Winding Halls","floor":37,"gold_loss":0,"cards_obtained":["Madness","Madness"]},{"cards_removed":["Deflect"],"damage_healed":0,"gold_gain":0,"player_choice":"Removed Skill","damage_taken":0,"max_hp_gain":0,"max_hp_loss":0,"event_name":"Falling","floor":39,"gold_loss":0},{"damage_healed":0,"gold_gain":0,"player_choice":"Ignored","damage_taken":0,"max_hp_gain":0,"max_hp_loss":0,"event_name":"Tomb of Lord Red Mask","floor":47,"gold_loss":0},{"damage_healed":0,"gold_gain":0,"player_choice":"Fight","damage_taken":0,"max_hp_gain":0,"max_hp_loss":0,"event_name":"OrinTheCat","floor":48,"gold_loss":0}],"is_beta":false,"boss_relics":[{"not_picked":["Ring of the Serpent","Replay:Drink Me"],"picked":"WristBlade"},{"not_picked":["Snecko Scales","Busted Crown"],"picked":"Fusion Hammer"}],"items_purged_floors":[10,12,38,53],"is_endless":false,"potions_floor_spawned":[2,6,14,16,18,28,29,33,36,42,44,48],"killed_by":"The Heart","ascension_level":1}}