{"host":"96dqtlax74dz00hw","time":1610086686,"event":{"mods":["Bard","BaseMod","Colored Powertips","Minty Spire (QoL Compilation)","Permanent Neow","Rare Cards Sparkle","StSLib","The Cursed","The Disciple","The IronCluck","The Problem Sleuth"],"gold_per_floor":[119,119,136,211,29,29,41,54,105,105,30,62,62,82,82,177,177,187,187,187,33,33,62,62,62,62,62],"floor_reached":25,"playtime":1189,"items_purged":["theSleuth:Strike"],"score":267,"play_id":"b5479bd4-0d8c-431c-8b99-116e8c4bc63e","local_time":"20210107221806","is_ascension_mode":false,"campfire_choices":[{"data":"Apotheosis","floor":6,"key":"SMITH"},{"data":"theSleuth:TakeInventory","floor":10,"key":"SMITH"},{"data":"theSleuth:Ignore","floor":13,"key":"SMITH"},{"data":"theSleuth:WizardSudoku","floor":15,"key":"SMITH"},{"data":"theSleuth:Parry","floor":24,"key":"SMITH"}],"circlet_count":0,"master_deck":["theSleuth:Defend","theSleuth:Defend","theSleuth:KeyHandgun","theSleuth:TakeInventory+1","theSleuth:Diplomacy","theSleuth:WilsonBust","theSleuth:WizardSudoku+1","Apotheosis+1","theSleuth:BenStillerBust","theSleuth:Ignore+1","theSleuth:SnoopDoggBust","theSleuth:TruffleShuffle","theSleuth:Supermassive","theSleuth:BenStillerBust","theSleuth:TruffleShuffle","theSleuth:Parry+1","theSleuth:BenStillerBust","Bite","Bite","Bite","Bite","Bite","theSleuth:Diabeatdown"],"relics":["theSleuth:Typewriter","Ancient Tea Set","Boot","Sozu","Blue Candle"],"acts_visited":["Exordium","TheCity"],"potions_floor_usage":[12,12,16,16],"damage_taken":[{"damage":0,"enemies":"2 Louse","floor":1,"turns":3},{"damage":0,"enemies":"Small Slimes","floor":3,"turns":3},{"damage":0,"enemies":"Jaw Worm","floor":7,"turns":3},{"damage":1,"enemies":"Large Slime","floor":8,"turns":5},{"damage":0,"enemies":"Lagavulin","floor":12,"turns":7},{"damage":0,"enemies":"2 Fungi Beasts","floor":14,"turns":2},{"damage":28,"enemies":"Slime Boss","floor":16,"turns":8},{"damage":0,"enemies":"Shell Parasite","floor":18,"turns":5},{"damage":39,"enemies":"Slavers","floor":23,"turns":5},{"damage":50,"enemies":"Book of Stabbing","floor":25,"turns":6}],"seed_played":"-1311670346411384396","potions_obtained":[{"floor":3,"key":"AttackPotion"},{"floor":7,"key":"Fire Potion"},{"floor":12,"key":"DistilledChaos"},{"floor":14,"key":"SpeedPotion"}],"is_trial":false,"path_per_floor":["M","?","M","?","$","R","M","M","T","R","$","E","R","M","R","B",null,"M","?","?","$","?","E","R","E"],"character_chosen":"THE_sleuth","items_purchased":["Apotheosis","theSleuth:TruffleShuffle","theSleuth:Parry","theSleuth:BenStillerBust"],"campfire_rested":0,"item_purchase_floors":[5,21,21,21],"current_hp_per_floor":[52,57,57,46,46,46,46,45,45,45,45,45,45,45,45,17,78,78,78,78,78,54,33,33,0,0,0],"gold":62,"neow_bonus":"REMOVE_TWO","is_daily":false,"chose_seed":false,"campfire_upgraded":5,"win_rate":0.0,"timestamp":1610086686,"path_taken":["M","?","M","?","$","R","M","M","T","R","$","E","R","M","R","BOSS","M","?","?","$","?","E","R","E"],"items_purchased_type":["Card","Card","Card","Card"],"build_version":"2020-12-22","purchased_purges":1,"victory":false,"max_hp_per_floor":[73,78,78,78,78,78,78,78,78,78,78,78,78,78,78,78,78,78,78,78,78,54,54,54,54,54,54],"card_choices":[{"not_picked":["theSleuth:CandyCorn","theSleuth:FlaskOfWhiskey"],"picked":"theSleuth:WilsonBust","floor":1},{"not_picked":["theSleuth:Distill","theSleuth:CandyCorn"],"picked":"theSleuth:WizardSudoku","floor":3},{"not_picked":["theSleuth:Distill","theSleuth:RetrieveArms"],"picked":"theSleuth:BenStillerBust","floor":7},{"not_picked":["theSleuth:KeyringTommygun","theSleuth:SnoopDoggBust"],"picked":"theSleuth:Ignore","floor":8},{"not_picked":["theSleuth:FlaskOfWhiskey","theSleuth:ClubClubClub"],"picked":"theSleuth:SnoopDoggBust","floor":12},{"not_picked":["theSleuth:FlaskOfWhiskey","theSleuth:CharismaBlast"],"picked":"theSleuth:TruffleShuffle","floor":14},{"not_picked":["theSleuth:BrassTacks","theSleuth:MobRule"],"picked":"theSleuth:Supermassive","floor":16},{"not_picked":["theSleuth:Pepperminthryl","theSleuth:ThinkAhead"],"picked":"theSleuth:BenStillerBust","floor":18},{"not_picked":["theSleuth:PezUzi","theSleuth:WilsonBust"],"picked":"theSleuth:Diabeatdown","floor":23}],"player_experience":863789,"relics_obtained":[{"floor":9,"key":"Ancient Tea Set"},{"floor":12,"key":"Boot"},{"floor":23,"key":"Blue Candle"}],"event_choices":[{"damage_healed":0,"gold_gain":0,"player_choice":"Donut","damage_taken":0,"max_hp_gain":5,"max_hp_loss":0,"event_name":"Big Fish","floor":2,"gold_loss":0},{"damage_healed":0,"gold_gain":75,"player_choice":"Gather Gold","damage_taken":11,"max_hp_gain":0,"max_hp_loss":0,"event_name":"World of Goop","floor":4,"gold_loss":0},{"damage_healed":0,"gold_gain":0,"player_choice":"Became a vampire","damage_taken":0,"max_hp_gain":0,"max_hp_loss":24,"event_name":"Vampires","floor":22,"gold_loss":0,"cards_obtained":["Bite","Bite","Bite","Bite","Bite"]}],"is_beta":false,"boss_relics":[{"not_picked":["Calling Bell","Snecko Eye"],"picked":"Sozu"}],"items_purged_floors":[11],"is_endless":false,"potions_floor_spawned":[3,7,12,14,18,23],"killed_by":"Book of Stabbing","ascension_level":0}}