{"host":"8by3m8mve9y2rhh4","time":1610116518,"event":{"mods":["BaseMod","Minty Spire (QoL Compilation)","Quick Restart"],"gold_per_floor":[111,123,133,8,20,20,49,49,49,63,93,111,131,166,166,267,267,281,294,294,69,85,116,116,141,165,165,175,63,63,74,74,176,176,189,199,5,5,5,5],"floor_reached":39,"playtime":1635,"items_purged":["Strike_G","Strike_G"],"score":465,"play_id":"6b54b2ee-975c-4e7e-9d4b-29d12ca13159","local_time":"20210108143518","is_ascension_mode":true,"campfire_choices":[{"floor":6,"key":"REST"},{"floor":8,"key":"RECALL"},{"floor":15,"key":"REST"},{"floor":24,"key":"REST"},{"floor":27,"key":"REST"},{"floor":30,"key":"REST"},{"floor":32,"key":"REST"}],"circlet_count":0,"master_deck":["Strike_G","Strike_G","Strike_G","Defend_G","Defend_G","Defend_G","Defend_G","Defend_G","Survivor","Neutralize","Dagger Spray","Riddle With Holes","Blade Dance","Blur","Cloak And Dagger","Infinite Blades","Footwork","Leg Sweep","Corpse Explosion","Envenom","Dagger Throw","Infinite Blades","Dagger Throw","Leg Sweep","Blur","Accuracy","Blur","Envenom","Noxious Fumes","Deflect+1","Accuracy"],"relics":["Ring of the Snake","Nunchaku","Mummified Hand","Ancient Tea Set","Question Card","SlaversCollar","Darkstone Periapt","MealTicket","Orichalcum","Sozu","Membership Card"],"acts_visited":["Exordium","TheCity","TheBeyond"],"potions_floor_usage":[7,11,14,16,18,18,25,28,35,39],"damage_taken":[{"damage":1,"enemies":"Cultist","floor":1,"turns":4},{"damage":0,"enemies":"2 Louse","floor":2,"turns":1},{"damage":0,"enemies":"Jaw Worm","floor":3,"turns":3},{"damage":10,"enemies":"Looter","floor":5,"turns":2},{"damage":10,"enemies":"Gremlin Nob","floor":7,"turns":3},{"damage":0,"enemies":"Large Slime","floor":10,"turns":5},{"damage":13,"enemies":"Lagavulin","floor":11,"turns":6},{"damage":0,"enemies":"3 Louse","floor":12,"turns":2},{"damage":4,"enemies":"2 Fungi Beasts","floor":13,"turns":3},{"damage":8,"enemies":"3 Sentries","floor":14,"turns":9},{"damage":25,"enemies":"Slime Boss","floor":16,"turns":13},{"damage":14,"enemies":"Spheric Guardian","floor":18,"turns":6},{"damage":1,"enemies":"Shell Parasite","floor":19,"turns":6},{"damage":10,"enemies":"Snecko","floor":22,"turns":5},{"damage":27,"enemies":"Book of Stabbing","floor":23,"turns":6},{"damage":26,"enemies":"Gremlin Leader","floor":25,"turns":7},{"damage":0,"enemies":"Snake Plant","floor":28,"turns":5},{"damage":3,"enemies":"Centurion and Healer","floor":31,"turns":5},{"damage":25,"enemies":"Automaton","floor":33,"turns":8},{"damage":0,"enemies":"3 Darklings","floor":35,"turns":1},{"damage":25,"enemies":"3 Shapes","floor":36,"turns":4},{"damage":72,"enemies":"2 Orb Walkers","floor":39,"turns":4}],"seed_played":"4211197653635453305","potions_obtained":[{"floor":5,"key":"Explosive Potion"},{"floor":7,"key":"SpeedPotion"},{"floor":10,"key":"AttackPotion"},{"floor":12,"key":"Dexterity Potion"},{"floor":14,"key":"Dexterity Potion"},{"floor":16,"key":"SneckoOil"},{"floor":23,"key":"FearPotion"},{"floor":25,"key":"Energy Potion"},{"floor":31,"key":"SteroidPotion"},{"floor":33,"key":"Fire Potion"}],"is_trial":false,"path_per_floor":["M","M","M","$","M","R","E","R","T","M","E","M","M","E","R","B",null,"M","M","?","$","M","E","R","E","T","R","M","$","R","M","R","B",null,"M","M","$","?","?"],"character_chosen":"THE_SILENT","items_purchased":["Blade Dance","Infinite Blades","Dagger Throw","Accuracy","Blur","Membership Card","Accuracy"],"campfire_rested":6,"item_purchase_floors":[4,21,21,29,29,37,37],"current_hp_per_floor":[69,69,69,69,59,70,60,60,60,60,47,47,43,35,56,31,70,56,55,42,42,32,5,27,1,1,23,23,38,60,57,75,50,75,75,50,65,65,0,0],"gold":5,"neow_bonus":"RANDOM_COMMON_RELIC","is_daily":false,"chose_seed":false,"campfire_upgraded":0,"win_rate":0.0,"timestamp":1610116518,"path_taken":["M","M","M","$","?","R","E","R","T","M","E","M","M","E","R","BOSS","M","?","?","$","M","E","R","E","T","R","M","$","R","M","R","BOSS","M","M","$","?","?"],"items_purchased_type":["Card","Card","Card","Card","Card","Relic","Card"],"build_version":"2020-12-22","purchased_purges":2,"victory":false,"max_hp_per_floor":[70,70,70,70,70,70,70,70,70,70,70,70,70,70,70,70,70,70,70,75,75,75,75,75,75,75,75,75,75,75,75,75,75,75,75,75,75,71,71,71],"card_choices":[{"not_picked":["Dagger Throw","Bane"],"picked":"Dagger Spray","floor":1},{"not_picked":["Expertise","Outmaneuver"],"picked":"Riddle With Holes","floor":2},{"not_picked":["Reflex","Calculated Gamble","Outmaneuver"],"picked":"SKIP","floor":3},{"not_picked":["Deadly Poison","Riddle With Holes"],"picked":"Blur","floor":5},{"not_picked":["Skewer","Distraction","Deadly Poison"],"picked":"SKIP","floor":7},{"not_picked":["PiercingWail","Acrobatics"],"picked":"Cloak And Dagger","floor":10},{"not_picked":["Masterful Stab","Quick Slash"],"picked":"Infinite Blades","floor":11},{"not_picked":["Outmaneuver","Glass Knife"],"picked":"Footwork","floor":12},{"not_picked":["Slice","Catalyst"],"picked":"Leg Sweep","floor":13},{"not_picked":["PiercingWail","Prepared"],"picked":"Corpse Explosion","floor":14},{"not_picked":["Phantasmal Killer","Malaise","Grand Finale"],"picked":"Envenom","floor":16},{"not_picked":["Eviscerate+1","Bouncing Flask+1","Flying Knee"],"picked":"Dagger Throw","floor":18},{"not_picked":["Deflect","PiercingWail","Quick Slash","Prepared"],"picked":"SKIP","floor":19},{"not_picked":["Quick Slash+1","Outmaneuver+1","Setup","Catalyst"],"picked":"SKIP","floor":22},{"not_picked":["Predator","Deadly Poison","Grand Finale","Crippling Poison"],"picked":"SKIP","floor":23},{"not_picked":["Sucker Punch","Acrobatics","Crippling Poison"],"picked":"Leg Sweep","floor":25},{"not_picked":["Heel Hook","Bouncing Flask+1","Underhanded Strike"],"picked":"Blur","floor":28},{"not_picked":["Underhanded Strike","Outmaneuver+1","Backflip","Sucker Punch"],"picked":"SKIP","floor":31},{"not_picked":["Die Die Die","Doppelganger","Corpse Explosion"],"picked":"Envenom","floor":33},{"not_picked":["Dagger Spray+1","Deadly Poison","Reflex"],"picked":"Noxious Fumes","floor":35},{"not_picked":["Heel Hook+1","Blade Dance","Flying Knee"],"picked":"Deflect+1","floor":36}],"player_experience":674090,"relics_obtained":[{"floor":7,"key":"Mummified Hand"},{"floor":11,"key":"Ancient Tea Set"},{"floor":14,"key":"Question Card"},{"floor":23,"key":"Darkstone Periapt"},{"floor":25,"key":"MealTicket"},{"floor":26,"key":"Orichalcum"}],"event_choices":[{"damage_healed":0,"gold_gain":0,"player_choice":"Shed Blood","damage_taken":18,"max_hp_gain":5,"max_hp_loss":0,"event_name":"Forgotten Altar","floor":20,"gold_loss":0},{"damage_healed":0,"gold_gain":0,"player_choice":"Max HP","damage_taken":0,"max_hp_gain":0,"max_hp_loss":4,"event_name":"Winding Halls","floor":38,"gold_loss":0},{"damage_healed":0,"gold_gain":0,"player_choice":"Fight","damage_taken":0,"max_hp_gain":0,"max_hp_loss":0,"event_name":"Mysterious Sphere","floor":39,"gold_loss":0}],"is_beta":false,"boss_relics":[{"not_picked":["Cursed Key","Velvet Choker"],"picked":"SlaversCollar"},{"not_picked":["Fusion Hammer","Coffee Dripper"],"picked":"Sozu"}],"items_purged_floors":[4,21],"is_endless":false,"potions_floor_spawned":[5,7,10,12,14,16,23,25,31,33,35],"killed_by":"2 Orb Walkers","ascension_level":1}}