{"host":"4rvakrj1idbgia3f","time":1610139947,"event":{"mods":["BaseMod","Colored Map","Colored Powertips","DeckTracker","Highlight Path","Minty Spire (QoL Compilation)","Random Character Button","StSLib"],"gold_per_floor":[114,126,126,142,67,67,86,111,164,178,178,178],"floor_reached":11,"playtime":466,"items_purged":["Strike_G"],"score":150,"play_id":"9b460be8-7cb4-4e4a-95f0-b58ecfdb3740","local_time":"20210109060547","is_ascension_mode":true,"campfire_choices":[{"data":"Quick Slash","floor":6,"key":"SMITH"}],"circlet_count":0,"master_deck":["AscendersBane","Strike_G","Strike_G","Strike_G","Strike_G","Defend_G","Defend_G","Defend_G","Defend_G","Defend_G","Survivor","Neutralize","Footwork","Quick Slash+1","Acrobatics","Dodge and Roll","Riddle With Holes","Dagger Spray"],"relics":["Velvet Choker","Sundial","Happy Flower","Pen Nib"],"acts_visited":["Exordium"],"potions_floor_usage":[8,11],"damage_taken":[{"damage":11,"enemies":"Cultist","floor":1,"turns":5},{"damage":4,"enemies":"Small Slimes","floor":2,"turns":4},{"damage":0,"enemies":"2 Louse","floor":4,"turns":4},{"damage":9,"enemies":"2 Fungi Beasts","floor":7,"turns":4},{"damage":2,"enemies":"Lagavulin","floor":8,"turns":9},{"damage":2,"enemies":"Looter","floor":10,"turns":4},{"damage":32,"enemies":"Gremlin Nob","floor":11,"turns":3}],"seed_played":"-5136127716837592494","potions_obtained":[{"floor":1,"key":"Dexterity Potion"},{"floor":2,"key":"PowerPotion"},{"floor":10,"key":"Swift Potion"}],"is_trial":false,"path_per_floor":["M","M","?","M","$","R","M","E","T","M","E"],"character_chosen":"THE_SILENT","items_purchased":[],"campfire_rested":0,"item_purchase_floors":[],"current_hp_per_floor":[48,44,26,26,26,26,17,15,15,13,0,0],"gold":178,"neow_bonus":"BOSS_RELIC","is_daily":false,"chose_seed":false,"campfire_upgraded":1,"win_rate":0.0,"timestamp":1610139947,"path_taken":["M","M","?","M","$","R","M","E","T","M","E"],"items_purchased_type":[],"build_version":"2020-12-22","purchased_purges":1,"victory":false,"max_hp_per_floor":[66,66,66,66,66,66,66,66,66,66,66,66],"card_choices":[{"not_picked":["Catalyst","Deflect"],"picked":"Footwork","floor":1},{"not_picked":["Riddle With Holes","Prepared"],"picked":"Quick Slash","floor":2},{"not_picked":["Accuracy","Endless Agony"],"picked":"Acrobatics","floor":4},{"not_picked":["Underhanded Strike","Flechettes"],"picked":"Dodge and Roll","floor":7},{"not_picked":["Flechettes","Blade Dance"],"picked":"Riddle With Holes","floor":8},{"not_picked":["Deflect","Cloak And Dagger"],"picked":"Dagger Spray","floor":10}],"player_experience":1969129,"relics_obtained":[{"floor":8,"key":"Happy Flower"},{"floor":9,"key":"Pen Nib"}],"event_choices":[{"damage_healed":0,"gold_gain":0,"player_choice":"Success","damage_taken":18,"relics_obtained":["Sundial"],"max_hp_gain":0,"max_hp_loss":0,"event_name":"Scrap Ooze","floor":3,"gold_loss":0}],"is_beta":false,"boss_relics":[],"items_purged_floors":[5],"is_endless":false,"potions_floor_spawned":[1,2,10],"killed_by":"Gremlin Nob","ascension_level":20}}