{"host":"oiw60b5ins9fyx34","time":1610118139,"event":{"mods":["BaseMod","Colored Powertips","Minty Spire (QoL Compilation)","Permanent Neow","Quick Restart","Relic Stats","StSLib"],"gold_per_floor":[109,126,136,136,86,86,117,117,117,117,136,155,185,185,185,289,289,301,301,313,313,165,192,192,223,247,247,247,262,262,279,279,374,374,385,133,151,70,87,87,87,106,106,126,146,160,195,195,195,195,195,195,70,101,101,101],"floor_reached":55,"playtime":4107,"items_purged":["Strike_P","Shame","Doubt"],"score":721,"play_id":"1184ad77-4e38-47c1-9d62-8a83a0451f86","local_time":"20210109000219","is_ascension_mode":false,"campfire_choices":[{"data":"Eruption","floor":6,"key":"SMITH"},{"data":"Blasphemy","floor":8,"key":"SMITH"},{"data":"ClearTheMind","floor":15,"key":"SMITH"},{"data":"TalkToTheHand","floor":24,"key":"SMITH"},{"data":"MentalFortress","floor":27,"key":"SMITH"},{"floor":32,"key":"REST"},{"floor":40,"key":"REST"},{"floor":49,"key":"RECALL"},{"data":"LikeWater","floor":52,"key":"SMITH"}],"circlet_count":0,"master_deck":["Eruption+1","Vigilance","FlurryOfBlows","CrushJoints+1","ClearTheMind+1","Blasphemy+1","Consecrate","TalkToTheHand+1","Perseverance","Scrawl","CutThroughFate","CutThroughFate","TalkToTheHand+1","LikeWater+1","CutThroughFate+1","MentalFortress+1","RitualDagger","Sanctity+1","FearNoEvil+1","Establishment","BattleHymn","Wish","ReachHeaven","Meditate","WreathOfFlame","Judgement","Vengeance+1","Indignation","MentalFortress+1","WaveOfTheHand+1","Adaptation","Wallop+1","Wallop+1"],"relics":["Cursed Key","Anchor","Bag of Marbles","Bronze Scales","Philosopher\u0027s Stone","TeardropLocket","Shuriken","Pandora\u0027s Box","Whetstone","Spirit Poop","StoneCalendar","Pantograph"],"acts_visited":["Exordium","TheCity","TheBeyond","TheEnding"],"potions_floor_usage":[35,54,54,54,54],"damage_taken":[{"damage":1,"enemies":"Cultist","floor":1,"turns":3},{"damage":0,"enemies":"Small Slimes","floor":2,"turns":2},{"damage":0,"enemies":"2 Louse","floor":3,"turns":3},{"damage":12,"enemies":"Gremlin Nob","floor":7,"turns":3},{"damage":0,"enemies":"Large Slime","floor":11,"turns":3},{"damage":0,"enemies":"Blue Slaver","floor":12,"turns":2},{"damage":1,"enemies":"Lagavulin","floor":13,"turns":3},{"damage":5,"enemies":"Hexaghost","floor":16,"turns":9},{"damage":0,"enemies":"3 Byrds","floor":18,"turns":3},{"damage":0,"enemies":"Shell Parasite","floor":20,"turns":3},{"damage":9,"enemies":"Book of Stabbing","floor":23,"turns":5},{"damage":20,"enemies":"Gremlin Leader","floor":25,"turns":3},{"damage":0,"enemies":"3 Cultists","floor":29,"turns":3},{"damage":4,"enemies":"Centurion and Healer","floor":31,"turns":5},{"damage":25,"enemies":"Collector","floor":33,"turns":8},{"damage":7,"enemies":"3 Shapes","floor":35,"turns":2},{"damage":12,"enemies":"3 Darklings","floor":37,"turns":4},{"damage":12,"enemies":"Writhing Mass","floor":39,"turns":5},{"damage":9,"enemies":"Jaw Worm Horde","floor":42,"turns":3},{"damage":1,"enemies":"3 Darklings","floor":44,"turns":3},{"damage":11,"enemies":"Transient","floor":45,"turns":5},{"damage":13,"enemies":"Maw","floor":46,"turns":5},{"damage":0,"enemies":"Reptomancer","floor":47,"turns":4},{"damage":11,"enemies":"Awakened One","floor":50,"turns":9},{"damage":51,"enemies":"Shield and Spear","floor":54,"turns":7},{"damage":58,"enemies":"The Heart","floor":55,"turns":2}],"seed_played":"-4951416043791323166","potions_obtained":[{"floor":7,"key":"SpeedPotion"},{"floor":11,"key":"SteroidPotion"},{"floor":13,"key":"FearPotion"},{"floor":16,"key":"Energy Potion"},{"floor":18,"key":"Fire Potion"},{"floor":23,"key":"Regen Potion"},{"floor":37,"key":"SpeedPotion"},{"floor":42,"key":"BottledMiracle"},{"floor":47,"key":"EntropicBrew"}],"is_trial":false,"path_per_floor":["M","M","M","T","?","R","E","R","T","?","M","M","E","?","R","B",null,"M","?","M","?","$","E","R","E","T","R","?","M","?","M","R","B",null,"M","$","M","$","M","R","?","M","T","M","M","M","E","?","R","B",null,"R","$","E","B"],"character_chosen":"WATCHER","items_purchased":["LikeWater","Whetstone","Indignation"],"campfire_rested":2,"item_purchase_floors":[22,36,38],"current_hp_per_floor":[71,71,71,71,71,71,59,59,59,52,52,52,51,37,37,32,72,72,72,72,72,72,63,63,43,43,43,37,37,37,33,54,29,72,65,65,53,53,41,62,62,53,53,52,41,28,28,69,69,58,69,69,69,28,0,0],"gold":101,"neow_bonus":"BOSS_RELIC","is_daily":false,"chose_seed":false,"campfire_upgraded":6,"win_rate":0.0,"timestamp":1610118139,"path_taken":["M","M","M","?","?","R","E","R","T","?","M","M","E","?","R","BOSS","M","?","M","?","$","E","R","E","T","R","?","M","?","M","R","BOSS","M","$","M","$","M","R","?","M","T","M","?","M","E","?","R","BOSS","R","$","E","BOSS"],"items_purchased_type":["Card","Relic","Card"],"build_version":"2020-12-22","purchased_purges":3,"victory":false,"max_hp_per_floor":[72,72,72,72,72,72,72,72,72,72,72,72,72,72,72,72,72,72,72,72,72,72,72,72,72,72,72,72,72,72,72,72,72,72,72,72,72,72,72,72,69,69,69,69,69,69,69,69,69,69,69,69,69,69,69,69],"relic_stats":{"counters":[26,107],"Shuriken":[46],"Bronze Scales":[303],"Pantograph":25,"Pandora\u0027s Box":["BattleHymn","Wish","ReachHeaven","Meditate","WreathOfFlame","Judgement"],"StoneCalendar":[12],"Whetstone":["CrushJoints","FearNoEvil"],"Cursed Key":1,"obtain_stats":[{"Spirit Poop":41,"StoneCalendar":47,"TeardropLocket":23,"Whetstone":36,"Cursed Key":0,"Anchor":7,"Shuriken":25,"Bronze Scales":13,"Pantograph":54,"Philosopher\u0027s Stone":17,"Pandora\u0027s Box":34,"Bag of Marbles":10,"PureWater":0},{"Spirit Poop":18,"StoneCalendar":23,"TeardropLocket":11,"Whetstone":16,"Cursed Key":0,"Anchor":4,"Shuriken":12,"Bronze Scales":7,"Pantograph":25,"Philosopher\u0027s Stone":8,"Pandora\u0027s Box":15,"Bag of Marbles":4,"PureWater":0},{"Spirit Poop":69,"StoneCalendar":89,"TeardropLocket":39,"Whetstone":60,"Cursed Key":0,"Anchor":11,"Shuriken":42,"Bronze Scales":19,"Pantograph":105,"Philosopher\u0027s Stone":28,"Pandora\u0027s Box":58,"Bag of Marbles":11,"PureWater":0}]},"card_choices":[{"not_picked":["JustLucky","Weave"],"picked":"FlurryOfBlows","floor":1},{"not_picked":["PathToVictory","Prostrate"],"picked":"CrushJoints","floor":2},{"not_picked":["EmptyFist","ReachHeaven"],"picked":"ClearTheMind","floor":3},{"not_picked":["FlyingSleeves","FollowUp"],"picked":"Blasphemy","floor":7},{"not_picked":["Halt","Prostrate"],"picked":"Consecrate","floor":11},{"not_picked":["Wireheading","Swivel"],"picked":"TalkToTheHand","floor":12},{"not_picked":["FollowUp","CrushJoints"],"picked":"Perseverance","floor":13},{"not_picked":["MasterReality","Wish"],"picked":"Scrawl","floor":16},{"not_picked":["Fasting2","Crescendo"],"picked":"CutThroughFate","floor":18},{"not_picked":["FollowUp","Evaluate"],"picked":"CutThroughFate","floor":20},{"not_picked":["Protect","Evaluate"],"picked":"CutThroughFate+1","floor":23},{"not_picked":["SashWhip","Protect"],"picked":"MentalFortress","floor":25},{"not_picked":["LikeWater","FlyingSleeves"],"picked":"Sanctity+1","floor":29},{"not_picked":["Omniscience","FlurryOfBlows"],"picked":"FearNoEvil","floor":31},{"not_picked":["Judgement","Scrawl"],"picked":"Establishment","floor":33},{"not_picked":["ThirdEye","ClearTheMind","Protect"],"picked":"SKIP","floor":35},{"not_picked":["PathToVictory","BowlingBash"],"picked":"Vengeance+1","floor":37},{"not_picked":["Pray+1","Crescendo+1"],"picked":"MentalFortress+1","floor":39},{"not_picked":["ClearTheMind","CutThroughFate","EmptyBody+1"],"picked":"SKIP","floor":42},{"not_picked":["EmptyBody","Halt"],"picked":"WaveOfTheHand+1","floor":44},{"not_picked":["CrushJoints+1","SashWhip+1"],"picked":"Adaptation","floor":45},{"not_picked":["FollowUp+1","WaveOfTheHand+1"],"picked":"Wallop+1","floor":46},{"not_picked":["SandsOfTime+1","EmptyBody"],"picked":"Wallop+1","floor":47},{"not_picked":["Nirvana","WindmillStrike+1","CrushJoints+1"],"picked":"SKIP","floor":54}],"player_experience":569331,"relics_obtained":[{"floor":7,"key":"Anchor"},{"floor":13,"key":"Bronze Scales"},{"floor":23,"key":"TeardropLocket"},{"floor":25,"key":"Shuriken"},{"floor":47,"key":"StoneCalendar"},{"floor":54,"key":"Pantograph"}],"event_choices":[{"cards_removed":["Defend_P"],"damage_healed":0,"gold_gain":0,"player_choice":"Card Removal","damage_taken":0,"max_hp_gain":0,"max_hp_loss":0,"event_name":"The Cleric","floor":5,"gold_loss":50},{"damage_healed":0,"gold_gain":0,"player_choice":"Success","damage_taken":7,"relics_obtained":["Bag of Marbles"],"max_hp_gain":0,"max_hp_loss":0,"event_name":"Scrap Ooze","floor":10,"gold_loss":0},{"damage_healed":0,"gold_gain":0,"player_choice":"Entered Light","damage_taken":14,"max_hp_gain":0,"max_hp_loss":0,"event_name":"Shining Light","floor":14,"gold_loss":0,"cards_upgraded":["TalkToTheHand","Strike_P"]},{"damage_healed":0,"gold_gain":0,"player_choice":"Ignored","damage_taken":0,"max_hp_gain":0,"max_hp_loss":0,"event_name":"The Mausoleum","floor":19,"gold_loss":0},{"damage_healed":0,"gold_gain":0,"player_choice":"Read","damage_taken":0,"max_hp_gain":0,"max_hp_loss":0,"event_name":"The Library","floor":21,"gold_loss":0,"cards_obtained":["TalkToTheHand"]},{"damage_healed":0,"gold_gain":0,"player_choice":"Joined the Cult","damage_taken":6,"max_hp_gain":0,"max_hp_loss":0,"event_name":"Nest","floor":28,"gold_loss":0,"cards_obtained":["RitualDagger"]},{"damage_healed":0,"gold_gain":0,"player_choice":"Ignored","damage_taken":0,"max_hp_gain":0,"max_hp_loss":0,"event_name":"Vampires","floor":30,"gold_loss":0},{"cards_removed":["Parasite"],"damage_healed":0,"gold_gain":0,"player_choice":"Offered Curse","damage_taken":0,"relics_obtained":["Spirit Poop"],"max_hp_gain":0,"max_hp_loss":0,"event_name":"Bonfire Elementals","floor":41,"gold_loss":0},{"damage_healed":41,"gold_gain":0,"player_choice":"Heal","damage_taken":0,"max_hp_gain":0,"max_hp_loss":0,"event_name":"MindBloom","floor":48,"gold_loss":0,"cards_obtained":["Doubt"]}],"is_beta":false,"boss_relics":[{"not_picked":["Empty Cage","Runic Dome"],"picked":"Philosopher\u0027s Stone"},{"not_picked":["Sozu","Busted Crown"],"picked":"Pandora\u0027s Box"}],"items_purged_floors":[22,36,53],"is_endless":false,"potions_floor_spawned":[7,11,13,16,18,23,37,42,45,46,47],"killed_by":"The Heart","ascension_level":0}}