{"host":"s41rn2jhghpwfrvz","time":1610107312,"event":{"mods":["BaseMod","Minty Spire (QoL Compilation)","Quick Restart","Relic Stats","SuperFastMode"],"gold_per_floor":[116,130,130,145,70,103,3,31,57,74,74,74],"floor_reached":11,"playtime":354,"items_purged":["Heatsinks","Quick Slash"],"score":166,"play_id":"43c78211-8d0b-466e-a15a-607cc6948602","local_time":"20210108140152","daily_mods":["SealedDeck","Diverse","DeadlyEvents"],"is_ascension_mode":true,"campfire_choices":[],"circlet_count":0,"master_deck":["AscendersBane","Sweeping Beam","Turbo","Gash","Prepared","Entrench","Sanctity","Prostrate","Body Slam","Feel No Pain"],"relics":["Burning Blood","Potion Belt","Nunchaku","FossilizedHelix","Oddly Smooth Stone"],"acts_visited":["Exordium"],"potions_floor_usage":[],"damage_taken":[{"damage":0,"enemies":"Cultist","floor":1,"turns":3},{"damage":11,"enemies":"Jaw Worm","floor":2,"turns":4},{"damage":0,"enemies":"2 Louse","floor":4,"turns":3},{"damage":45,"enemies":"Gremlin Nob","floor":6,"turns":4},{"damage":13,"enemies":"Lagavulin","floor":8,"turns":6},{"damage":0,"enemies":"Large Slime","floor":10,"turns":5},{"damage":19,"enemies":"3 Sentries","floor":11,"turns":4}],"seed_played":"-7242322484794642690","potions_obtained":[{"floor":8,"key":"LiquidBronze"}],"is_trial":true,"path_per_floor":["M","M","?","M","$","E","$","E","T","M","E"],"character_chosen":"IRONCLAD","items_purchased":[],"campfire_rested":0,"item_purchase_floors":[],"current_hp_per_floor":[74,69,51,57,57,18,18,11,11,17,0,0],"gold":74,"neow_bonus":"","is_daily":false,"chose_seed":false,"campfire_upgraded":0,"win_rate":0.0,"timestamp":1610107312,"path_taken":["M","M","?","M","$","E","?","E","T","M","E"],"items_purchased_type":[],"build_version":"2020-12-22","purchased_purges":2,"victory":false,"max_hp_per_floor":[75,75,75,75,75,75,75,75,75,75,75,75],"relic_stats":{"Nunchaku":[2],"counters":[7,29],"obtain_stats":[{"Potion Belt":3,"Nunchaku":6,"Oddly Smooth Stone":9,"Burning Blood":0,"FossilizedHelix":8},{"Potion Belt":2,"Nunchaku":4,"Oddly Smooth Stone":5,"Burning Blood":0,"FossilizedHelix":5},{"Potion Belt":7,"Nunchaku":14,"Oddly Smooth Stone":20,"Burning Blood":0,"FossilizedHelix":20}],"Burning Blood":36},"card_choices":[{"not_picked":["Headbutt","Blade Dance","Flame Barrier"],"picked":"SKIP","floor":1},{"not_picked":["Well Laid Plans","Choke"],"picked":"Feel No Pain","floor":2},{"not_picked":["Protect","Lockon","BattleHymn"],"picked":"SKIP","floor":4},{"not_picked":["Prostrate","Cold Snap","Loop"],"picked":"SKIP","floor":6},{"not_picked":["WheelKick","Tools of the Trade","Seeing Red"],"picked":"SKIP","floor":8},{"not_picked":["Warcry","Beam Cell","Heatsinks"],"picked":"SKIP","floor":10}],"player_experience":1675391,"relics_obtained":[{"floor":6,"key":"Nunchaku"},{"floor":8,"key":"FossilizedHelix"},{"floor":9,"key":"Oddly Smooth Stone"}],"event_choices":[{"damage_healed":0,"gold_gain":0,"player_choice":"Success","damage_taken":18,"relics_obtained":["Potion Belt"],"max_hp_gain":0,"max_hp_loss":0,"event_name":"Scrap Ooze","floor":3,"gold_loss":0}],"is_beta":false,"boss_relics":[],"items_purged_floors":[5,7],"is_endless":false,"potions_floor_spawned":[8],"killed_by":"3 Sentries","ascension_level":20}}