{"host":"v54ek091sdz7ha6h","time":1610140839,"event":{"mods":["BaseMod","Better Vampires","Colored Map","Colored Powertips","Custom Start","Highlight Path","KOR Keyword Fix","Minty Spire (QoL Compilation)","Quick Restart","Rare Cards Sparkle","StSLib","SuperFastMode","The Awakened One except there are too many feathers","everything is the same but u backflip on backflip","slay the spire mod where everything is the same but ironclad has a cowboy hat"],"gold_per_floor":[119,119,44,54,67,67,95,95,122,152,171,151,151,170,170,247,247,267,283,301,38,53,53,80,80,129,129,4,39,39,39,39,111,111,125,144,1143,1143,1143,1143],"floor_reached":39,"playtime":937,"items_purged":["Defend_P","Strike_P","Shame"],"score":879,"play_id":"95dd4dcf-2333-4b03-9d8b-b57c28265354","local_time":"20210109062039","is_ascension_mode":true,"campfire_choices":[{"data":"SandsOfTime","floor":6.0,"key":"SMITH"},{"floor":13.0,"key":"REST"},{"data":"TalkToTheHand","floor":15.0,"key":"SMITH"},{"data":"Strike_P","floor":23.0,"key":"PURGE"},{"floor":27.0,"key":"REST"},{"floor":30.0,"key":"REST"},{"floor":32.0,"key":"RECALL"}],"circlet_count":0,"master_deck":["AscendersBane","Defend_P","Defend_P","Eruption+1","Vigilance","TalkToTheHand+1","SandsOfTime+1","EmptyFist","CutThroughFate","FlurryOfBlows","WheelKick","MasterReality","Judgement","Prostrate+1","ConjureBlade","Evaluate","MentalFortress+1","Alpha","EmptyMind+1","CarveReality+1","DeceiveReality+1","Halt+1","Normality","Normality"],"relics":["PureWater","Ginger","Boot","Question Card","Peace Pipe","Fusion Hammer","HandDrill","Torii","Bag of Preparation","Damaru","Sundial","Astrolabe"],"acts_visited":["Exordium","TheCity","TheBeyond"],"potions_floor_usage":[39,39],"damage_taken":[{"damage":2.0,"enemies":"2 Louse","floor":1.0,"turns":3.0},{"damage":2.0,"enemies":"Jaw Worm","floor":4.0,"turns":4.0},{"damage":10.0,"enemies":"Small Slimes","floor":5.0,"turns":4.0},{"damage":9.0,"enemies":"Lagavulin","floor":7.0,"turns":5.0},{"damage":10.0,"enemies":"Gremlin Nob","floor":10.0,"turns":3.0},{"damage":0.0,"enemies":"Gremlin Gang","floor":11.0,"turns":3.0},{"damage":0.0,"enemies":"Blue Slaver","floor":14.0,"turns":3.0},{"damage":18.0,"enemies":"The Guardian","floor":16.0,"turns":7.0},{"damage":17.0,"enemies":"Shell Parasite","floor":18.0,"turns":5.0},{"damage":0.0,"enemies":"Chosen","floor":19.0,"turns":3.0},{"damage":1.0,"enemies":"3 Cultists","floor":20.0,"turns":3.0},{"damage":0.0,"enemies":"Shelled Parasite and Fungi","floor":22.0,"turns":2.0},{"damage":18.0,"enemies":"Book of Stabbing","floor":24.0,"turns":3.0},{"damage":14.0,"enemies":"Gremlin Leader","floor":29.0,"turns":5.0},{"damage":17.0,"enemies":"Automaton","floor":33.0,"turns":6.0},{"damage":0.0,"enemies":"3 Shapes","floor":35.0,"turns":6.0},{"damage":34.0,"enemies":"3 Darklings","floor":36.0,"turns":3.0},{"damage":15,"enemies":"Transient","floor":39,"turns":4}],"seed_played":"-6393630361520364108","potions_obtained":[{"floor":5.0,"key":"PowerPotion"},{"floor":10.0,"key":"AttackPotion"},{"floor":12.0,"key":"BlessingOfTheForge"},{"floor":14.0,"key":"Energy Potion"},{"floor":29.0,"key":"SkillPotion"},{"floor":33.0,"key":"SpeedPotion"},{"floor":36.0,"key":"PowerPotion"}],"is_trial":false,"path_per_floor":["M","?","$","M","M","R","E","?","T","E","M","?","R","M","R","B",null,"M","M","M","$","M","R","E","?","T","R","$","E","R","?","R","B",null,"M","M","?","?","M"],"character_chosen":"WATCHER","items_purchased":["HandDrill"],"campfire_rested":3,"item_purchase_floors":[21],"current_hp_per_floor":[59,59,59,57,47,47,38,20,20,10,10,10,28,28,28,10,49,32,32,31,31,31,31,13,13,13,31,31,17,35,35,35,18,51,51,17,17,8,0,0],"gold":1143,"neow_bonus":"ONE_RARE_RELIC","is_daily":false,"chose_seed":false,"campfire_upgraded":2,"win_rate":0.0,"timestamp":1610140839,"path_taken":["M","?","$","M","M","R","E","?","T","E","M","?","R","?","R","BOSS","M","M","M","$","M","R","E","?","T","R","$","E","R","?","R","BOSS","M","M","?","?","?"],"items_purchased_type":["Relic"],"build_version":"2020-12-22","purchased_purges":3,"victory":false,"max_hp_per_floor":[62,62,62,62,62,62,62,62,62,62,62,62,62,62,62,62,62,62,62,62,62,62,62,62,62,62,62,62,62,62,62,62,62,62,62,62,62,62,62,62],"card_choices":[{"not_picked":["Prostrate","WreathOfFlame"],"picked":"TalkToTheHand","floor":1.0},{"not_picked":["Crescendo","Protect"],"picked":"SandsOfTime","floor":4.0},{"not_picked":["EmptyBody","Prostrate"],"picked":"EmptyFist","floor":5.0},{"not_picked":["ReachHeaven","EmptyBody"],"picked":"CutThroughFate","floor":7.0},{"not_picked":["SpiritShield","FollowUp","Evaluate"],"picked":"FlurryOfBlows","floor":10.0},{"not_picked":["Evaluate","JustLucky","FollowUp"],"picked":"WheelKick","floor":11.0},{"not_picked":["CutThroughFate","Indignation","Prostrate"],"picked":"MasterReality","floor":14.0},{"not_picked":["MasterReality","Brilliance","Vault"],"picked":"Judgement","floor":16.0},{"not_picked":["Prostrate","WreathOfFlame","Wallop","Halt"],"picked":"SKIP","floor":18.0},{"not_picked":["Prostrate","FlyingSleeves","Sanctity","Protect"],"picked":"SKIP","floor":19.0},{"not_picked":["FollowUp","WaveOfTheHand","CrushJoints"],"picked":"Prostrate+1","floor":20.0},{"not_picked":["BowlingBash","FollowUp","BattleHymn"],"picked":"ConjureBlade","floor":22.0},{"not_picked":["FollowUp","PathToVictory","WheelKick"],"picked":"Evaluate","floor":24.0},{"not_picked":["Halt","ConjureBlade","Crescendo"],"picked":"MentalFortress+1","floor":29.0},{"not_picked":["Devotion","Ragnarok","Omniscience"],"picked":"Alpha","floor":33.0},{"not_picked":["Halt","SashWhip","Evaluate","BattleHymn+1"],"picked":"SKIP","floor":35.0},{"not_picked":["Wireheading","ThirdEye+1","JustLucky"],"picked":"Halt+1","floor":36.0}],"player_experience":1406830,"relics_obtained":[{"floor":7.0,"key":"Boot"},{"floor":10.0,"key":"Peace Pipe"},{"floor":24.0,"key":"Torii"},{"floor":26.0,"key":"Damaru"},{"floor":29.0,"key":"Sundial"}],"event_choices":[{"damage_healed":0.0,"max_hp_gain":0.0,"max_hp_loss":0.0,"gold_gain":0.0,"event_name":"Living Wall","player_choice":"Grow","floor":2.0,"gold_loss":0.0,"damage_taken":0.0,"cards_upgraded":["Eruption"]},{"damage_healed":0.0,"max_hp_gain":0.0,"max_hp_loss":0.0,"gold_gain":0.0,"event_name":"Scrap Ooze","player_choice":"Success","floor":8.0,"gold_loss":0.0,"damage_taken":18.0,"relics_obtained":["Question Card"]},{"damage_healed":0.0,"max_hp_gain":0.0,"max_hp_loss":0.0,"gold_gain":0.0,"event_name":"The Woman in Blue","player_choice":"Bought 1 Potion","floor":12.0,"gold_loss":0.0,"damage_taken":0.0},{"damage_healed":0.0,"max_hp_gain":0.0,"max_hp_loss":0.0,"gold_gain":0.0,"event_name":"Addict","player_choice":"Stole Relic","floor":25.0,"gold_loss":0.0,"damage_taken":0.0,"relics_obtained":["Bag of Preparation"],"cards_obtained":["Shame"]},{"damage_healed":0.0,"max_hp_gain":0.0,"max_hp_loss":0.0,"gold_gain":0.0,"event_name":"Ghosts","player_choice":"Ignored","floor":31.0,"gold_loss":0.0,"damage_taken":0.0},{"damage_healed":0.0,"max_hp_gain":0.0,"max_hp_loss":0.0,"gold_gain":999.0,"event_name":"MindBloom","player_choice":"Gold","floor":37.0,"gold_loss":0.0,"damage_taken":0.0,"cards_obtained":["Normality","Normality"]},{"damage_healed":0.0,"max_hp_gain":0.0,"max_hp_loss":0.0,"gold_gain":0.0,"event_name":"Wheel of Change","player_choice":"Damaged","floor":38.0,"gold_loss":0.0,"damage_taken":9.0}],"is_beta":false,"boss_relics":[{"not_picked":["Velvet Choker","Runic Pyramid"],"picked":"Fusion Hammer"},{"not_picked":["Snecko Eye","Pandora\u0027s Box"],"picked":"Astrolabe"}],"items_purged_floors":[3,21,28],"is_endless":false,"potions_floor_spawned":[5,10,14,29,33,36],"killed_by":"Transient","ascension_level":20}}