{"host":"l84l8xigz5v5foa2","time":1610078829,"event":{"mods":["2.2 Compatiblity","AchievementEnabler","BaseMod","Better Note","Better Vampires","Card Filter","Colored Map","DeckTracker","Downfall","Gremlin Skip","Highlight Path","Keyboard Shortcuts","Minty Spire (QoL Compilation)","Permanent Neow","Quick Restart","Relic Filter","Relic Stats","StSLib","SuperFastMode","Transform Curses","Unknown Chances"],"gold_per_floor":[99,110,110,210,227,227,227,227,227,72,97,119,150,167,179,256,256,256,271,286,30,41,41,41,41,41,41],"floor_reached":25,"playtime":1777,"items_purged":["Guardian:Preprogram"],"score":468,"play_id":"dbe586e4-5659-42c6-9d9a-bd7709441297","local_time":"20210108130709","is_ascension_mode":true,"campfire_choices":[{"data":"Guardian:TwinSlam","floor":1.0,"key":"SMITH"},{"data":"Guardian:MultiBeam","floor":6.0,"key":"SMITH"},{"data":"Guardian:CurlUp","floor":8.0,"key":"SMITH"},{"data":"Guardian:Suspension","floor":18.0,"key":"SMITH"},{"data":"Guardian:Suspension","floor":23,"key":"SMITH"}],"circlet_count":0,"master_deck":["AscendersBane","Guardian:CurlUp+1","Guardian:TwinSlam+1","Guardian:MultiBeam+1","Slimebound:Icky","Guardian:Preprogram","Guardian:Recover","Guardian:Suspension+1","Guardian:FloatingOrbs","Guardian:EvasiveProtocol","Guardian:PrimingBeam","Guardian:Recover","Guardian:StasisField","Guardian:RevengeProtocol","Guardian:FloatingOrbs","Guardian:ExploitGems","Guardian:Suspension+1","Guardian:Emergency","Guardian:Incinerate","Guardian:DonusPower"],"relics":["SlaversCollar","Kunai","Ancient Tea Set","Odd Mushroom","Orichalcum","Pandora\u0027s Box","Chemical X","Anchor"],"acts_visited":["Exordium","TheCity"],"potions_floor_usage":[20,22],"damage_taken":[{"damage":2.0,"enemies":"2 Louse","floor":2.0,"turns":3.0},{"damage":7.0,"enemies":"Jaw Worm","floor":5.0,"turns":3.0},{"damage":0.0,"enemies":"downfall:FleeingMerchant","floor":10.0,"turns":4.0},{"damage":0.0,"enemies":"Lagavulin","floor":11.0,"turns":7.0},{"damage":7.0,"enemies":"The Mushroom Lair","floor":12.0,"turns":5.0},{"damage":5.0,"enemies":"3 Sentries","floor":13.0,"turns":4.0},{"damage":0.0,"enemies":"Small Slimes","floor":14.0,"turns":1.0},{"damage":0.0,"enemies":"2 Fungi Beasts","floor":15.0,"turns":3.0},{"damage":7.0,"enemies":"downfall:Ironclad","floor":16.0,"turns":10.0},{"damage":15.0,"enemies":"Shell Parasite","floor":19.0,"turns":5.0},{"damage":24,"enemies":"Cultist and Chosen","floor":20,"turns":6},{"damage":0,"enemies":"downfall:FleeingMerchant","floor":21,"turns":4},{"damage":13,"enemies":"Shelled Parasite and Fungi","floor":22,"turns":5},{"damage":19,"enemies":"Centurion and Healer","floor":25,"turns":2}],"seed_played":"6452662466708897450","potions_obtained":[{"floor":2.0,"key":"SteroidPotion"},{"floor":12.0,"key":"SteroidPotion"},{"floor":14.0,"key":"DuplicationPotion"}],"is_trial":false,"path_per_floor":["R","M","?","?","M","R","T","R","?","$","E","?","E","M","M","B",null,"R","M","M","$","M","R","T","M"],"character_chosen":"GUARDIAN","items_purchased":["Guardian:Suspension","Guardian:FloatingOrbs","Chemical X"],"campfire_rested":0,"item_purchase_floors":[10,10,21],"current_hp_per_floor":[65,63,63,63,56,56,56,56,61,61,61,54,49,49,49,42,68,68,53,29,29,16,16,16,0,0,0],"gold":41,"neow_bonus":"BOSS_RELIC","is_daily":false,"chose_seed":false,"campfire_upgraded":5,"win_rate":0.0,"timestamp":1610078829,"path_taken":["R","M","?","?","M","R","T","R","?","$","E","?","E","M","M","BOSS","R","M","M","$","M","R","T","M"],"items_purchased_type":["Card","Card","Relic"],"build_version":"2020-12-22","purchased_purges":1,"victory":false,"max_hp_per_floor":[72,72,72,72,72,72,72,72,77,77,77,77,77,77,77,77,77,77,77,77,77,77,77,77,77,77,77],"relic_stats":{"counters":[14,62],"Pandora\u0027s Box":["Guardian:FloatingOrbs","Guardian:ExploitGems","Guardian:Gem_Fragmented","Guardian:Suspension","Guardian:Preprogram","Guardian:Emergency","Guardian:Gem_Purple"],"Kunai":[28],"Chemical X":[3],"Orichalcum":[12],"obtain_stats":[{"SlaversCollar":0,"Anchor":24,"Guardian:ModeShifter":0,"Pandora\u0027s Box":17,"Kunai":7,"Chemical X":21,"Odd Mushroom":12,"Orichalcum":13,"Ancient Tea Set":11},{"SlaversCollar":0,"Anchor":13,"Guardian:ModeShifter":0,"Pandora\u0027s Box":9,"Kunai":2,"Chemical X":12,"Odd Mushroom":5,"Orichalcum":6,"Ancient Tea Set":4},{"SlaversCollar":0,"Anchor":60,"Guardian:ModeShifter":0,"Pandora\u0027s Box":40,"Kunai":6,"Chemical X":55,"Odd Mushroom":22,"Orichalcum":26,"Ancient Tea Set":17}]},"card_choices":[{"not_picked":["Guardian:PrismaticBarrier","Guardian:Gem_Red"],"picked":"Guardian:MultiBeam","floor":2.0},{"not_picked":["Guardian:Repulse","Guardian:Gem_Green"],"picked":"Guardian:Preprogram","floor":5.0},{"not_picked":["Guardian:RollAttack","Guardian:PrimingBeam"],"picked":"Guardian:Recover","floor":10.0},{"not_picked":["Guardian:WalkerClaw","Guardian:VentSteam"],"picked":"Guardian:EvasiveProtocol","floor":11.0},{"not_picked":["Guardian:StasisStrike","Guardian:Clone"],"picked":"Guardian:PrimingBeam","floor":12.0},{"not_picked":["Guardian:CrystalBeam","Guardian:TemporalShield"],"picked":"Guardian:Recover","floor":13.0},{"not_picked":["Guardian:VentSteam","Guardian:CrystalBeam"],"picked":"Guardian:StasisField","floor":14.0},{"not_picked":["Guardian:Emergency","Guardian:RollAttack","Guardian:Gem_Red"],"picked":"SKIP","floor":15.0},{"not_picked":["Guardian:HyperBeam_Guardian","Guardian:FastForward"],"picked":"Guardian:RevengeProtocol","floor":16.0},{"not_picked":["Guardian:CrystalBeam","Guardian:GuardianWhirl","Guardian:ChargeUp"],"picked":"SKIP","floor":19.0},{"not_picked":["Guardian:Gem_Red","Guardian:VentSteam"],"picked":"Guardian:Incinerate","floor":20},{"not_picked":["Guardian:FloatingOrbs","Guardian:RollAttack"],"picked":"Guardian:DonusPower","floor":21},{"not_picked":["Guardian:CrystalBeam+1","Guardian:Gem_Green"],"picked":"Guardian:Gem_Crimson","floor":22}],"player_experience":2969052,"relics_obtained":[{"floor":7.0,"key":"Kunai"},{"floor":11.0,"key":"Ancient Tea Set"},{"floor":12.0,"key":"Odd Mushroom"},{"floor":13.0,"key":"Orichalcum"},{"floor":24,"key":"Anchor"}],"event_choices":[{"damage_healed":0.0,"max_hp_gain":5.0,"max_hp_loss":0.0,"gold_gain":0.0,"event_name":"Big Fish","player_choice":"Donut","floor":9.0,"gold_loss":0.0,"damage_taken":0.0},{"damage_healed":0.0,"max_hp_gain":0.0,"max_hp_loss":0.0,"gold_gain":0.0,"event_name":"Mushrooms","player_choice":"Fought Mushrooms","floor":12.0,"gold_loss":0.0,"damage_taken":0.0}],"is_beta":false,"boss_relics":[{"not_picked":["expansioncontent:StudyCardRelic","SacredBark"],"picked":"Pandora\u0027s Box"}],"items_purged_floors":[21],"is_endless":false,"potions_floor_spawned":[2,12,14,16,19],"killed_by":"Centurion and Healer","ascension_level":20}}