{"host":"y700iwblsz7zzm3e","time":1610065598,"event":{"mods":["BaseMod","Card Forge","Colored Map","Minty Spire (QoL Compilation)","StSLib"],"gold_per_floor":[119,119,130,142,142,174,174,203,203,222,240,240,271,290,290,409,409,429,429,166,182,202,240,240,283,333,333,333,358,402,68,68,189,189,208,208,224,1223,878,878,878,898,898,919,919,919,1019,1037,1037,1037,1037,1037,288,331,331],"floor_reached":56,"playtime":5797,"items_purged":[],"score":1401,"play_id":"b026dc34-8a3b-4d73-8c62-3a6e53c0fbce","local_time":"20210108002638","is_ascension_mode":true,"campfire_choices":[{"floor":7,"key":"REST"},{"data":"MentalFortress","floor":15,"key":"SMITH"},{"floor":24,"key":"REST"},{"floor":27,"key":"REST"},{"floor":32,"key":"REST"},{"floor":40,"key":"RECALL"},{"floor":46,"key":"REST"},{"floor":49,"key":"REST"},{"data":"Strike_P+1","floor":52,"key":"PURGE"}],"circlet_count":0,"master_deck":["Strike_P+1","Strike_P+1","Defend_P+1","Defend_P+1","Defend_P+1","Defend_P+1","Defend_P+1","Eruption+1","Wireheading+1","Judgement+1","Consecrate+1","FollowUp+1","CrushJoints+1","InnerPeace+1","Vigilance+1","Adaptation+1","ThirdEye+1","DeceiveReality+1","MentalFortress+1","LikeWater+1","DevaForm+1","Prostrate+1","Brilliance+1","CarveReality+1","Collect+1","JustLucky+1","Perseverance+1","TalkToTheHand+1","Alpha+1","ForeignInfluence+1","Weave+1","Tantrum+1","ForeignInfluence+1","Halt+1","Worship+1","Pray+1","DevaForm+1","Crescendo+1","Jack Of All Trades+1","ClearTheMind+1","BowlingBash+1","Meditate+1","CutThroughFate+1","LikeWater+1","Fasting2+1","Fasting2+1","WreathOfFlame+1","WaveOfTheHand+1","DeusExMachina+1","Blind+1","FlurryOfBlows+1","Evaluate+1","Sanctity+1","Swivel+1"],"relics":["PureWater","Hammer of Thor","Seething Fire","Anvil of the Gods","CaptainsWheel","Peace Pipe","Smiling Mask","Golden Idol","Kunai","Fusion Hammer","Prayer Wheel","Dream Catcher","HornCleat","Happy Flower","GoldenEye","Mummified Hand","SacredBark","Lantern","Chemical X","Thread and Needle","Dead Branch","Damaru","StoneCalendar","Blood Vial"],"acts_visited":["Exordium","TheCity","TheBeyond","TheEnding"],"potions_floor_usage":[4,16,25,30,37,50,54,55,55],"damage_taken":[{"damage":0.0,"enemies":"2 Louse","floor":1.0,"turns":2.0},{"damage":0,"enemies":"Cultist","floor":3,"turns":2},{"damage":0,"enemies":"Small Slimes","floor":4,"turns":2},{"damage":0,"enemies":"Lagavulin","floor":6,"turns":3},{"damage":0,"enemies":"3 Sentries","floor":8,"turns":4},{"damage":3,"enemies":"3 Louse","floor":10,"turns":2},{"damage":0,"enemies":"Large Slime","floor":11,"turns":3},{"damage":0,"enemies":"Gremlin Nob","floor":13,"turns":2},{"damage":0,"enemies":"Exordium Wildlife","floor":14,"turns":3},{"damage":35,"enemies":"Hexaghost","floor":16,"turns":10},{"damage":0,"enemies":"Shell Parasite","floor":18,"turns":5},{"damage":3,"enemies":"3 Byrds","floor":21,"turns":4},{"damage":10,"enemies":"Snecko","floor":22,"turns":5},{"damage":49,"enemies":"Gremlin Leader","floor":23,"turns":10},{"damage":20,"enemies":"Slavers","floor":25,"turns":4},{"damage":13,"enemies":"Snake Plant","floor":29,"turns":3},{"damage":3,"enemies":"Book of Stabbing","floor":30,"turns":5},{"damage":7,"enemies":"Champ","floor":33,"turns":9},{"damage":0,"enemies":"3 Darklings","floor":35,"turns":5},{"damage":15,"enemies":"3 Shapes","floor":37,"turns":5},{"damage":4,"enemies":"Spire Growth","floor":42,"turns":6},{"damage":36,"enemies":"Transient","floor":44,"turns":5},{"damage":0,"enemies":"4 Shapes","floor":48,"turns":4},{"damage":17,"enemies":"Awakened One","floor":50,"turns":10},{"damage":12,"enemies":"Shield and Spear","floor":54,"turns":6},{"damage":48,"enemies":"The Heart","floor":55,"turns":8}],"seed_played":"4261796013722206911","potions_obtained":[{"floor":0.0,"key":"LiquidBronze"},{"floor":0.0,"key":"AttackPotion"},{"floor":0.0,"key":"Ambrosia"},{"floor":3,"key":"Fruit Juice"},{"floor":4,"key":"PowerPotion"},{"floor":23,"key":"FearPotion"},{"floor":25,"key":"BottledMiracle"},{"floor":30,"key":"BlessingOfTheForge"},{"floor":33,"key":"Swift Potion"},{"floor":37,"key":"SteroidPotion"}],"is_trial":false,"path_per_floor":["M","?","M","M","?","E","R","E","T","M","M","?","E","M","R","B",null,"M","?","$","M","M","E","R","E","T","R","?","M","E","$","R","B",null,"M","?","M","?","$","R","T","M","T","M","?","R","?","M","R","B",null,"R","$","E","B",null],"character_chosen":"WATCHER","items_purchased":["Brilliance","CarveReality","Collect","Mummified Hand","Pray","Lantern","Chemical X","Meditate","Damaru","StoneCalendar","Explosive Potion","Blind","FlurryOfBlows","Evaluate","Sanctity"],"campfire_rested":6,"item_purchase_floors":[20,20,20,31,31,39,39,39,53,53,53,53,53,53,53],"current_hp_per_floor":[72,72,72,77,59,59,77,77,77,74,74,74,74,74,74,39,77,77,77,77,74,64,15,38,18,18,41,41,28,25,25,48,41,77,77,77,62,62,62,62,62,58,58,22,41,64,64,64,77,60,77,77,77,65,19],"gold":331,"neow_bonus":"THREE_SMALL_POTIONS","is_daily":false,"chose_seed":false,"campfire_upgraded":1,"win_rate":0.0,"timestamp":1610065598,"path_taken":["M","?","M","?","?","E","R","E","T","M","M","?","E","M","R","BOSS","M","?","$","M","M","E","R","E","T","R","?","M","E","$","R","BOSS","M","?","M","?","?","R","?","M","T","?","?","R","?","M","R","BOSS","R","$","E","BOSS"],"items_purchased_type":["Card","Card","Card","Relic","Card","Relic","Relic","Card","Relic","Relic","Potion","Card","Card","Card","Card"],"build_version":"2020-12-22","purchased_purges":0,"victory":true,"max_hp_per_floor":[72,72,72,77,77,77,77,77,77,77,77,77,77,77,77,77,77,77,77,77,77,77,77,77,77,77,77,77,77,77,77,77,77,77,77,77,77,77,77,77,77,77,77,77,77,77,77,77,77,77,77,77,77,77,77],"card_choices":[{"not_picked":["PathToVictory","EmptyBody"],"picked":"Wireheading","floor":1.0},{"not_picked":["EmptyMind","Protect"],"picked":"FollowUp","floor":3},{"not_picked":["EmptyBody","Crescendo"],"picked":"CrushJoints","floor":4},{"not_picked":["Evaluate","Wireheading"],"picked":"InnerPeace","floor":6},{"not_picked":["Vengeance","Judgement"],"picked":"Adaptation","floor":8},{"not_picked":["EmptyBody","FollowUp"],"picked":"ThirdEye","floor":10},{"not_picked":["Halt","PathToVictory"],"picked":"DeceiveReality","floor":11},{"not_picked":["EmptyBody","FlyingSleeves"],"picked":"MentalFortress","floor":13},{"not_picked":["CrushJoints","SashWhip"],"picked":"LikeWater","floor":14},{"not_picked":["Omniscience","Establishment"],"picked":"DevaForm","floor":16},{"not_picked":["Consecrate","EmptyFist"],"picked":"Prostrate","floor":18},{"not_picked":["SignatureMove","LikeWater"],"picked":"JustLucky","floor":21},{"not_picked":["EmptyFist+1","Worship"],"picked":"Perseverance","floor":21},{"not_picked":["BattleHymn","Consecrate+1"],"picked":"TalkToTheHand+1","floor":22},{"not_picked":["CarveReality","EmptyFist","WheelKick"],"picked":"SKIP","floor":22},{"not_picked":["Meditate","Prostrate"],"picked":"Alpha","floor":23},{"not_picked":["TalkToTheHand","Crescendo"],"picked":"ForeignInfluence","floor":24},{"not_picked":["ReachHeaven+1","PathToVictory"],"picked":"Weave+1","floor":25},{"not_picked":["Crescendo","WheelKick"],"picked":"Tantrum","floor":27},{"not_picked":["WheelKick","Nirvana"],"picked":"ForeignInfluence+1","floor":29},{"not_picked":["ThirdEye+1","CrushJoints"],"picked":"Halt","floor":29},{"not_picked":["FearNoEvil","Sanctity"],"picked":"Worship+1","floor":30},{"not_picked":["Judgement","Omniscience"],"picked":"DevaForm","floor":33},{"not_picked":["Protect+1","CutThroughFate+1"],"picked":"Crescendo+1","floor":35},{"not_picked":["CrushJoints","EmptyBody","SashWhip+1"],"picked":"SKIP","floor":35},{"not_picked":["Impatience","Good Instincts"],"picked":"Jack Of All Trades","floor":36},{"not_picked":["FlyingSleeves+1","Study+1"],"picked":"ClearTheMind+1","floor":37},{"not_picked":["Blasphemy","JustLucky"],"picked":"BowlingBash+1","floor":37},{"not_picked":["ClearTheMind","FlurryOfBlows"],"picked":"CutThroughFate","floor":42},{"not_picked":["Consecrate+1","DeceiveReality+1"],"picked":"LikeWater+1","floor":42},{"not_picked":["Pray","JustLucky"],"picked":"Fasting2","floor":44},{"not_picked":["EmptyMind+1","ClearTheMind"],"picked":"Fasting2","floor":44},{"not_picked":["EmptyBody","FlurryOfBlows"],"picked":"WreathOfFlame","floor":46},{"not_picked":["Tantrum+1","CutThroughFate"],"picked":"WaveOfTheHand+1","floor":48},{"not_picked":["ThirdEye+1","EmptyBody+1","Crescendo"],"picked":"SKIP","floor":48},{"not_picked":["ClearTheMind+1","Study+1"],"picked":"DeusExMachina","floor":49},{"not_picked":["SashWhip","LessonLearned"],"picked":"Swivel+1","floor":54}],"player_experience":415033,"relics_obtained":[{"floor":6,"key":"Peace Pipe"},{"floor":8,"key":"Smiling Mask"},{"floor":13,"key":"Kunai"},{"floor":23,"key":"Dream Catcher"},{"floor":25,"key":"HornCleat"},{"floor":26,"key":"Happy Flower"},{"floor":30,"key":"GoldenEye"},{"floor":41,"key":"Thread and Needle"},{"floor":43,"key":"Dead Branch"},{"floor":54,"key":"Blood Vial"}],"event_choices":[{"damage_healed":0,"gold_gain":0,"player_choice":"Ignored","damage_taken":0,"max_hp_gain":0,"max_hp_loss":0,"event_name":"Transmorgrifier","floor":2,"gold_loss":0},{"damage_healed":0,"gold_gain":0,"player_choice":"Success","damage_taken":18,"relics_obtained":["CaptainsWheel"],"max_hp_gain":0,"max_hp_loss":0,"event_name":"Scrap Ooze","floor":5,"gold_loss":0},{"damage_healed":0,"gold_gain":0,"player_choice":"Take Wound","damage_taken":0,"relics_obtained":["Golden Idol"],"max_hp_gain":0,"max_hp_loss":0,"event_name":"Golden Idol","floor":12,"gold_loss":0,"cards_obtained":["Injury"]},{"damage_healed":0,"gold_gain":0,"player_choice":"Opened","damage_taken":0,"relics_obtained":["Prayer Wheel"],"max_hp_gain":0,"max_hp_loss":0,"event_name":"The Mausoleum","floor":19,"gold_loss":0},{"cards_removed":["Strike_P"],"damage_healed":0,"gold_gain":0,"player_choice":"Elegance","damage_taken":0,"max_hp_gain":0,"max_hp_loss":0,"event_name":"Back to Basics","floor":28,"gold_loss":0},{"damage_healed":0,"gold_gain":0,"player_choice":"Memory 1","damage_taken":0,"max_hp_gain":0,"max_hp_loss":0,"event_name":"SensoryStone","floor":36,"gold_loss":0},{"damage_healed":0,"gold_gain":999,"player_choice":"Gold","damage_taken":0,"max_hp_gain":0,"max_hp_loss":0,"event_name":"MindBloom","floor":38,"gold_loss":0,"cards_obtained":["Normality","Normality"]},{"damage_healed":19,"gold_gain":0,"player_choice":"Writhe","damage_taken":0,"max_hp_gain":0,"max_hp_loss":0,"event_name":"Winding Halls","floor":45,"gold_loss":0,"cards_obtained":["Writhe"]},{"damage_healed":0,"gold_gain":100,"player_choice":"Pray","damage_taken":0,"max_hp_gain":0,"max_hp_loss":0,"event_name":"Golden Shrine","floor":47,"gold_loss":0}],"is_beta":false,"boss_relics":[{"not_picked":["Tiny House","Runic Pyramid"],"picked":"Fusion Hammer"},{"not_picked":["Empty Cage","SlaversCollar"],"picked":"SacredBark"}],"items_purged_floors":[],"is_endless":false,"potions_floor_spawned":[3,4,6,10,23,25,30,33,37],"ascension_level":1}}