{"host":"njruw0b0uprlitpx","time":1610122648,"event":{"mods":["2.2 Compatiblity","Bartender","BaseMod","Better Altar","Better Match","Better Note","Better Sensory Stone","Better Skull","Better Third Choice","Block Reminder","Colored Map","Colored Powertips","Downfall","Energized Spire","Jedi Mod","Keyboard Shortcuts","Minty Spire (QoL Compilation)","Quick Restart","Rare Cards Sparkle","Relic Stats","Replay The Spire","SacredBarkPlus","Spicy Shops","StSLib","SuperFastMode"],"gold_per_floor":[111,162,437,448,467,496,496,506,506,10,21,21,46,56,56,156,156,168,168,184,23,43,81,100,100,100,109,109,152,152,152,152,263,263,290,3,3,3,3,46,71,71,141,167,167,192,192,226,226,226],"floor_reached":51,"playtime":3135,"items_purged":["Regret","Defend_P"],"score":1279,"play_id":"87db99b2-958c-40d1-a40e-b5d237a97f71","local_time":"20210108101728","is_ascension_mode":true,"campfire_choices":[{"data":"ForeignInfluence","floor":7,"key":"SMITH"},{"data":"Eruption","floor":12,"key":"SMITH"},{"data":"Establishment","floor":15,"key":"SMITH"},{"floor":25,"key":"REST"},{"data":"BattleHymn","floor":28,"key":"SMITH"},{"data":"Scrawl","floor":30,"key":"SMITH"},{"data":"CrushJoints","floor":32,"key":"SMITH"},{"floor":45,"key":"REST"},{"data":"Replay:Hum","floor":47,"key":"SMITH"},{"floor":49,"key":"REST"}],"circlet_count":0,"master_deck":["Strike_P","Strike_P","Strike_P","Strike_P","Defend_P","Defend_P","Defend_P","Eruption+1","Vigilance","ForeignInfluence+1","Weave","CutThroughFate","Crescendo","CrushJoints+1","Replay:Hum+1","Wallop","expansioncontent:SuperHexaguard","FlurryOfBlows","Establishment+1","FollowUp","Scrawl+1","JustLucky","champ:IgnorePain+1","BattleHymn+1","Protect","FlyingSleeves","SandsOfTime+1","Replay:BluntJabs","ForeignInfluence+1","Replay:BluntJabs","Replay:LoomingThreat+1","Replay:ManipulateFuture","Tantrum","ClearTheMind","expansioncontent:TimeRipple","SignatureMove","Halt","ThirdEye","Tantrum+1","Tantrum+1"],"relics":["PureWater","NeowsBlessing","HornCleat","Pantograph","Torii","jedi:crownofsimplicity","Replay:Towering Pillar of Hats","jedi:paperlyon","CeramicFish","Meat on the Bone","Calipers","Ice Cream","Philosopher\u0027s Stone","Lantern","The Courier","jedi:purplefairy"],"acts_visited":["Exordium","TheCity","TheBeyond"],"potions_floor_usage":[6,33,42,48],"damage_taken":[{"damage":0,"enemies":"2 Louse","floor":1,"turns":1},{"damage":0,"enemies":"Jaw Worm","floor":4,"turns":1},{"damage":0,"enemies":"Cultist","floor":5,"turns":1},{"damage":3,"enemies":"3 Sentries","floor":6,"turns":3},{"damage":1,"enemies":"Gremlin Gang","floor":8,"turns":3},{"damage":0,"enemies":"Large Slime","floor":11,"turns":3},{"damage":1,"enemies":"Gremlin Nob","floor":13,"turns":3},{"damage":0,"enemies":"Red Slaver","floor":14,"turns":2},{"damage":0,"enemies":"Slime Boss","floor":16,"turns":7},{"damage":10,"enemies":"2 Thieves","floor":18,"turns":4},{"damage":1,"enemies":"Chosen","floor":20,"turns":4},{"damage":0,"enemies":"Snecko","floor":22,"turns":4},{"damage":1,"enemies":"Gremlin Leader","floor":23,"turns":5},{"damage":6,"enemies":"Cultist and Chosen","floor":24,"turns":3},{"damage":0,"enemies":"Book of Stabbing","floor":29,"turns":2},{"damage":31,"enemies":"Collector","floor":33,"turns":4},{"damage":9,"enemies":"Orb Walker","floor":35,"turns":2},{"damage":0,"enemies":"Giant Head","floor":40,"turns":5},{"damage":16,"enemies":"3 Shapes","floor":41,"turns":3},{"damage":0,"enemies":"Transient","floor":42,"turns":1},{"damage":0,"enemies":"Maw","floor":44,"turns":2},{"damage":0,"enemies":"Jaw Worm Horde","floor":46,"turns":3},{"damage":17,"enemies":"Reptomancer","floor":48,"turns":3},{"damage":80,"enemies":"Awakened One","floor":50,"turns":7}],"seed_played":"6096656733921469164","potions_obtained":[{"floor":2,"key":"SmokeBomb"},{"floor":4,"key":"AttackPotion"},{"floor":8,"key":"Ancient Potion"},{"floor":33,"key":"Explosive Potion"},{"floor":40,"key":"DuplicationPotion"},{"floor":46,"key":"AttackPotion"}],"is_trial":false,"path_per_floor":["M","?","?","M","M","E","R","M","T","$","M","R","E","M","R","B",null,"M","?","M","$","M","E","M","R","T","?","R","E","R","T","R","B",null,"M","$","?","?","?","E","M","M","T","M","R","M","R","E","R","B",null],"character_chosen":"WATCHER","items_purchased":["Wallop","jedi:crownofsimplicity","DuplicationPotion","expansioncontent:SuperHexaguard","BattleHymn","Protect","Tantrum","ClearTheMind","expansioncontent:TimeRipple"],"campfire_rested":3,"item_purchase_floors":[10,10,10,10,21,21,36,36,36],"current_hp_per_floor":[65,65,65,65,65,62,62,61,61,61,61,61,60,60,60,72,72,62,62,61,61,61,60,54,72,72,72,72,72,72,72,72,42,65,56,56,56,56,56,56,40,40,40,40,61,61,61,44,65,42],"gold":226,"neow_bonus":"THREE_ENEMY_KILL","is_daily":false,"chose_seed":false,"campfire_upgraded":7,"win_rate":0.0,"timestamp":1610122648,"path_taken":["M","?","?","M","?","E","R","?","T","$","M","R","E","M","R","BOSS","M","?","M","$","?","E","M","R","T","?","R","E","R","?","R","BOSS","M","$","?","?","?","E","?","M","T","?","R","M","R","E","R","BOSS"],"items_purchased_type":["Card","Relic","Potion","Card","Card","Card","Card","Card","Card"],"build_version":"2020-12-22","purchased_purges":2,"victory":true,"max_hp_per_floor":[72,72,72,72,72,72,72,72,72,72,72,72,72,72,72,72,72,72,72,72,72,72,72,72,72,72,72,72,72,72,72,72,72,72,72,72,72,72,72,72,72,72,72,72,72,72,72,72,72,72],"relic_stats":{"Torii":15,"counters":[24,76],"Pantograph":19,"CeramicFish":126,"obtain_stats":[{"Ice Cream":31,"Lantern":40,"Calipers":29,"NeowsBlessing":0,"Torii":9,"Replay:Towering Pillar of Hats":13,"CeramicFish":23,"jedi:purplefairy":48,"The Courier":43,"jedi:crownofsimplicity":10,"energizedSpire:DeadBattery":34,"HornCleat":2,"jedi:paperlyon":17,"Pantograph":6,"Philosopher\u0027s Stone":40,"PureWater":0,"Meat on the Bone":26},{"Ice Cream":15,"Lantern":18,"Calipers":15,"NeowsBlessing":0,"Torii":5,"Replay:Towering Pillar of Hats":7,"CeramicFish":13,"jedi:purplefairy":23,"The Courier":20,"jedi:crownofsimplicity":5,"energizedSpire:DeadBattery":16,"HornCleat":1,"jedi:paperlyon":9,"Pantograph":4,"Philosopher\u0027s Stone":18,"PureWater":0,"Meat on the Bone":14},{"Ice Cream":46,"Lantern":57,"Calipers":46,"NeowsBlessing":0,"Torii":9,"Replay:Towering Pillar of Hats":15,"CeramicFish":41,"jedi:purplefairy":69,"The Courier":61,"jedi:crownofsimplicity":9,"energizedSpire:DeadBattery":50,"HornCleat":1,"jedi:paperlyon":24,"Pantograph":6,"Philosopher\u0027s Stone":53,"PureWater":0,"Meat on the Bone":44}],"Meat on the Bone":0},"card_choices":[{"not_picked":["Halt","Replay:ManipulateFuture"],"picked":"ForeignInfluence","floor":1},{"not_picked":["PathToVictory","CarveReality"],"picked":"Weave","floor":2},{"not_picked":["CrushJoints","FlyingSleeves"],"picked":"CutThroughFate","floor":4},{"not_picked":["Swivel","SandsOfTime"],"picked":"Crescendo","floor":5},{"not_picked":["WaveOfTheHand","SashWhip"],"picked":"CrushJoints","floor":6},{"not_picked":["CrushJoints","Replay:AtTheReady"],"picked":"Replay:Hum","floor":8},{"not_picked":["Replay:AtTheReady","Evaluate"],"picked":"FlurryOfBlows","floor":11},{"not_picked":["Halt","PathToVictory"],"picked":"Establishment","floor":13},{"not_picked":["Crescendo","Consecrate"],"picked":"FollowUp","floor":14},{"not_picked":["Replay:AllIn","DeusExMachina"],"picked":"Scrawl","floor":16},{"not_picked":["Vengeance+1","Adaptation+1"],"picked":"JustLucky","floor":18},{"not_picked":["Prostrate","Worship"],"picked":"FlyingSleeves","floor":20},{"not_picked":["PathToVictory+1","Sanctity"],"picked":"FlyingSleeves","floor":22},{"not_picked":["Replay:Hum","Halt"],"picked":"SandsOfTime+1","floor":23},{"not_picked":["FlurryOfBlows","ReachHeaven"],"picked":"Replay:BluntJabs","floor":24},{"not_picked":["Replay:Battleflow","Replay:DivineShield"],"picked":"Replay:BluntJabs","floor":29},{"not_picked":["DeusExMachina","Omniscience"],"picked":"Replay:LoomingThreat","floor":33},{"not_picked":["Pray","PathToVictory+1"],"picked":"Replay:ManipulateFuture","floor":35},{"not_picked":["Replay:BluntJabs+1","Protect"],"picked":"SignatureMove","floor":40},{"not_picked":["FlyingSleeves","Replay:Hum"],"picked":"Halt","floor":41},{"not_picked":["Replay:Hum+1","Crescendo+1"],"picked":"ThirdEye","floor":44},{"not_picked":["WaveOfTheHand+1","Crescendo+1"],"picked":"Tantrum+1","floor":46},{"not_picked":["JustLucky","WaveOfTheHand"],"picked":"Tantrum+1","floor":48}],"player_experience":1470162,"relics_obtained":[{"floor":2,"key":"HornCleat"},{"floor":6,"key":"Pantograph"},{"floor":9,"key":"Torii"},{"floor":13,"key":"Replay:Towering Pillar of Hats"},{"floor":23,"key":"CeramicFish"},{"floor":26,"key":"Meat on the Bone"},{"floor":29,"key":"Calipers"},{"floor":31,"key":"Ice Cream"},{"floor":40,"key":"Lantern"},{"floor":43,"key":"The Courier"},{"floor":48,"key":"jedi:purplefairy"}],"event_choices":[{"damage_healed":0,"gold_gain":275,"player_choice":"Desecrate","damage_taken":0,"max_hp_gain":0,"max_hp_loss":0,"event_name":"Golden Shrine","floor":3,"gold_loss":0,"cards_obtained":["Regret"]},{"cards_removed":["ForeignInfluence"],"damage_healed":0,"gold_gain":0,"player_choice":"Take \u0026 Give","damage_taken":0,"max_hp_gain":0,"max_hp_loss":0,"event_name":"betterNote:BetterNote","floor":19,"gold_loss":0,"cards_obtained":["champ:IgnorePain"]},{"damage_healed":0,"gold_gain":2,"player_choice":"4","damage_taken":0,"max_hp_gain":0,"max_hp_loss":0,"event_name":"betterStone:BetterStone","floor":27,"gold_loss":0,"cards_obtained":["ForeignInfluence"]},{"cards_removed":["FlyingSleeves"],"damage_healed":0,"gold_gain":0,"player_choice":"Removed Attack","damage_taken":0,"max_hp_gain":0,"max_hp_loss":0,"event_name":"Falling","floor":38,"gold_loss":0},{"damage_healed":0,"gold_gain":0,"player_choice":"Forge","damage_taken":0,"max_hp_gain":0,"max_hp_loss":0,"event_name":"Accursed Blacksmith","floor":39,"gold_loss":0,"cards_upgraded":["Replay:LoomingThreat"]}],"is_beta":false,"boss_relics":[{"not_picked":["SlaversCollar","Replay:Drink Me"],"picked":"jedi:paperlyon"},{"not_picked":["Velvet Choker","Philosopher\u0027s Stone"],"picked":"energizedSpire:DeadBattery"}],"items_purged_floors":[10,36],"is_endless":false,"potions_floor_spawned":[4,8,11,13,14,20,22,24,33,40,42,46],"ascension_level":9}}