{"host":"ig7tc0uedzltt2sr","time":1610072739,"event":{"mods":["BaseMod","Better Twitch Integration","Block Reminder","Colored Map","Colored Powertips","Communication Mod","Current Relic Mod","GifTheSpireLib","HexUI Lib","Minty Spire (QoL Compilation)","Quick Restart","Random Character Button","Rare Cards Sparkle","Relic Sorter","Relic Stats","Slay the Relics Exporter","StSLib","SuperFastMode","Synergy Search","Twitch Decklist","Twitch Utils","everything is the same but u backflip on backflip","slay the spire mod where everything is the same but ironclad has a cowboy hat"],"gold_per_floor":[109,128,142,152,152,71,71,71],"floor_reached":7,"playtime":51,"items_purged":[],"score":45,"play_id":"5f90f0e3-e082-47bf-aa2d-fa75f90a82fa","local_time":"20210107182539","is_ascension_mode":false,"campfire_choices":[],"circlet_count":0,"master_deck":["Strike_R","Strike_R","Strike_R","Strike_R","Strike_R","Defend_R","Defend_R","Defend_R","Defend_R","Bash","Battle Trance","Ghostly Armor","Armaments","Rupture"],"relics":["Burning Blood","NeowsBlessing"],"acts_visited":["Exordium"],"potions_floor_usage":[],"damage_taken":[{"damage":0,"enemies":"Cultist","floor":1,"turns":1},{"damage":0,"enemies":"Small Slimes","floor":2,"turns":2},{"damage":0,"enemies":"Jaw Worm","floor":3,"turns":1},{"damage":20,"enemies":"Red Slaver","floor":4,"turns":10},{"damage":0,"enemies":"2 Fungi Beasts","floor":5,"turns":1},{"damage":104,"enemies":"Gremlin Nob","floor":7,"turns":6}],"seed_played":"-3921141492111832774","potions_obtained":[{"floor":1,"key":"ColorlessPotion"},{"floor":4,"key":"SmokeBomb"}],"is_trial":false,"path_per_floor":["M","M","M","M","M","$","E"],"character_chosen":"IRONCLAD","items_purchased":["Rupture"],"campfire_rested":0,"item_purchase_floors":[6],"current_hp_per_floor":[80,80,80,66,72,72,0,0],"gold":71,"neow_bonus":"THREE_ENEMY_KILL","is_daily":false,"chose_seed":false,"campfire_upgraded":0,"win_rate":0.0,"timestamp":1610072739,"path_taken":["M","M","M","M","M","$","E"],"items_purchased_type":["Card"],"build_version":"2020-12-22","purchased_purges":0,"victory":false,"max_hp_per_floor":[80,80,80,80,80,80,80,80],"relic_stats":{"counters":[6,21],"obtain_stats":[{"NeowsBlessing":0,"Burning Blood":0},{"NeowsBlessing":0,"Burning Blood":0},{"NeowsBlessing":0,"Burning Blood":0}],"Burning Blood":12},"card_choices":[{"not_picked":["Power Through","Clothesline","Headbutt"],"picked":"SKIP","floor":1},{"not_picked":["Iron Wave","Headbutt"],"picked":"Battle Trance","floor":2},{"not_picked":["Clothesline","Battle Trance"],"picked":"Ghostly Armor","floor":3},{"not_picked":["Havoc","Cleave"],"picked":"Armaments","floor":4}],"player_experience":1469296,"relics_obtained":[],"event_choices":[],"is_beta":false,"boss_relics":[],"items_purged_floors":[],"is_endless":false,"potions_floor_spawned":[1,4],"killed_by":"Gremlin Nob","ascension_level":0}}