{"host":"82mktlv603bf215z","time":1610096149,"event":{"mods":["BaseMod","Downfall","Marisa（F雨　魔理沙）","Minty Spire (QoL Compilation)","Shop Mod","Spicy Shops","StSLib","TestMod","The Cursed","The Hierophant","篝火指南"],"gold_per_floor":[99,99,99,99,99,113,113,147,322,342,357,357,368,385,396,497,497,47,61,72,91,1090,1100,1100,1100,1100,1100,1100],"floor_reached":26,"playtime":1098,"items_purged":[],"score":235,"play_id":"72304ce7-5c2c-4448-a85c-16e8fcd99801","local_time":"20210108165549","is_ascension_mode":false,"campfire_choices":[{"data":"hexamod:Float","floor":1,"key":"SMITH"},{"floor":12,"key":"RECALL"}],"circlet_count":0,"master_deck":["hexamod:Strike+1","hexamod:Strike+1","hexamod:Strike+1","hexamod:Defend+1","hexamod:Defend+1","hexamod:Defend+1","hexamod:Defend+1","hexamod:Sear","hexamod:Float+1","MysteriousBeam+1","NonDirectionalLaser+1","OortCloud","Flame Barrier","hexamod:ShieldOfDarkness","hexamod:SixthSeal","Doubt","GalacticHalo+1","ShootTheMoon","Acceleration+1","hexamod:GhostLash","hexamod:ShieldOfDarkness+1","CollectingQuirk","hexamod:AdvancingGuard","hexamod:NecessarySacrifice","hexamod:RadiantFlame","hexamod:Hexaguard+1","hexamod:TimeWarp"],"relics":["hexamod:SpiritBrand","testmod-TestBox","testmod-TurbochargingSystem","downfall:HeartsMalice","Bag of Marbles","hexamod:InflammatoryLetter","HandDrill","testmod-ObsoleteBoomerang"],"acts_visited":["Exordium","TheCity"],"potions_floor_usage":[11,11,13,20,20,21,21],"damage_taken":[{"damage":0,"enemies":"downfall:FleeingMerchant","floor":2,"turns":1},{"damage":0,"enemies":"Cultist","floor":3,"turns":1},{"damage":0,"enemies":"Small Slimes","floor":4,"turns":1},{"damage":5,"enemies":"Jaw Worm","floor":6,"turns":2},{"damage":6,"enemies":"Lagavulin","floor":8,"turns":5},{"damage":17,"enemies":"Large Slime","floor":10,"turns":6},{"damage":6,"enemies":"Exordium Thugs","floor":11,"turns":3},{"damage":0,"enemies":"3 Louse","floor":13,"turns":3},{"damage":0,"enemies":"Large Slime","floor":14,"turns":1},{"damage":0,"enemies":"Red Slaver","floor":15,"turns":3},{"damage":20,"enemies":"downfall:Watcher","floor":16,"turns":7},{"damage":0,"enemies":"Chosen","floor":19,"turns":3},{"damage":4,"enemies":"Spheric Guardian","floor":20,"turns":4},{"damage":0,"enemies":"Centurion and Healer","floor":21,"turns":4},{"damage":23,"enemies":"3 Cultists","floor":23,"turns":6},{"damage":52,"enemies":"Slavers","floor":26,"turns":6}],"seed_played":"2955370465138843467","potions_obtained":[{"floor":6,"key":"Block Potion"},{"floor":8,"key":"LiquidMemories"},{"floor":10,"key":"LiquidBronze"},{"floor":11,"key":"Fruit Juice"},{"floor":16,"key":"DistilledChaos"},{"floor":19,"key":"Dexterity Potion"},{"floor":20,"key":"Strength Potion"}],"is_trial":false,"path_per_floor":["R","$","M","M","?","M","T","E","?","M","M","R","M","M","M","B",null,"R","M","M","M","?","M","T","?","E"],"character_chosen":"THE_SPIRIT","items_purchased":["hexamod:AdvancingGuard","hexamod:InflammatoryLetter","HandDrill"],"campfire_rested":0,"item_purchase_floors":[18,18,18],"current_hp_per_floor":[70,70,70,70,70,65,65,59,59,42,41,41,41,41,41,21,75,75,75,71,71,71,48,48,48,0,0,0],"gold":1100,"neow_bonus":"THREE_ENEMY_KILL","is_daily":false,"chose_seed":false,"campfire_upgraded":1,"win_rate":0.0,"timestamp":1610096149,"path_taken":["R","?","M","M","?","?","T","E","?","M","M","R","M","M","M","BOSS","R","M","M","M","?","M","T","?","E"],"items_purchased_type":["Card","Relic","Relic"],"build_version":"2020-12-22","purchased_purges":0,"victory":false,"max_hp_per_floor":[70,70,70,70,70,70,70,70,70,70,75,75,75,75,75,75,75,75,75,75,75,75,75,75,75,75,75,75],"card_choices":[{"not_picked":["WitchLeyline","GravityBeat"],"picked":"MysteriousBeam","floor":2},{"not_picked":["PulseMagic","RefractionSpark"],"picked":"NonDirectionalLaser","floor":3},{"not_picked":["hexamod:HeatMetal","MagicAbsorber"],"picked":"OortCloud","floor":4},{"not_picked":["hexamod:Hexaguard","6A"],"picked":"hexamod:ShieldOfDarkness","floor":6},{"not_picked":["hexamod:GiftsFromTheDead","Singularity"],"picked":"hexamod:SixthSeal","floor":8},{"not_picked":["DoubleSpark","DarkSpark"],"picked":"GalacticHalo","floor":10},{"not_picked":["EnergyRecoil","DC"],"picked":"ShootTheMoon","floor":11},{"not_picked":["MilkyWay","hexamod:BurningTouch"],"picked":"Acceleration","floor":13},{"not_picked":["6A","IllusionStar"],"picked":"hexamod:GhostLash","floor":14},{"not_picked":["hexamod:SearingWound","GalacticHalo"],"picked":"hexamod:ShieldOfDarkness","floor":15},{"not_picked":["MaximisePower","EscapeVelocity"],"picked":"CollectingQuirk","floor":16},{"not_picked":["hexamod:NightmareStrike","WitchOfGreed"],"picked":"hexamod:NecessarySacrifice","floor":19},{"not_picked":["DC","hexamod:BacktrackSmack"],"picked":"hexamod:RadiantFlame","floor":20},{"not_picked":["LuminesStrike","hexamod:GhostOfSpirePast"],"picked":"hexamod:Hexaguard+1","floor":21},{"not_picked":["DragonMeteor","AsteroidBelt"],"picked":"hexamod:TimeWarp","floor":23}],"player_experience":433862,"relics_obtained":[{"floor":8,"key":"Bag of Marbles"},{"floor":24,"key":"testmod-ObsoleteBoomerang"}],"event_choices":[{"cards_removed":["hexamod:Strike"],"damage_healed":0,"gold_gain":0,"player_choice":"Took Card","damage_taken":0,"max_hp_gain":0,"max_hp_loss":0,"event_name":"NoteForYourself","floor":5,"gold_loss":0,"cards_obtained":["Flame Barrier"]},{"damage_healed":0,"gold_gain":999,"player_choice":"Sell","damage_taken":0,"max_hp_gain":0,"max_hp_loss":0,"event_name":"恩洛斯的盘子","floor":22,"relics_lost":["Coffee Dripper"],"gold_loss":0},{"damage_healed":0,"gold_gain":0,"player_choice":"Simplicity","damage_taken":0,"max_hp_gain":0,"max_hp_loss":0,"event_name":"Back to Basics","floor":25,"gold_loss":0,"cards_upgraded":["hexamod:Strike","hexamod:Strike","hexamod:Defend","hexamod:Defend","hexamod:Defend"]}],"is_beta":false,"boss_relics":[{"not_picked":["testmod-BatchProcessingSystem","testmod-DreamHouse"],"picked":"Coffee Dripper"}],"items_purged_floors":[],"is_endless":false,"potions_floor_spawned":[6,8,10,11,16,19,20],"killed_by":"Slavers","ascension_level":0}}