{"host":"sav7uxregyirlf69","time":1610082752,"event":{"mods":["AchievementEnabler","BaseMod","Colored Map","DeckTracker","Keyboard Shortcuts","Minty Spire (QoL Compilation)","READ ME - Guardian Mod","StSLib","SuperFastMode"],"gold_per_floor":[111,129,129,204,204,204,222,222,222,242,242,242,256,256,256,346,346,364,379,79,92,92,92],"floor_reached":22,"playtime":390,"items_purged":["Strike_G"],"score":352,"play_id":"329aca87-556d-4fb3-8481-cbb7d2998b4e","local_time":"20210108141232","is_ascension_mode":true,"campfire_choices":[{"floor":6,"key":"REST"},{"data":"Predator","floor":12,"key":"SMITH"},{"data":"Dagger Spray","floor":15,"key":"SMITH"}],"circlet_count":0,"master_deck":["AscendersBane","Strike_G","Strike_G+1","Defend_G","Defend_G","Defend_G","Defend_G","Defend_G","Survivor+1","Neutralize","Dagger Spray+1","Escape Plan","Predator+1","Flying Knee","After Image","Tactician","Dagger Throw","Finesse","Terror"],"relics":["Ring of the Snake","Lizard Tail","InkBottle","Golden Idol","CaptainsWheel","Empty Cage","Membership Card"],"acts_visited":["Exordium","TheCity"],"potions_floor_usage":[16,21],"damage_taken":[{"damage":2,"enemies":"Jaw Worm","floor":1,"turns":6},{"damage":12,"enemies":"Small Slimes","floor":2,"turns":4},{"damage":0,"enemies":"2 Louse","floor":7,"turns":4},{"damage":1,"enemies":"2 Fungi Beasts","floor":10,"turns":4},{"damage":6,"enemies":"3 Louse","floor":13,"turns":3},{"damage":37,"enemies":"Slime Boss","floor":16,"turns":8},{"damage":12,"enemies":"Shell Parasite","floor":18,"turns":7},{"damage":1,"enemies":"Chosen","floor":19,"turns":4},{"damage":24,"enemies":"Snake Plant","floor":21,"turns":6},{"damage":16,"enemies":"3 Cultists","floor":22,"turns":6}],"seed_played":"-8897343042394124736","potions_obtained":[{"floor":1,"key":"Strength Potion"},{"floor":7,"key":"Weak Potion"},{"floor":18,"key":"Fire Potion"}],"is_trial":false,"path_per_floor":["M","M","?","?","?","R","M","T","T","M","?","R","M","T","R","B",null,"M","M","$","M","M"],"character_chosen":"THE_SILENT","items_purchased":["Membership Card","Tactician","Dagger Throw","Finesse"],"campfire_rested":1,"item_purchase_floors":[20,20,20,20],"current_hp_per_floor":[57,45,27,16,21,40,40,40,40,39,39,39,33,33,33,29,52,40,39,39,15,0,0],"gold":92,"neow_bonus":"ONE_RARE_RELIC","is_daily":false,"chose_seed":false,"campfire_upgraded":2,"win_rate":0.0,"timestamp":1610082752,"path_taken":["M","M","?","?","?","R","M","?","T","M","?","R","M","?","R","BOSS","M","M","$","M","M"],"items_purchased_type":["Relic","Card","Card","Card"],"build_version":"2020-12-22","purchased_purges":1,"victory":false,"max_hp_per_floor":[60,60,60,60,65,65,65,65,65,65,59,59,59,59,59,59,59,59,59,59,59,59,59],"card_choices":[{"not_picked":["Infinite Blades","Catalyst"],"picked":"Dagger Spray","floor":1},{"not_picked":["Deadly Poison","Blur"],"picked":"Escape Plan","floor":2},{"not_picked":["Caltrops","Sucker Punch"],"picked":"Predator","floor":7},{"not_picked":["Quick Slash","Slice"],"picked":"Flying Knee","floor":10},{"not_picked":["PiercingWail","Deflect","Slice"],"picked":"SKIP","floor":13},{"not_picked":["Die Die Die","Grand Finale"],"picked":"After Image","floor":16},{"not_picked":["Prepared","Underhanded Strike","Flying Knee"],"picked":"SKIP","floor":18},{"not_picked":["PiercingWail","Deflect","Expertise"],"picked":"SKIP","floor":19},{"not_picked":["Leg Sweep","Bouncing Flask+1"],"picked":"Terror","floor":21}],"player_experience":1195128,"relics_obtained":[{"floor":9,"key":"InkBottle"},{"floor":14,"key":"CaptainsWheel"}],"event_choices":[{"damage_healed":0,"gold_gain":0,"player_choice":"Entered Light","damage_taken":18,"max_hp_gain":0,"max_hp_loss":0,"event_name":"Shining Light","floor":3,"gold_loss":0,"cards_upgraded":["Strike_G","Survivor"]},{"damage_healed":0,"gold_gain":75,"player_choice":"Gather Gold","damage_taken":11,"max_hp_gain":0,"max_hp_loss":0,"event_name":"World of Goop","floor":4,"gold_loss":0},{"damage_healed":0,"gold_gain":0,"player_choice":"Donut","damage_taken":0,"max_hp_gain":5,"max_hp_loss":0,"event_name":"Big Fish","floor":5,"gold_loss":0},{"damage_healed":0,"gold_gain":0,"player_choice":"Lose Max HP","damage_taken":0,"relics_obtained":["Golden Idol"],"max_hp_gain":0,"max_hp_loss":6,"event_name":"Golden Idol","floor":11,"gold_loss":0}],"is_beta":false,"boss_relics":[{"not_picked":["Snecko Eye","SacredBark"],"picked":"Empty Cage"}],"items_purged_floors":[20],"is_endless":false,"potions_floor_spawned":[1,7,10,13,18],"killed_by":"3 Cultists","ascension_level":20}}