{"host":"ji1fk25fd1ga4ji1","time":1610085730,"event":{"mods":["2.2 Compatiblity","BaseMod","Colored Map","DeckTracker","Minty Spire (QoL Compilation)","Permanent Neow","Quick Restart","StSLib","SuperFastMode"],"gold_per_floor":[115,115,125,140,160,186,202,233,310,310,235,235,235,67,67,67,67],"floor_reached":16,"playtime":275,"items_purged":["Strike_R","Strike_R"],"score":141,"play_id":"7718cb2f-363c-4672-b1cb-52658f9b5b86","local_time":"20210108150210","is_ascension_mode":true,"campfire_choices":[{"data":"Bash","floor":13,"key":"SMITH"},{"data":"Inflame","floor":15,"key":"SMITH"}],"circlet_count":0,"master_deck":["Strike_R","Strike_R","Strike_R","Defend_R","Defend_R","Defend_R","Defend_R","Bash+1","Reaper","Heavy Blade","Twin Strike","Shrug It Off","Inflame+1"],"relics":["Burning Blood","Ancient Tea Set","Centennial Puzzle","Pear"],"acts_visited":["Exordium"],"potions_floor_usage":[5,6,7],"damage_taken":[{"damage":0,"enemies":"Small Slimes","floor":1,"turns":3},{"damage":6,"enemies":"Cultist","floor":3,"turns":3},{"damage":0,"enemies":"2 Louse","floor":4,"turns":2},{"damage":11,"enemies":"Exordium Thugs","floor":5,"turns":4},{"damage":14,"enemies":"Gremlin Nob","floor":6,"turns":3},{"damage":17,"enemies":"Lots of Slimes","floor":7,"turns":5},{"damage":65,"enemies":"Lagavulin","floor":8,"turns":8},{"damage":32,"enemies":"The Guardian","floor":16,"turns":9}],"seed_played":"4515635105613009214","potions_obtained":[{"floor":3,"key":"AttackPotion"},{"floor":4,"key":"AttackPotion"},{"floor":5,"key":"Regen Potion"}],"is_trial":false,"path_per_floor":["M","?","M","M","M","E","M","E","T","?","$","?","R","$","R","B"],"character_chosen":"IRONCLAD","items_purchased":["Inflame"],"campfire_rested":0,"item_purchase_floors":[14],"current_hp_per_floor":[80,85,85,85,80,72,84,27,37,37,37,42,42,42,42,17,17],"gold":67,"neow_bonus":"ONE_RANDOM_RARE_CARD","is_daily":false,"chose_seed":false,"campfire_upgraded":2,"win_rate":0.0,"timestamp":1610085730,"path_taken":["M","?","M","M","M","E","M","E","T","?","$","?","R","$","R","BOSS"],"items_purchased_type":["Card"],"build_version":"2020-12-22","purchased_purges":2,"victory":false,"max_hp_per_floor":[80,85,85,85,85,85,85,85,95,95,95,95,95,95,95,95,95],"card_choices":[{"not_picked":["Second Wind","Dropkick"],"picked":"Heavy Blade","floor":1},{"not_picked":["Blood for Blood","Heavy Blade"],"picked":"Twin Strike","floor":3},{"not_picked":["Power Through","Body Slam","Headbutt"],"picked":"SKIP","floor":4},{"not_picked":["Sever Soul","Twin Strike","Hemokinesis"],"picked":"SKIP","floor":5},{"not_picked":["Heavy Blade","Carnage"],"picked":"Shrug It Off","floor":6},{"not_picked":["Bloodletting","Body Slam","Clash"],"picked":"SKIP","floor":7},{"not_picked":["Metallicize","Searing Blow"],"picked":"Heavy Blade","floor":8}],"player_experience":817896,"relics_obtained":[{"floor":6,"key":"Ancient Tea Set"},{"floor":8,"key":"Centennial Puzzle"},{"floor":9,"key":"Pear"}],"event_choices":[{"damage_healed":0,"gold_gain":0,"player_choice":"Donut","damage_taken":0,"max_hp_gain":5,"max_hp_loss":0,"event_name":"Big Fish","floor":2,"gold_loss":0},{"damage_healed":0,"gold_gain":0,"player_choice":"Ignored","damage_taken":0,"max_hp_gain":0,"max_hp_loss":0,"event_name":"Liars Game","floor":10,"gold_loss":0},{"cards_removed":["Heavy Blade"],"damage_healed":5,"gold_gain":0,"player_choice":"Offered Common","damage_taken":0,"max_hp_gain":0,"max_hp_loss":0,"event_name":"Bonfire Elementals","floor":12,"gold_loss":0},{"cards_removed":["Heavy Blade"],"damage_healed":5,"gold_gain":0,"player_choice":"Offered Special","damage_taken":0,"max_hp_gain":0,"max_hp_loss":0,"event_name":"Bonfire Elementals","floor":12,"gold_loss":0}],"is_beta":false,"boss_relics":[],"items_purged_floors":[11,14],"is_endless":false,"potions_floor_spawned":[3,4,5],"killed_by":"The Guardian","ascension_level":1}}