{"host":"25fn74ijs2305xd4","time":1610116931,"event":{"mods":["AchievementEnabler","BaseMod","Colored Map","Colored Powertips","Downfall","Minty Spire (QoL Compilation)","Relic Stats","StSLib"],"gold_per_floor":[119,134,209,109,119,119,145,145,145,159,192,204,217,237,237,337,337,349,349,363,378,114,149,164,164,164,174,209,209,244,257,257,359,359,376,429,211,229,244,273,289,315,338,338,213,213,229,279,279,279,279,279,21,52,52],"floor_reached":56,"playtime":4417,"items_purged":["Strike_B","Strike_B","Defend_B","Defend_B","Defend_B"],"score":1385,"play_id":"dc868165-89bd-47da-8cd6-e582cfc9de92","local_time":"20210108154211","is_ascension_mode":true,"campfire_choices":[{"data":"Streamline","floor":6,"key":"SMITH"},{"data":"Glacier","floor":8,"key":"SMITH"},{"data":"White Noise","floor":15,"key":"SMITH"},{"data":"Loop","floor":25,"key":"SMITH"},{"data":"Amplify","floor":32,"key":"SMITH"},{"floor":44,"key":"RECALL"},{"data":"Skim","floor":46,"key":"SMITH"},{"data":"Defragment","floor":49,"key":"SMITH"},{"data":"Hello World","floor":52,"key":"SMITH"}],"circlet_count":0,"master_deck":["Strike_B","Strike_B","Defend_B","Zap","Dualcast","Streamline+1","White Noise+1","Compile Driver","Glacier+1","FTL","Self Repair","Aggregate","Creative AI+1","White Noise+1","Consume","Loop+1","Finesse","Amplify+1","Consume+1","Chaos+1","Skim+1","Seek","Aggregate","Panacea","FTL","Static Discharge+1","Defragment+1","Hello World+1","Ball Lightning+1","Stack"],"relics":["Coffee Dripper","HornCleat","Bottled Lightning","Girya","Nuclear Battery","Letter Opener","InkBottle","PreservedInsect","Smiling Mask","Black Star","Thread and Needle","Pantograph","Centennial Puzzle","Dream Catcher","Orichalcum","Ice Cream","OrangePellets","Shuriken","Pear"],"acts_visited":["Exordium","TheCity","TheBeyond","TheEnding"],"potions_floor_usage":[11,11,16,21,23,23,23,23,30,35,40,50,55,55,55],"damage_taken":[{"damage":0,"enemies":"2 Louse","floor":1,"turns":4},{"damage":0,"enemies":"Cultist","floor":2,"turns":3},{"damage":6,"enemies":"Jaw Worm","floor":5,"turns":3},{"damage":16,"enemies":"Lagavulin","floor":7,"turns":5},{"damage":7,"enemies":"Exordium Thugs","floor":10,"turns":5},{"damage":0,"enemies":"Gremlin Nob","floor":11,"turns":4},{"damage":0,"enemies":"3 Louse","floor":12,"turns":4},{"damage":0,"enemies":"Blue Slaver","floor":13,"turns":3},{"damage":3,"enemies":"Red Slaver","floor":14,"turns":3},{"damage":21,"enemies":"Hexaghost","floor":16,"turns":12},{"damage":0,"enemies":"3 Byrds","floor":18,"turns":6},{"damage":0,"enemies":"Shell Parasite","floor":20,"turns":5},{"damage":0,"enemies":"Snecko","floor":21,"turns":7},{"damage":11,"enemies":"Gremlin Leader","floor":23,"turns":5},{"damage":0,"enemies":"Shelled Parasite and Fungi","floor":24,"turns":6},{"damage":3,"enemies":"Centurion and Healer","floor":27,"turns":7},{"damage":17,"enemies":"Book of Stabbing","floor":28,"turns":5},{"damage":22,"enemies":"Slavers","floor":30,"turns":2},{"damage":16,"enemies":"Snake Plant","floor":31,"turns":3},{"damage":0,"enemies":"Champ","floor":33,"turns":12},{"damage":8,"enemies":"3 Darklings","floor":35,"turns":5},{"damage":21,"enemies":"2 Orb Walkers","floor":36,"turns":5},{"damage":0,"enemies":"3 Shapes","floor":38,"turns":4},{"damage":28,"enemies":"Spire Growth","floor":39,"turns":3},{"damage":39,"enemies":"Reptomancer","floor":40,"turns":4},{"damage":0,"enemies":"Sphere and 2 Shapes","floor":41,"turns":3},{"damage":37,"enemies":"Nemesis","floor":42,"turns":7},{"damage":21,"enemies":"3 Darklings","floor":47,"turns":4},{"damage":4,"enemies":"Mind Bloom Boss Battle","floor":48,"turns":8},{"damage":14,"enemies":"Awakened One","floor":50,"turns":10},{"damage":0,"enemies":"Shield and Spear","floor":54,"turns":5},{"damage":37,"enemies":"The Heart","floor":55,"turns":9}],"seed_played":"6977457795773061482","potions_obtained":[{"floor":7,"key":"Energy Potion"},{"floor":10,"key":"SkillPotion"},{"floor":11,"key":"DistilledChaos"},{"floor":14,"key":"SkillPotion"},{"floor":16,"key":"EntropicBrew"},{"floor":18,"key":"Strength Potion"},{"floor":30,"key":"FairyPotion"},{"floor":31,"key":"EssenceOfSteel"},{"floor":33,"key":"SpeedPotion"},{"floor":36,"key":"BlessingOfTheForge"},{"floor":39,"key":"FocusPotion"},{"floor":47,"key":"Dexterity Potion"},{"floor":54,"key":"Strength Potion"}],"is_trial":false,"path_per_floor":["M","M","?","$","M","R","E","R","T","M","E","M","M","M","R","B",null,"M","?","M","M","$","E","M","R","T","M","E","?","E","M","R","B",null,"M","?","$","M","M","E","M","E","T","R","$","R","M","?","R","B",null,"R","$","E","B",null],"character_chosen":"DEFECT","items_purchased":["Compile Driver","Loop","Finesse","Panacea","FTL","Hello World","OrangePellets","BlessingOfTheForge"],"campfire_rested":0,"item_purchase_floors":[4,22,22,37,37,45,53,53],"current_hp_per_floor":[75,75,75,75,69,69,53,53,53,46,46,53,60,64,64,50,75,75,75,75,75,75,71,75,75,75,75,72,72,57,41,41,48,75,74,60,60,74,53,28,28,36,36,36,36,36,29,57,57,68,75,75,75,85,55],"gold":52,"neow_bonus":"BOSS_RELIC","is_daily":false,"chose_seed":false,"campfire_upgraded":8,"win_rate":0.0,"timestamp":1610116931,"path_taken":["M","M","?","$","M","R","E","R","T","M","E","M","M","M","R","BOSS","M","?","M","?","$","E","M","R","T","M","E","?","E","M","R","BOSS","M","?","$","M","M","E","M","E","T","R","$","R","M","?","R","BOSS","R","$","E","BOSS"],"items_purchased_type":["Card","Card","Card","Card","Card","Card","Relic","Potion"],"build_version":"2020-12-22","purchased_purges":5,"victory":true,"max_hp_per_floor":[75,75,75,75,75,75,75,75,75,75,75,75,75,75,75,75,75,75,75,75,75,75,75,75,75,75,75,75,75,75,75,75,75,75,75,75,75,75,75,75,75,75,75,75,75,75,75,75,75,75,75,75,75,85,85],"relic_stats":{"counters":[32,171],"PreservedInsect":215,"Letter Opener":[485],"Orichalcum":[36],"Smiling Mask":300,"OrangePellets":[7],"Centennial Puzzle":[15],"Dream Catcher":0,"Shuriken":[4],"Pantograph":43,"Black Star":3,"obtain_stats":[{"Ice Cream":48,"Girya":11,"Pear":54,"Thread and Needle":36,"PreservedInsect":28,"Letter Opener":23,"Orichalcum":42,"Smiling Mask":30,"Nuclear Battery":17,"OrangePellets":53,"Centennial Puzzle":40,"Dream Catcher":42,"HornCleat":7,"Shuriken":54,"Pantograph":40,"Coffee Dripper":0,"Black Star":34,"Bottled Lightning":9,"Cracked Core":0,"InkBottle":26},{"Ice Cream":29,"Girya":6,"Pear":31,"Thread and Needle":22,"PreservedInsect":17,"Letter Opener":14,"Orichalcum":27,"Smiling Mask":18,"Nuclear Battery":10,"OrangePellets":30,"Centennial Puzzle":25,"Dream Catcher":27,"HornCleat":4,"Shuriken":31,"Pantograph":25,"Coffee Dripper":0,"Black Star":20,"Bottled Lightning":4,"Cracked Core":0,"InkBottle":15},{"Ice Cream":147,"Girya":24,"Pear":162,"Thread and Needle":114,"PreservedInsect":87,"Letter Opener":69,"Orichalcum":135,"Smiling Mask":89,"Nuclear Battery":46,"OrangePellets":157,"Centennial Puzzle":125,"Dream Catcher":135,"HornCleat":15,"Shuriken":162,"Pantograph":125,"Coffee Dripper":0,"Black Star":104,"Bottled Lightning":15,"Cracked Core":0,"InkBottle":75}],"InkBottle":[63]},"card_choices":[{"not_picked":["Gash","Compile Driver"],"picked":"Streamline","floor":1},{"not_picked":["Genetic Algorithm","Conserve Battery"],"picked":"White Noise","floor":2},{"not_picked":["Reboot","Leap","BootSequence"],"picked":"SKIP","floor":5},{"not_picked":["Auto Shields","Redo"],"picked":"Glacier","floor":7},{"not_picked":["Conserve Battery","Melter"],"picked":"FTL","floor":10},{"not_picked":["Leap","Ball Lightning"],"picked":"Self Repair","floor":11},{"not_picked":["Stack","Conserve Battery"],"picked":"Aggregate","floor":12},{"not_picked":["Melter","Stack","Leap"],"picked":"SKIP","floor":13},{"not_picked":["Rebound","Stack","Beam Cell"],"picked":"SKIP","floor":14},{"not_picked":["Seek","All For One"],"picked":"Creative AI","floor":16},{"not_picked":["Compile Driver","Steam","Lockon"],"picked":"SKIP","floor":18},{"not_picked":["Reinforced Body","Rebound"],"picked":"Consume","floor":20},{"not_picked":["Sweeping Beam+1","Blizzard","Leap"],"picked":"SKIP","floor":21},{"not_picked":["Hologram","Streamline"],"picked":"Amplify","floor":23},{"not_picked":["Blizzard","Conserve Battery"],"picked":"Consume+1","floor":24},{"not_picked":["Rebound+1","Self Repair","Redo"],"picked":"SKIP","floor":27},{"not_picked":["Tempest","Beam Cell"],"picked":"Chaos+1","floor":28},{"not_picked":["Redo","Cold Snap+1"],"picked":"Skim","floor":30},{"not_picked":["Aggregate","Chaos","Storm"],"picked":"SKIP","floor":31},{"not_picked":["Multi-Cast","Amplify"],"picked":"Seek","floor":33},{"not_picked":["Steam","Hologram+1"],"picked":"Aggregate","floor":35},{"not_picked":["Fusion+1","Undo"],"picked":"Static Discharge+1","floor":38},{"not_picked":["Coolheaded","Conserve Battery+1"],"picked":"Defragment","floor":39},{"not_picked":["Cold Snap+1","FTL","Lockon"],"picked":"SKIP","floor":40},{"not_picked":["Leap","Sweeping Beam","Reprogram+1"],"picked":"SKIP","floor":41},{"not_picked":["Steam+1","Reinforced Body","Conserve Battery"],"picked":"SKIP","floor":42},{"not_picked":["Electrodynamics","Doom and Gloom+1"],"picked":"Ball Lightning+1","floor":47},{"not_picked":["Gash","Reinforced Body"],"picked":"Stack","floor":48},{"not_picked":["Go for the Eyes","Reinforced Body","Gash"],"picked":"SKIP","floor":54}],"player_experience":29864,"relics_obtained":[{"floor":7,"key":"HornCleat"},{"floor":9,"key":"Bottled Lightning"},{"floor":11,"key":"Girya"},{"floor":23,"key":"Letter Opener"},{"floor":26,"key":"InkBottle"},{"floor":28,"key":"PreservedInsect"},{"floor":30,"key":"Smiling Mask"},{"floor":36,"key":"Thread and Needle"},{"floor":40,"key":"Pantograph"},{"floor":40,"key":"Centennial Puzzle"},{"floor":42,"key":"Dream Catcher"},{"floor":42,"key":"Orichalcum"},{"floor":48,"key":"Ice Cream"},{"floor":54,"key":"Shuriken"},{"floor":54,"key":"Pear"}],"event_choices":[{"damage_healed":0,"gold_gain":75,"player_choice":"Gained Gold","damage_taken":0,"max_hp_gain":0,"max_hp_loss":0,"event_name":"Golden Wing","floor":3,"gold_loss":0},{"damage_healed":0,"gold_gain":0,"player_choice":"Copied","damage_taken":0,"max_hp_gain":0,"max_hp_loss":0,"event_name":"Duplicator","floor":19,"gold_loss":0,"cards_obtained":["White Noise"]},{"damage_healed":0,"gold_gain":0,"player_choice":"Forge","damage_taken":0,"max_hp_gain":0,"max_hp_loss":0,"event_name":"Accursed Blacksmith","floor":29,"gold_loss":0,"cards_upgraded":["Creative AI"]},{"damage_healed":0,"gold_gain":0,"player_choice":"Fight","damage_taken":0,"max_hp_gain":0,"max_hp_loss":0,"event_name":"Mysterious Sphere","floor":36,"gold_loss":0},{"damage_healed":0,"gold_gain":0,"player_choice":"Fight","damage_taken":0,"max_hp_gain":0,"max_hp_loss":0,"event_name":"MindBloom","floor":48,"gold_loss":0}],"is_beta":false,"boss_relics":[{"not_picked":["SlaversCollar","Fusion Hammer"],"picked":"Nuclear Battery"},{"not_picked":["Sozu","Runic Pyramid"],"picked":"Black Star"}],"items_purged_floors":[4,22,37,45,53],"is_endless":false,"potions_floor_spawned":[7,10,11,14,16,18,30,31,33,36,39,47,54],"ascension_level":1}}