{"host":"8ew8rkkqvnu5a0j4","time":1610125152,"event":{"mods":["AchievementEnabler","Arknights The Spire","BaseMod","Colored Powertips","Decade(王小明)","Downfall","Friendly Minions","GungeonMod","Hermit","HololiveMod","Hubris","KinomotoSakuraMod(木之本樱)","Koishi","LagranYue(拉格朗・月)","Luminous","Marisa（F雨　魔理沙）","Minty Spire (QoL Compilation)","Nova Terra(诺娃・泰拉)","Quick Restart","READ ME - Guardian Mod","Rare Cards Sparkle","Reimu（博丽灵梦）","Remilia（蕾米莉亚）","Replay The Spire","Shop Mod","StSLib","Td1madao Mod","The Alterego","The Animator","The Bug Knight","The Cursed","The Hierophant","The Marked","The Mystic","The Poker Player","The Servant 0.9.4","WarShipGirlsR/战舰少女R mod","Youmu（魂魄妖梦）","Yuri Mod","【遗物卡牌】REMEMod"],"gold_per_floor":[99,110,110,110,123,138,138,158,171,185,95,107,127,157,170,170,170],"floor_reached":16,"playtime":1281,"items_purged":["rmod:defend","rmod:strick","rmod:strick"],"score":119,"play_id":"57fe2508-a77b-4c74-a288-f202bdfaa581","local_time":"20210109005912","is_ascension_mode":true,"campfire_choices":[{"data":"rmod:maingunfire","floor":1,"key":"SMITH"}],"circlet_count":0,"master_deck":["rmod:strick","rmod:defend","rmod:defend","rmod:defend","rmod:basicallowance","rmod:maingunfire+1","Infernal Blade","rmod:fletcher","rmod:lastglory","rmod:gendarmerie","rmod:supportaircraftcarrier","rmod:acesubmarine"],"relics":["rmod:firstchargereward","REME_ComplimentaryCards","LagranYue:RandomDrawCardRelic","Meat on the Bone","hubris:BundleOfHerbs","Chemical X","LagranYue:RareGoldArmorRelic","Art of War"],"acts_visited":["Exordium"],"potions_floor_usage":[16],"damage_taken":[{"damage":7,"enemies":"Cultist","floor":2,"turns":5},{"damage":0,"enemies":"Jaw Worm","floor":5,"turns":3},{"damage":0,"enemies":"2 Louse","floor":6,"turns":3},{"damage":6,"enemies":"3 Louse","floor":8,"turns":6},{"damage":11,"enemies":"Large Slime","floor":9,"turns":7},{"damage":20,"enemies":"Gremlin Gang","floor":10,"turns":6},{"damage":5,"enemies":"downfall:FleeingMerchant","floor":11,"turns":4},{"damage":1,"enemies":"3 Louse","floor":12,"turns":4},{"damage":0,"enemies":"Looter","floor":13,"turns":1},{"damage":16,"enemies":"Gremlin Nob","floor":14,"turns":4},{"damage":4,"enemies":"Gremlin Gang","floor":15,"turns":5},{"damage":44,"enemies":"downfall:Defect","floor":16,"turns":5}],"seed_played":"8027842045201558306","potions_obtained":[{"floor":6,"key":"BlessingOfTheForge"},{"floor":8,"key":"hexamod:EctoCoolerPotion"},{"floor":9,"key":"Flashbang"},{"floor":12,"key":"DemoMod:LeadSkinPotion"}],"is_trial":false,"path_per_floor":["R","M","$","?","M","M","T","M","M","M","$","M","M","E","M","B"],"character_chosen":"PRAEFECT","items_purchased":["Meat on the Bone","hubris:BundleOfHerbs","Chemical X"],"campfire_rested":0,"item_purchase_floors":[3,3,3],"current_hp_per_floor":[82,75,17,17,32,44,44,44,45,37,44,43,43,47,43,0,0],"gold":170,"neow_bonus":"TEN_PERCENT_HP_BONUS","is_daily":false,"chose_seed":false,"campfire_upgraded":1,"win_rate":0.0,"timestamp":1610125152,"path_taken":["R","M","?","?","M","M","T","M","?","M","$","M","M","E","M","BOSS"],"items_purchased_type":["Relic","Relic","Relic"],"build_version":"2020-12-22","purchased_purges":3,"victory":false,"max_hp_per_floor":[82,82,82,82,82,82,82,82,82,82,82,82,82,82,82,82,82],"card_choices":[{"not_picked":["rmod:unsinkable","rmod:intelligenceanalysis","rmod:overbreakdown"],"picked":"SKIP","floor":2},{"not_picked":["rmod:aviationdawn","rmod:punchline","rmod:diamondstrike"],"picked":"SKIP","floor":5},{"not_picked":["rmod:diamondstrike","rmod:aluminumsupply","rmod:intelligenceanalysis"],"picked":"SKIP","floor":6},{"not_picked":["rmod:royalracing","rmod:garrisonisland"],"picked":"rmod:gendarmerie","floor":8},{"not_picked":["rmod:firesupport","rmod:steelsupply","rmod:luckystar"],"picked":"SKIP","floor":9},{"not_picked":["rmod:fletcher","rmod:shuttlebombing"],"picked":"rmod:supportaircraftcarrier","floor":10},{"not_picked":["rmod:steelsupply","rmod:steelsupply"],"picked":"rmod:acesubmarine","floor":11},{"not_picked":["rmod:selfconfidence","rmod:expedition","rmod:garrisonisland"],"picked":"SKIP","floor":11},{"not_picked":["rmod:spoils","rmod:highspeedshooting","rmod:diamondstrike"],"picked":"SKIP","floor":12},{"not_picked":["rmod:overbreakdown","rmod:circuitoustactics","rmod:tearstotiara"],"picked":"SKIP","floor":13},{"not_picked":["rmod:bulid","rmod:wife","rmod:unsinkable"],"picked":"SKIP","floor":13},{"not_picked":["rmod:luckystar","rmod:circuitoustactics","rmod:bulid"],"picked":"SKIP","floor":14},{"not_picked":["rmod:ammunitionsupply","rmod:tearstotiara","rmod:expedition"],"picked":"SKIP","floor":15}],"player_experience":668774,"relics_obtained":[{"floor":7,"key":"LagranYue:RareGoldArmorRelic"},{"floor":14,"key":"Art of War"}],"event_choices":[{"damage_healed":0,"gold_gain":0,"cards_transformed":["rmod:strick"],"player_choice":"Transformed","damage_taken":0,"max_hp_gain":0,"max_hp_loss":0,"event_name":"Transmorgrifier","floor":4,"gold_loss":0,"cards_obtained":["rmod:lastglory"]}],"is_beta":false,"boss_relics":[],"items_purged_floors":[3,3,11],"is_endless":false,"potions_floor_spawned":[6,8,9,12,13,15],"killed_by":"downfall:Defect","ascension_level":2}}