{"host":"g8a0qo0vjtg6u5wv","time":1610071295,"event":{"mods":["BaseMod","Colored Map","Custom Start","KOR Keyword Fix","Minty Spire (QoL Compilation)","StSLib","SuperFastMode","The Jungle"],"gold_per_floor":[112,262,262,30,42,42,42,42,66,66,66,66,81,98,98,174,174,185,185,85,97,111,111,146,146,194,194,194,194,194,229,229,304,304,317,334,659,45,61,61,61,61,61,97,97,35,0,26,26,112,198,198,217,237,133,133,151,151,151,151,197,231,244,132,171,184,184,258,258],"floor_reached":68,"playtime":1308,"items_purged":["Dropkick","Thunderclap","Flame Barrier","Thunderclap","Shrug It Off"],"score":3855,"play_id":"64839b06-b1cb-4c6c-b8dc-83b1974b84df","local_time":"20210108110135","daily_mods":["Draft","Vintage","Flight"],"is_ascension_mode":true,"campfire_choices":[{"data":"Armaments","floor":6.0,"key":"SMITH"},{"data":"Searing Blow","floor":7.0,"key":"SMITH"},{"data":"Searing Blow+1","floor":8.0,"key":"SMITH"},{"data":"Searing Blow+2","floor":10.0,"key":"SMITH"},{"data":"Searing Blow+3","floor":11.0,"key":"SMITH"},{"data":"Searing Blow+4","floor":12.0,"key":"SMITH"},{"data":"Searing Blow+5","floor":15.0,"key":"SMITH"},{"data":"Searing Blow+6","floor":23.0,"key":"SMITH"},{"data":"Searing Blow+7","floor":25.0,"key":"SMITH"},{"data":"Searing Blow+8","floor":27.0,"key":"SMITH"},{"data":"Searing Blow+9","floor":28.0,"key":"SMITH"},{"data":"Searing Blow+10","floor":29.0,"key":"SMITH"},{"data":"Searing Blow+11","floor":30.0,"key":"SMITH"},{"data":"Searing Blow+12","floor":32.0,"key":"SMITH"},{"data":"Searing Blow+13","floor":40.0,"key":"SMITH"},{"data":"Searing Blow+14","floor":41.0,"key":"SMITH"},{"data":"Searing Blow+15","floor":42.0,"key":"SMITH"},{"data":"Searing Blow+16","floor":45.0,"key":"SMITH"},{"data":"Searing Blow+17","floor":49.0,"key":"SMITH"},{"data":"Searing Blow+18","floor":58,"key":"SMITH"},{"data":"Searing Blow+19","floor":59,"key":"SMITH"},{"data":"Searing Blow+20","floor":60,"key":"SMITH"},{"data":"Searing Blow+21","floor":67,"key":"SMITH"}],"circlet_count":0,"master_deck":["AscendersBane","Searing Blow+22","Feel No Pain","Second Wind","Dropkick","Warcry+1","Disarm","Shrug It Off","Armaments+1","Omniscience","Steam Power+1","Secret Technique","Power Through","Dark Embrace","Apotheosis","Malaise","Dual Wield","Evolve","Impatience"],"relics":["Burning Blood","Omamori","PrismaticShard","Singing Bowl","Juzu Bracelet","Dream Catcher","Sozu","Paper Frog","Necronomicon","CaptainsWheel","Meat on the Bone","Bag of Marbles","MealTicket","Nunchaku","Coffee Dripper","Orichalcum","Molten Egg 2","Old Coin","Bird Faced Urn","Chemical X","War Paint","The Courier","CeramicFish","Red Mask","Smiling Mask","Empty Cage","Mummified Hand","Sundial","Potion Belt","PreservedInsect","Torii","Lantern"],"acts_visited":["Exordium","TheCity","TheBeyond","Exordium"],"potions_floor_usage":[],"damage_taken":[{"damage":0.0,"enemies":"2 Louse","floor":1.0,"turns":3.0},{"damage":0.0,"enemies":"Small Slimes","floor":5.0,"turns":4.0},{"damage":1.0,"enemies":"Jaw Worm","floor":13.0,"turns":3.0},{"damage":6.0,"enemies":"Blue Slaver","floor":14.0,"turns":4.0},{"damage":27.0,"enemies":"Slime Boss","floor":16.0,"turns":9.0},{"damage":0.0,"enemies":"Spheric Guardian","floor":18.0,"turns":1.0},{"damage":0.0,"enemies":"2 Thieves","floor":21.0,"turns":1.0},{"damage":0.0,"enemies":"Snake Plant","floor":22.0,"turns":2.0},{"damage":0.0,"enemies":"Book of Stabbing","floor":24.0,"turns":1.0},{"damage":15.0,"enemies":"Slavers","floor":31.0,"turns":5.0},{"damage":0.0,"enemies":"Champ","floor":33.0,"turns":1.0},{"damage":41.0,"enemies":"3 Darklings","floor":35.0,"turns":18.0},{"damage":16.0,"enemies":"3 Shapes","floor":36.0,"turns":5.0},{"damage":0.0,"enemies":"Mind Bloom Boss Battle","floor":37.0,"turns":1.0},{"damage":0.0,"enemies":"Maw","floor":39.0,"turns":1.0},{"damage":0.0,"enemies":"Giant Head","floor":44.0,"turns":1.0},{"damage":0.0,"enemies":"Reptomancer","floor":48.0,"turns":2.0},{"damage":0,"enemies":"Awakened One","floor":50,"turns":3},{"damage":0,"enemies":"Time Eater","floor":51,"turns":3},{"damage":0,"enemies":"2 Louse","floor":53,"turns":4},{"damage":0,"enemies":"Small Slimes","floor":54,"turns":2},{"damage":0,"enemies":"Jaw Worm","floor":57,"turns":1},{"damage":0,"enemies":"Lagavulin","floor":62,"turns":2},{"damage":0,"enemies":"Looter","floor":63,"turns":1},{"damage":0,"enemies":"Gremlin Nob","floor":65,"turns":1},{"damage":0,"enemies":"2 Fungi Beasts","floor":66,"turns":3},{"damage":0,"enemies":"The Guardian","floor":68,"turns":1}],"seed_played":"-7175090913746397500","potions_obtained":[{"floor":1.0,"key":"Strength Potion"},{"floor":13.0,"key":"Strength Potion"}],"is_trial":true,"path_per_floor":["M","?","?","$","M","R","R","R","T","R","R","R","M","M","R","B",null,"M","?","$","M","M","R","E","R","T","R","R","R","R","E","R","B",null,"M","M","?","$","M","R","R","R","T","E","R","$","?","E","R","B","B",null,"M","M","$","?","M","R","R","R","T","E","M","$","E","M","R","B"],"character_chosen":"IRONCLAD","items_purchased":["PrismaticShard","Bird Faced Urn","Chemical X","Dark Embrace","Dual Wield","Evolve"],"campfire_rested":0,"item_purchase_floors":[4,38,38,46,55,64],"current_hp_per_floor":[74,74,79,79,80,80,80,80,80,80,80,80,80,80,80,59,75,80,59,59,65,71,71,79,79,79,79,79,79,79,70,70,76,81,58,48,56,71,77,77,77,77,77,83,83,84,84,86,86,86,86,86,86,86,86,74,80,80,80,80,80,88,88,88,88,88,88,88,88],"gold":258,"neow_bonus":"","is_daily":false,"chose_seed":false,"campfire_upgraded":23,"win_rate":0.0,"timestamp":1610071295,"path_taken":["M","?","?","$","M","R","R","R","T","R","R","R","M","M","R","BOSS","M","?","$","M","M","R","E","R","T","R","R","R","R","E","R","BOSS","M","M","?","$","M","R","R","R","T","E","R","$","?","E","R","BOSS","BOSS","M","M","$","?","M","R","R","R","T","E","M","$","E","M","R","BOSS"],"items_purchased_type":["Relic","Relic","Relic","Card","Card","Card"],"build_version":"2020-12-22","purchased_purges":5,"victory":false,"max_hp_per_floor":[75,75,80,80,80,80,80,80,80,80,80,80,80,80,80,80,80,80,80,80,80,80,80,82,82,82,82,82,82,82,82,82,82,82,82,82,84,84,84,84,84,84,84,84,84,84,84,86,86,86,86,86,86,86,86,86,86,86,86,86,86,88,88,88,88,88,88,88,88],"card_choices":[{"not_picked":["Reckless Charge","Dual Wield"],"picked":"Searing Blow","floor":0.0},{"not_picked":["Iron Wave","True Grit"],"picked":"Dropkick","floor":0.0},{"not_picked":["Warcry","Bloodletting"],"picked":"Thunderclap","floor":0.0},{"not_picked":["Flex","Pommel Strike"],"picked":"Feel No Pain","floor":0.0},{"not_picked":["Carnage","Shrug It Off"],"picked":"Intimidate","floor":0.0},{"not_picked":["Dark Embrace","Entrench"],"picked":"Second Wind","floor":0.0},{"not_picked":["Warcry","Anger"],"picked":"Dropkick","floor":0.0},{"not_picked":["Infernal Blade","Thunderclap"],"picked":"Warcry","floor":0.0},{"not_picked":["Twin Strike","Anger"],"picked":"Disarm","floor":0.0},{"not_picked":["Carnage","True Grit"],"picked":"Wild Strike","floor":0.0},{"not_picked":["Iron Wave","Bloodletting"],"picked":"Shrug It Off","floor":0.0},{"not_picked":["Iron Wave","Carnage"],"picked":"Armaments","floor":0.0},{"not_picked":["Second Wind","Uppercut"],"picked":"Flame Barrier","floor":0.0},{"not_picked":["Clash","Clothesline"],"picked":"Shrug It Off","floor":0.0},{"not_picked":["Flex","Body Slam"],"picked":"Thunderclap","floor":0.0},{"not_picked":["Meteor Strike","Envenom"],"picked":"Omniscience","floor":16.0},{"not_picked":["LikeWater","Protect","Swift Strike"],"picked":"Singing Bowl","floor":24.0},{"not_picked":["Go for the Eyes","Scrape"],"picked":"Steam Power","floor":31.0},{"not_picked":["Core Surge","Exhume"],"picked":"Secret Technique","floor":33.0},{"not_picked":["Blade Dance+1","Accuracy","Scrape+1"],"picked":"Singing Bowl","floor":37.0},{"not_picked":["Dodge and Roll","PanicButton+1"],"picked":"Power Through","floor":44.0},{"not_picked":["SignatureMove+1","Feel No Pain","ThirdEye+1"],"picked":"Singing Bowl","floor":48.0},{"not_picked":["Blasphemy","Hyperbeam+1"],"picked":"Apotheosis","floor":50},{"not_picked":["Impervious","Devotion"],"picked":"Malaise","floor":51},{"not_picked":["Cloak And Dagger","Halt","FlyingSleeves+1"],"picked":"Singing Bowl","floor":62},{"not_picked":["Havoc","Concentrate"],"picked":"Impatience","floor":65}],"player_experience":549526,"relics_obtained":[{"floor":1.0,"key":"Omamori"},{"floor":5.0,"key":"Singing Bowl"},{"floor":9.0,"key":"Juzu Bracelet"},{"floor":14.0,"key":"Dream Catcher"},{"floor":18.0,"key":"Paper Frog"},{"floor":19.0,"key":"Necronomicon"},{"floor":21.0,"key":"CaptainsWheel"},{"floor":22.0,"key":"Meat on the Bone"},{"floor":24.0,"key":"Bag of Marbles"},{"floor":26.0,"key":"MealTicket"},{"floor":31.0,"key":"Nunchaku"},{"floor":35.0,"key":"Orichalcum"},{"floor":36.0,"key":"Molten Egg 2"},{"floor":37.0,"key":"Old Coin"},{"floor":39.0,"key":"War Paint"},{"floor":43.0,"key":"The Courier"},{"floor":44.0,"key":"CeramicFish"},{"floor":48.0,"key":"Smiling Mask"},{"floor":53,"key":"Mummified Hand"},{"floor":54,"key":"Sundial"},{"floor":57,"key":"Potion Belt"},{"floor":61,"key":"PreservedInsect"},{"floor":63,"key":"Torii"},{"floor":66,"key":"Lantern"}],"event_choices":[{"damage_healed":0.0,"max_hp_gain":0.0,"max_hp_loss":0.0,"gold_gain":150.0,"event_name":"Liars Game","player_choice":"AGREE","floor":2.0,"gold_loss":0.0,"damage_taken":0.0,"cards_obtained":["Doubt"]},{"damage_healed":0.0,"max_hp_gain":5.0,"max_hp_loss":0.0,"gold_gain":0.0,"event_name":"Big Fish","player_choice":"Donut","floor":3.0,"gold_loss":0.0,"damage_taken":0.0},{"damage_healed":0.0,"max_hp_gain":0.0,"max_hp_loss":0.0,"gold_gain":0.0,"event_name":"Cursed Tome","player_choice":"Obtained Book","floor":19.0,"gold_loss":0.0,"damage_taken":21.0},{"damage_healed":0.0,"max_hp_gain":0.0,"max_hp_loss":0.0,"gold_gain":0.0,"event_name":"MindBloom","player_choice":"Fight","floor":37.0,"gold_loss":0.0,"damage_taken":0.0},{"damage_healed":0.0,"max_hp_gain":0.0,"max_hp_loss":0.0,"gold_gain":0.0,"event_name":"Tomb of Lord Red Mask","player_choice":"Paid","floor":47.0,"gold_loss":35.0,"damage_taken":0.0,"relics_obtained":["Red Mask"]},{"damage_healed":0,"gold_gain":0,"player_choice":"Damaged","damage_taken":12,"max_hp_gain":0,"max_hp_loss":0,"event_name":"Wheel of Change","floor":56,"gold_loss":0}],"is_beta":false,"boss_relics":[{"not_picked":["Astrolabe","Black Star"],"picked":"Sozu"},{"not_picked":["Runic Dome","SacredBark"],"picked":"Coffee Dripper"},{"not_picked":["Fusion Hammer","Tiny House"],"picked":"Empty Cage"}],"items_purged_floors":[4,20,38,55,64],"is_endless":true,"potions_floor_spawned":[1,13,14,18,21,36,37,50,53,57,66,68],"killed_by":"The Guardian","ascension_level":20}}