{"host":"8g24zuco0epbjwbo","time":1610146037,"event":{"mods":["BaseMod","Downfall","Minty Spire (QoL Compilation)","Relic Stats","StSLib"],"gold_per_floor":[99,99,99,99,549,549,561,498,208,243,243,273,273,68,78,183,183,183,198,198,198,15,15,15,0,0,16,16,16,16,16],"floor_reached":29,"playtime":1251,"items_purged":["Slimebound:Icky","Slimebound:Icky"],"score":232,"play_id":"91fa0795-ecd7-4031-b026-b8e5b60fbcf1","local_time":"20210108174717","is_ascension_mode":true,"campfire_choices":[{"floor":1,"key":"RECALL"},{"data":"champ:SwordSigil","floor":8,"key":"SMITH"},{"data":"champ:Taunt","floor":11,"key":"SMITH"},{"floor":13,"key":"REST"},{"data":"champ:ArenaPreparation","floor":18,"key":"SMITH"},{"data":"RitualDagger","floor":26,"key":"SMITH"},{"data":"champ:RapidStrikes","floor":28,"key":"SMITH"}],"circlet_count":0,"master_deck":["champ:Strike","champ:Strike","champ:Strike","champ:Strike","champ:Defend","champ:Defend","champ:Defend","champ:Defend","champ:Execute","champ:Taunt+1","champ:DeathBlow","champ:SwordSigil+1","Slimebound:Icky","champ:BerserkerStyle","champ:EndlessRage","champ:ArenaPreparation+1","champ:FanOfKnives","Flash of Steel","champ:GladiatorsShout","champ:Improvising+1","champ:TornadoPunch+1","RitualDagger+1","champ:Encircle+1","champ:ShieldWall+1","Slimebound:CheckThePlaybook","Slimebound:Icky","champ:RapidStrikes+1"],"relics":["champ:ChampionCrown","downfall:HeartsMalice","StrikeDummy","downfall:HeartBlessingRed","Medical Kit","Frozen Egg 2","Kunai","Philosopher\u0027s Stone","downfall:RedIOU","Membership Card","Meat on the Bone"],"acts_visited":["Exordium","TheCity"],"potions_floor_usage":[16,16,25,29],"damage_taken":[{"damage":0,"enemies":"Small Slimes","floor":2,"turns":1},{"damage":0,"enemies":"Jaw Worm","floor":3,"turns":1},{"damage":0,"enemies":"downfall:FleeingMerchant","floor":9,"turns":1},{"damage":43,"enemies":"Gremlin Nob","floor":10,"turns":5},{"damage":45,"enemies":"3 Sentries","floor":12,"turns":7},{"damage":59,"enemies":"downfall:FleeingMerchant","floor":14,"turns":4},{"damage":18,"enemies":"2 Louse","floor":15,"turns":3},{"damage":80,"enemies":"downfall:Silent","floor":16,"turns":8},{"damage":60,"enemies":"Shell Parasite","floor":19,"turns":5},{"damage":29,"enemies":"downfall:FleeingMerchant","floor":22,"turns":4},{"damage":40,"enemies":"downfall:FleeingMerchant","floor":25,"turns":4},{"damage":29,"enemies":"3 Byrds","floor":27,"turns":3},{"damage":54,"enemies":"Gremlin Leader","floor":29,"turns":4}],"seed_played":"-1133327253234643935","potions_obtained":[{"floor":10,"key":"AttackPotion"},{"floor":15,"key":"Weak Potion"},{"floor":16,"key":"Dexterity Potion"},{"floor":19,"key":"Weak Potion"},{"floor":27,"key":"Explosive Potion"}],"is_trial":false,"path_per_floor":["R","M","M","?","?","?","T","R","$","E","R","E","R","$","M","B",null,"R","M","?","?","$","?","T","$","R","M","R","E"],"character_chosen":"THE_CHAMP","items_purchased":["champ:EndlessRage","Medical Kit","Flash of Steel","Membership Card","champ:ShieldWall+1"],"campfire_rested":1,"item_purchase_floors":[9,9,14,22,22],"current_hp_per_floor":[90,90,90,90,90,78,78,78,78,50,50,30,57,57,49,27,95,95,79,79,73,73,73,73,62,62,52,52,0,0,0],"gold":16,"neow_bonus":"THREE_ENEMY_KILL","is_daily":false,"chose_seed":false,"campfire_upgraded":5,"win_rate":0.0,"timestamp":1610146037,"path_taken":["R","M","M","?","?","?","T","R","$","E","R","E","R","$","M","BOSS","R","M","?","?","$","?","T","?","R","M","R","E"],"items_purchased_type":["Card","Relic","Card","Relic","Card"],"build_version":"2020-12-22","purchased_purges":2,"victory":false,"max_hp_per_floor":[90,90,90,90,90,90,90,90,90,90,90,90,90,95,95,95,95,95,95,95,95,95,95,95,95,95,95,95,95,95,95],"relic_stats":{"counters":[13,47],"Kunai":[12],"Medical Kit":[0],"obtain_stats":[{"downfall:HeartBlessingRed":8,"champ:ChampionCrown":0,"downfall:HeartsMalice":0,"Philosopher\u0027s Stone":17,"downfall:RedIOU":20,"Kunai":12,"Membership Card":22,"Frozen Egg 2":10,"MawBank":6,"StrikeDummy":7,"Medical Kit":9,"Meat on the Bone":24},{"downfall:HeartBlessingRed":2,"champ:ChampionCrown":0,"downfall:HeartsMalice":0,"Philosopher\u0027s Stone":8,"downfall:RedIOU":9,"Kunai":5,"Membership Card":10,"Frozen Egg 2":4,"MawBank":2,"StrikeDummy":2,"Medical Kit":3,"Meat on the Bone":10},{"downfall:HeartBlessingRed":0,"champ:ChampionCrown":0,"downfall:HeartsMalice":0,"Philosopher\u0027s Stone":27,"downfall:RedIOU":32,"Kunai":12,"Membership Card":36,"Frozen Egg 2":5,"MawBank":0,"StrikeDummy":0,"Medical Kit":0,"Meat on the Bone":36}],"Meat on the Bone":24},"card_choices":[{"not_picked":["champ:FightOn","champ:BringItOn"],"picked":"champ:DeathBlow","floor":2},{"not_picked":["champ:GladiatorsShout","champ:EnragedBash"],"picked":"champ:SwordSigil","floor":3},{"not_picked":["champ:RageSigil","champ:CrookedStrike"],"picked":"champ:BerserkerStyle","floor":9},{"not_picked":["champ:FocusedDefense","champ:BerserkersShout"],"picked":"champ:FightOn","floor":10},{"not_picked":["champ:DefensiveShout","champ:IronFortress+1"],"picked":"champ:ArenaPreparation","floor":12},{"not_picked":["champ:PreciseThrust","champ:ShieldSlam"],"picked":"champ:FanOfKnives","floor":14},{"not_picked":["champ:RisingSlash","champ:PerfectedStrike"],"picked":"champ:GladiatorsShout","floor":15},{"not_picked":["champ:IgnorePain","champ:ShieldThrow"],"picked":"champ:Improvising+1","floor":16},{"not_picked":["champ:GladiatorsShout","champ:PerfectedStrike"],"picked":"champ:TornadoPunch+1","floor":19},{"not_picked":["champ:ViciousMockery","champ:Balance"],"picked":"champ:Encircle+1","floor":22},{"not_picked":["champ:Backstep","champ:FightOn"],"picked":"champ:RapidStrikes","floor":25},{"not_picked":["champ:FanOfKnives","champ:StanceDance+1","champ:BladeFlurry"],"picked":"SKIP","floor":27}],"player_experience":452726,"relics_obtained":[{"floor":7,"key":"StrikeDummy"},{"floor":10,"key":"Frozen Egg 2"},{"floor":12,"key":"Kunai"},{"floor":24,"key":"Meat on the Bone"}],"event_choices":[{"damage_healed":0,"gold_gain":0,"player_choice":"Success","damage_taken":12,"relics_obtained":["MawBank"],"max_hp_gain":0,"max_hp_loss":0,"event_name":"Scrap Ooze","floor":6,"gold_loss":0}],"is_beta":false,"boss_relics":[{"not_picked":["Velvet Choker","Sozu"],"picked":"Philosopher\u0027s Stone"}],"items_purged_floors":[9,14],"is_endless":false,"potions_floor_spawned":[10,15,16,19,27],"killed_by":"Gremlin Leader","ascension_level":1}}