{"host":"st1kg310ms6sytc5","time":1610116278,"event":{"mods":["ATMod(°¢èªMod)","Act Like it!","BaseMod","CapriCore","Dota2Spire","Minty Spire (QoL Compilation)","StSLib","SuperFastMode","[IsaacMod]ÒÔÈö¼âËþ","¡¾ÒÅÎï¿¨ÅÆ¡¿REMEMod"],"gold_per_floor":[110,128,139,153,3,34,34,51,51,81,98,98,116,150,150,246,246,258,258,324,338,169,200,200,235,260,260,288,306,231,246,246,347,347,357,367,122,122,149,149,180,190,237,265,265,290,304,351,351,351],"floor_reached":51,"playtime":2724,"items_purged":["Strike_G","Strike_G","Strike_G","Strike_G"],"score":1298,"play_id":"dc65085b-2f6e-4eca-962b-25c7a230da3f","local_time":"20210108223118","is_ascension_mode":true,"campfire_choices":[{"data":"AT_FocusSwordFire","floor":7.0,"key":"SMITH"},{"data":"REME_MawOfCthun","floor":15.0,"key":"SMITH"},{"data":"Tactician","floor":27.0,"key":"SMITH"},{"data":"Calculated Gamble","floor":32.0,"key":"SMITH"},{"data":"Madness","floor":40.0,"key":"SMITH"},{"data":"Concentrate","floor":45.0,"key":"SMITH"},{"data":"AT_Desolate","floor":49,"key":"SMITH"}],"circlet_count":0,"master_deck":["Defend_G","Defend_G","Defend_G","Defend_G","Defend_G","Survivor","Neutralize","AT_WindFlip","REME_MawOfCthun+1","AT_FocusSwordFire+1","Glass Knife","Blade Dance","Tactician+1","Burst","Calculated Gamble+1","Acrobatics+1","Backflip+1","Prepared+1","Accuracy","AT_Desolate+1","Blur","Madness","Madness+1","Concentrate+1","Acrobatics+1"],"relics":["Ring of the Snake","AT_ATBox","HushsDoor","REME_ComplimentaryCards","Chaos","NeowsBlessing","AT_SeraphEmbrace","Dota2Spire:CrimsonGuard","AT_BellDemon","REME_HourglassOfDeath","REME_LimitBreaker","Dota2Spire:AghanimScepter","HoveringKite","Torii","D6","GuppysHead","GuppysCollar","AT_RabadonDeathcap","CultistMask","Red Mask","Red Mask","Coffee Dripper","Gremlin Horn","HowToJump","TheBean","Juzu Bracelet","AnarchistCookbook","AT_GoldPhoenixTree","Pantograph","Bronze Scales","Dota2Spire:OrchidMalevolence","Vajra","AT_SilvercatRing","DeathBook","GuppysPaw","SatanicBible","AT_TrinityForce","Bottled Lightning","Art of War","TheBattery","SteamSale","Dota2Spire:ShivaGuard","Snake Skull","Nunchaku","EdensBlessing","TuHaoJin","HornCleat","Champion Belt"],"acts_visited":["Exordium","TheCity","TheBeyond"],"potions_floor_usage":[],"damage_taken":[{"damage":0.0,"enemies":"Cultist","floor":1.0,"turns":1.0},{"damage":0.0,"enemies":"Jaw Worm","floor":2.0,"turns":1.0},{"damage":0.0,"enemies":"2 Louse","floor":3.0,"turns":1.0},{"damage":0.0,"enemies":"Looter","floor":4.0,"turns":4.0},{"damage":18.0,"enemies":"3 Sentries","floor":6.0,"turns":8.0},{"damage":0.0,"enemies":"Gremlin Gang","floor":8.0,"turns":6.0},{"damage":24.0,"enemies":"Lagavulin","floor":10.0,"turns":5.0},{"damage":2.0,"enemies":"2 Fungi Beasts","floor":11.0,"turns":2.0},{"damage":0.0,"enemies":"Large Slime","floor":13.0,"turns":4.0},{"damage":0.0,"enemies":"Gremlin Nob","floor":14.0,"turns":3.0},{"damage":0.0,"enemies":"The Guardian","floor":16.0,"turns":15.0},{"damage":1.0,"enemies":"Chosen","floor":18.0,"turns":5.0},{"damage":1.0,"enemies":"Masked Bandits","floor":20.0,"turns":3.0},{"damage":0.0,"enemies":"3 Byrds","floor":21.0,"turns":4.0},{"damage":0.0,"enemies":"Book of Stabbing","floor":23.0,"turns":6.0},{"damage":0.0,"enemies":"Slavers","floor":25.0,"turns":2.0},{"damage":0.0,"enemies":"Gremlin Leader","floor":28.0,"turns":1.0},{"damage":0.0,"enemies":"Snecko","floor":29.0,"turns":1.0},{"damage":0.0,"enemies":"3 Cultists","floor":31.0,"turns":2.0},{"damage":0.0,"enemies":"Champ","floor":33.0,"turns":1.0},{"damage":0.0,"enemies":"Orb Walker","floor":35.0,"turns":1.0},{"damage":0.0,"enemies":"3 Darklings","floor":36.0,"turns":1.0},{"damage":0.0,"enemies":"Reptomancer","floor":41.0,"turns":1.0},{"damage":0.0,"enemies":"Transient","floor":42.0,"turns":2.0},{"damage":0.0,"enemies":"Giant Head","floor":44.0,"turns":1.0},{"damage":0.0,"enemies":"Reptomancer","floor":46.0,"turns":1.0},{"damage":0,"enemies":"Spire Growth","floor":47,"turns":1},{"damage":0,"enemies":"2 Orb Walkers","floor":48,"turns":1},{"damage":0,"enemies":"Time Eater","floor":50,"turns":3}],"seed_played":"-7954569914214912410","potions_obtained":[{"floor":1.0,"key":"EssenceOfSteel"},{"floor":3.0,"key":"FearPotion"},{"floor":4.0,"key":"Regen Potion"},{"floor":10.0,"key":"Explosive Potion"},{"floor":14.0,"key":"SneckoOil"},{"floor":16.0,"key":"LiquidMemories"},{"floor":29.0,"key":"REME_GoldPotion"},{"floor":33.0,"key":"DuplicationPotion"},{"floor":35.0,"key":"DuplicationPotion"},{"floor":41.0,"key":"Energy Potion"}],"is_trial":false,"path_per_floor":["M","M","M","M","$","E","R","M","T","E","M","?","M","E","R","B",null,"M","?","?","M","$","E","?","E","T","R","E","M","?","M","R","B",null,"M","M","$","?","T","R","E","M","T","E","R","E","M","?","R","B",null],"character_chosen":"THE_SILENT","items_purchased":["AT_ArchangelStaff","GuppysHead","GuppysCollar","Calculated Gamble","Prepared","Accuracy","GuppysPaw","SatanicBible","Art of War"],"campfire_rested":0,"item_purchase_floors":[5,17,17,17,22,22,34,34,37],"current_hp_per_floor":[70,70,70,70,70,52,52,52,52,28,26,26,26,26,26,26,39,38,38,37,37,37,37,37,37,37,37,37,37,37,37,37,39,12,12,12,12,8,8,8,8,8,8,8,8,8,8,8,8,12],"gold":351,"neow_bonus":"THREE_ENEMY_KILL","is_daily":false,"chose_seed":false,"campfire_upgraded":7,"win_rate":0.0,"timestamp":1610116278,"path_taken":["M","M","M","M","?","E","R","?","T","E","M","?","M","E","R","BOSS","M","?","?","M","$","E","?","E","T","R","E","M","?","M","R","BOSS","M","M","$","?","?","R","E","M","T","E","R","E","M","?","R","BOSS"],"items_purchased_type":["Relic","Relic","Relic","Card","Card","Card","Relic","Relic","Relic"],"build_version":"2020-12-22","purchased_purges":4,"victory":true,"max_hp_per_floor":[70,70,70,70,70,70,70,70,70,70,70,70,70,70,70,70,39,39,39,39,39,39,39,39,39,39,39,39,39,39,39,39,39,12,12,12,12,12,12,12,12,12,12,12,12,12,12,12,12,12],"card_choices":[{"not_picked":["Underhanded Strike","AT_WindFlip"],"picked":"AT_FocusSwordFire","floor":1.0},{"not_picked":["Dodge and Roll","Deflect","Deadly Poison"],"picked":"SKIP","floor":2.0},{"not_picked":["REME_ShadowStrike","Quick Slash","Poisoned Stab"],"picked":"SKIP","floor":3.0},{"not_picked":["Catalyst","Poisoned Stab"],"picked":"Glass Knife","floor":4.0},{"not_picked":["Outmaneuver","Slice","Dagger Spray"],"picked":"SKIP","floor":6.0},{"not_picked":["Underhanded Strike","Acrobatics"],"picked":"Blade Dance","floor":8.0},{"not_picked":["Blade Dance","Poisoned Stab","AT_FocusSwordFire"],"picked":"SKIP","floor":10.0},{"not_picked":["Bane","Underhanded Strike","Blade Dance"],"picked":"SKIP","floor":11.0},{"not_picked":["Poisoned Stab","Deadly Poison","Dash"],"picked":"SKIP","floor":13.0},{"not_picked":["REME_CopyPotion","Sucker Punch"],"picked":"Tactician","floor":14.0},{"not_picked":["After Image","Tools of the Trade"],"picked":"Burst","floor":16.0},{"not_picked":["Quick Slash+1","Sucker Punch","Deadly Poison"],"picked":"SKIP","floor":18.0},{"not_picked":["AT_EssenceShift","Dodge and Roll+1"],"picked":"Acrobatics","floor":20.0},{"not_picked":["Deadly Poison","Dodge and Roll"],"picked":"Backflip+1","floor":20.0},{"not_picked":["Backflip","Caltrops","Endless Agony+1"],"picked":"SKIP","floor":21.0},{"not_picked":["Riddle With Holes","Slice","AT_ArcaneSupremacy"],"picked":"SKIP","floor":23.0},{"not_picked":["Deadly Poison","Sucker Punch"],"picked":"Blur","floor":25.0},{"not_picked":["Quick Slash","Unload","Caltrops"],"picked":"SKIP","floor":28.0},{"not_picked":["Blade Dance","Dodge and Roll+1","Deflect"],"picked":"SKIP","floor":29.0},{"not_picked":["Sucker Punch","Outmaneuver","Poisoned Stab"],"picked":"SKIP","floor":31.0},{"not_picked":["Bane","Poisoned Stab","Quick Slash"],"picked":"SKIP","floor":35.0},{"not_picked":["Deadly Poison","Infinite Blades","Cloak And Dagger+1"],"picked":"SKIP","floor":36.0},{"not_picked":["Quick Slash+1","PiercingWail+1","Deadly Poison+1"],"picked":"SKIP","floor":41.0},{"not_picked":["Dagger Throw+1","Dodge and Roll+1","Slice"],"picked":"SKIP","floor":42.0},{"not_picked":["Expertise+1","AT_KneejerkReflex+1"],"picked":"Concentrate","floor":44.0},{"not_picked":["Doppelganger","Outmaneuver+1","Infinite Blades+1"],"picked":"SKIP","floor":46},{"not_picked":["PiercingWail","Poisoned Stab","Dagger Spray"],"picked":"SKIP","floor":47},{"not_picked":["Catalyst","Quick Slash+1"],"picked":"Acrobatics+1","floor":48}],"player_experience":1370876,"relics_obtained":[{"floor":6.0,"key":"Dota2Spire:CrimsonGuard"},{"floor":9.0,"key":"AT_BellDemon"},{"floor":10.0,"key":"REME_HourglassOfDeath"},{"floor":10.0,"key":"REME_LimitBreaker"},{"floor":11.0,"key":"Dota2Spire:AghanimScepter"},{"floor":13.0,"key":"HoveringKite"},{"floor":14.0,"key":"Torii"},{"floor":18.0,"key":"AT_RabadonDeathcap"},{"floor":20.0,"key":"Red Mask"},{"floor":20.0,"key":"Red Mask"},{"floor":20.0,"key":"Coffee Dripper"},{"floor":21.0,"key":"Gremlin Horn"},{"floor":23.0,"key":"HowToJump"},{"floor":23.0,"key":"TheBean"},{"floor":25.0,"key":"Juzu Bracelet"},{"floor":25.0,"key":"AnarchistCookbook"},{"floor":26.0,"key":"AT_GoldPhoenixTree"},{"floor":28.0,"key":"Pantograph"},{"floor":28.0,"key":"Bronze Scales"},{"floor":29.0,"key":"Dota2Spire:OrchidMalevolence"},{"floor":31.0,"key":"Vajra"},{"floor":33.0,"key":"AT_SilvercatRing"},{"floor":35.0,"key":"AT_TrinityForce"},{"floor":36.0,"key":"Bottled Lightning"},{"floor":41.0,"key":"TheBattery"},{"floor":41.0,"key":"SteamSale"},{"floor":42.0,"key":"Dota2Spire:ShivaGuard"},{"floor":43.0,"key":"Snake Skull"},{"floor":44.0,"key":"Nunchaku"},{"floor":46,"key":"EdensBlessing"},{"floor":47,"key":"TuHaoJin"},{"floor":48,"key":"HornCleat"},{"floor":48,"key":"Champion Belt"}],"event_choices":[{"damage_healed":0.0,"max_hp_gain":0.0,"max_hp_loss":0.0,"gold_gain":0.0,"event_name":"Liars Game","player_choice":"Ignored","floor":12.0,"gold_loss":0.0,"damage_taken":0.0},{"damage_healed":0.0,"max_hp_gain":0.0,"max_hp_loss":0.0,"gold_gain":0.0,"event_name":"FaceTrader","player_choice":"Trade","floor":19.0,"gold_loss":0.0,"damage_taken":0.0,"relics_obtained":["CultistMask"]},{"damage_healed":0.0,"max_hp_gain":0.0,"max_hp_loss":0.0,"gold_gain":0.0,"event_name":"Masked Bandits","player_choice":"Fought Bandits","floor":20.0,"gold_loss":0.0,"damage_taken":0.0},{"damage_healed":0.0,"max_hp_gain":0.0,"max_hp_loss":0.0,"gold_gain":0.0,"event_name":"The Library","player_choice":"Read","floor":24.0,"gold_loss":0.0,"damage_taken":0.0,"cards_obtained":["AT_Desolate"]},{"cards_removed":["Strike_G"],"damage_healed":0.0,"max_hp_gain":0.0,"max_hp_loss":0.0,"gold_gain":0.0,"event_name":"Beggar","player_choice":"Gave Gold","floor":30.0,"gold_loss":75.0,"damage_taken":0.0},{"damage_healed":0.0,"max_hp_gain":0.0,"max_hp_loss":0.0,"gold_gain":0.0,"event_name":"Winding Halls","player_choice":"Embrace Madness","floor":38.0,"gold_loss":0.0,"damage_taken":2.0,"cards_obtained":["Madness","Madness"]},{"damage_healed":0,"gold_gain":0,"player_choice":"Fight","damage_taken":0,"max_hp_gain":0,"max_hp_loss":0,"event_name":"Mysterious Sphere","floor":48,"gold_loss":0}],"is_beta":false,"boss_relics":[{"not_picked":["Akabeko","Dota2Spire:DrumOfEndurance"],"picked":"D6"},{"not_picked":[]},{"not_picked":["REME_LowDesire","Oddly Smooth Stone"],"picked":"DeathBook"},{"not_picked":[]}],"items_purged_floors":[17,22,34,37],"is_endless":false,"potions_floor_spawned":[1,3,4,10,14,16,23,29,33,35,41,47,48],"ascension_level":1}}