{"host":"6wux4armhsntp4yb","time":1610065177,"event":{"mods":["BaseMod","Colored Map","DeckTracker","Minty Spire (QoL Compilation)","Relic Stats"],"gold_per_floor":[112,23,23,23,23,56,56,118,142,142,175,185,185,212,212,287,287,297,31,31,47,57,57,89,14,60,92,110,110,130,162,174,263,275,299,331,356,380,412,456,520,532,544,556,582,187,187,202,202,202,202,202,202,37,67,67],"floor_reached":57,"playtime":4806,"items_purged":["Strike_G","Strike_G"],"score":2991,"play_id":"0758bef0-a732-47b7-b814-427bc3ae2ab4","local_time":"20210108091937","is_ascension_mode":true,"campfire_choices":[{"data":"Footwork","floor":7.0,"key":"SMITH"},{"data":"Heel Hook","floor":10.0,"key":"SMITH"},{"data":"Calculated Gamble","floor":15.0,"key":"SMITH"},{"data":"Footwork","floor":23.0,"key":"SMITH"},{"data":"Burst","floor":29.0,"key":"SMITH"},{"data":"Tactician","floor":32.0,"key":"SMITH"},{"data":"Well Laid Plans","floor":47,"key":"SMITH"},{"floor":49,"key":"RECALL"},{"data":"Catalyst","floor":53,"key":"SMITH"}],"circlet_count":0,"master_deck":["AscendersBane","Strike_G+1","Strike_G+1","Strike_G+1","Defend_G","Defend_G","Defend_G","Defend_G","Defend_G","Survivor","Neutralize+1","Heel Hook+1","Footwork+1","Poisoned Stab","PiercingWail","Dash","Calculated Gamble+1","Eviscerate","Adrenaline","Blur","Footwork+1","Corpse Explosion","PiercingWail","Burst+1","Tactician+1","Catalyst+1","Adrenaline","After Image","Terror+1","Predator","Predator+1","Acrobatics","Well Laid Plans+1","Backflip","Backflip","Adrenaline"],"relics":["Ring of the Snake","NeowsBlessing","Thread and Needle","Whetstone","Ninja Scroll","Ornamental Fan","Gambling Chip","WristBlade","Paper Crane","Incense Burner","Anchor","Pen Nib","MawBank","SlaversCollar","Molten Egg 2","Lizard Tail","Question Card","Ancient Tea Set","TheAbacus","Happy Flower"],"acts_visited":["Exordium","TheCity","TheBeyond","TheEnding"],"potions_floor_usage":[39,40,50,51],"damage_taken":[{"damage":0.0,"enemies":"Jaw Worm","floor":1.0,"turns":1.0},{"damage":0.0,"enemies":"Lagavulin","floor":6.0,"turns":1.0},{"damage":0.0,"enemies":"3 Sentries","floor":8.0,"turns":2.0},{"damage":1.0,"enemies":"3 Sentries","floor":11.0,"turns":9.0},{"damage":0.0,"enemies":"Small Slimes","floor":12.0,"turns":2.0},{"damage":1.0,"enemies":"Gremlin Nob","floor":14.0,"turns":4.0},{"damage":29.0,"enemies":"Slime Boss","floor":16.0,"turns":20.0},{"damage":0.0,"enemies":"3 Byrds","floor":18.0,"turns":8.0},{"damage":3.0,"enemies":"Spheric Guardian","floor":21.0,"turns":4.0},{"damage":0.0,"enemies":"Cultist and Chosen","floor":22.0,"turns":2.0},{"damage":0.0,"enemies":"Book of Stabbing","floor":24.0,"turns":6.0},{"damage":0.0,"enemies":"Slavers","floor":27.0,"turns":1.0},{"damage":0.0,"enemies":"3 Cultists","floor":28.0,"turns":1.0},{"damage":0.0,"enemies":"Centurion and Healer","floor":30.0,"turns":2.0},{"damage":0.0,"enemies":"Gremlin Leader","floor":31.0,"turns":6.0},{"damage":45.0,"enemies":"Champ","floor":33.0,"turns":17.0},{"damage":0.0,"enemies":"3 Shapes","floor":35.0,"turns":1.0},{"damage":0.0,"enemies":"Orb Walker","floor":36.0,"turns":4.0},{"damage":0.0,"enemies":"Sphere and 2 Shapes","floor":37.0,"turns":6.0},{"damage":0.0,"enemies":"3 Darklings","floor":38.0,"turns":4.0},{"damage":17,"enemies":"Transient","floor":39,"turns":6},{"damage":16,"enemies":"Giant Head","floor":40,"turns":10},{"damage":0,"enemies":"2 Orb Walkers","floor":41,"turns":2},{"damage":1,"enemies":"Sphere and 2 Shapes","floor":45,"turns":6},{"damage":0,"enemies":"4 Shapes","floor":48,"turns":3},{"damage":0,"enemies":"Awakened One","floor":50,"turns":23},{"damage":5,"enemies":"Donu and Deca","floor":51,"turns":9},{"damage":22,"enemies":"Shield and Spear","floor":55,"turns":12},{"damage":30,"enemies":"The Heart","floor":56,"turns":13}],"seed_played":"-9131654964000992479","potions_obtained":[{"floor":6.0,"key":"EssenceOfSteel"},{"floor":8.0,"key":"Strength Potion"},{"floor":11.0,"key":"Weak Potion"},{"floor":22.0,"key":"Energy Potion"},{"floor":24.0,"key":"DistilledChaos"},{"floor":31.0,"key":"SkillPotion"},{"floor":33.0,"key":"DuplicationPotion"},{"floor":38.0,"key":"SpeedPotion"},{"floor":39,"key":"Block Potion"},{"floor":45,"key":"ColorlessPotion"}],"is_trial":false,"path_per_floor":["M","$","?","T","?","E","R","?","T","R","E","M","?","E","R","B",null,"M","$","?","M","M","R","E","$","T","E","M","R","M","E","R","B",null,"M","M","M","M","M","E","?","?","T","$","M","$","R","M","R","B","B",null,"R","$","E","B",null],"character_chosen":"THE_SILENT","items_purchased":["Footwork","Paper Crane","Well Laid Plans","Backflip","Ancient Tea Set","TheAbacus"],"campfire_rested":0,"item_purchase_floors":[2,19,46,46,46,54],"current_hp_per_floor":[59,59,59,59,39,39,39,39,39,39,38,38,38,37,37,8,52,52,52,52,49,49,49,49,49,49,49,49,49,49,49,49,4,51,51,51,51,51,34,18,18,54,54,54,53,53,53,53,53,53,48,53,53,53,31,1],"gold":67,"neow_bonus":"THREE_ENEMY_KILL","is_daily":false,"chose_seed":false,"campfire_upgraded":8,"win_rate":0.0,"timestamp":1610065177,"path_taken":["M","$","?","?","?","E","R","?","T","R","E","M","?","E","R","BOSS","M","$","?","M","M","R","E","?","T","E","M","R","?","E","R","BOSS","M","M","?","M","M","E","?","?","T","$","?","$","R","M","R","BOSS","BOSS","R","$","E","BOSS"],"items_purchased_type":["Card","Relic","Card","Card","Relic","Relic"],"build_version":"2020-12-22","purchased_purges":2,"victory":true,"max_hp_per_floor":[66,66,66,66,66,66,66,66,66,66,66,66,66,66,66,66,66,66,66,66,66,66,66,66,66,66,66,66,66,66,66,66,66,66,66,66,66,66,66,66,66,54,54,54,54,54,54,54,54,54,54,54,54,54,54,54],"relic_stats":{"Lizard Tail":0,"TheAbacus":[48],"Happy Flower":[4],"counters":[29,185],"Ornamental Fan":[276],"Gambling Chip":[94],"Pen Nib":[26],"Whetstone":["Strike_G","Strike_G"],"MawBank":180,"Question Card":3,"obtain_stats":[{"NeowsBlessing":0,"Happy Flower":55,"Thread and Needle":4,"Pen Nib":27,"Incense Burner":24,"Whetstone":6,"Paper Crane":19,"MawBank":31,"Question Card":43,"Ancient Tea Set":46,"SlaversCollar":34,"Anchor":26,"Lizard Tail":41,"TheAbacus":54,"WristBlade":17,"Ninja Scroll":8,"Ornamental Fan":11,"Gambling Chip":14,"Molten Egg 2":40,"Ring of the Snake":0},{"NeowsBlessing":0,"Happy Flower":28,"Thread and Needle":1,"Pen Nib":12,"Incense Burner":11,"Whetstone":2,"Paper Crane":8,"MawBank":15,"Question Card":23,"Ancient Tea Set":24,"SlaversCollar":16,"Anchor":11,"Lizard Tail":23,"TheAbacus":27,"WristBlade":7,"Ninja Scroll":3,"Ornamental Fan":4,"Gambling Chip":6,"Molten Egg 2":22,"Ring of the Snake":0},{"NeowsBlessing":0,"Happy Flower":172,"Thread and Needle":1,"Pen Nib":60,"Incense Burner":59,"Whetstone":2,"Paper Crane":47,"MawBank":69,"Question Card":119,"Ancient Tea Set":125,"SlaversCollar":86,"Anchor":59,"Lizard Tail":119,"TheAbacus":160,"WristBlade":39,"Ninja Scroll":4,"Ornamental Fan":13,"Gambling Chip":19,"Molten Egg 2":117,"Ring of the Snake":0}],"Ring of the Snake":[58]},"card_choices":[{"not_picked":["Backflip","Acrobatics"],"picked":"Heel Hook","floor":1.0},{"not_picked":["Riddle With Holes","Bane"],"picked":"Poisoned Stab","floor":6.0},{"not_picked":["Acrobatics","Deflect"],"picked":"PiercingWail","floor":8.0},{"not_picked":["Endless Agony","Sucker Punch"],"picked":"Dash","floor":11.0},{"not_picked":["Masterful Stab","Bane"],"picked":"Calculated Gamble","floor":12.0},{"not_picked":["Dodge and Roll","Blade Dance"],"picked":"Eviscerate","floor":14.0},{"not_picked":["Wraith Form v2","Bullet Time"],"picked":"Adrenaline","floor":16.0},{"not_picked":["Crippling Poison","Bouncing Flask"],"picked":"Blur","floor":18.0},{"not_picked":["Deflect","Accuracy+1","Bane"],"picked":"SKIP","floor":21.0},{"not_picked":["Backflip","Masterful Stab"],"picked":"PiercingWail","floor":22.0},{"not_picked":["Corpse Explosion","Outmaneuver"],"picked":"Burst","floor":24.0},{"not_picked":["Bane","Finisher","All Out Attack+1"],"picked":"SKIP","floor":27.0},{"not_picked":["Acrobatics","Deflect"],"picked":"Tactician","floor":28.0},{"not_picked":["Outmaneuver","Bouncing Flask"],"picked":"Catalyst","floor":30.0},{"not_picked":["Leg Sweep","Endless Agony"],"picked":"Adrenaline","floor":31.0},{"not_picked":["Envenom","Bullet Time"],"picked":"After Image","floor":33.0},{"not_picked":["Riddle With Holes","Slice+1"],"picked":"Terror+1","floor":35.0},{"not_picked":["Dagger Spray+1","Quick Slash"],"picked":"Predator","floor":36.0},{"not_picked":["Caltrops","Bane+1","Finisher"],"picked":"SKIP","floor":37.0},{"not_picked":["Quick Slash","Deadly Poison","Dagger Throw+1"],"picked":"SKIP","floor":38.0},{"not_picked":["Leg Sweep","Flying Knee","Dagger Throw"],"picked":"SKIP","floor":39},{"not_picked":["Sucker Punch+1","Outmaneuver"],"picked":"Predator+1","floor":40},{"not_picked":["Distraction+1","Slice+1"],"picked":"Acrobatics","floor":41},{"not_picked":["Dagger Throw+1","Outmaneuver+1","Prepared","Unload+1"],"picked":"SKIP","floor":45},{"not_picked":["Slice+1","Endless Agony+1","Flying Knee+1"],"picked":"Backflip","floor":48},{"not_picked":["Endless Agony+1","Cloak And Dagger+1","Footwork"],"picked":"Adrenaline","floor":55}],"player_experience":5745877,"relics_obtained":[{"floor":4.0,"key":"Thread and Needle"},{"floor":6.0,"key":"Whetstone"},{"floor":8.0,"key":"Ninja Scroll"},{"floor":11.0,"key":"Ornamental Fan"},{"floor":14.0,"key":"Gambling Chip"},{"floor":24.0,"key":"Incense Burner"},{"floor":26.0,"key":"Anchor"},{"floor":27.0,"key":"Pen Nib"},{"floor":31.0,"key":"MawBank"},{"floor":40,"key":"Molten Egg 2"},{"floor":41,"key":"Lizard Tail"},{"floor":43,"key":"Question Card"},{"floor":55,"key":"Happy Flower"}],"event_choices":[{"damage_healed":0.0,"max_hp_gain":0.0,"max_hp_loss":0.0,"gold_gain":0.0,"event_name":"Scrap Ooze","player_choice":"Fled","floor":3.0,"gold_loss":0.0,"damage_taken":0.0},{"damage_healed":0.0,"max_hp_gain":0.0,"max_hp_loss":0.0,"gold_gain":0.0,"event_name":"Shining Light","player_choice":"Entered Light","floor":5.0,"gold_loss":0.0,"damage_taken":20.0,"cards_upgraded":["Strike_G","Neutralize"]},{"damage_healed":0.0,"max_hp_gain":0.0,"max_hp_loss":0.0,"gold_gain":0.0,"event_name":"Dead Adventurer","player_choice":"Searched \u00272\u0027 times","floor":8.0,"gold_loss":0.0,"damage_taken":0.0},{"damage_healed":0.0,"max_hp_gain":0.0,"max_hp_loss":0.0,"gold_gain":0.0,"event_name":"Liars Game","player_choice":"Ignored","floor":13.0,"gold_loss":0.0,"damage_taken":0.0},{"damage_healed":0.0,"max_hp_gain":0.0,"max_hp_loss":0.0,"gold_gain":0.0,"event_name":"Match and Keep!","player_choice":"2 cards matched","floor":20.0,"gold_loss":0.0,"damage_taken":0.0,"cards_obtained":["Footwork","Corpse Explosion"]},{"damage_healed":0,"gold_gain":0,"player_choice":"Fight","damage_taken":0,"max_hp_gain":0,"max_hp_loss":0,"event_name":"Mysterious Sphere","floor":41,"gold_loss":0},{"damage_healed":54,"gold_gain":0,"player_choice":"Heal","damage_taken":0,"max_hp_gain":0,"max_hp_loss":12,"event_name":"The Moai Head","floor":42,"gold_loss":0}],"is_beta":false,"boss_relics":[{"not_picked":["Tiny House","Cursed Key"],"picked":"WristBlade"},{"not_picked":["Fusion Hammer","Velvet Choker"],"picked":"SlaversCollar"}],"items_purged_floors":[25,46],"is_endless":false,"potions_floor_spawned":[6,8,11,22,24,31,33,38,39,45],"ascension_level":20}}