{"host":"yj58v26tds9tnoyc","time":1610124927,"event":{"mods":["ATMod(°¢èªMod)","AchievementEnabler","Act Like it!","BaseMod","Colored Map","Colored Powertips","Highlight Path","Marisa£¨ìFÓê¡¡Ä§ÀíÉ³£©","Minty Spire (QoL Compilation)","Quick Restart","RumiaBox-Â¶Ã×æ«µÄÉñÃØºÐ×Ó","Shop Mod","StSLib","SuperFastMode","¡¾¹¦ÄÜMod¡¿»ìãçÖ®»·ÐÞ¸´²¹¶¡"],"gold_per_floor":[112,129,142,158,158,158,176,176,256,102,135,135,140,144,144,239,239,255,265,265,265],"floor_reached":20,"playtime":1394,"items_purged":["MillisecondPulsars"],"score":178,"play_id":"b46fe655-d074-404a-af64-f789d243fffd","local_time":"20210109005527","is_ascension_mode":false,"campfire_choices":[{"data":"OrrerysSun","floor":6,"key":"SMITH"},{"data":"FairyDestructionRay","floor":8,"key":"SMITH"},{"data":"JA","floor":12,"key":"SMITH"},{"data":"UltimateShortwave","floor":15,"key":"SMITH"}],"circlet_count":0,"master_deck":["NonDirectionalLaser","Orbital","OrrerysSun+1","AlicesGift","FairyDestructionRay+1","SuperNova","UltimateShortwave+1","MillisecondPulsars","MaximisePower","CollectingQuirk","MillisecondPulsars","JA+1","FinalSpark","BlazingStar","UltimateShortwave","SprinkleStarSeal"],"relics":["MiniHakkero","AT_ATBox","Baka","MerchantsRug","CaptainsWheel","Philosopher\u0027s Stone"],"acts_visited":["Exordium","TheCity"],"potions_floor_usage":[],"damage_taken":[{"damage":0,"enemies":"Cultist","floor":1,"turns":4},{"damage":5,"enemies":"Small Slimes","floor":2,"turns":3},{"damage":11,"enemies":"Jaw Worm","floor":3,"turns":2},{"damage":20,"enemies":"Looter","floor":4,"turns":3},{"damage":0,"enemies":"3 Louse","floor":7,"turns":1},{"damage":14,"enemies":"Gremlin Nob","floor":11,"turns":4},{"damage":11,"enemies":"2 Fungi Beasts","floor":13,"turns":2},{"damage":2,"enemies":"Large Slime","floor":14,"turns":2},{"damage":21,"enemies":"Hexaghost","floor":16,"turns":6},{"damage":50,"enemies":"3 Byrds","floor":18,"turns":4},{"damage":26,"enemies":"Chosen","floor":19,"turns":5}],"seed_played":"-4951281546408569333","potions_obtained":[{"floor":2,"key":"Swift Potion"},{"floor":7,"key":"FearPotion"},{"floor":11,"key":"SmokeBomb"},{"floor":13,"key":"AttackPotion"},{"floor":16,"key":"Strength Potion"}],"is_trial":false,"path_per_floor":["M","M","M","M","?","R","M","R","T","$","E","R","M","M","R","B",null,"M","M","?"],"character_chosen":"MARISA","items_purchased":["MerchantsRug"],"campfire_rested":0,"item_purchase_floors":[10],"current_hp_per_floor":[82,77,66,46,82,82,82,82,82,82,68,68,57,55,55,34,82,32,6,0,0],"gold":265,"neow_bonus":"TEN_PERCENT_HP_BONUS","is_daily":false,"chose_seed":false,"campfire_upgraded":4,"win_rate":0.0,"timestamp":1610124927,"path_taken":["M","?","M","M","?","R","M","R","T","?","E","R","?","M","R","BOSS","M","?","?"],"items_purchased_type":["Relic"],"build_version":"2020-12-22","purchased_purges":1,"victory":false,"max_hp_per_floor":[82,82,82,82,82,82,82,82,82,82,82,82,82,82,82,82,82,82,82,87,87],"card_choices":[{"not_picked":["BlazeAway","DoubleSpark"],"picked":"NonDirectionalLaser","floor":1},{"not_picked":["AsteroidBelt","GravityBeat"],"picked":"Orbital","floor":2},{"not_picked":["MysteriousBeam","Acceleration"],"picked":"OrrerysSun","floor":3},{"not_picked":["DoubleSpark","DarkSpark"],"picked":"AlicesGift","floor":4},{"not_picked":["IllusionStar","6A"],"picked":"FairyDestructionRay","floor":7},{"not_picked":["MilkyWay","MagicAbsorber","SporeBomb"],"picked":"SKIP","floor":11},{"not_picked":["DarkMatter","MysteriousBeam","WitchOfGreed"],"picked":"SKIP","floor":13},{"not_picked":["GrandCross","ShootingEcho","WitchOfGreed"],"picked":"SKIP","floor":14},{"not_picked":["ManaRampage","BlazingStar"],"picked":"UltimateShortwave","floor":16},{"not_picked":["Robbery","GalacticHalo"],"picked":"SprinkleStarSeal","floor":18},{"not_picked":["NonDirectionalLaser","ShootingEcho","IllusionStar+1"],"picked":"SKIP","floor":19}],"player_experience":1301,"relics_obtained":[{"floor":1,"key":"Baka"},{"floor":9,"key":"SumBook"},{"floor":11,"key":"CaptainsWheel"}],"event_choices":[{"damage_healed":36,"gold_gain":0,"player_choice":"Full Heal","damage_taken":0,"max_hp_gain":0,"max_hp_loss":0,"event_name":"Wheel of Change","floor":5,"gold_loss":0}],"is_beta":false,"boss_relics":[{"not_picked":["Fusion Hammer","BewitchedHakkero"],"picked":"Philosopher\u0027s Stone"}],"items_purged_floors":[10],"is_endless":false,"potions_floor_spawned":[2,7,11,13,16,19],"ascension_level":0}}