{"host":"2lo6hma6kymb0g9i","time":1610095327,"event":{"mods":["BaseMod","Colored Map","DeckTracker","Minty Spire (QoL Compilation)"],"gold_per_floor":[115,115,134,134,148,148,118,153,177,197,228,228,248,275,275,375,375,359,274,291,216,243,243,243,269,269,284,284,299,0,17,17,112,112,125,25,36,81,81,81,93,93,93,93,93,93,103,103,103,103],"floor_reached":51,"playtime":4708,"items_purged":["Reprogram","Zap"],"score":823,"play_id":"8437f8dc-7689-4af3-b4d7-a7d1eb78781f","local_time":"20210108174207","is_ascension_mode":true,"campfire_choices":[{"data":"Hologram","floor":6,"key":"SMITH"},{"data":"Echo Form","floor":12,"key":"SMITH"},{"data":"Melter","floor":15,"key":"SMITH"},{"data":"Streamline","floor":23,"key":"SMITH"},{"data":"Multi-Cast","floor":28,"key":"SMITH"},{"floor":32,"key":"REST"},{"floor":40,"key":"REST"},{"floor":42,"key":"REST"},{"data":"Buffer","floor":44,"key":"SMITH"},{"data":"Glacier","floor":46,"key":"SMITH"},{"floor":49,"key":"REST"}],"circlet_count":0,"master_deck":["Dualcast+1","Cold Snap","Reinforced Body","Hologram+1","Melter+1","Echo Form+1","Recycle","Conserve Battery","Glacier+1","Buffer+1","Multi-Cast+1","BootSequence","Doom and Gloom","Reboot","Stack","Reinforced Body","FTL","Streamline+1","Hologram+1","Redo+1","Seek","White Noise","Turbo+1","Madness","Madness"],"relics":["Cracked Core","Toy Ornithopter","InkBottle","Omamori","Cables","Pocketwatch","Pandora\u0027s Box","Pen Nib","Red Mask","Ancient Tea Set","Lizard Tail","Molten Egg 2","Runic Capacitor","Potion Belt","Cursed Key","Ice Cream"],"acts_visited":["Exordium","TheCity","TheBeyond"],"potions_floor_usage":[10,14,22,29,50,50],"damage_taken":[{"damage":0,"enemies":"Cultist","floor":1,"turns":2},{"damage":0,"enemies":"Small Slimes","floor":3,"turns":3},{"damage":0,"enemies":"2 Louse","floor":5,"turns":1},{"damage":0,"enemies":"Lagavulin","floor":8,"turns":7},{"damage":0,"enemies":"Gremlin Gang","floor":10,"turns":2},{"damage":13,"enemies":"3 Sentries","floor":11,"turns":9},{"damage":6,"enemies":"3 Louse","floor":13,"turns":2},{"damage":37,"enemies":"Gremlin Nob","floor":14,"turns":4},{"damage":13,"enemies":"The Guardian","floor":16,"turns":13},{"damage":0,"enemies":"2 Thieves","floor":18,"turns":4},{"damage":2,"enemies":"Shell Parasite","floor":20,"turns":5},{"damage":5,"enemies":"Masked Bandits","floor":22,"turns":2},{"damage":28,"enemies":"Gremlin Leader","floor":25,"turns":5},{"damage":6,"enemies":"Centurion and Healer","floor":27,"turns":4},{"damage":14,"enemies":"3 Cultists","floor":29,"turns":5},{"damage":0,"enemies":"Cultist and Chosen","floor":31,"turns":3},{"damage":26,"enemies":"Champ","floor":33,"turns":8},{"damage":0,"enemies":"Orb Walker","floor":35,"turns":3},{"damage":5,"enemies":"3 Darklings","floor":37,"turns":5},{"damage":41,"enemies":"2 Orb Walkers","floor":38,"turns":5},{"damage":21,"enemies":"Transient","floor":41,"turns":5},{"damage":0,"enemies":"Maw","floor":47,"turns":5},{"damage":44,"enemies":"Donu and Deca","floor":50,"turns":5}],"seed_played":"-755344369175731769","potions_obtained":[{"floor":5,"key":"GamblersBrew"},{"floor":7,"key":"LiquidBronze"},{"floor":7,"key":"Explosive Potion"},{"floor":10,"key":"SpeedPotion"},{"floor":22,"key":"DistilledChaos"},{"floor":31,"key":"Strength Potion"},{"floor":33,"key":"EssenceOfDarkness"},{"floor":38,"key":"Swift Potion"}],"is_trial":false,"path_per_floor":["M","?","M","?","M","R","?","E","T","M","E","R","M","E","R","B",null,"M","?","M","$","?","R","?","E","T","M","R","M","$","M","R","B",null,"M","$","M","?","T","R","M","R","T","R","?","R","M","?","R","B",null],"character_chosen":"DEFECT","items_purchased":["Runic Capacitor","Potion Belt"],"campfire_rested":4,"item_purchase_floors":[30,30],"current_hp_per_floor":[75,68,68,68,68,68,68,68,68,73,60,60,54,22,22,9,59,59,59,57,57,57,57,57,29,29,23,23,14,14,14,36,10,59,59,59,54,13,13,35,14,36,36,36,27,27,27,27,49,15],"gold":103,"neow_bonus":"UPGRADE_CARD","is_daily":false,"chose_seed":false,"campfire_upgraded":7,"win_rate":0.0,"timestamp":1610095327,"path_taken":["M","?","M","?","?","R","?","E","T","M","E","R","?","E","R","BOSS","M","?","M","$","?","R","?","E","T","M","R","M","$","?","R","BOSS","M","$","?","?","?","R","M","R","T","R","?","R","M","?","R","BOSS"],"items_purchased_type":["Relic","Relic"],"build_version":"2020-12-22","purchased_purges":2,"victory":true,"max_hp_per_floor":[75,75,75,75,75,75,75,75,75,75,75,75,75,75,75,75,75,75,75,75,75,75,75,75,75,75,75,75,75,75,75,75,75,75,75,75,75,75,75,75,75,75,75,75,75,75,75,75,75,75],"card_choices":[{"not_picked":["Stack","Undo"],"picked":"Cold Snap","floor":1},{"not_picked":["Rip and Tear","Steam"],"picked":"Reinforced Body","floor":3},{"not_picked":["Turbo","Compile Driver"],"picked":"Melter","floor":5},{"not_picked":["Beam Cell","Aggregate","Hologram"],"picked":"SKIP","floor":8},{"not_picked":["Leap","Rebound"],"picked":"Echo Form","floor":10},{"not_picked":["Force Field","Leap"],"picked":"Recycle","floor":11},{"not_picked":["Beam Cell","Sweeping Beam"],"picked":"Conserve Battery","floor":13},{"not_picked":["Ball Lightning","Recycle"],"picked":"Glacier","floor":14},{"not_picked":["Seek","Hyperbeam"],"picked":"Buffer","floor":16},{"not_picked":["Compile Driver+1","Scrape"],"picked":"Streamline","floor":18},{"not_picked":["Cold Snap+1","Steam","Go for the Eyes"],"picked":"SKIP","floor":20},{"not_picked":["Turbo","Stack"],"picked":"Hologram+1","floor":25},{"not_picked":["Compile Driver+1","Consume"],"picked":"Redo+1","floor":27},{"not_picked":["Coolheaded+1","Rip and Tear+1","Conserve Battery"],"picked":"SKIP","floor":29},{"not_picked":["Barrage+1","Streamline+1","Sweeping Beam+1"],"picked":"SKIP","floor":31},{"not_picked":["Biased Cognition","Amplify"],"picked":"Seek","floor":33},{"not_picked":["Doom and Gloom+1","White Noise+1","Conserve Battery+1"],"picked":"SKIP","floor":35},{"not_picked":["Cold Snap+1","Beam Cell+1","Go for the Eyes+1"],"picked":"SKIP","floor":37},{"not_picked":["Barrage+1","Go for the Eyes+1"],"picked":"White Noise","floor":38},{"not_picked":["FTL+1","Hologram+1"],"picked":"Turbo+1","floor":41},{"not_picked":["Hyperbeam+1","Beam Cell+1","Self Repair+1"],"picked":"SKIP","floor":47}],"player_experience":964236,"relics_obtained":[{"floor":8,"key":"InkBottle"},{"floor":9,"key":"Omamori"},{"floor":11,"key":"Cables"},{"floor":14,"key":"Pocketwatch"},{"floor":22,"key":"Red Mask"},{"floor":25,"key":"Lizard Tail"},{"floor":26,"key":"Molten Egg 2"},{"floor":38,"key":"Ice Cream"}],"event_choices":[{"damage_healed":0,"gold_gain":0,"player_choice":"Success","damage_taken":7,"relics_obtained":["Toy Ornithopter"],"max_hp_gain":0,"max_hp_loss":0,"event_name":"Scrap Ooze","floor":2,"gold_loss":0},{"damage_healed":0,"gold_gain":0,"player_choice":"2 cards matched","damage_taken":0,"max_hp_gain":0,"max_hp_loss":0,"event_name":"Match and Keep!","floor":4,"gold_loss":0,"cards_obtained":["Hologram","Core Surge"]},{"damage_healed":0,"gold_gain":0,"player_choice":"Bought 2 Potions","damage_taken":0,"max_hp_gain":0,"max_hp_loss":0,"event_name":"The Woman in Blue","floor":7,"gold_loss":0},{"damage_healed":0,"gold_gain":0,"player_choice":"Obtained Relic","damage_taken":0,"relics_obtained":["Pen Nib"],"max_hp_gain":0,"max_hp_loss":0,"event_name":"Addict","floor":19,"gold_loss":85},{"damage_healed":0,"gold_gain":0,"player_choice":"Fought Bandits","damage_taken":0,"max_hp_gain":0,"max_hp_loss":0,"event_name":"Masked Bandits","floor":22,"gold_loss":0},{"damage_healed":0,"gold_gain":0,"player_choice":"Gave Potion","damage_taken":0,"relics_obtained":["Ancient Tea Set"],"max_hp_gain":0,"max_hp_loss":0,"event_name":"WeMeetAgain","floor":24,"gold_loss":0},{"damage_healed":0,"gold_gain":0,"player_choice":"Fight","damage_taken":0,"max_hp_gain":0,"max_hp_loss":0,"event_name":"Mysterious Sphere","floor":38,"gold_loss":0},{"damage_healed":0,"gold_gain":0,"player_choice":"Embrace Madness","damage_taken":9,"max_hp_gain":0,"max_hp_loss":0,"event_name":"Winding Halls","floor":45,"gold_loss":0,"cards_obtained":["Madness","Madness"]},{"cards_removed":["Core Surge"],"damage_healed":0,"gold_gain":0,"player_choice":"Removed Attack","damage_taken":0,"max_hp_gain":0,"max_hp_loss":0,"event_name":"Falling","floor":48,"gold_loss":0}],"is_beta":false,"boss_relics":[{"not_picked":["Busted Crown","Astrolabe"],"picked":"Pandora\u0027s Box"},{"not_picked":["Velvet Choker","Coffee Dripper"],"picked":"Cursed Key"}],"items_purged_floors":[21,36],"is_endless":false,"potions_floor_spawned":[5,8,10,22,31,33,38],"ascension_level":5}}