{"host":"w5ovz9boloi14a0g","time":1610084410,"event":{"mods":["BaseMod","Downfall","Googly Eyes","Minty Spire (QoL Compilation)","StSLib","SuperFastMode"],"gold_per_floor":[99,114,114,133,91,91,116,228,260,257,281,293,155,201,225,333,345,357,389,411,437,549,126,126,137,148,165,165,265,280,313,332,430,480,480,492,510,528,544,529,529,529,560,920,920,920,952,967,980,980],"floor_reached":51,"playtime":3728,"items_purged":[],"score":933,"play_id":"d8798bea-3cb4-4ee2-9719-5169f1689d98","local_time":"20210107234010","is_ascension_mode":false,"campfire_choices":[{"data":"Guardian:CurlUp","floor":1.0,"key":"SMITH"},{"data":"Guardian:Harden","floor":6.0,"key":"SMITH"},{"data":"Guardian:DecasProtection","floor":12.0,"key":"SMITH"},{"data":"Guardian:PiercingHide","floor":18.0,"key":"SMITH"},{"data":"Apotheosis","floor":28.0,"key":"SMITH"},{"data":"Guardian:Orbwalk","floor":35.0,"key":"SMITH"},{"floor":42,"key":"REST"},{"floor":46,"key":"REST"}],"circlet_count":0,"master_deck":["Guardian:Strike_Guardian","Guardian:Strike_Guardian","Guardian:Defend_Guardian","Guardian:Defend_Guardian","Guardian:Defend_Guardian","Guardian:Defend_Guardian","Guardian:CurlUp+1","Guardian:TwinSlam+1","Guardian:Harden+1","Guardian:ChargeCore","Guardian:BaubleBeam+1","Guardian:TemporalStrike","Guardian:DecasProtection+1","Guardian:PiercingHide+1","Guardian:ChargeUp","Guardian:ShieldCharger","expansioncontent:DecasProtection","Apotheosis+1","Guardian:BronzeArmor+1","Guardian:Orbwalk+1","Guardian:EvasiveProtocol+1","Guardian:FloatingOrbs","Guardian:Reroute","Guardian:PrismaticBeam+1","Guardian:WalkerClaw+1"],"relics":["Guardian:ModeShifter","MawBank","Boot","Guardian:StasisSlotReductionRelic","Sling","Question Card","Dream Catcher","Tiny House","StrikeDummy","Singing Bowl","Kunai"],"acts_visited":["Exordium","TheCity","TheBeyond"],"potions_floor_usage":[],"damage_taken":[{"damage":0.0,"enemies":"2 Louse","floor":2.0,"turns":3.0},{"damage":0.0,"enemies":"Jaw Worm","floor":4.0,"turns":4.0},{"damage":0.0,"enemies":"downfall:FleeingMerchant","floor":5.0,"turns":4.0},{"damage":17.0,"enemies":"downfall:Heads","floor":8.0,"turns":8.0},{"damage":0.0,"enemies":"Cultist","floor":9.0,"turns":4.0},{"damage":1.0,"enemies":"downfall:FleeingMerchant","floor":10.0,"turns":4.0},{"damage":0.0,"enemies":"Lots of Slimes","floor":11.0,"turns":5.0},{"damage":0.0,"enemies":"Lagavulin","floor":14.0,"turns":8.0},{"damage":0.0,"enemies":"2 Fungi Beasts","floor":15.0,"turns":3.0},{"damage":7.0,"enemies":"downfall:Silent","floor":16.0,"turns":12.0},{"damage":1.0,"enemies":"Chosen","floor":19.0,"turns":4.0},{"damage":0.0,"enemies":"Sentry and Sphere","floor":20.0,"turns":5.0},{"damage":17.0,"enemies":"Snecko","floor":21.0,"turns":9.0},{"damage":0.0,"enemies":"downfall:FleeingMerchant","floor":23.0,"turns":4.0},{"damage":2.0,"enemies":"Centurion and Healer","floor":25.0,"turns":7.0},{"damage":0.0,"enemies":"Snake Plant","floor":26.0,"turns":3.0},{"damage":12.0,"enemies":"Shelled Parasite and Fungi","floor":27.0,"turns":5.0},{"damage":11.0,"enemies":"Chosen and Byrds","floor":30.0,"turns":6.0},{"damage":11.0,"enemies":"Book of Stabbing","floor":31.0,"turns":5.0},{"damage":10.0,"enemies":"3 Cultists","floor":32.0,"turns":6.0},{"damage":3.0,"enemies":"downfall:Defect","floor":33.0,"turns":9.0},{"damage":0.0,"enemies":"3 Shapes","floor":36.0,"turns":10.0},{"damage":12.0,"enemies":"3 Darklings","floor":37.0,"turns":6.0},{"damage":28.0,"enemies":"Transient","floor":38.0,"turns":5.0},{"damage":12.0,"enemies":"Sphere and 2 Shapes","floor":39.0,"turns":8.0},{"damage":0.0,"enemies":"downfall:FleeingMerchant","floor":40.0,"turns":4.0},{"damage":19,"enemies":"Nemesis","floor":43,"turns":5},{"damage":0,"enemies":"downfall:FleeingMerchant","floor":44,"turns":3},{"damage":10,"enemies":"Giant Head","floor":47,"turns":7},{"damage":8,"enemies":"Jaw Worm Horde","floor":48,"turns":5},{"damage":0,"enemies":"Writhing Mass","floor":49,"turns":6},{"damage":0,"enemies":"downfall:Ironclad","floor":50,"turns":12}],"seed_played":"-6910294035166813447","potions_obtained":[{"floor":4.0,"key":"Energy Potion"},{"floor":11.0,"key":"LiquidMemories"},{"floor":14.0,"key":"SmokeBomb"}],"is_trial":false,"path_per_floor":["R","M","?","M","$","R","T","?","M","$","M","R","?","E","M","B",null,"R","M","M","M","?","$","T","M","M","M","R","?","M","E","M","B",null,"R","M","M","M","M","$","T","R","E","$","?","R","E","M","M","B",null],"character_chosen":"GUARDIAN","items_purchased":["Guardian:Gem_Cyan","expansioncontent:DecasProtection","Sling","Apotheosis"],"campfire_rested":2,"item_purchase_floors":[5,23,23,23],"current_hp_per_floor":[80,80,85,85,85,85,85,68,68,67,67,67,95,95,95,88,95,95,94,94,77,77,77,77,75,75,63,63,63,52,41,31,28,100,100,100,88,60,48,48,48,78,61,63,63,96,88,82,84,84],"gold":980,"neow_bonus":"UPGRADE_CARD","is_daily":false,"chose_seed":false,"campfire_upgraded":6,"win_rate":0.0,"timestamp":1610084410,"path_taken":["R","M","?","M","$","R","T","?","M","?","?","R","?","E","M","BOSS","R","M","?","M","?","?","T","?","M","?","R","?","M","E","M","BOSS","R","M","M","M","?","$","T","R","E","?","?","R","E","M","M","BOSS"],"items_purchased_type":["Card","Card","Relic","Card"],"build_version":"2020-12-22","purchased_purges":0,"victory":true,"max_hp_per_floor":[80,80,85,85,85,85,85,85,85,85,85,85,95,95,95,95,95,95,95,95,95,95,95,95,95,95,95,95,95,95,95,95,95,100,100,100,100,100,100,100,100,100,102,104,104,106,108,110,112,112],"card_choices":[{"not_picked":["Guardian:Planning","Guardian:Suspension"],"picked":"Guardian:Harden","floor":2.0},{"not_picked":["Guardian:PrimingBeam","Guardian:Reroute"],"picked":"Guardian:ChargeCore","floor":4.0},{"not_picked":["Guardian:TimeCapacitor","Guardian:Incinerate"],"picked":"Guardian:BaubleBeam","floor":5.0},{"not_picked":["Guardian:TimeBomb","Guardian:WalkerClaw"],"picked":"Guardian:DecasProtection","floor":9.0},{"not_picked":["Guardian:FloatingOrbs","Guardian:PrismaticBeam"],"picked":"Guardian:Gem_Cyan","floor":10.0},{"not_picked":["Guardian:BronzeArmor","Guardian:WalkerClaw"],"picked":"Guardian:Gem_Crimson","floor":11.0},{"not_picked":["Guardian:ShieldCharger","Guardian:BaubleBeam"],"picked":"Guardian:Gem_Cyan","floor":14.0},{"not_picked":["Guardian:RollAttack","Guardian:FloatingOrbs"],"picked":"Guardian:PiercingHide","floor":15.0},{"not_picked":["Guardian:ExploitGems","Guardian:HyperBeam_Guardian"],"picked":"Guardian:Gem_Orange","floor":16.0},{"not_picked":["Guardian:SpikerProtocol","Guardian:Gem_Lightblue"],"picked":"Guardian:Gem_White","floor":19.0},{"not_picked":["Guardian:PrimingBeam","Guardian:FloatingOrbs+1"],"picked":"Guardian:ChargeUp","floor":20.0},{"not_picked":["Guardian:PrismaticBeam","Guardian:ShieldCharger"],"picked":"Guardian:Gem_Red","floor":21.0},{"not_picked":["Guardian:TemporalStrike","Guardian:TemporalShield"],"picked":"Guardian:ShieldCharger","floor":23.0},{"not_picked":["Guardian:PiercingHide+1","Guardian:WalkerClaw","Guardian:VentSteam"],"picked":"Guardian:Gem_Cyan","floor":25.0},{"not_picked":["Guardian:Clone+1","Guardian:RollAttack","Guardian:PrismaticBeam","Guardian:Gem_Green"],"picked":"SKIP","floor":26.0},{"not_picked":["Guardian:Gem_Red","Guardian:BronzeArmor+1","Guardian:PrimingBeam","Guardian:DecasProtection"],"picked":"SKIP","floor":27.0},{"not_picked":["Guardian:Gem_Red","Guardian:PrimingBeam","Guardian:DecasProtection"],"picked":"Guardian:BronzeArmor+1","floor":27.0},{"not_picked":["Guardian:WalkerClaw","Guardian:Harden+1","Guardian:TemporalShield+1","Guardian:StasisField"],"picked":"SKIP","floor":30.0},{"not_picked":["Guardian:ShieldCharger","Guardian:ChargeCore","Guardian:GuardianWhirl"],"picked":"Guardian:Orbwalk","floor":31.0},{"not_picked":["Guardian:Gem_Lightblue","Guardian:ShieldCharger+1","Guardian:Preprogram"],"picked":"Guardian:EvasiveProtocol","floor":32.0},{"not_picked":["Guardian:ConstructionForm","Guardian:RevengeProtocol","Guardian:FastForward"],"picked":"Guardian:Gem_Orange","floor":33.0},{"not_picked":["Guardian:VentSteam","Guardian:Planning","Guardian:ChargeCore"],"picked":"Guardian:FloatingOrbs","floor":34.0},{"not_picked":["Guardian:Gem_Red","Guardian:Recover+1","Guardian:Gem_Lightblue"],"picked":"Guardian:Reroute","floor":36.0},{"not_picked":["Guardian:Gem_Lightblue","Guardian:GuardianWhirl","Guardian:Gem_Crimson","Guardian:CrystalBeam+1"],"picked":"SKIP","floor":37.0},{"not_picked":["Guardian:Repulse","Guardian:ChargeUp+1","Guardian:PrismaticBarrier+1"],"picked":"Guardian:PrismaticBeam+1","floor":38.0},{"not_picked":["Guardian:Suspension+1","Guardian:DonusPower+1","Guardian:TimeCapacitor","Guardian:Recover+1"],"picked":"SKIP","floor":39.0},{"not_picked":["Guardian:WalkerClaw","Guardian:Gem_Crimson","Guardian:Reroute","Guardian:Harden+1"],"picked":"SKIP","floor":40.0},{"not_picked":["Guardian:Planning","Guardian:StasisField","Guardian:PiercingHide"],"picked":"Guardian:WalkerClaw+1","floor":42},{"not_picked":["Guardian:ConstructionForm","Guardian:RefractedBeam","Guardian:TemporalStrike","Guardian:PrismaticBarrier+1"],"picked":"Singing Bowl","floor":43},{"not_picked":["Guardian:Reroute","Guardian:RollAttack+1","Guardian:Emergency+1","Guardian:VentSteam+1"],"picked":"Singing Bowl","floor":44},{"not_picked":["Guardian:Gem_Red","Guardian:Preprogram+1","Guardian:TemporalShield","Guardian:HyperBeam_Guardian"],"picked":"Singing Bowl","floor":46},{"not_picked":["Guardian:Gem_White","Guardian:Preprogram","Guardian:VentSteam","Guardian:PiercingHide"],"picked":"Singing Bowl","floor":47},{"not_picked":["Guardian:FloatingOrbs","Guardian:Gem_Green","Guardian:Incinerate","Guardian:TimeBomb+1"],"picked":"Singing Bowl","floor":48},{"not_picked":["Guardian:Gem_Red","Guardian:FloatingOrbs","Guardian:GuardianWhirl+1","Guardian:Preprogram+1"],"picked":"Singing Bowl","floor":49}],"player_experience":71130,"relics_obtained":[{"floor":7.0,"key":"MawBank"},{"floor":14.0,"key":"Boot"},{"floor":24.0,"key":"Question Card"},{"floor":31.0,"key":"Dream Catcher"},{"floor":41.0,"key":"StrikeDummy"},{"floor":43,"key":"Singing Bowl"},{"floor":47,"key":"Kunai"}],"event_choices":[{"damage_healed":0.0,"max_hp_gain":5.0,"max_hp_loss":0.0,"gold_gain":0.0,"event_name":"Big Fish","player_choice":"Donut","floor":3.0,"gold_loss":0.0,"damage_taken":0.0}],"is_beta":false,"boss_relics":[{"not_picked":["Calling Bell","Fusion Hammer"],"picked":"Guardian:StasisSlotReductionRelic"},{"not_picked":["SacredBark","Philosopher\u0027s Stone"],"picked":"Tiny House"}],"items_purged_floors":[],"is_endless":false,"potions_floor_spawned":[4,11,14,15,21,26,30,33,36,38,39,48],"ascension_level":0}}