{"host":"c7y19xegjhmhlks5","time":1610136170,"event":{"mods":["AchievementEnabler","BaseMod","Better Note","Block Reminder","Colored Map","Downfall","Highlight Path","Infinite Spire","Minty Spire (QoL Compilation)","Replay The Spire","StSLib","everything is the same but u backflip on backflip"],"gold_per_floor":[99,119,152,137,152,77,103,28,42,58,77,77,108,126,137,137,137,137],"floor_reached":16,"playtime":2103,"items_purged":[],"score":129,"play_id":"77c216ab-06bf-41e7-833f-e43f20defac0","local_time":"20210108150250","is_ascension_mode":false,"campfire_choices":[{"floor":1,"key":"RECALL"},{"floor":6,"key":"REST"},{"data":"champ:Taunt","floor":8,"key":"SMITH"}],"circlet_count":0,"master_deck":["champ:Strike","champ:Strike","champ:Strike","champ:Strike","champ:Defend","champ:Defend","champ:Defend","champ:Defend","champ:Execute","champ:Taunt+1","champ:AdrenalArmor","champ:FaceSlap","champ:LastStand","champ:FocusedDefense","champ:CrookedStrike","champ:FocusedBerserking","champ:CheapShot","champ:SkillfulDodge","champ:BerserkersShout","champ:Riposte"],"relics":["champ:ChampionCrown","WingedGreaves","downfall:HeartBlessingRed","downfall:HeartBlessingBlue","downfall:BrokenWingStatue","MealTicket"],"acts_visited":["Exordium"],"potions_floor_usage":[13,13,16,16],"damage_taken":[{"damage":11,"enemies":"Cultist","floor":2,"turns":6},{"damage":12,"enemies":"downfall:FleeingMerchant","floor":4,"turns":4},{"damage":9,"enemies":"Small Slimes","floor":5,"turns":4},{"damage":22,"enemies":"infinitespire:Voidling","floor":9,"turns":4},{"damage":10,"enemies":"Large Slime","floor":10,"turns":5},{"damage":21,"enemies":"3 Louse","floor":11,"turns":3},{"damage":48,"enemies":"Gremlin Nob","floor":13,"turns":7},{"damage":14,"enemies":"Red Slaver","floor":14,"turns":3},{"damage":8,"enemies":"Large Slime","floor":15,"turns":6},{"damage":37,"enemies":"downfall:Ironclad","floor":16,"turns":9}],"seed_played":"-5559229024829436274","potions_obtained":[{"floor":2,"key":"Weak Potion"},{"floor":5,"key":"ColorlessPotion"},{"floor":9,"key":"Swift Potion"},{"floor":10,"key":"SkillPotion"},{"floor":14,"key":"Dexterity Potion"}],"is_trial":false,"path_per_floor":["R","M","?","$","M","R","T","R","M","M","M","?","E","M","M","B"],"character_chosen":"THE_CHAMP","items_purchased":[],"campfire_rested":1,"item_purchase_floors":[],"current_hp_per_floor":[99,96,57,57,57,86,86,96,85,85,74,74,35,28,28,0,0,0],"gold":137,"neow_bonus":"TEN_PERCENT_HP_BONUS","is_daily":false,"chose_seed":false,"campfire_upgraded":1,"win_rate":0.0,"timestamp":1610136170,"path_taken":["R","M","?","?","?","R","T","R","M","M","M","?","E","M","M","BOSS"],"items_purchased_type":[],"build_version":"2020-12-22","purchased_purges":0,"victory":false,"max_hp_per_floor":[99,99,99,99,99,99,99,109,109,109,109,109,109,109,109,109,109,109],"card_choices":[{"not_picked":["champ:RapidStrikes","champ:IronFortress"],"picked":"champ:AdrenalArmor","floor":2},{"not_picked":["champ:StanceDance","champ:Circumvent"],"picked":"champ:FaceSlap","floor":3},{"not_picked":["champ:Encircle","champ:Duel"],"picked":"champ:LastStand","floor":4},{"not_picked":["champ:HeartStrike","champ:AdrenalArmor"],"picked":"champ:FocusedDefense","floor":5},{"not_picked":["champ:TornadoPunch","champ:ShieldWall"],"picked":"champ:CrookedStrike","floor":9},{"not_picked":["champ:FanOfKnives","champ:TornadoPunch"],"picked":"champ:FocusedBerserking","floor":10},{"not_picked":["champ:Haymaker","champ:EnragedBash"],"picked":"champ:CheapShot","floor":11},{"not_picked":["champ:FightOn","champ:FlashCut"],"picked":"champ:SkillfulDodge","floor":13},{"not_picked":["champ:Encircle","champ:BringItOn"],"picked":"champ:BerserkersShout","floor":14},{"not_picked":["champ:PerfectedStrike","champ:CrookedStrike"],"picked":"champ:Riposte","floor":15}],"player_experience":583816,"relics_obtained":[{"floor":3,"key":"WingedGreaves"},{"floor":13,"key":"MealTicket"}],"event_choices":[],"is_beta":false,"boss_relics":[],"items_purged_floors":[],"is_endless":false,"potions_floor_spawned":[2,5,9,10,14],"killed_by":"downfall:Ironclad","ascension_level":0}}