{"host":"Ian","time":1610141939,"event":{"mods":["BaseMod","Bestiary","Block Reminder","Colored Map","Highlight Path","Key Reminder","Minty Spire (QoL Compilation)","Relic Stats"],"gold_per_floor":[110,125,125,49,49,80,80,92,118,132,144,155,184,196,196,196,196],"floor_reached":16,"playtime":646,"items_purged":[],"score":228,"play_id":"8486cdab-6e59-4313-9c4d-2c271741b103","local_time":"20210108213859","is_ascension_mode":true,"campfire_choices":[{"floor":7,"key":"REST"},{"floor":15,"key":"REST"}],"circlet_count":0,"master_deck":["AscendersBane","Strike_R","Strike_R","Strike_R","Strike_R+1","Strike_R","Defend_R","Defend_R+1","Defend_R+1","Bash","Perfected Strike+1","Anger","Fire Breathing","Barricade","Armaments","Perfected Strike","Armaments","Pommel Strike","Battle Trance","Thunderclap","Shrug It Off"],"relics":["Burning Blood","Oddly Smooth Stone","War Paint","WingedGreaves"],"acts_visited":["Exordium"],"potions_floor_usage":[6,10,13,13,16],"damage_taken":[{"damage":23,"enemies":"Jaw Worm","floor":1,"turns":7},{"damage":3,"enemies":"2 Louse","floor":2,"turns":3},{"damage":24,"enemies":"Gremlin Nob","floor":6,"turns":4},{"damage":6,"enemies":"Cultist","floor":8,"turns":3},{"damage":22,"enemies":"Gremlin Gang","floor":10,"turns":6},{"damage":3,"enemies":"Red Slaver","floor":11,"turns":3},{"damage":18,"enemies":"Large Slime","floor":12,"turns":4},{"damage":7,"enemies":"Lagavulin","floor":13,"turns":7},{"damage":6,"enemies":"3 Louse","floor":14,"turns":4},{"damage":33,"enemies":"Hexaghost","floor":16,"turns":9}],"seed_played":"4628685591924717525","potions_obtained":[{"floor":0,"key":"EssenceOfSteel"},{"floor":0,"key":"SteroidPotion"},{"floor":1,"key":"Weak Potion"},{"floor":6,"key":"SpeedPotion"},{"floor":10,"key":"GamblersBrew"},{"floor":11,"key":"SteroidPotion"},{"floor":12,"key":"FearPotion"},{"floor":13,"key":"SpeedPotion"}],"is_trial":false,"path_per_floor":["M","M","?","$","?","E","R","M","T","M","M","M","E","M","R","B"],"character_chosen":"IRONCLAD","items_purchased":["Fire Breathing"],"campfire_rested":2,"item_purchase_floors":[4],"current_hp_per_floor":[51,54,31,31,31,13,35,35,35,19,22,10,9,9,31,0,0],"gold":196,"neow_bonus":"THREE_SMALL_POTIONS","is_daily":false,"chose_seed":false,"campfire_upgraded":0,"win_rate":0.0,"timestamp":1610141939,"path_taken":["M","M","?","$","?","E","R","M","T","M","?","M","E","?","R","BOSS"],"items_purchased_type":["Card"],"build_version":"2020-12-18","purchased_purges":0,"victory":false,"max_hp_per_floor":[75,75,75,75,75,75,75,75,75,75,75,75,75,75,75,75,75],"relic_stats":{"counters":[10,50],"War Paint":["Defend_R","Defend_R"],"obtain_stats":[{"Oddly Smooth Stone":6,"WingedGreaves":13,"War Paint":9,"Burning Blood":0},{"Oddly Smooth Stone":3,"WingedGreaves":8,"War Paint":4,"Burning Blood":0},{"Oddly Smooth Stone":14,"WingedGreaves":37,"War Paint":17,"Burning Blood":0}],"Burning Blood":54},"card_choices":[{"not_picked":["Intimidate","Rupture"],"picked":"Perfected Strike","floor":1},{"not_picked":["Heavy Blade","Warcry"],"picked":"Anger","floor":2},{"not_picked":["Warcry","Berserk"],"picked":"Armaments","floor":6},{"not_picked":["Wild Strike","Spot Weakness"],"picked":"Perfected Strike","floor":8},{"not_picked":["Second Wind","Rampage"],"picked":"Armaments","floor":10},{"not_picked":["Heavy Blade","Headbutt"],"picked":"Pommel Strike","floor":11},{"not_picked":["Dropkick","Ghostly Armor"],"picked":"Battle Trance","floor":12},{"not_picked":["Combust","True Grit"],"picked":"Thunderclap","floor":13},{"not_picked":["Reckless Charge","Bludgeon"],"picked":"Shrug It Off","floor":14}],"player_experience":2652977,"relics_obtained":[{"floor":6,"key":"Oddly Smooth Stone"},{"floor":9,"key":"War Paint"},{"floor":13,"key":"WingedGreaves"}],"event_choices":[{"damage_healed":0,"gold_gain":0,"player_choice":"Entered Light","damage_taken":23,"max_hp_gain":0,"max_hp_loss":0,"event_name":"Shining Light","floor":3,"gold_loss":0,"cards_upgraded":["Perfected Strike","Strike_R"]},{"damage_healed":0,"gold_gain":0,"cards_transformed":["Defend_R"],"player_choice":"Transformed","damage_taken":0,"max_hp_gain":0,"max_hp_loss":0,"event_name":"Transmorgrifier","floor":5,"gold_loss":0,"cards_obtained":["Barricade"]}],"is_beta":true,"boss_relics":[],"items_purged_floors":[],"is_endless":false,"potions_floor_spawned":[1,6,10,11,12,13],"killed_by":"Hexaghost","ascension_level":20}}