{"host":"w5vfr18i2ft1pzo2","time":1610136434,"event":{"mods":["AchievementEnabler","Act Like it!","Aspiration","BaseMod","Better Third Choice","BetterRewards","Colored Map","Colored Powertips","Conspire","Curses Come First","DNKmod","Defuse TimeMaze Blight","Dota2Spire","Elementarium","Energized Spire","Evolution","Force Act Four","Friendly Minions","Gensokyo","GifTheSpireLib","Gold Saver","GungeonMod","Halation","Hallownest","Hubris","Hyrulean Relics","Infinite Spire","Jedi Mod","Marisa????????","Minty Spire (QoL Compilation)","MostiFishMod","Poor People Problems","Prisma Mod","Remilia??????","Replay The Spire","SacredBarkPlus","Small Relic Pack","Spicy Shops","Spikes Relics","StSLib","Stuff the Spire","SuperFastMode","Synergy Search","The Blue Laboratory","The Servant 0.9.4","Trackpad","Treasure Hunter","Uncapped","Wandering Minibosses","Yakumo Yukari mod","noobMod","vexMod","??????REMEMod"],"gold_per_floor":[1196,1196,1196,873,873,906,932,957,982,1012,1022,608,608,637,637,710,710,728,526,526,103,103,136,152,177,177,208,229,256,288,288,288,365,365,379,379,379,379,415,441,461,490,561,596,630,664,693,719,719,720,720,720,720,720,720,720],"floor_reached":57,"playtime":2561,"items_purged":["ThirdEye","EmptyFist","EmptyBody","EmptyBody"],"score":4753,"play_id":"a5f8b63c-55e8-44ea-b152-5c6c931f6c8c","local_time":"20210109040714","daily_mods":["Time Dilation","Flight","DeadlyEvents","Elite Swarm","Lethality"],"is_ascension_mode":true,"campfire_choices":[{"floor":15,"key":"RECALL"},{"data":"MostiFishMod:KamiSmash","floor":53,"key":"SMITH"}],"circlet_count":0,"master_deck":["AscendersBane","Replay:BluntJabs+1","CutThroughFate","CrushJoints","ThirdEye","Evaluate+1","Eruption+1","Vigilance","TH:Mimic","Scrawl","TH:BikiniMail+1","Vault+1","TH:CopperCoins+1","LessonLearned","TH:CopperCoins","TH:CopperCoins","MostiFishMod:KamiSmash+1","Tantrum","jedi:forcepull+1","TH:CursedSword+1","TH:CursedSword","Omniscience","TH:DeckOfManyThings+1","Devotion","jedi:forcepush","Replay:Hysterical Blindness","TH:CursedSword","Omniscience","Wallop","TH:DeckOfManyThings","MostiFishMod:DisColor+1","TH:ArmorSpikes","ReplayTheSpireMod:Haul","TH:DeckOfManyThings","DevaForm+1","TH:DeckOfManyThings","Ragnarok","TH:DeckOfManyThings","TH:DeckOfManyThings","MostiFishMod:KamiSmash+1","MostiFishMod:Dust+1","TH:CopperCoins","TH:TreasureMap","Devotion","CutThroughFate","TH:DeckOfManyThings","Scrawl","TH:DeckOfManyThings","TH:TreasureMap","MostiFishMod:KamiSmash","MostiFishMod:ScryFuture","TH:DeckOfManyThings","TH:DeckOfManyThings","MostiFishMod:CyberBuddha","TH:BikiniMail","MostiFishMod:StarLaLaLa","TH:Mimic"],"relics":["PureWater","EVO:Axolotl","jedi:maincommand","DaveBox","ice","REME_ComplimentaryCards","SynthV:TestCard","relicPack:OneForAll","ChiXiaoBlade","aspiration:Headhunter","Hallownest:DreamNailRelic","DemoMod:GlassGuonStoneRelic","zeldaRelics:CourageTriforce","zeldaRelics:WisdomTriforce","BargainBundle","aspiration:TomeofQuesting","halation:PromiseList","Broom","Membership Card","ShadowXiaoBlade","Bag of Marbles","BargainBundle","aspiration:Nostalgia","PrismaMod:PrismaSapphire","Anchor","The Courier","Dota2Spire:RefresherOrb","Membership Card","Membership Card","Vajra","Civilization","Gungnir","zeldaRelics:PowerTriforce","conspire:InfiniteJournal","Bag of Preparation","aspiration:ArtOfWarUpgrade","PatriotShield","Whetstone","hubris:Potato","halation:LettersToHer","Dota2Spire:BattleFury","Lantern","ReplayTheSpireMod:Ninjato","RoseTintedShades","StuffTheSpire:ForceGauntlet","trackpad:AdjectivePendant"],"acts_visited":["Hallownest:Greenpath","TheCity","TheBeyond","TheEnding"],"potions_floor_usage":[],"damage_taken":[{"damage":0.0,"enemies":"2_ Uuma","floor":1.0,"turns":2.0},{"damage":0,"enemies":"Hallownest:eliteMossKnight","floor":6,"turns":2},{"damage":0,"enemies":"Hallownest:eliteCrystalGuardian","floor":7,"turns":2},{"damage":0,"enemies":"Hallownest:eliteMossKnight","floor":8,"turns":2},{"damage":0,"enemies":"Hallownest:eliteVengeflyKing","floor":10,"turns":1},{"damage":8,"enemies":"Hallownest:2_Tiktiks_and_1_Crawlid","floor":11,"turns":1},{"damage":0,"enemies":"Hallownest:eliteMossKnight","floor":14,"turns":2},{"damage":36,"enemies":"Hallownest:BossHornet","floor":16,"turns":1},{"damage":0,"enemies":"Shell Parasite","floor":18,"turns":1},{"damage":0,"enemies":"REME_1_Revenger","floor":23,"turns":2},{"damage":0,"enemies":"Chosen","floor":24,"turns":1},{"damage":0,"enemies":"Slavers","floor":25,"turns":1},{"damage":0,"enemies":"Nightmare","floor":27,"turns":1},{"damage":2,"enemies":"Snecko","floor":28,"turns":2},{"damage":0,"enemies":"Replay:Snechameleon","floor":29,"turns":1},{"damage":0,"enemies":"Slavers","floor":30,"turns":1},{"damage":0,"enemies":"Collector","floor":33,"turns":1},{"damage":0,"enemies":"3 Shapes","floor":35,"turns":1},{"damage":0,"enemies":"R_Hoarder","floor":39,"turns":2},{"damage":0,"enemies":"Giant Head","floor":40,"turns":1},{"damage":0,"enemies":"Orb Walker","floor":41,"turns":1},{"damage":0,"enemies":"Nightmare","floor":42,"turns":1},{"damage":0,"enemies":"Nemesis","floor":44,"turns":1},{"damage":0,"enemies":"Giant Head","floor":45,"turns":1},{"damage":0,"enemies":"R_Hoarder","floor":46,"turns":1},{"damage":0,"enemies":"Reptomancer","floor":47,"turns":1},{"damage":0,"enemies":"R_Hoarder","floor":48,"turns":1},{"damage":0,"enemies":"LordOfAnnihilation","floor":50,"turns":1},{"damage":0,"enemies":"Awakened One","floor":51,"turns":2},{"damage":0,"enemies":"Shield and Spear","floor":55,"turns":1},{"damage":0,"enemies":"The Heart","floor":56,"turns":1}],"seed_played":"-6138383344713063963","potions_obtained":[{"floor":41,"key":"blueLaboratory:FruitPunch"}],"is_trial":true,"path_per_floor":["M","?","?","$","?","E","E","E","T","E","M","$","T","E","R_BF","B",null,"M","$","AVR","$","?","E","M","E","T","NM","M","E","E","?","R_BF","B",null,"M","$","?","$","E","E","M","NM","T","E","E","E","E","E","R_BF","B","B",null,"R","$","E","B",null],"character_chosen":"WATCHER","items_purchased":["jedi:command_rare","jedi:forcepull","jedi:command_shop","jedi:command_common","jedi:command_common","jedi:command_common","jedi:command_shop","jedi:command_common","jedi:command_shop","jedi:command_shop","jedi:command_common","jedi:command_uncommon","jedi:forcepush","jedi:command_shop","jedi:command_shop","jedi:command_common","jedi:command_rare"],"campfire_rested":0,"item_purchase_floors":[4,12,12,12,12,12,12,19,19,19,19,19,19,21,21,21,21],"current_hp_per_floor":[71,60,60,60,60,60,60,60,60,60,52,52,52,52,52,16,63,63,63,63,63,63,64,66,71,71,77,82,90,111,111,111,130,130,145,145,145,145,161,178,196,215,215,235,256,278,303,329,329,357,390,390,390,390,425,461],"gold":720,"neow_bonus":"","is_daily":false,"chose_seed":false,"campfire_upgraded":1,"win_rate":0.0,"timestamp":1610136434,"path_taken":["M","?","?","?","?","E","?","E","T","E","?","$","?","?","R_BF","BOSS","M","$","AVR","$","?","E","M","E","T","NM","M","E","E","?","R_BF","BOSS","M","$","?","?","?","E","?","NM","T","E","E","E","E","E","R_BF","BOSS","BOSS","R","$","E","BOSS"],"items_purchased_type":["Relic","Card","Relic","Relic","Relic","Relic","Relic","Relic","Relic","Relic","Relic","Relic","Card","Relic","Relic","Relic","Relic"],"build_version":"2020-12-22","purchased_purges":4,"victory":true,"max_hp_per_floor":[78,78,78,78,78,78,78,78,78,78,78,78,78,78,78,78,78,78,78,78,78,78,79,81,86,86,92,99,107,118,118,118,130,130,145,145,145,145,161,178,196,215,215,235,256,278,303,329,329,357,390,390,390,390,425,461],"card_choices":[{"not_picked":["Protect","Replay:AtTheReady","PathToVictory"],"picked":"SKIP","floor":1.0},{"not_picked":["TH:PixieDust","TH:ElvenBoots","TH:CopperCoins"],"picked":"TH:Mimic","floor":6},{"not_picked":["Replay:AllIn","MostiFishMod:Unraveling","MostiFishMod:DisColor","jedi:nirvanicrebirth"],"picked":"Scrawl","floor":6},{"not_picked":["TH:TreasureMap","TH:CursedSword","TH:ArmorSpikes"],"picked":"TH:BikiniMail","floor":7},{"not_picked":["MostiFishMod:StarLaLaLa","MostiFishMod:Dust","MostiFishMod:DisColor","Scrawl"],"picked":"Vault","floor":7},{"not_picked":["TH:CursedSword","TH:BikiniMail","TH:EnergyPotion"],"picked":"TH:CopperCoins","floor":8},{"not_picked":["MostiFishMod:Moonprays","MostiFishMod:DustFall","MostiFishMod:DisColor","MostiFishMod:Pointsdynamics"],"picked":"LessonLearned","floor":8},{"not_picked":["TH:ElvenBoots","TH:ArmorSpikes","TH:CursedSword"],"picked":"TH:CopperCoins","floor":9},{"not_picked":["TH:ArmorSpikes","TH:Mimic","TH:ElvenBoots"],"picked":"TH:CopperCoins","floor":10},{"not_picked":["Replay:LoomingThreat","REME_WorshipGod","MostiFishMod:CyberBuddha","MostiFishMod:Adaptation"],"picked":"MostiFishMod:KamiSmash","floor":10},{"not_picked":["EmptyBody","FollowUp","Vengeance","MostiFishMod:Speedup"],"picked":"Tantrum","floor":11},{"not_picked":["TH:EnergyPotion","TH:ElvenBoots","TH:Mimic"],"picked":"TH:CursedSword","floor":13},{"not_picked":["TH:Mimic","TH:EnergyPotion","TH:PixieDust"],"picked":"TH:CursedSword","floor":14},{"not_picked":["MostiFishMod:ScryFuture","ConjureBlade","MostiFishMod:CyberBuddha","MostiFishMod:Dust"],"picked":"Omniscience","floor":14},{"not_picked":["TH:ArmorSpikes","TH:CursedSword","TH:EnergyPotion"],"picked":"TH:DeckOfManyThings","floor":16},{"not_picked":["Omniscience","MostiFishMod:StarWish","REME_CRH","MostiFishMod:Minus"],"picked":"Devotion","floor":16},{"not_picked":["WindmillStrike","Collect","CarveReality","Consecrate","Crescendo"],"picked":"SKIP","floor":18},{"not_picked":["TH:ArmorSpikes","TH:PixieDust","TH:Mimic"],"picked":"TH:CursedSword","floor":23},{"not_picked":["MostiFishMod:CyberBuddha","MostiFishMod:Pointsdynamics","DeusExMachina","MostiFishMod:DustFall"],"picked":"Omniscience","floor":23},{"not_picked":["FlyingSleeves","Halt","ClearTheMind+1","MostiFishMod:LegendTransform+1"],"picked":"Wallop","floor":24},{"not_picked":["TH:CursedSword","TH:BikiniMail","TH:ElvenBoots"],"picked":"TH:DeckOfManyThings","floor":25},{"not_picked":["MostiFishMod:Minus","MostiFishMod:DustFall","MostiFishMod:CyberBuddha","DeusExMachina"],"picked":"MostiFishMod:DisColor","floor":25},{"not_picked":["TH:CursedSword","TH:Mimic","TH:ElvenBoots"],"picked":"TH:ArmorSpikes","floor":26},{"not_picked":["infinitespire:Starlight","infinitespire:Menacing"],"picked":"ReplayTheSpireMod:Haul","floor":27},{"not_picked":["TH:CursedSword","TH:EnergyPotion","TH:ElvenBoots"],"picked":"TH:DeckOfManyThings","floor":27},{"not_picked":["MostiFishMod:KamiSmash","MostiFishMod:StarLaLaLa","Devotion","MostiFishMod:StarOceanP"],"picked":"DevaForm","floor":27},{"not_picked":["Replay:BluntJabs","FollowUp","BowlingBash+1","EmptyFist","Replay:Vibes"],"picked":"SKIP","floor":28},{"not_picked":["TH:ArmorSpikes","TH:ElvenBoots","TH:TreasureMap"],"picked":"TH:DeckOfManyThings","floor":29},{"not_picked":["Brilliance","Judgement","Blasphemy","MostiFishMod:StarHerder"],"picked":"Ragnarok","floor":29},{"not_picked":["TH:BikiniMail","TH:ArmorSpikes","TH:Mimic"],"picked":"TH:DeckOfManyThings","floor":30},{"not_picked":["DevaForm","MostiFishMod:Pointsdynamics","Ragnarok","MostiFishMod:StarWish"],"picked":"MostiFishMod:OutWit","floor":30},{"not_picked":["TH:PixieDust","TH:BikiniMail","TH:CursedSword"],"picked":"TH:DeckOfManyThings","floor":33},{"not_picked":["ConjureBlade","MostiFishMod:StarWish","MostiFishMod:StarHerder","Replay:AllIn"],"picked":"MostiFishMod:KamiSmash","floor":33},{"not_picked":["Prostrate","Consecrate+1","CrushJoints","EmptyFist","Halt+1"],"picked":"SKIP","floor":35},{"not_picked":["Replay:AllIn","MostiFishMod:DisColor","MostiFishMod:Minus","DevaForm"],"picked":"MostiFishMod:Dust","floor":39},{"not_picked":["TH:CursedSword","TH:TreasureMap","TH:BikiniMail"],"picked":"TH:CopperCoins","floor":39},{"not_picked":["TH:ArmorSpikes","TH:CopperCoins","TH:BikiniMail"],"picked":"TH:TreasureMap","floor":40},{"not_picked":["Blasphemy","MostiFishMod:Pointsdynamics","Wish","SpiritShield"],"picked":"Devotion","floor":40},{"not_picked":["ClearTheMind+1","MostiFishMod:Nomercy+1","EmptyFist","FollowUp"],"picked":"CutThroughFate","floor":41},{"not_picked":["TH:CursedSword","TH:Mimic","TH:ArmorSpikes"],"picked":"TH:DeckOfManyThings","floor":42},{"not_picked":["Replay:AllIn","MostiFishMod:StarHerder","MostiFishMod:Minus","MostiFishMod:StarOceanP"],"picked":"Scrawl","floor":42},{"not_picked":["TH:EnergyPotion","TH:CursedSword","TH:ElvenBoots"],"picked":"TH:DeckOfManyThings","floor":43},{"not_picked":["TH:EnergyPotion","TH:ElvenBoots","TH:Mimic"],"picked":"TH:TreasureMap","floor":44},{"not_picked":["jedi:nirvanicrebirth","MostiFishMod:DisColor","MostiFishMod:CyberBuddha","Blasphemy"],"picked":"MostiFishMod:KamiSmash","floor":44},{"not_picked":["Alpha","MostiFishMod:Pointsdynamics","Blasphemy","Wish"],"picked":"MostiFishMod:ScryFuture","floor":45},{"not_picked":["TH:CursedSword","TH:TreasureMap","TH:BikiniMail"],"picked":"TH:DeckOfManyThings","floor":45},{"not_picked":["TH:EnergyPotion","TH:CopperCoins","TH:ElvenBoots"],"picked":"TH:DeckOfManyThings","floor":46},{"not_picked":["MostiFishMod:OutWit","MostiFishMod:StarHerder","ConjureBlade","DeusExMachina"],"picked":"MostiFishMod:CyberBuddha","floor":46},{"not_picked":["TH:Mimic","TH:EnergyPotion","TH:CursedSword"],"picked":"TH:BikiniMail","floor":47},{"not_picked":["MostiFishMod:Unraveling","MostiFishMod:StarOceanP","MostiFishMod:DustFall","MostiFishMod:Dust"],"picked":"MostiFishMod:StarLaLaLa","floor":47},{"not_picked":["TH:EnergyPotion","TH:BikiniMail","TH:ElvenBoots"],"picked":"TH:Mimic","floor":48},{"not_picked":["Judgement","Alpha","MostiFishMod:Disappear","MostiFishMod:DustFall","jedi:nirvanicrebirth"],"picked":"SKIP","floor":48},{"not_picked":["TH:TreasureMap","TH:CursedSword","TH:PixieDust","TH:CopperCoins"],"picked":"SKIP","floor":55},{"not_picked":["REME_WorshipGod","MostiFishMod:Minus","Alpha","REME_CRH","MostiFishMod:Pointsdynamics"],"picked":"SKIP","floor":55}],"player_experience":265133,"relics_obtained":[{"floor":1.0,"key":"SynthV:TestCard"},{"floor":6,"key":"zeldaRelics:CouragePiece"},{"floor":7,"key":"zeldaRelics:CouragePiece"},{"floor":8,"key":"zeldaRelics:CouragePiece"},{"floor":10,"key":"zeldaRelics:WisdomPiece"},{"floor":13,"key":"zeldaRelics:WisdomPiece"},{"floor":14,"key":"zeldaRelics:WisdomPiece"},{"floor":23,"key":"zeldaRelics:PowerPiece"},{"floor":25,"key":"zeldaRelics:PowerPiece"},{"floor":26,"key":"zeldaRelics:PowerPiece"},{"floor":27,"key":"jedi:command_rare"},{"floor":29,"key":"jedi:command_common"},{"floor":30,"key":"jedi:command_common"},{"floor":39,"key":"jedi:command_common"},{"floor":40,"key":"jedi:command_rare"},{"floor":42,"key":"jedi:command_common"},{"floor":43,"key":"halation:LettersToHer"},{"floor":43,"key":"jedi:command_uncommon"},{"floor":44,"key":"jedi:command_common"},{"floor":45,"key":"jedi:command_uncommon"},{"floor":46,"key":"jedi:command_uncommon"},{"floor":47,"key":"jedi:command_uncommon"},{"floor":48,"key":"jedi:command_common"}],"event_choices":[{"cards_removed":["MostiFishMod:OutWit"],"damage_healed":0,"gold_gain":0,"player_choice":"Removed Power","damage_taken":0,"max_hp_gain":0,"max_hp_loss":0,"event_name":"Falling","floor":37,"gold_loss":0}],"is_beta":false,"boss_relics":[{"not_picked":["jedi:command_boss","jedi:command_boss"],"picked":"jedi:command_boss"},{"not_picked":["jedi:command_boss","jedi:command_boss"],"picked":"jedi:command_boss"}],"items_purged_floors":[12,19,20,21],"is_endless":false,"potions_floor_spawned":[1,7,23,24,27,28,30,33,35,40,41,46,47],"ascension_level":20}}