{"host":"g8ufh7m4frdlkxwv","time":1610065471,"event":{"mods":["AchievementEnabler","BaseMod","Filter the Spire","Minty Spire (QoL Compilation)","Relic Stats"],"gold_per_floor":[111,186,205,218,245,279,303,303,326,326,326,326,376,394,394,468,518,528,528,547,563,563,563,563],"floor_reached":23,"playtime":947,"items_purged":[],"score":403,"play_id":"89c63b51-19b4-4909-a936-f9404ccf4c57","local_time":"20210108012431","is_ascension_mode":true,"campfire_choices":[{"floor":8.0,"key":"REST"},{"data":"Blade Dance","floor":10.0,"key":"SMITH"},{"data":"Blade Dance","floor":12.0,"key":"SMITH"},{"data":"Infinite Blades","floor":15.0,"key":"SMITH"}],"circlet_count":0,"master_deck":["AscendersBane","Strike_G","Strike_G+1","Strike_G","Strike_G","Strike_G","Defend_G","Defend_G","Defend_G","Defend_G","Defend_G","Survivor","Neutralize","Leg Sweep","Blade Dance+1","Blade Dance+1","Escape Plan","Prepared","Infinite Blades+1","Corpse Explosion","Blade Dance","Blade Dance","RitualDagger","Slice"],"relics":["WristBlade","Akabeko","Dream Catcher","Odd Mushroom","Anchor","PreservedInsect","Tiny House","GremlinMask"],"acts_visited":["Exordium","TheCity"],"potions_floor_usage":[],"damage_taken":[{"damage":2.0,"enemies":"2 Louse","floor":1.0,"turns":3.0},{"damage":11.0,"enemies":"Jaw Worm","floor":3.0,"turns":6.0},{"damage":0.0,"enemies":"Small Slimes","floor":4.0,"turns":3.0},{"damage":24.0,"enemies":"3 Sentries","floor":6.0,"turns":10.0},{"damage":0.0,"enemies":"The Mushroom Lair","floor":7.0,"turns":4.0},{"damage":0.0,"enemies":"2 Fungi Beasts","floor":14.0,"turns":1.0},{"damage":1.0,"enemies":"Hexaghost","floor":16.0,"turns":9.0},{"damage":3,"enemies":"3 Byrds","floor":18,"turns":3},{"damage":4,"enemies":"2 Thieves","floor":20,"turns":3},{"damage":21,"enemies":"Snake Plant","floor":21,"turns":4},{"damage":31,"enemies":"Gremlin Leader","floor":23,"turns":4}],"seed_played":"-4211947055338891337","potions_obtained":[{"floor":3.0,"key":"Ancient Potion"},{"floor":4.0,"key":"Energy Potion"},{"floor":6.0,"key":"Block Potion"},{"floor":7.0,"key":"Block Potion"},{"floor":17.0,"key":"Energy Potion"}],"is_trial":false,"path_per_floor":["M","?","M","M","T","E","?","R","T","R","?","R","T","M","R","B",null,"M","?","M","M","?","E"],"character_chosen":"THE_SILENT","items_purchased":[],"campfire_rested":1,"item_purchase_floors":[],"current_hp_per_floor":[57,46,35,35,35,11,11,30,30,30,4,4,4,4,4,3,55,52,46,42,21,21,0,0],"gold":563,"neow_bonus":"BOSS_RELIC","is_daily":false,"chose_seed":false,"campfire_upgraded":3,"win_rate":0.0,"timestamp":1610065471,"path_taken":["M","?","M","M","?","E","?","R","T","R","?","R","?","M","R","BOSS","M","?","M","M","?","E"],"items_purchased_type":[],"build_version":"2020-12-22","purchased_purges":0,"victory":false,"max_hp_per_floor":[66,66,66,66,66,66,66,66,66,66,66,66,66,66,66,66,71,71,71,71,71,71,71,71],"relic_stats":{"Dream Catcher":1,"counters":[11,50],"PreservedInsect":47,"obtain_stats":[{"Dream Catcher":6,"Anchor":9,"Tiny House":17,"WristBlade":0,"GremlinMask":22,"PreservedInsect":13,"Odd Mushroom":7,"Akabeko":5,"Ring of the Snake":0},{"Dream Catcher":4,"Anchor":5,"Tiny House":7,"WristBlade":0,"GremlinMask":10,"PreservedInsect":5,"Odd Mushroom":5,"Akabeko":3,"Ring of the Snake":0},{"Dream Catcher":22,"Anchor":26,"Tiny House":36,"WristBlade":0,"GremlinMask":46,"PreservedInsect":26,"Odd Mushroom":26,"Akabeko":12,"Ring of the Snake":0}]},"card_choices":[{"not_picked":["Acrobatics","Poisoned Stab"],"picked":"Leg Sweep","floor":1.0},{"not_picked":["Choke","Dash"],"picked":"Blade Dance","floor":3.0},{"not_picked":["Riddle With Holes","Deadly Poison","Sucker Punch"],"picked":"SKIP","floor":4.0},{"not_picked":["Setup","Expertise"],"picked":"Blade Dance","floor":6.0},{"not_picked":["Setup","Poisoned Stab"],"picked":"Escape Plan","floor":7.0},{"not_picked":["Skewer","Dagger Throw"],"picked":"Prepared","floor":8.0},{"not_picked":["Prepared","After Image"],"picked":"Infinite Blades","floor":14.0},{"not_picked":["Tools of the Trade","Die Die Die"],"picked":"Corpse Explosion","floor":16.0},{"not_picked":["Prepared","Eviscerate"],"picked":"Blade Dance","floor":17.0},{"not_picked":["Underhanded Strike","Concentrate+1"],"picked":"Blade Dance","floor":18},{"not_picked":["PiercingWail","Catalyst"],"picked":"Slice","floor":20},{"not_picked":["Dagger Throw+1","Crippling Poison","Dodge and Roll"],"picked":"SKIP","floor":21}],"player_experience":1015012,"relics_obtained":[{"floor":5.0,"key":"Akabeko"},{"floor":6.0,"key":"Dream Catcher"},{"floor":7.0,"key":"Odd Mushroom"},{"floor":9.0,"key":"Anchor"},{"floor":13.0,"key":"PreservedInsect"}],"event_choices":[{"damage_healed":0.0,"max_hp_gain":0.0,"max_hp_loss":0.0,"gold_gain":75.0,"event_name":"World of Goop","player_choice":"Gather Gold","floor":2.0,"gold_loss":0.0,"damage_taken":11.0},{"damage_healed":0.0,"max_hp_gain":0.0,"max_hp_loss":0.0,"gold_gain":0.0,"event_name":"Mushrooms","player_choice":"Fought Mushrooms","floor":7.0,"gold_loss":0.0,"damage_taken":0.0},{"damage_healed":0.0,"max_hp_gain":0.0,"max_hp_loss":0.0,"gold_gain":0.0,"event_name":"Scrap Ooze","player_choice":"Fled","floor":11.0,"gold_loss":0.0,"damage_taken":26.0},{"damage_healed":0,"gold_gain":0,"player_choice":"Joined the Cult","damage_taken":6,"max_hp_gain":0,"max_hp_loss":0,"event_name":"Nest","floor":19,"gold_loss":0,"cards_obtained":["RitualDagger"]},{"damage_healed":0,"gold_gain":0,"player_choice":"Trade","damage_taken":0,"relics_obtained":["GremlinMask"],"max_hp_gain":0,"max_hp_loss":0,"event_name":"FaceTrader","floor":22,"gold_loss":0}],"is_beta":false,"boss_relics":[{"not_picked":["Velvet Choker","Ectoplasm"],"picked":"Tiny House"}],"items_purged_floors":[],"is_endless":false,"potions_floor_spawned":[3,4,6,7],"killed_by":"Gremlin Leader","ascension_level":20}}