{"host":"yfp7d3map4585h98","time":1610088817,"event":{"mods":["BaseMod","Colored Map","Colored Powertips","GifTheSpireLib","Minty Spire (QoL Compilation)","StSLib","Unceasing Turn Reminder"],"gold_per_floor":[118,193,207,207,225,225,260,260,260,260,47,60,35,50,50,50,50],"floor_reached":16,"playtime":1048,"items_purged":[],"score":102,"play_id":"96a78717-c6c0-4cc9-b1e2-33d9e9873e55","local_time":"20210107205337","is_ascension_mode":false,"campfire_choices":[{"floor":6,"key":"REST"},{"floor":15,"key":"REST"}],"circlet_count":0,"master_deck":["Strike_B","Strike_B","Strike_B","Strike_B","Defend_B","Defend_B","Defend_B","Defend_B","Zap","Dualcast","Lockon","Storm","Hologram","Hello World","Blizzard","Loop","Doom and Gloom","Leap","Ball Lightning","Streamline","Coolheaded","Glacier","Chill"],"relics":["Cracked Core","Dream Catcher","Question Card"],"acts_visited":[],"potions_floor_usage":[16,16,16],"damage_taken":[{"damage":6,"enemies":"Jaw Worm","floor":1,"turns":3},{"damage":6,"enemies":"2 Louse","floor":3,"turns":2},{"damage":6,"enemies":"Small Slimes","floor":5,"turns":4},{"damage":45,"enemies":"Lagavulin","floor":7,"turns":6},{"damage":18,"enemies":"Blue Slaver","floor":8,"turns":4},{"damage":24,"enemies":"Lots of Slimes","floor":12,"turns":4},{"damage":8,"enemies":"3 Louse","floor":14,"turns":4},{"damage":45,"enemies":"The Guardian","floor":16,"turns":10}],"seed_played":"4891725955745174097","potions_obtained":[{"floor":1,"key":"Regen Potion"},{"floor":5,"key":"Block Potion"},{"floor":14,"key":"Block Potion"}],"is_trial":false,"path_per_floor":["M","?","M","?","M","R","E","M","T","?","$","M","$","M","R","B"],"character_chosen":"DEFECT","items_purchased":["Loop","Doom and Gloom","Leap","Ball Lightning","Coolheaded"],"campfire_rested":2,"item_purchase_floors":[11,11,11,11,13],"current_hp_per_floor":[76,65,59,56,50,74,29,11,11,38,38,14,14,6,30,0,0],"gold":50,"neow_bonus":"TEN_PERCENT_HP_BONUS","is_daily":false,"chose_seed":false,"campfire_upgraded":0,"win_rate":0.0,"timestamp":1610088817,"path_taken":["M","?","M","?","M","R","E","M","T","?","?","M","$","?","R","BOSS"],"items_purchased_type":["Card","Card","Card","Card","Card"],"build_version":"2020-12-22","purchased_purges":0,"victory":false,"max_hp_per_floor":[82,82,82,82,82,82,82,82,82,82,82,82,82,82,82,82,82],"card_choices":[{"not_picked":["Stack","Chill"],"picked":"Lockon","floor":1},{"not_picked":["Chill","Compile Driver"],"picked":"Storm","floor":3},{"not_picked":["Beam Cell","Tempest"],"picked":"Hologram","floor":5},{"not_picked":["Blizzard","Machine Learning"],"picked":"Hello World","floor":7},{"not_picked":["BootSequence","Rip and Tear"],"picked":"Blizzard","floor":8},{"not_picked":["Hologram","Loop","Doom and Gloom"],"picked":"Streamline","floor":12},{"not_picked":["Cold Snap","Rip and Tear","Sweeping Beam"],"picked":"Glacier","floor":14},{"not_picked":["Streamline","Cold Snap","Ball Lightning"],"picked":"Chill","floor":15}],"player_experience":37863,"relics_obtained":[{"floor":7,"key":"Dream Catcher"},{"floor":9,"key":"Question Card"}],"event_choices":[{"damage_healed":0,"gold_gain":75,"player_choice":"Gather Gold","damage_taken":11,"max_hp_gain":0,"max_hp_loss":0,"event_name":"World of Goop","floor":2,"gold_loss":0},{"damage_healed":0,"gold_gain":0,"player_choice":"Fled","damage_taken":3,"max_hp_gain":0,"max_hp_loss":0,"event_name":"Scrap Ooze","floor":4,"gold_loss":0},{"damage_healed":27,"gold_gain":0,"player_choice":"Banana","damage_taken":0,"max_hp_gain":0,"max_hp_loss":0,"event_name":"Big Fish","floor":10,"gold_loss":0}],"is_beta":false,"boss_relics":[],"items_purged_floors":[],"is_endless":false,"potions_floor_spawned":[1,5,14],"killed_by":"The Guardian","ascension_level":0}}