{"host":"wmm4q2torfc8rajz","time":1610138469,"event":{"mods":["2.2 Compatiblity","Abigail Mod","AchievementEnabler","Act Like it!","Arknights The Spire","BaseMod","Chen","Friendly Minions","HololiveMod","Kiyohime????","Koishi","LagranYue(???·?)","Marisa????????","Minty Spire (QoL Compilation)","Prisma Mod","Rare Cards Sparkle","Reimu??????","Remilia??????","Replay The Spire","StSLib","The Alterego","The Animator","The Servant 0.9.4","TheSwordswoman","Waifu the Spire","WarShipGirlsR/????R mod"],"gold_per_floor":[110,120,220,232,192,219,219,239,239,259,278,310,330,363,363,383,383],"floor_reached":16,"playtime":1115,"items_purged":[],"score":199,"play_id":"c35dc544-bb5d-493b-94e1-41061871bddf","local_time":"20210108214109","is_ascension_mode":false,"campfire_choices":[{"data":"LagranYue:AttackTopazCard","floor":7,"key":"SMITH"},{"data":"LagranYue:SkillLegendPaladinCard","floor":15,"key":"SMITH"}],"circlet_count":0,"master_deck":["LagranYue:BaseAttackCard","LagranYue:BaseAttackCard","LagranYue:BaseAttackCard","LagranYue:BaseDefendCard","LagranYue:BaseDefendCard","LagranYue:BaseDefendCard","LagranYue:AttackTopazCard+1","LagranYue:SkillBrokenSwordCard","LagranYue:BaseAttackCard","LagranYue:BaseDefendCard","LagranYue:AttackFaithCard","LagranYue:RubyDefendCard","LagranYue:AttackGodSwordCard","LagranYue:AttackFaithCard","LagranYue:PowerDarkTempleCard","LagranYue:SkillIncompleteArchCard","LagranYue:SkillLegendPaladinCard+1","LagranYue:SkillKadeboSwordCard","LagranYue:AttackEnchantmentCard"],"relics":["LagranYue:ArmsProficiencyRelics","LagranYue:RandomDrawCardRelic","Replay:Mystery Machine","Hololive_LightStick","Darkstone Periapt","Simple Rune","RuthlessExorcism:ReiMu"],"acts_visited":["Exordium"],"potions_floor_usage":[16],"damage_taken":[{"damage":3,"enemies":"Small Slimes","floor":1,"turns":3},{"damage":0,"enemies":"Cultist","floor":2,"turns":3},{"damage":0,"enemies":"Jaw Worm","floor":4,"turns":3},{"damage":56,"enemies":"Lagavulin","floor":6,"turns":9},{"damage":0,"enemies":"3 Louse","floor":8,"turns":2},{"damage":0,"enemies":"Large Slime","floor":10,"turns":3},{"damage":0,"enemies":"Looter","floor":11,"turns":2},{"damage":0,"enemies":"3 Sentries","floor":12,"turns":1},{"damage":0,"enemies":"2 Fungi Beasts","floor":13,"turns":2},{"damage":22,"enemies":"Lagavulin","floor":14,"turns":9},{"damage":82,"enemies":"The Guardian","floor":16,"turns":14}],"seed_played":"-5796481085346394950","potions_obtained":[{"floor":2,"key":"Strength Potion"},{"floor":6,"key":"ColorlessPotion"},{"floor":8,"key":"Ancient Potion"}],"is_trial":false,"path_per_floor":["M","M","?","M","?","E","R","M","T","M","M","E","M","E","R","B"],"character_chosen":"LagranYueCharacter","items_purchased":[],"campfire_rested":0,"item_purchase_floors":[],"current_hp_per_floor":[79,81,81,84,84,32,32,37,37,43,49,56,64,54,54,0,0],"gold":383,"neow_bonus":"TEN_PERCENT_HP_BONUS","is_daily":false,"chose_seed":false,"campfire_upgraded":2,"win_rate":0.0,"timestamp":1610138469,"path_taken":["M","M","?","?","?","E","R","?","T","M","M","E","M","E","R","BOSS"],"items_purchased_type":[],"build_version":"2020-12-22","purchased_purges":0,"victory":false,"max_hp_per_floor":[82,84,84,87,87,91,91,96,96,102,108,115,123,129,129,129,129],"card_choices":[{"not_picked":["LagranYue:AttackBetterCard","LagranYue:AttackDevilCard"],"picked":"LagranYue:AttackFaithCard","floor":1},{"not_picked":["LagranYue:DefendBetterCard","LagranYue:AttackEnchantmentCard"],"picked":"LagranYue:RubyDefendCard","floor":2},{"not_picked":["LagranYue:ForgingCard","LagranYue:AttackDevilCard"],"picked":"LagranYue:AttackGodSwordCard","floor":4},{"not_picked":["LagranYue:AttackCrowCrossbowCard","LagranYue:AttackDivineGuidanceCard","LagranYue:AttackBetterCard"],"picked":"SKIP","floor":6},{"not_picked":["LagranYue:RubyDefendCard","LagranYue:AttackEngravingRoseCard"],"picked":"LagranYue:AttackFaithCard","floor":8},{"not_picked":["LagranYue:AttackCrowCrossbowCard","LagranYue:SkillFalseAerialAceCard"],"picked":"LagranYue:PowerDarkTempleCard","floor":10},{"not_picked":["LagranYue:EmeraldRemorseCard","LagranYue:SkillDeadlyBloomCard"],"picked":"LagranYue:SkillIncompleteArchCard","floor":11},{"not_picked":["LagranYue:SkillBlazingSevenRingsCard","LagranYue:SkillExplosiveArmorCard"],"picked":"LagranYue:SkillLegendPaladinCard","floor":12},{"not_picked":["LagranYue:SkillWoodSpearCard","LagranYue:RubyDefendCard"],"picked":"LagranYue:SkillKadeboSwordCard","floor":13},{"not_picked":["LagranYue:SkillTestamentCard","LagranYue:SkillBrokenShieldCard"],"picked":"LagranYue:AttackEnchantmentCard","floor":14}],"player_experience":359185,"relics_obtained":[{"floor":6,"key":"Replay:Mystery Machine"},{"floor":9,"key":"Hololive_LightStick"},{"floor":12,"key":"Darkstone Periapt"},{"floor":14,"key":"Simple Rune"},{"floor":14,"key":"RuthlessExorcism:ReiMu"}],"event_choices":[{"damage_healed":0,"gold_gain":100,"player_choice":"Pray","damage_taken":0,"max_hp_gain":0,"max_hp_loss":0,"event_name":"Golden Shrine","floor":3,"gold_loss":0}],"is_beta":false,"boss_relics":[],"items_purged_floors":[],"is_endless":false,"potions_floor_spawned":[2,6,8,13],"killed_by":"The Guardian","ascension_level":0}}