{"host":"9tzam4717zt8ei1o","time":1610125691,"event":{"mods":["BaseMod","Colored Map","Keyboard Shortcuts","Minty Spire (QoL Compilation)","Quick Restart","StSLib","SuperFastMode"],"gold_per_floor":[363,383,397,282,282,282,323,402,402,418,418,432,448,152,152,241,241,264,264,277,152,200,200,233,233,233,233,83,133,133,144,144,144,144],"floor_reached":33,"playtime":565,"items_purged":["Strike_R","Strike_R","Strike_R","Strike_R"],"score":526,"play_id":"7776cc9c-8ea7-4e25-b27c-7191a244edc1","local_time":"20210109020811","is_ascension_mode":true,"campfire_choices":[{"floor":6,"key":"REST"},{"data":"Body Slam","floor":11,"key":"SMITH"},{"data":"Power Through","floor":15,"key":"SMITH"},{"data":"Fire Breathing","floor":23,"key":"SMITH"},{"data":"Shockwave","floor":25,"key":"SMITH"},{"floor":27,"key":"REST"},{"data":"Offering","floor":32,"key":"SMITH"}],"circlet_count":0,"master_deck":["AscendersBane","Strike_R","Defend_R","Defend_R","Defend_R","Defend_R","Bash","Shrug It Off","Cleave","Reckless Charge","Fire Breathing+1","Feed","Body Slam+1","Power Through+1","Shrug It Off","Seeing Red+1","Shockwave+1","Offering+1"],"relics":["Burning Blood","Bloody Idol","FossilizedHelix","Red Skull","Champion Belt","Medical Kit","Runic Dome","Mummified Hand","Orichalcum","Ancient Tea Set","Self Forming Clay"],"acts_visited":["Exordium","TheCity"],"potions_floor_usage":[7,7,8,18,18,24,33,33],"damage_taken":[{"damage":7,"enemies":"Small Slimes","floor":1,"turns":5},{"damage":17,"enemies":"Cultist","floor":2,"turns":5},{"damage":0,"enemies":"Jaw Worm","floor":3,"turns":3},{"damage":35,"enemies":"3 Sentries","floor":7,"turns":5},{"damage":10,"enemies":"3 Sentries","floor":8,"turns":4},{"damage":9,"enemies":"Looter","floor":10,"turns":4},{"damage":0,"enemies":"Large Slime","floor":12,"turns":4},{"damage":0,"enemies":"Exordium Thugs","floor":13,"turns":3},{"damage":23,"enemies":"The Guardian","floor":16,"turns":10},{"damage":18,"enemies":"Shell Parasite","floor":18,"turns":7},{"damage":27,"enemies":"Chosen","floor":20,"turns":6},{"damage":17,"enemies":"Book of Stabbing","floor":24,"turns":5},{"damage":6,"enemies":"Snake Plant","floor":31,"turns":4},{"damage":50,"enemies":"Champ","floor":33,"turns":12}],"seed_played":"3369552211514048457","potions_obtained":[{"floor":2,"key":"SteroidPotion"},{"floor":7,"key":"EntropicBrew"},{"floor":8,"key":"EntropicBrew"},{"floor":20,"key":"DistilledChaos"},{"floor":24,"key":"Explosive Potion"}],"is_trial":false,"path_per_floor":["M","M","M","$","?","R","E","?","T","M","R","M","M","$","R","B",null,"M","?","M","$","T","R","E","R","T","R","$","?","?","M","R","B"],"character_chosen":"IRONCLAD","items_purchased":["Fire Breathing","Medical Kit","Shrug It Off"],"campfire_rested":2,"item_purchase_floors":[4,14,14],"current_hp_per_floor":[67,56,62,62,39,59,30,29,29,26,26,35,44,44,44,27,65,53,53,32,32,32,32,21,21,21,44,44,44,44,49,49,0,0],"gold":144,"neow_bonus":"TWO_FIFTY_GOLD","is_daily":false,"chose_seed":false,"campfire_upgraded":5,"win_rate":0.0,"timestamp":1610125691,"path_taken":["M","M","M","$","?","R","E","?","T","M","R","M","M","$","R","BOSS","M","?","M","?","?","R","E","R","T","R","$","?","?","M","R","BOSS"],"items_purchased_type":["Card","Relic","Card"],"build_version":"2020-12-22","purchased_purges":4,"victory":false,"max_hp_per_floor":[68,68,68,68,68,68,68,71,71,71,71,74,77,77,77,77,77,77,77,77,77,77,77,77,77,77,77,77,77,77,77,77,77,77],"card_choices":[{"not_picked":["True Grit","Pummel"],"picked":"Shrug It Off","floor":1},{"not_picked":["Intimidate","Clash"],"picked":"Cleave","floor":2},{"not_picked":["Battle Trance","Havoc"],"picked":"Reckless Charge","floor":3},{"not_picked":["Shockwave","Twin Strike"],"picked":"Feed","floor":7},{"not_picked":["Perfected Strike","Flex"],"picked":"Body Slam","floor":8},{"not_picked":["Shrug It Off","Anger"],"picked":"Power Through","floor":10},{"not_picked":["Ghostly Armor","Iron Wave","Heavy Blade"],"picked":"SKIP","floor":12},{"not_picked":["Thunderclap","Metallicize","Power Through"],"picked":"SKIP","floor":13},{"not_picked":["Perfected Strike","Dropkick+1"],"picked":"Seeing Red+1","floor":18},{"not_picked":["Twin Strike","Havoc"],"picked":"Shockwave","floor":20},{"not_picked":["Body Slam","Shrug It Off","Sever Soul"],"picked":"SKIP","floor":24},{"not_picked":["Wild Strike","Anger"],"picked":"Offering","floor":31}],"player_experience":159115,"relics_obtained":[{"floor":7,"key":"FossilizedHelix"},{"floor":8,"key":"Red Skull"},{"floor":9,"key":"Champion Belt"},{"floor":22,"key":"Orichalcum"},{"floor":24,"key":"Ancient Tea Set"},{"floor":26,"key":"Self Forming Clay"}],"event_choices":[{"damage_healed":0,"gold_gain":0,"player_choice":"Take Damage","damage_taken":23,"relics_obtained":["Golden Idol"],"max_hp_gain":0,"max_hp_loss":0,"event_name":"Golden Idol","floor":5,"gold_loss":0},{"damage_healed":0,"gold_gain":0,"player_choice":"Searched \u00271\u0027 times","damage_taken":0,"max_hp_gain":0,"max_hp_loss":0,"event_name":"Dead Adventurer","floor":8,"gold_loss":0},{"damage_healed":0,"gold_gain":0,"player_choice":"Gave Potion","damage_taken":0,"relics_obtained":["Mummified Hand"],"max_hp_gain":0,"max_hp_loss":0,"event_name":"WeMeetAgain","floor":19,"gold_loss":0},{"damage_healed":0,"gold_gain":50,"player_choice":"Stole From Cult","damage_taken":0,"max_hp_gain":0,"max_hp_loss":0,"event_name":"Nest","floor":29,"gold_loss":0},{"damage_healed":0,"gold_gain":0,"player_choice":"Gave Idol","damage_taken":0,"relics_obtained":["Bloody Idol"],"max_hp_gain":0,"max_hp_loss":0,"event_name":"Forgotten Altar","floor":30,"relics_lost":["Golden Idol"],"gold_loss":0}],"is_beta":false,"boss_relics":[{"not_picked":["Pandora\u0027s Box","SlaversCollar"],"picked":"Runic Dome"}],"items_purged_floors":[4,14,21,28],"is_endless":false,"potions_floor_spawned":[2,7,8,10,13,16,20,24],"killed_by":"Champ","ascension_level":20}}