{"host":"p6y17sixyu8q9v1f","time":1610136534,"event":{"mods":["BaseMod","Colored Map","Minty Spire (QoL Compilation)"],"gold_per_floor":[114,114,3,3,3,3,16,16,16,29,77,97,147,181,181,310,310,342,351,70,70,79,79,110,110,178,178,197,197,226,273,273,273,273],"floor_reached":33,"playtime":3111,"items_purged":["Strike_B+1","Writhe"],"score":339,"play_id":"d3246bf4-479a-4e6f-97a3-acef5c46499c","local_time":"20210108140854","is_ascension_mode":true,"campfire_choices":[{"data":"Self Repair","floor":6,"key":"SMITH"},{"data":"Gash","floor":8,"key":"SMITH"},{"data":"Scrape","floor":15,"key":"SMITH"},{"data":"Streamline","floor":23,"key":"SMITH"},{"data":"Dualcast","floor":25,"key":"SMITH"},{"data":"Go for the Eyes","floor":32,"key":"SMITH"}],"circlet_count":0,"master_deck":["Strike_B","Defend_B+1","Defend_B","Defend_B","Defend_B","Zap+1","Dualcast+1","Gash+1","Self Repair+1","Go for the Eyes+1","Scrape+1","Steam","Beam Cell","Sweeping Beam","All For One","Beam Cell","Beam Cell","Streamline+1","Skim+1"],"relics":["Cracked Core","Golden Idol","Pantograph","CeramicFish","MealTicket","Philosopher\u0027s Stone","Sundial","Lantern","Shuriken","Bottled Lightning","MutagenicStrength"],"acts_visited":["Exordium","TheCity"],"potions_floor_usage":[14,14,24],"damage_taken":[{"damage":0,"enemies":"Small Slimes","floor":1,"turns":2},{"damage":7,"enemies":"Jaw Worm","floor":7,"turns":3},{"damage":0,"enemies":"Cultist","floor":10,"turns":3},{"damage":16,"enemies":"Lagavulin","floor":11,"turns":8},{"damage":2,"enemies":"Exordium Wildlife","floor":12,"turns":4},{"damage":9,"enemies":"Gremlin Nob","floor":13,"turns":3},{"damage":7,"enemies":"Gremlin Gang","floor":14,"turns":3},{"damage":37,"enemies":"The Guardian","floor":16,"turns":12},{"damage":14,"enemies":"Shell Parasite","floor":18,"turns":4},{"damage":19,"enemies":"Slavers","floor":24,"turns":4},{"damage":14,"enemies":"Chosen","floor":28,"turns":3},{"damage":33,"enemies":"Shelled Parasite and Fungi","floor":30,"turns":4},{"damage":86,"enemies":"Champ","floor":33,"turns":6}],"seed_played":"-955477370247360544","potions_obtained":[{"floor":7,"key":"Energy Potion"},{"floor":13,"key":"FearPotion"},{"floor":18,"key":"DistilledChaos"},{"floor":24,"key":"FearPotion"}],"is_trial":false,"path_per_floor":["M","?","$","?","?","R","M","R","T","M","E","M","E","M","R","B",null,"M","?","$","?","?","R","E","R","T","?","M","?","M","T","R","B"],"character_chosen":"DEFECT","items_purchased":["Self Repair","Lantern","Beam Cell"],"campfire_rested":0,"item_purchase_floors":[3,20,20],"current_hp_per_floor":[75,60,60,60,60,60,63,63,63,69,63,69,69,62,62,42,62,58,58,69,69,69,69,60,60,60,60,56,56,33,33,33,0,0],"gold":273,"neow_bonus":"REMOVE_CARD","is_daily":false,"chose_seed":false,"campfire_upgraded":6,"win_rate":0.0,"timestamp":1610136534,"path_taken":["M","?","$","?","?","R","M","R","T","?","E","M","E","M","R","BOSS","M","?","$","?","?","R","E","R","T","?","M","?","?","?","R","BOSS"],"items_purchased_type":["Card","Relic","Card"],"build_version":"2020-12-22","purchased_purges":2,"victory":false,"max_hp_per_floor":[75,75,75,69,69,69,69,69,69,69,69,69,69,69,69,69,69,69,69,69,69,69,69,69,69,69,69,69,69,69,69,69,69,69],"card_choices":[{"not_picked":["Hologram","Coolheaded"],"picked":"Gash","floor":1},{"not_picked":["Rebound","Beam Cell"],"picked":"Go for the Eyes","floor":7},{"not_picked":["Defragment","Hologram"],"picked":"Scrape","floor":10},{"not_picked":["Consume","Hello World"],"picked":"Steam","floor":11},{"not_picked":["Coolheaded","BootSequence","Loop"],"picked":"SKIP","floor":12},{"not_picked":["Recycle","Loop"],"picked":"Beam Cell","floor":13},{"not_picked":["Conserve Battery","Darkness"],"picked":"Sweeping Beam","floor":14},{"not_picked":["Thunder Strike","Amplify"],"picked":"All For One","floor":16},{"not_picked":["Skim+1","Lockon+1"],"picked":"Beam Cell","floor":18},{"not_picked":["Steam","Leap","Tempest"],"picked":"SKIP","floor":24},{"not_picked":["Coolheaded","Redo","Static Discharge"],"picked":"SKIP","floor":28},{"not_picked":["Defragment","Barrage+1"],"picked":"Skim+1","floor":30}],"player_experience":1062022,"relics_obtained":[{"floor":9,"key":"Pantograph"},{"floor":11,"key":"CeramicFish"},{"floor":13,"key":"MealTicket"},{"floor":24,"key":"Shuriken"},{"floor":26,"key":"Bottled Lightning"}],"event_choices":[{"damage_healed":0,"gold_gain":0,"player_choice":"Entered Light","damage_taken":15,"max_hp_gain":0,"max_hp_loss":0,"event_name":"Shining Light","floor":2,"gold_loss":0,"cards_upgraded":["Strike_B","Defend_B"]},{"damage_healed":0,"gold_gain":0,"player_choice":"Lose Max HP","damage_taken":0,"relics_obtained":["Golden Idol"],"max_hp_gain":0,"max_hp_loss":6,"event_name":"Golden Idol","floor":4,"gold_loss":0},{"damage_healed":0,"gold_gain":0,"player_choice":"Grow","damage_taken":0,"max_hp_gain":0,"max_hp_loss":0,"event_name":"Living Wall","floor":5,"gold_loss":0,"cards_upgraded":["Zap"]},{"damage_healed":0,"gold_gain":0,"player_choice":"Opened","damage_taken":0,"relics_obtained":["Sundial"],"max_hp_gain":0,"max_hp_loss":0,"event_name":"The Mausoleum","floor":19,"gold_loss":0,"cards_obtained":["Writhe"]},{"damage_healed":0,"gold_gain":0,"player_choice":"Ignored","damage_taken":0,"max_hp_gain":0,"max_hp_loss":0,"event_name":"Vampires","floor":21,"gold_loss":0},{"damage_healed":0,"gold_gain":0,"player_choice":"Read","damage_taken":0,"max_hp_gain":0,"max_hp_loss":0,"event_name":"The Library","floor":22,"gold_loss":0,"cards_obtained":["Streamline"]},{"damage_healed":0,"gold_gain":0,"player_choice":"Inject Mutagens","damage_taken":0,"relics_obtained":["MutagenicStrength"],"max_hp_gain":0,"max_hp_loss":0,"event_name":"Drug Dealer","floor":27,"gold_loss":0},{"cards_removed":["Strike_B"],"damage_healed":0,"gold_gain":0,"player_choice":"Elegance","damage_taken":0,"max_hp_gain":0,"max_hp_loss":0,"event_name":"Back to Basics","floor":29,"gold_loss":0}],"is_beta":false,"boss_relics":[{"not_picked":["Cursed Key","Busted Crown"],"picked":"Philosopher\u0027s Stone"}],"items_purged_floors":[3,20],"is_endless":false,"potions_floor_spawned":[7,13,18,24],"killed_by":"Champ","ascension_level":5}}