{"host":"3jjxuhjpio8e4zkv","time":1610083157,"event":{"mods":["BaseMod","Colored Map","Highlight Path","Minty Spire (QoL Compilation)","Permanent Neow","Relic Stats","StSLib"],"gold_per_floor":[113,128,141,158,171,201,201,201,225,225,265,265,30,30,30,119,119,134,157,173,196,196,196],"floor_reached":22,"playtime":1074,"items_purged":["Strike_G"],"score":396,"play_id":"0514f5c1-6dc9-431b-bc9a-ea1960309624","local_time":"20210108001917","is_ascension_mode":true,"campfire_choices":[{"data":"Crippling Poison","floor":8,"key":"SMITH"},{"floor":10,"key":"REST"},{"data":"Deadly Poison","floor":15,"key":"SMITH"}],"circlet_count":0,"master_deck":["AscendersBane","Survivor","Neutralize","Finesse","Bane","Bane","Blade Dance","Crippling Poison+1","Calculated Gamble","Deadly Poison+1","Finesse","Burst","Footwork","Calculated Gamble","Terror","Catalyst","Flying Knee","After Image","Slice","Blade Dance","Storm of Steel","Eviscerate+1","Backstab+1"],"relics":["Ring of the Snake","Boot","Golden Idol","Orichalcum","Akabeko","Pandora\u0027s Box"],"acts_visited":["Exordium","TheCity"],"potions_floor_usage":[4,6,16,21,22],"damage_taken":[{"damage":6,"enemies":"Small Slimes","floor":1,"turns":6},{"damage":0,"enemies":"2 Louse","floor":2,"turns":4},{"damage":14,"enemies":"Jaw Worm","floor":3,"turns":4},{"damage":3,"enemies":"Exordium Thugs","floor":4,"turns":6},{"damage":8,"enemies":"3 Louse","floor":5,"turns":3},{"damage":18,"enemies":"Lagavulin","floor":6,"turns":6},{"damage":21,"enemies":"Gremlin Nob","floor":11,"turns":4},{"damage":9,"enemies":"The Guardian","floor":16,"turns":10},{"damage":5,"enemies":"Shell Parasite","floor":18,"turns":4},{"damage":11,"enemies":"Spheric Guardian","floor":19,"turns":5},{"damage":23,"enemies":"Snecko","floor":20,"turns":5},{"damage":10,"enemies":"3 Cultists","floor":21,"turns":5},{"damage":10,"enemies":"Snake Plant","floor":22,"turns":1}],"seed_played":"-1640866987799042964","potions_obtained":[{"floor":2,"key":"DistilledChaos"},{"floor":4,"key":"BlessingOfTheForge"},{"floor":11,"key":"SpeedPotion"},{"floor":20,"key":"ColorlessPotion"},{"floor":21,"key":"Fruit Juice"}],"is_trial":false,"path_per_floor":["M","M","M","M","M","E","?","R","T","R","E","?","$","?","R","B",null,"M","M","M","M","M"],"character_chosen":"THE_SILENT","items_purchased":["Dexterity Potion","Finesse"],"campfire_rested":1,"item_purchase_floors":[13,13],"current_hp_per_floor":[53,53,39,36,28,10,10,10,10,28,7,7,7,27,27,18,50,45,34,11,1,0,0],"gold":196,"neow_bonus":"RANDOM_COLORLESS","is_daily":false,"chose_seed":false,"campfire_upgraded":2,"win_rate":0.0,"timestamp":1610083157,"path_taken":["M","M","M","M","M","E","?","R","T","R","E","?","$","?","R","BOSS","M","M","M","M","M"],"items_purchased_type":["Potion","Card"],"build_version":"2020-12-22","purchased_purges":1,"victory":false,"max_hp_per_floor":[66,66,66,66,66,66,60,60,60,60,60,60,60,60,60,60,60,60,60,60,60,65,65],"relic_stats":{"counters":[13,63],"Golden Idol":42,"Pandora\u0027s Box":["Footwork","Calculated Gamble","Terror","Catalyst","Flying Knee","After Image","Slice","Blade Dance","Storm of Steel"],"Orichalcum":[24],"Boot":[57],"obtain_stats":[{"Golden Idol":7,"Pandora\u0027s Box":17,"Orichalcum":9,"Boot":6,"Akabeko":11,"Ring of the Snake":0},{"Golden Idol":6,"Pandora\u0027s Box":8,"Orichalcum":6,"Boot":6,"Akabeko":7,"Ring of the Snake":0},{"Golden Idol":29,"Pandora\u0027s Box":43,"Orichalcum":29,"Boot":29,"Akabeko":33,"Ring of the Snake":0}],"Ring of the Snake":[26]},"card_choices":[{"not_picked":["Purity","Jack Of All Trades"],"picked":"Finesse","floor":0},{"not_picked":["Dodge and Roll","Concentrate"],"picked":"Bane","floor":1},{"not_picked":["Infinite Blades","Expertise"],"picked":"Bane","floor":2},{"not_picked":["Expertise","Acrobatics"],"picked":"Blade Dance","floor":3},{"not_picked":["Noxious Fumes","Distraction"],"picked":"Crippling Poison","floor":4},{"not_picked":["Dodge and Roll","Well Laid Plans","Infinite Blades"],"picked":"SKIP","floor":5},{"not_picked":["Dagger Throw","Slice"],"picked":"Calculated Gamble","floor":6},{"not_picked":["Bullet Time","Escape Plan"],"picked":"Deadly Poison","floor":11},{"not_picked":["Malaise","Tools of the Trade"],"picked":"Burst","floor":16},{"not_picked":["Deadly Poison","All Out Attack","Heel Hook"],"picked":"SKIP","floor":18},{"not_picked":["Underhanded Strike","All Out Attack"],"picked":"Eviscerate+1","floor":19},{"not_picked":["Deadly Poison","Catalyst"],"picked":"Backstab+1","floor":20},{"not_picked":["Underhanded Strike","Outmaneuver","Dagger Throw+1"],"picked":"SKIP","floor":21}],"player_experience":1181314,"relics_obtained":[{"floor":6,"key":"Boot"},{"floor":9,"key":"Orichalcum"},{"floor":11,"key":"Akabeko"}],"event_choices":[{"damage_healed":0,"gold_gain":0,"player_choice":"Lose Max HP","damage_taken":0,"relics_obtained":["Golden Idol"],"max_hp_gain":0,"max_hp_loss":6,"event_name":"Golden Idol","floor":7,"gold_loss":0},{"damage_healed":0,"gold_gain":0,"player_choice":"Ignored","damage_taken":0,"max_hp_gain":0,"max_hp_loss":0,"event_name":"Shining Light","floor":12,"gold_loss":0},{"damage_healed":20,"gold_gain":0,"player_choice":"Banana","damage_taken":0,"max_hp_gain":0,"max_hp_loss":0,"event_name":"Big Fish","floor":14,"gold_loss":0}],"is_beta":false,"boss_relics":[{"not_picked":["Astrolabe","Calling Bell"],"picked":"Pandora\u0027s Box"}],"items_purged_floors":[13],"is_endless":false,"potions_floor_spawned":[2,4,11,20,21],"killed_by":"Snake Plant","ascension_level":20}}