{"host":"mfnyjbfkyfsz33u9","time":1610149529,"event":{"mods":["2.2 Compatiblity","BaseMod","Colored Powertips","Downfall","Marisa£¨Ùöéë¡¡Øª×âÞÞ£©","Minty Spire (QoL Compilation)","Rare Cards Sparkle","Replay The Spire","StSLib","SuperFastMode","The Cursed"],"gold_per_floor":[112,61,61,76,76,101,101,136,161,182,228,256,293,129,129,235,235,264,464,117,169,169,220,220,220,220,70,124,148,185,223,223,337,337,373,407,12,12,47,47,104,16,16,47,74,74,112,149,149,185,185,185,0,47,51,51],"floor_reached":55,"playtime":2365,"items_purged":["Strike_G","Defend_G+1","Slice"],"score":702,"play_id":"b18b5e12-6bb7-4c9d-9d06-f25a1cd25bf1","local_time":"20210109084529","is_ascension_mode":true,"campfire_choices":[{"data":"Neutralize","floor":7.0,"key":"SMITH"},{"data":"ReplayTheSpireMod:Scrap Shanks","floor":15.0,"key":"SMITH"},{"data":"Prepared","floor":24.0,"key":"SMITH"},{"data":"Finisher","floor":32.0,"key":"SMITH"},{"floor":40.0,"key":"REST"},{"data":"Expertise","floor":46.0,"key":"SMITH"},{"floor":49,"key":"RECALL"},{"data":"Acrobatics","floor":52,"key":"SMITH"}],"circlet_count":0,"master_deck":["Strike_G+1","Defend_G+1","Defend_G+1","Survivor","Neutralize+1","Dagger Throw","All Out Attack+1","Acrobatics+1","Die Die Die","PiercingWail","Terror","ReplayTheSpireMod:Scrap Shanks+1","Bandage Up","Unload","CurseOfTheBell","Expertise+1","Finisher+1","Prepared+1","Tactician+1","After Image","Reflex+1","Masterful Stab+1","Night Terror+1","Fluid Movement","A Thousand Cuts","Midas Touch","Outmaneuver","Magnetism","Crippling Poison"],"relics":["Ring of the Snake","NeowsBlessing","Regal Pillow","Potion Belt","Replay:Bandana","Replay:Wax Seal","Unceasing Top","Calling Bell","Smiling Mask","Onion Ring","Thread and Needle","Oddly Smooth Stone","StoneCalendar","Happy Flower","ClockworkSouvenir","Pet Ghost","Astrolabe","Membership Card","Byrd Skull","Bronze Scales","Toolbox","Replay:WaspNest"],"acts_visited":["Exordium","TheCity","TheBeyond","TheEnding"],"potions_floor_usage":[50,50,54,55,55,55],"damage_taken":[{"damage":0.0,"enemies":"Jaw Worm","floor":1.0,"turns":1.0},{"damage":0.0,"enemies":"Cultist","floor":4.0,"turns":1.0},{"damage":0.0,"enemies":"Lagavulin","floor":6.0,"turns":1.0},{"damage":10.0,"enemies":"3 Sentries","floor":8.0,"turns":6.0},{"damage":0.0,"enemies":"2 Louse","floor":10.0,"turns":1.0},{"damage":9.0,"enemies":"Gremlin Nob","floor":11.0,"turns":4.0},{"damage":0.0,"enemies":"Red Slaver","floor":12.0,"turns":4.0},{"damage":8.0,"enemies":"Lagavulin","floor":13.0,"turns":6.0},{"damage":28.0,"enemies":"The Guardian","floor":16.0,"turns":9.0},{"damage":0.0,"enemies":"Chosen","floor":18.0,"turns":2.0},{"damage":5.0,"enemies":"3 Byrds","floor":21.0,"turns":4.0},{"damage":32.0,"enemies":"Slavers","floor":23.0,"turns":4.0},{"damage":0.0,"enemies":"Gremlin Leader","floor":28.0,"turns":6.0},{"damage":0.0,"enemies":"Snake Plant","floor":29.0,"turns":3.0},{"damage":0.0,"enemies":"Centurion and Healer","floor":30.0,"turns":5.0},{"damage":0.0,"enemies":"Cultist and Chosen","floor":31.0,"turns":4.0},{"damage":28.0,"enemies":"Champ","floor":33.0,"turns":9.0},{"damage":0.0,"enemies":"3 Darklings","floor":35.0,"turns":3.0},{"damage":20.0,"enemies":"3 Shapes","floor":36.0,"turns":5.0},{"damage":13.0,"enemies":"3 Darklings","floor":39.0,"turns":3.0},{"damage":28.0,"enemies":"Giant Head","floor":41.0,"turns":6.0},{"damage":0.0,"enemies":"Spire Growth","floor":44.0,"turns":6.0},{"damage":0.0,"enemies":"Maw","floor":45.0,"turns":6.0},{"damage":15.0,"enemies":"Nemesis","floor":47.0,"turns":9.0},{"damage":0.0,"enemies":"Writhing Mass","floor":48.0,"turns":3.0},{"damage":19,"enemies":"Replay:Hell Engine","floor":50,"turns":6},{"damage":73,"enemies":"Shield and Spear","floor":54,"turns":8},{"damage":47,"enemies":"The Heart","floor":55,"turns":3}],"seed_played":"641546833632203556","potions_obtained":[{"floor":1.0,"key":"Energy Potion"},{"floor":8.0,"key":"Dexterity Potion"},{"floor":11.0,"key":"Adrenaline Potion"},{"floor":16.0,"key":"ColorlessPotion"},{"floor":18.0,"key":"Strength Potion"},{"floor":23.0,"key":"SneckoOil"},{"floor":30.0,"key":"Explosive Potion"},{"floor":33.0,"key":"Fruit Juice"},{"floor":35.0,"key":"Swift Potion"},{"floor":47.0,"key":"Swift Potion"},{"floor":48.0,"key":"LiquidMemories"}],"is_trial":false,"path_per_floor":["M","$","?","M","?","E","R","E","T","M","E","M","E","$","R","B",null,"M","?","$","M","?","E","R","?","T","$","E","M","M","M","R","B",null,"M","M","$","?","M","R","E","$","T","M","M","R","E","M","R","B",null,"R","$","E","B"],"character_chosen":"THE_SILENT","items_purchased":["All Out Attack+1","ReplayTheSpireMod:Scrap Shanks","Bandage Up","Oddly Smooth Stone","Expertise","Finisher","ClockworkSouvenir","Membership Card","A Thousand Cuts","Midas Touch","Outmaneuver","Magnetism","Toolbox","Venom Potion","ColorlessPotion"],"campfire_rested":1,"item_purchase_floors":[2,14,14,20,20,20,27,37,37,37,37,42,53,53,53],"current_hp_per_floor":[70,70,70,70,70,70,70,60,60,60,51,51,43,43,43,19,70,70,70,70,69,69,41,41,41,41,41,45,49,53,57,57,33,75,75,55,55,55,42,75,47,47,47,51,55,55,44,48,48,33,75,75,75,2,0,0],"gold":51,"neow_bonus":"THREE_ENEMY_KILL","is_daily":false,"chose_seed":false,"campfire_upgraded":6,"win_rate":0.0,"timestamp":1610149529,"path_taken":["M","$","?","?","?","E","R","E","T","M","E","?","E","$","R","BOSS","M","?","?","M","?","E","R","?","T","?","E","M","?","M","R","BOSS","M","?","$","?","?","R","E","?","T","M","M","R","E","M","R","BOSS","R","$","E","BOSS"],"items_purchased_type":["Card","Card","Card","Relic","Card","Card","Relic","Relic","Card","Card","Card","Card","Relic","Potion","Potion"],"build_version":"2020-12-22","purchased_purges":3,"victory":false,"max_hp_per_floor":[70,70,70,70,70,70,70,70,70,70,70,70,70,70,70,70,70,70,70,70,70,70,70,70,70,70,70,70,70,70,70,70,70,75,75,75,75,75,75,75,75,75,75,75,75,75,75,75,75,75,75,75,75,75,75,75],"card_choices":[{"not_picked":["ReplayTheSpireMod:Tripwire","ReplayTheSpireMod:Exploit Weakness"],"picked":"Dagger Throw","floor":1.0},{"not_picked":["Hidden Blade","Dagger Throw"],"picked":"Acrobatics","floor":4.0},{"not_picked":["Prepared","Quick Slash"],"picked":"Slice","floor":6.0},{"not_picked":["Acrobatics","Skewer"],"picked":"Die Die Die","floor":8.0},{"not_picked":["Underhanded Strike","Quick Slash"],"picked":"PiercingWail","floor":10.0},{"not_picked":["Slice","PiercingWail","Acrobatics"],"picked":"SKIP","floor":11.0},{"not_picked":["Underhanded Strike","Hidden Blade"],"picked":"Terror","floor":12.0},{"not_picked":["Flying Knee","Sucker Punch","Dagger Throw"],"picked":"SKIP","floor":13.0},{"not_picked":["Phantasmal Killer","Wraith Form v2"],"picked":"Unload","floor":16.0},{"not_picked":["Caltrops","Leg Sweep","Dagger Throw"],"picked":"SKIP","floor":18.0},{"not_picked":["Heel Hook+1","Dodge and Roll","Underhanded Strike+1"],"picked":"SKIP","floor":21.0},{"not_picked":["Well Laid Plans","Die Die Die"],"picked":"Tactician+1","floor":23.0},{"not_picked":["Poisoned Stab","Dodge and Roll","Backflip"],"picked":"SKIP","floor":28.0},{"not_picked":["Acrobatics","Flying Knee","Endless Agony"],"picked":"SKIP","floor":29.0},{"not_picked":["Flying Knee","Outmaneuver+1","Dash+1"],"picked":"SKIP","floor":30.0},{"not_picked":["PiercingWail","Tactician+1","Outmaneuver"],"picked":"SKIP","floor":31.0},{"not_picked":["PiercingWail","Tactician+1","Outmaneuver"],"picked":"SKIP","floor":31.0},{"not_picked":["ReplayTheSpireMod:From All Sides","Replay:Bag of Tricks"],"picked":"After Image","floor":33.0},{"not_picked":["Masterful Stab+1","Prepared+1","Draining Mist+1"],"picked":"SKIP","floor":35.0},{"not_picked":["Quick Slash","Backflip"],"picked":"Fluid Movement","floor":36.0},{"not_picked":["Skewer","Dagger Spray","Acrobatics+1"],"picked":"SKIP","floor":39.0},{"not_picked":["Prepared+1","Unload","Flying Knee"],"picked":"SKIP","floor":41.0},{"not_picked":["ReplayTheSpireMod:Exploit Weakness","Infinite Blades","ReplayTheSpireMod:The Works+1"],"picked":"SKIP","floor":44.0},{"not_picked":["Deadly Poison","Well Laid Plans+1","Flying Knee+1"],"picked":"SKIP","floor":45.0},{"not_picked":["Poisoned Stab","PiercingWail","Heel Hook"],"picked":"SKIP","floor":47.0},{"not_picked":["Dagger Spray","Well Laid Plans","Caltrops+1"],"picked":"SKIP","floor":48.0},{"not_picked":["Quick Slash","Acrobatics+1"],"picked":"Crippling Poison","floor":54}],"player_experience":21776,"relics_obtained":[{"floor":6.0,"key":"Regal Pillow"},{"floor":8.0,"key":"Potion Belt"},{"floor":9.0,"key":"Replay:Bandana"},{"floor":11.0,"key":"Replay:Wax Seal"},{"floor":13.0,"key":"Unceasing Top"},{"floor":17.0,"key":"Smiling Mask"},{"floor":17.0,"key":"Onion Ring"},{"floor":17.0,"key":"Thread and Needle"},{"floor":23.0,"key":"StoneCalendar"},{"floor":26.0,"key":"Happy Flower"},{"floor":28.0,"key":"Pet Ghost"},{"floor":41.0,"key":"Byrd Skull"},{"floor":47.0,"key":"Bronze Scales"},{"floor":54,"key":"Replay:WaspNest"}],"event_choices":[{"damage_healed":0.0,"max_hp_gain":0.0,"max_hp_loss":0.0,"gold_gain":0.0,"cards_transformed":["Strike_G"],"event_name":"Transmorgrifier","player_choice":"Transformed","floor":3.0,"gold_loss":0.0,"damage_taken":0.0,"cards_obtained":["Dagger Throw"]},{"cards_removed":["Dagger Throw"],"damage_healed":5.0,"max_hp_gain":0.0,"max_hp_loss":0.0,"gold_gain":0.0,"event_name":"Bonfire Elementals","player_choice":"Offered Common","floor":5.0,"gold_loss":0.0,"damage_taken":0.0},{"cards_removed":["Dagger Throw"],"damage_healed":5.0,"max_hp_gain":0.0,"max_hp_loss":0.0,"gold_gain":0.0,"event_name":"Bonfire Elementals","player_choice":"Offered Special","floor":5.0,"gold_loss":0.0,"damage_taken":0.0},{"damage_healed":0.0,"max_hp_gain":0.0,"max_hp_loss":0.0,"gold_gain":200.0,"event_name":"Wheel of Change","player_choice":"Gold","floor":19.0,"gold_loss":0.0,"damage_taken":0.0},{"damage_healed":0.0,"max_hp_gain":0.0,"max_hp_loss":0.0,"gold_gain":0.0,"event_name":"The Library","player_choice":"Read","floor":22.0,"gold_loss":0.0,"damage_taken":0.0,"cards_obtained":["Prepared"]},{"damage_healed":0.0,"max_hp_gain":0.0,"max_hp_loss":0.0,"gold_gain":0.0,"event_name":"Back to Basics","player_choice":"Simplicity","floor":25.0,"gold_loss":0.0,"damage_taken":0.0,"cards_upgraded":["Strike_G","Strike_G","Strike_G","Defend_G","Defend_G","Defend_G","Defend_G","Defend_G"]},{"cards_removed":["Defend_G"],"damage_healed":0.0,"max_hp_gain":0.0,"max_hp_loss":0.0,"gold_gain":0.0,"event_name":"Purifier","player_choice":"Purged","floor":38.0,"gold_loss":0.0,"damage_taken":0.0}],"is_beta":false,"boss_relics":[{"not_picked":["Ectoplasm","Tiny House"],"picked":"Calling Bell"},{"not_picked":["Empty Cage","SlaversCollar"],"picked":"Astrolabe"}],"items_purged_floors":[20,37,53],"is_endless":false,"potions_floor_spawned":[1,8,11,16,18,23,30,33,35,47,48],"killed_by":"The Heart","ascension_level":1}}