{"host":"Qube","time":1610149559,"event":{"mods":["AchievementEnabler","BaseMod","Colored Map","Colored Powertips","Minty Spire (QoL Compilation)","Quick Restart","Random Character Button","StSLib"],"gold_per_floor":[117,133,133,16,16,41,41,66,114,141,151,171,171,187,187,264,264,277,277,290,302,316,316,316,316],"floor_reached":24,"playtime":1172,"items_purged":[],"score":474,"play_id":"49f54c67-0cb3-4eda-b776-99467d3d4633","local_time":"20210108154559","is_ascension_mode":true,"campfire_choices":[{"data":"Inflame","floor":7.0,"key":"SMITH"},{"data":"Fiend Fire","floor":13.0,"key":"SMITH"},{"data":"Flame Barrier","floor":15.0,"key":"SMITH"},{"data":"True Grit","floor":23.0,"key":"SMITH"}],"circlet_count":0,"master_deck":["AscendersBane","Strike_R","Strike_R","Strike_R","Strike_R","Defend_R","Defend_R","Defend_R","Defend_R","Bash","Reckless Charge","Spot Weakness","Warcry","Inflame+1","Iron Wave","Flame Barrier+1","True Grit+1","Sentinel","Uppercut","Fiend Fire+1","Heavy Blade","Feed","Shrug It Off+1","Fiend Fire+1","Heavy Blade","Twin Strike"],"relics":["Burning Blood","NeowsBlessing","Orichalcum","Pocketwatch","Smiling Mask","Question Card","SlaversCollar"],"acts_visited":["Exordium","TheCity"],"potions_floor_usage":[],"damage_taken":[{"damage":0.0,"enemies":"2 Louse","floor":1.0,"turns":1.0},{"damage":0.0,"enemies":"Cultist","floor":2.0,"turns":1.0},{"damage":0.0,"enemies":"3 Sentries","floor":6.0,"turns":2.0},{"damage":46.0,"enemies":"Gremlin Nob","floor":8.0,"turns":5.0},{"damage":16.0,"enemies":"3 Sentries","floor":10.0,"turns":8.0},{"damage":2.0,"enemies":"Jaw Worm","floor":11.0,"turns":5.0},{"damage":0.0,"enemies":"2 Fungi Beasts","floor":12.0,"turns":3.0},{"damage":4.0,"enemies":"Lots of Slimes","floor":14.0,"turns":4.0},{"damage":21.0,"enemies":"Hexaghost","floor":16.0,"turns":7.0},{"damage":11.0,"enemies":"3 Byrds","floor":18.0,"turns":6.0},{"damage":24.0,"enemies":"Shell Parasite","floor":20.0,"turns":5.0},{"damage":4.0,"enemies":"Sentry and Sphere","floor":21.0,"turns":4.0},{"damage":7.0,"enemies":"Centurion and Healer","floor":22.0,"turns":5.0},{"damage":48,"enemies":"Slavers","floor":24,"turns":4}],"seed_played":"-4219234835437326478","potions_obtained":[{"floor":2.0,"key":"FearPotion"},{"floor":10.0,"key":"DistilledChaos"},{"floor":20.0,"key":"DistilledChaos"},{"floor":22.0,"key":"Fire Potion"}],"is_trial":false,"path_per_floor":["M","M","?","$","?","E","R","E","T","E","M","M","R","M","R","B",null,"M","?","M","M","M","R","E"],"character_chosen":"IRONCLAD","items_purchased":["Inflame","Iron Wave"],"campfire_rested":0,"item_purchase_floors":[4,4],"current_hp_per_floor":[74,75,75,75,75,75,75,35,35,25,29,35,35,37,37,22,62,57,57,39,44,43,43,0,0],"gold":316,"neow_bonus":"THREE_ENEMY_KILL","is_daily":false,"chose_seed":false,"campfire_upgraded":4,"win_rate":0.0,"timestamp":1610149559,"path_taken":["M","M","?","?","?","E","R","E","T","E","M","M","R","?","R","BOSS","M","?","M","M","M","R","E"],"items_purchased_type":["Card","Card"],"build_version":"2020-12-18","purchased_purges":0,"victory":false,"max_hp_per_floor":[75,75,75,75,75,75,75,75,75,75,75,75,75,75,75,75,75,75,75,75,78,78,78,78,78],"card_choices":[{"not_picked":["Clash","Clothesline"],"picked":"Reckless Charge","floor":1.0},{"not_picked":["Thunderclap","Cleave"],"picked":"Spot Weakness","floor":2.0},{"not_picked":["Clothesline","Sword Boomerang"],"picked":"Flame Barrier","floor":6.0},{"not_picked":["Wild Strike","Perfected Strike"],"picked":"True Grit","floor":8.0},{"not_picked":["Thunderclap","Metallicize"],"picked":"Sentinel","floor":10.0},{"not_picked":["Dark Embrace","Havoc","Headbutt"],"picked":"Uppercut","floor":11.0},{"not_picked":["Pommel Strike","Flex","Headbutt"],"picked":"Fiend Fire","floor":12.0},{"not_picked":["Carnage","Body Slam","Wild Strike"],"picked":"Heavy Blade","floor":14.0},{"not_picked":["Juggernaut","Immolate","Berserk"],"picked":"Feed","floor":16.0},{"not_picked":["Perfected Strike","Clothesline","Iron Wave"],"picked":"Shrug It Off+1","floor":18.0},{"not_picked":["Body Slam+1","Havoc+1","Flex"],"picked":"Heavy Blade","floor":20.0},{"not_picked":["Heavy Blade","Headbutt","Cleave","Havoc"],"picked":"SKIP","floor":21.0},{"not_picked":["Rupture","Infernal Blade","Rage"],"picked":"Twin Strike","floor":22.0}],"player_experience":851751,"relics_obtained":[{"floor":6.0,"key":"Orichalcum"},{"floor":8.0,"key":"Pocketwatch"},{"floor":9.0,"key":"Smiling Mask"},{"floor":10.0,"key":"Question Card"}],"event_choices":[{"damage_healed":0.0,"max_hp_gain":0.0,"max_hp_loss":0.0,"gold_gain":0.0,"cards_transformed":["Strike_R"],"event_name":"Transmorgrifier","player_choice":"Transformed","floor":3.0,"gold_loss":0.0,"damage_taken":0.0,"cards_obtained":["Warcry"]},{"damage_healed":0.0,"max_hp_gain":0.0,"max_hp_loss":0.0,"gold_gain":0.0,"event_name":"Liars Game","player_choice":"Ignored","floor":5.0,"gold_loss":0.0,"damage_taken":0.0},{"damage_healed":0.0,"max_hp_gain":0.0,"max_hp_loss":0.0,"gold_gain":0.0,"event_name":"Duplicator","player_choice":"Copied","floor":19.0,"gold_loss":0.0,"damage_taken":0.0,"cards_obtained":["Fiend Fire"]}],"is_beta":true,"boss_relics":[{"not_picked":["SacredBark","Sozu"],"picked":"SlaversCollar"}],"items_purged_floors":[],"is_endless":false,"potions_floor_spawned":[2,10,20,22],"killed_by":"Slavers","ascension_level":19}}