{"host":"7nm1ow5v9mg4ehcw","time":1610144993,"event":{"mods":["BaseMod","Highlight Path","Minty Spire (QoL Compilation)","StSLib"],"gold_per_floor":[161,20,36,36,36,36,62,62,62,90,90,120,135,150,150,252,252,270,118,118,138,158,184,184,202,202,202,212,238,248,283,283,383,383,395,395,395,35,90,90,90],"floor_reached":40,"playtime":2557,"items_purged":["Strike_G","Strike_G"],"score":512,"play_id":"36252cee-04f8-4b69-b98b-1e2ba76a6089","local_time":"20210108232953","is_ascension_mode":false,"campfire_choices":[{"data":"Noxious Fumes","floor":6.0,"key":"SMITH"},{"data":"After Image","floor":8.0,"key":"SMITH"},{"floor":11.0,"key":"RECALL"},{"floor":15.0,"key":"DIG"},{"floor":24.0,"key":"REST"},{"floor":32,"key":"REST"}],"circlet_count":0,"master_deck":["Strike_G","Strike_G","Defend_G","Defend_G","Defend_G","Defend_G","Defend_G","Survivor+1","Footwork","Dagger Spray","Noxious Fumes+1","Escape Plan","After Image+1","Corpse Explosion","Catalyst","Cloak And Dagger","Tools of the Trade","Escape Plan","Footwork","Burst","Catalyst","Blur","Dodge and Roll+1","Cloak And Dagger","Escape Plan+1","Envenom","Deadly Poison+1"],"relics":["Tiny House","Lizard Tail","Blood Vial","Tiny Chest","Shovel","Nunchaku","SlaversCollar","Happy Flower","The Courier","Smiling Mask","Shuriken","Fusion Hammer","Frozen Eye","Frozen Egg 2","Ginger"],"acts_visited":["Exordium","TheCity","TheBeyond"],"potions_floor_usage":[31],"damage_taken":[{"damage":2.0,"enemies":"Cultist","floor":1.0,"turns":4.0},{"damage":0.0,"enemies":"Jaw Worm","floor":3.0,"turns":5.0},{"damage":8.0,"enemies":"Gremlin Nob","floor":7.0,"turns":6.0},{"damage":3.0,"enemies":"Lagavulin","floor":10.0,"turns":7.0},{"damage":14.0,"enemies":"3 Sentries","floor":12.0,"turns":4.0},{"damage":4.0,"enemies":"Small Slimes","floor":13.0,"turns":4.0},{"damage":6.0,"enemies":"3 Louse","floor":14.0,"turns":3.0},{"damage":1.0,"enemies":"The Guardian","floor":16.0,"turns":12.0},{"damage":3.0,"enemies":"Chosen","floor":18.0,"turns":7.0},{"damage":25.0,"enemies":"2 Thieves","floor":21.0,"turns":5.0},{"damage":24.0,"enemies":"Chosen and Byrds","floor":22.0,"turns":9.0},{"damage":0.0,"enemies":"Book of Stabbing","floor":23.0,"turns":9.0},{"damage":7.0,"enemies":"Snake Plant","floor":25.0,"turns":6.0},{"damage":0.0,"enemies":"Centurion and Healer","floor":28.0,"turns":9.0},{"damage":22.0,"enemies":"Slavers","floor":29.0,"turns":5.0},{"damage":3,"enemies":"Cultist and Chosen","floor":30,"turns":4},{"damage":28,"enemies":"Gremlin Leader","floor":31,"turns":12},{"damage":6,"enemies":"Champ","floor":33,"turns":14},{"damage":0,"enemies":"3 Shapes","floor":35,"turns":5},{"damage":104,"enemies":"2 Orb Walkers","floor":39,"turns":6},{"damage":35,"enemies":"Reptomancer","floor":40,"turns":2}],"seed_played":"-7279538214500153402","potions_obtained":[{"floor":0.0,"key":"CunningPotion"},{"floor":1.0,"key":"SneckoOil"},{"floor":12.0,"key":"PowerPotion"},{"floor":16.0,"key":"Dexterity Potion"},{"floor":21.0,"key":"SkillPotion"},{"floor":22.0,"key":"Weak Potion"},{"floor":30,"key":"Fruit Juice"}],"is_trial":false,"path_per_floor":["M","$","M","$","?","R","E","R","T","E","R","E","M","M","R","B",null,"M","$","?","M","M","E","R","M","T","T","M","E","M","E","R","B",null,"M","?","?","$","?","E"],"character_chosen":"THE_SILENT","items_purchased":["Noxious Fumes","EssenceOfSteel","Footwork","Frozen Eye","Frozen Egg 2"],"campfire_rested":2,"item_purchase_floors":[2,2,19,38,38],"current_hp_per_floor":[73,73,73,73,73,73,65,65,65,64,64,52,50,46,46,47,75,72,72,72,49,27,29,51,46,46,46,48,28,27,6,30,26,80,80,76,76,76,18,0,0],"gold":90,"neow_bonus":"BOSS_RELIC","is_daily":false,"chose_seed":false,"campfire_upgraded":2,"win_rate":0.0,"timestamp":1610144993,"path_taken":["M","$","M","?","?","R","E","R","T","E","R","E","M","?","R","BOSS","M","$","?","?","M","E","R","M","T","?","M","E","M","E","R","BOSS","M","?","?","$","?","E"],"items_purchased_type":["Card","Potion","Card","Relic","Relic"],"build_version":"2020-12-22","purchased_purges":2,"victory":false,"max_hp_per_floor":[75,75,75,75,75,75,75,75,75,75,75,75,75,75,75,75,75,75,75,75,75,75,75,75,75,75,75,75,75,75,80,80,80,80,80,76,76,76,76,76,76],"card_choices":[{"not_picked":["Bane","Underhanded Strike"],"picked":"Footwork","floor":0.0},{"not_picked":["Riddle With Holes","Backflip"],"picked":"Dagger Spray","floor":1.0},{"not_picked":["Cloak And Dagger","Leg Sweep"],"picked":"Escape Plan","floor":3.0},{"not_picked":["Endless Agony","Outmaneuver","Backstab"],"picked":"SKIP","floor":7.0},{"not_picked":["Outmaneuver","PiercingWail"],"picked":"Corpse Explosion","floor":10.0},{"not_picked":["Flying Knee","Footwork"],"picked":"Catalyst","floor":12.0},{"not_picked":["Dodge and Roll","Deadly Poison"],"picked":"Cloak And Dagger","floor":13.0},{"not_picked":["Terror","Masterful Stab","Finisher"],"picked":"SKIP","floor":14.0},{"not_picked":["A Thousand Cuts","Venomology"],"picked":"Tools of the Trade","floor":16.0},{"not_picked":["Dodge and Roll+1","Deadly Poison"],"picked":"Escape Plan","floor":18.0},{"not_picked":["Acrobatics+1","Predator"],"picked":"Catalyst","floor":21.0},{"not_picked":["Flechettes","Dash"],"picked":"Blur","floor":22.0},{"not_picked":["Backstab","Choke"],"picked":"Dodge and Roll+1","floor":23.0},{"not_picked":["Setup+1","Dodge and Roll+1","Prepared"],"picked":"SKIP","floor":25.0},{"not_picked":["PiercingWail","Bane","Doppelganger"],"picked":"SKIP","floor":28.0},{"not_picked":["Backflip","Dagger Throw"],"picked":"Cloak And Dagger","floor":29.0},{"not_picked":["Deflect","Quick Slash","Sucker Punch"],"picked":"SKIP","floor":30},{"not_picked":["Finisher","Dagger Throw"],"picked":"Escape Plan+1","floor":31},{"not_picked":["Unload","Phantasmal Killer"],"picked":"Envenom","floor":33},{"not_picked":["Flechettes","Flying Knee"],"picked":"Deadly Poison+1","floor":35}],"player_experience":338004,"relics_obtained":[{"floor":7.0,"key":"Lizard Tail"},{"floor":9.0,"key":"Blood Vial"},{"floor":10.0,"key":"Tiny Chest"},{"floor":12.0,"key":"Shovel"},{"floor":15.0,"key":"Nunchaku"},{"floor":23.0,"key":"Happy Flower"},{"floor":26.0,"key":"The Courier"},{"floor":29.0,"key":"Smiling Mask"},{"floor":31,"key":"Shuriken"},{"floor":39,"key":"Ginger"}],"event_choices":[{"damage_healed":0.0,"max_hp_gain":0.0,"max_hp_loss":0.0,"gold_gain":0.0,"cards_transformed":["Strike_G"],"event_name":"Transmorgrifier","player_choice":"Transformed","floor":5.0,"gold_loss":0.0,"damage_taken":0.0,"cards_obtained":["After Image"]},{"damage_healed":0.0,"max_hp_gain":0.0,"max_hp_loss":0.0,"gold_gain":0.0,"event_name":"Match and Keep!","player_choice":"1 cards matched","floor":20.0,"gold_loss":0.0,"damage_taken":0.0,"cards_obtained":["Burst"]},{"damage_healed":0,"gold_gain":0,"player_choice":"Max HP","damage_taken":0,"max_hp_gain":0,"max_hp_loss":4,"event_name":"Winding Halls","floor":36,"gold_loss":0},{"cards_removed":["Neutralize"],"damage_healed":0,"gold_gain":0,"player_choice":"Removed Attack","damage_taken":0,"max_hp_gain":0,"max_hp_loss":0,"event_name":"Falling","floor":37,"gold_loss":0},{"damage_healed":0,"gold_gain":0,"player_choice":"Fight","damage_taken":0,"max_hp_gain":0,"max_hp_loss":0,"event_name":"Mysterious Sphere","floor":39,"gold_loss":0}],"is_beta":false,"boss_relics":[{"not_picked":["Coffee Dripper","Ectoplasm"],"picked":"SlaversCollar"},{"not_picked":["WristBlade","Velvet Choker"],"picked":"Fusion Hammer"}],"items_purged_floors":[19,38],"is_endless":false,"potions_floor_spawned":[1,12,13,16,21,22,30],"killed_by":"Reptomancer","ascension_level":0}}