{"host":"e4hse1vg61zltgzv","time":1610072397,"event":{"mods":["AchievementEnabler","BaseMod","Block Reminder","Colored Map","DeckTracker","GifTheSpireLib","Minty Spire (QoL Compilation)","Rare Cards Sparkle","StSLib","SuperFastMode","everything is the same but u backflip on backflip"],"gold_per_floor":[113,130,130,144,15,55,55,98,98,98,113,131,131,154,154,245,245,258,258,158,181,181,214,214,238,238,253,378,214,254,269,269,359,359,377,400,733,752,425,455,455,480,507,518,534,534,566,566,566,566,566,566,566,28,58,58],"floor_reached":57,"playtime":1259,"items_purged":["Protect","PathToVictory+1","PathToVictory+1"],"score":3609,"play_id":"092b950b-a803-4712-8c96-f0a16e141b2c","local_time":"20210108111957","is_ascension_mode":true,"campfire_choices":[{"data":"Prostrate","floor":7.0,"key":"SMITH"},{"data":"Prostrate","floor":10.0,"key":"SMITH"},{"floor":15.0,"key":"RECALL"},{"floor":24.0,"key":"REST"},{"floor":32.0,"key":"REST"},{"floor":41.0,"key":"REST"},{"floor":46.0,"key":"REST"},{"floor":49,"key":"REST"},{"floor":53,"key":"REST"}],"circlet_count":0,"master_deck":["PathToVictory+1","PathToVictory+1","Prostrate+1","Prostrate+1","Evaluate+1","EmptyMind+1","Scrawl+1","Madness+1","Madness+1"],"relics":["PureWater","Blue Candle","Frozen Egg 2","Mercury Hourglass","Runic Dome","Pocketwatch","Thread and Needle","Du-Vu Doll","Toxic Egg 2","Medical Kit","Unceasing Top","Black Star","Strawberry","Oddly Smooth Stone","War Paint","StrikeDummy","Smiling Mask","Torii","Lee\u0027s Waffle","Mango","Bag of Marbles","Red Mask","Turnip","Letter Opener"],"acts_visited":["Exordium","TheCity","TheBeyond","TheEnding"],"potions_floor_usage":[56,56],"damage_taken":[{"damage":0.0,"enemies":"2 Louse","floor":1.0,"turns":1.0},{"damage":0.0,"enemies":"Jaw Worm","floor":2.0,"turns":1.0},{"damage":0.0,"enemies":"Small Slimes","floor":4.0,"turns":1.0},{"damage":20.0,"enemies":"3 Sentries","floor":6.0,"turns":5.0},{"damage":0.0,"enemies":"Lagavulin","floor":8.0,"turns":3.0},{"damage":0.0,"enemies":"Looter","floor":11.0,"turns":1.0},{"damage":0.0,"enemies":"3 Louse","floor":12.0,"turns":2.0},{"damage":0.0,"enemies":"Large Slime","floor":14.0,"turns":2.0},{"damage":0.0,"enemies":"The Guardian","floor":16.0,"turns":3.0},{"damage":0.0,"enemies":"3 Byrds","floor":18.0,"turns":2.0},{"damage":0.0,"enemies":"Spheric Guardian","floor":21.0,"turns":2.0},{"damage":10.0,"enemies":"Book of Stabbing","floor":23.0,"turns":2.0},{"damage":0.0,"enemies":"Snecko","floor":25.0,"turns":2.0},{"damage":0.0,"enemies":"Chosen and Byrds","floor":27.0,"turns":2.0},{"damage":0.0,"enemies":"Colosseum Slavers","floor":28.0,"turns":2.0},{"damage":0.0,"enemies":"Colosseum Nobs","floor":28.0,"turns":2.0},{"damage":0.0,"enemies":"Gremlin Leader","floor":30.0,"turns":3.0},{"damage":9.0,"enemies":"Shelled Parasite and Fungi","floor":31.0,"turns":2.0},{"damage":0.0,"enemies":"Champ","floor":33.0,"turns":3.0},{"damage":0.0,"enemies":"Orb Walker","floor":35.0,"turns":2.0},{"damage":11.0,"enemies":"3 Darklings","floor":36.0,"turns":2.0},{"damage":0.0,"enemies":"Spire Growth","floor":38.0,"turns":2.0},{"damage":0.0,"enemies":"Reptomancer","floor":40.0,"turns":2.0},{"damage":0.0,"enemies":"Nemesis","floor":42.0,"turns":1.0},{"damage":0.0,"enemies":"Transient","floor":44.0,"turns":3.0},{"damage":0.0,"enemies":"3 Darklings","floor":45.0,"turns":1.0},{"damage":0.0,"enemies":"Reptomancer","floor":47.0,"turns":2.0},{"damage":0,"enemies":"Time Eater","floor":50,"turns":3},{"damage":0,"enemies":"Donu and Deca","floor":51,"turns":1},{"damage":0,"enemies":"Shield and Spear","floor":55,"turns":1},{"damage":19,"enemies":"The Heart","floor":56,"turns":4}],"seed_played":"3016135340532221538","potions_obtained":[{"floor":1.0,"key":"SpeedPotion"},{"floor":6.0,"key":"GamblersBrew"},{"floor":27.0,"key":"SneckoOil"},{"floor":35.0,"key":"DistilledChaos"}],"is_trial":false,"path_per_floor":["M","M","?","M","$","E","R","E","T","R","M","M","?","M","R","B",null,"M","?","$","M","?","E","R","M","T","M","?","$","E","M","R","B",null,"M","M","?","M","$","E","R","E","T","M","M","R","E","?","R","B","B",null,"R","$","E","B",null],"character_chosen":"WATCHER","items_purchased":["Prostrate","Medical Kit","Scrawl+1","Strawberry","Lee\u0027s Waffle","Mango"],"campfire_rested":6,"item_purchase_floors":[5,29,39,39,54,54],"current_hp_per_floor":[61,61,38,38,38,18,18,18,18,18,18,18,23,23,23,23,61,61,40,40,40,40,30,53,53,53,53,53,53,53,44,67,67,75,75,64,64,64,71,71,85,85,85,85,85,85,85,85,85,85,85,85,85,106,106,87],"gold":58,"neow_bonus":"THREE_CARDS","is_daily":false,"chose_seed":false,"campfire_upgraded":2,"win_rate":0.0,"timestamp":1610072397,"path_taken":["M","M","?","M","$","E","R","E","T","R","M","M","?","M","R","BOSS","M","?","$","M","?","E","R","M","T","?","?","$","E","M","R","BOSS","M","M","?","M","$","E","R","E","T","M","M","R","E","?","R","BOSS","BOSS","R","$","E","BOSS"],"items_purchased_type":["Card","Relic","Card","Relic","Relic","Relic"],"build_version":"2020-12-22","purchased_purges":3,"victory":true,"max_hp_per_floor":[68,68,68,68,68,68,68,68,68,68,68,68,73,73,73,73,73,73,78,78,78,78,78,78,78,78,78,78,78,78,78,78,78,78,78,78,78,78,85,85,85,85,85,85,85,85,85,85,85,85,85,85,85,106,106,106],"card_choices":[{"not_picked":["FlyingSleeves","JustLucky"],"picked":"Protect","floor":0.0},{"not_picked":["Indignation","Protect","Study"],"picked":"SKIP","floor":1.0},{"not_picked":["JustLucky","Evaluate"],"picked":"Prostrate","floor":2.0},{"not_picked":["WheelKick","Crescendo","JustLucky"],"picked":"SKIP","floor":4.0},{"not_picked":["FollowUp","Protect","EmptyMind"],"picked":"SKIP","floor":6.0},{"not_picked":["FlurryOfBlows","FlyingSleeves","Study+1"],"picked":"SKIP","floor":8.0},{"not_picked":["FlurryOfBlows","FlyingSleeves"],"picked":"Study+1","floor":8.0},{"not_picked":["BowlingBash","EmptyBody","Indignation"],"picked":"SKIP","floor":11.0},{"not_picked":["Fasting2+1","InnerPeace","FlurryOfBlows"],"picked":"SKIP","floor":12.0},{"not_picked":["FlurryOfBlows","FollowUp","Wish"],"picked":"SKIP","floor":14.0},{"not_picked":["Vengeance","SignatureMove","CrushJoints+1"],"picked":"SKIP","floor":18.0},{"not_picked":["FlurryOfBlows+1","EmptyFist","Tantrum"],"picked":"SKIP","floor":21.0},{"not_picked":["PathToVictory","FlurryOfBlows+1","Vengeance"],"picked":"SKIP","floor":23.0},{"not_picked":["WheelKick","Protect","BowlingBash"],"picked":"SKIP","floor":25.0},{"not_picked":["Weave","Collect","WindmillStrike"],"picked":"SKIP","floor":27.0},{"not_picked":["SashWhip","ClearTheMind+1"],"picked":"Evaluate+1","floor":28.0},{"not_picked":["ConjureBlade+1","InnerPeace+1","Weave"],"picked":"SKIP","floor":30.0},{"not_picked":["CutThroughFate+1","EmptyMind+1","Wireheading+1"],"picked":"SKIP","floor":31.0},{"not_picked":["Crescendo+1","CutThroughFate","CrushJoints+1"],"picked":"SKIP","floor":35.0},{"not_picked":["EmptyMind+1","CarveReality","ForeignInfluence+1"],"picked":"SKIP","floor":36.0},{"not_picked":["CarveReality","ForeignInfluence+1"],"picked":"EmptyMind+1","floor":36.0},{"not_picked":["FearNoEvil","FlyingSleeves","Wallop"],"picked":"SKIP","floor":38.0},{"not_picked":["Wireheading+1","FlurryOfBlows","Wallop"],"picked":"SKIP","floor":40.0},{"not_picked":["FlyingSleeves","FollowUp","CutThroughFate"],"picked":"SKIP","floor":42.0},{"not_picked":["Prostrate+1","InnerPeace+1","Wish+1"],"picked":"SKIP","floor":44.0},{"not_picked":["FlurryOfBlows","MentalFortress+1","Indignation+1"],"picked":"SKIP","floor":45.0},{"not_picked":["Evaluate+1","Halt+1","FlyingSleeves"],"picked":"SKIP","floor":47},{"not_picked":["Halt+1","CrushJoints","EmptyBody+1"],"picked":"SKIP","floor":55}],"player_experience":779495,"relics_obtained":[{"floor":6.0,"key":"Blue Candle"},{"floor":8.0,"key":"Frozen Egg 2"},{"floor":9.0,"key":"Mercury Hourglass"},{"floor":23.0,"key":"Pocketwatch"},{"floor":26.0,"key":"Thread and Needle"},{"floor":28.0,"key":"Du-Vu Doll"},{"floor":28.0,"key":"Toxic Egg 2"},{"floor":30.0,"key":"Unceasing Top"},{"floor":40.0,"key":"Oddly Smooth Stone"},{"floor":40.0,"key":"War Paint"},{"floor":42.0,"key":"StrikeDummy"},{"floor":42.0,"key":"Smiling Mask"},{"floor":47,"key":"Torii"},{"floor":55,"key":"Turnip"},{"floor":55,"key":"Letter Opener"}],"event_choices":[{"damage_healed":0.0,"max_hp_gain":0.0,"max_hp_loss":0.0,"gold_gain":0.0,"event_name":"Golden Idol","player_choice":"Take Damage","floor":3.0,"gold_loss":0.0,"damage_taken":23.0,"relics_obtained":["Golden Idol"]},{"damage_healed":0.0,"max_hp_gain":5.0,"max_hp_loss":0.0,"gold_gain":0.0,"event_name":"Big Fish","player_choice":"Donut","floor":13.0,"gold_loss":0.0,"damage_taken":0.0},{"damage_healed":0.0,"max_hp_gain":5.0,"max_hp_loss":0.0,"gold_gain":0.0,"event_name":"Forgotten Altar","player_choice":"Shed Blood","floor":19.0,"gold_loss":0.0,"damage_taken":26.0},{"damage_healed":0.0,"max_hp_gain":0.0,"max_hp_loss":0.0,"gold_gain":0.0,"event_name":"Accursed Blacksmith","player_choice":"Ignored","floor":22.0,"gold_loss":0.0,"damage_taken":0.0},{"damage_healed":0.0,"max_hp_gain":0.0,"max_hp_loss":0.0,"gold_gain":0.0,"event_name":"Colosseum","player_choice":"Fight","floor":28.0,"gold_loss":0.0,"damage_taken":0.0},{"damage_healed":0.0,"max_hp_gain":0.0,"max_hp_loss":0.0,"gold_gain":0.0,"event_name":"Colosseum","player_choice":"Fought Nobs","floor":28.0,"gold_loss":0.0,"damage_taken":0.0},{"damage_healed":0.0,"max_hp_gain":0.0,"max_hp_loss":0.0,"gold_gain":333.0,"event_name":"The Moai Head","player_choice":"Gave Idol","floor":37.0,"relics_lost":["Golden Idol"],"gold_loss":0.0,"damage_taken":0.0},{"damage_healed":0,"gold_gain":0,"player_choice":"Embrace Madness","damage_taken":15,"max_hp_gain":0,"max_hp_loss":0,"event_name":"Winding Halls","floor":48,"gold_loss":0,"cards_obtained":["Madness","Madness"]},{"cards_removed":["Study"],"damage_healed":15,"gold_gain":0,"player_choice":"Offered Uncommon","damage_taken":0,"max_hp_gain":0,"max_hp_loss":0,"event_name":"Bonfire Elementals","floor":48,"gold_loss":0}],"is_beta":false,"boss_relics":[{"not_picked":["SlaversCollar","Cursed Key"],"picked":"Runic Dome"},{"not_picked":["Tiny House","Snecko Eye"],"picked":"Black Star"}],"items_purged_floors":[5,20,54],"is_endless":false,"potions_floor_spawned":[1,6,8,12,21,27,28,30,35,38,47],"ascension_level":20}}