{"host":"zksvs3x2ysy9npnz","time":1610120935,"event":{"mods":["Aspiration","BaseMod","Beaked The Cultist","BetterRewards","Clockwork Mod","Colored Map","Conspire","Downfall","Duelist Mod","Ekko","Halation","Highlight Path","Hubris","Hunter ??","Infinite Spire","Jedi Mod","JesterMod","Minty Spire (QoL Compilation)","Permanent Neow","Quick Restart","Relic Stats","Replay The Spire","Retaliation","Shade Mod","Shop Mod","StSLib"],"gold_per_floor":[139,154,154,79,79,79,79,79,150,150,150,161,174,17,17,17,17],"floor_reached":16,"playtime":598,"items_purged":["theDuelist:Sparks","Pain"],"score":176,"play_id":"c3974351-9799-45a9-a3ea-f1b1688cae9e","local_time":"20210108164855","is_ascension_mode":true,"campfire_choices":[{"data":"theDuelist:BugMatrix","floor":6,"key":"SMITH"},{"data":"theDuelist:RazorLizard","floor":8,"key":"SMITH"},{"data":"theDuelist:RazorLizard","floor":11,"key":"SMITH"},{"data":"theDuelist:EmpressMantis","floor":15,"key":"SMITH"}],"circlet_count":0,"master_deck":["theDuelist:CastleWalls","theDuelist:CastleWalls","theDuelist:CrossSwordBeetle","theDuelist:EmpressMantis+1","AscendersBane","theDuelist:InsectKnight","theDuelist:RazorLizard+1","theDuelist:RazorLizard+1","theDuelist:Sparks","theDuelist:Sparks","theDuelist:BugMatrix+1","theDuelist:PetitMoth+1"],"relics":["theDuelist:MillenniumPuzzle","theDuelist:CardPoolRelic","theDuelist:CardPoolBasicRelic","theDuelist:BoosterPackPoolRelic","theDuelist:CardPoolAddRelic","theDuelist:CardPoolMinusRelic","theDuelist:CardPoolSaveRelic","theDuelist:CardPoolOptionsRelic","aspiration:Nostalgia","m_DevilBlood","Golden Egg","Eternal Feather","WarpedTongs"],"acts_visited":["Exordium"],"potions_floor_usage":[16,16],"damage_taken":[{"damage":5,"enemies":"Small Slimes","floor":1,"turns":4},{"damage":1,"enemies":"2 Louse","floor":2,"turns":3},{"damage":5,"enemies":"Cultist","floor":12,"turns":3},{"damage":20,"enemies":"Lots of Slimes","floor":13,"turns":9},{"damage":58,"enemies":"The Guardian","floor":16,"turns":12}],"seed_played":"1151625681365708243","potions_obtained":[{"floor":2,"key":"Energy Potion"},{"floor":13,"key":"theDuelist:MegaupgradePotion"}],"is_trial":false,"path_per_floor":["M","M","?","$","?","R","T","R","T","?","R","M","M","$","R","B"],"character_chosen":"THE_DUELIST","items_purchased":["theDuelist:PetitMoth"],"campfire_rested":0,"item_purchase_floors":[14],"current_hp_per_floor":[58,57,57,57,53,53,53,53,53,53,59,54,34,34,40,0,0],"gold":17,"neow_bonus":"NOSTALGIA","is_daily":false,"chose_seed":false,"campfire_upgraded":4,"win_rate":0.0,"timestamp":1610120935,"path_taken":["M","M","?","$","?","R","?","R","T","?","R","?","?","$","R","BOSS"],"items_purchased_type":["Card"],"build_version":"2020-12-22","purchased_purges":2,"victory":false,"max_hp_per_floor":[70,70,70,70,70,70,70,70,70,70,70,70,70,70,70,70,70],"relic_stats":{"counters":[5,31],"Eternal Feather":12,"obtain_stats":[{"Golden Egg":7,"aspiration:Nostalgia":0,"m_DevilBlood":0,"Eternal Feather":9,"theDuelist:MillenniumPuzzle":0,"theDuelist:CardPoolSaveRelic":0,"WarpedTongs":10,"theDuelist:BoosterPackPoolRelic":0,"theDuelist:CardPoolMinusRelic":0,"theDuelist:CardPoolBasicRelic":0,"theDuelist:CardPoolAddRelic":0,"theDuelist:CardPoolOptionsRelic":0,"theDuelist:CardPoolRelic":0},{"Golden Egg":2,"aspiration:Nostalgia":0,"m_DevilBlood":0,"Eternal Feather":2,"theDuelist:MillenniumPuzzle":0,"theDuelist:CardPoolSaveRelic":0,"WarpedTongs":2,"theDuelist:BoosterPackPoolRelic":0,"theDuelist:CardPoolMinusRelic":0,"theDuelist:CardPoolBasicRelic":0,"theDuelist:CardPoolAddRelic":0,"theDuelist:CardPoolOptionsRelic":0,"theDuelist:CardPoolRelic":0},{"Golden Egg":7,"aspiration:Nostalgia":0,"m_DevilBlood":0,"Eternal Feather":7,"theDuelist:MillenniumPuzzle":0,"theDuelist:CardPoolSaveRelic":0,"WarpedTongs":7,"theDuelist:BoosterPackPoolRelic":0,"theDuelist:CardPoolMinusRelic":0,"theDuelist:CardPoolBasicRelic":0,"theDuelist:CardPoolAddRelic":0,"theDuelist:CardPoolOptionsRelic":0,"theDuelist:CardPoolRelic":0}],"WarpedTongs":[22]},"card_choices":[{"not_picked":["theDuelist:LabyrinthWall"],"picked":"SKIP","floor":1},{"not_picked":[],"picked":"theDuelist:BugMatrix","floor":2},{"not_picked":["theDuelist:TornadoDragon"],"picked":"SKIP","floor":12},{"not_picked":["theDuelist:WormWarlord"],"picked":"SKIP","floor":13}],"player_experience":1861005,"relics_obtained":[{"floor":7,"key":"Golden Egg"},{"floor":9,"key":"Eternal Feather"}],"event_choices":[{"damage_healed":0,"gold_gain":0,"player_choice":"Ignored","damage_taken":0,"max_hp_gain":0,"max_hp_loss":0,"event_name":"Liars Game","floor":3,"gold_loss":0},{"damage_healed":0,"gold_gain":0,"player_choice":"Leave","damage_taken":0,"max_hp_gain":0,"max_hp_loss":0,"event_name":"conspire:Investor","floor":5,"gold_loss":0},{"damage_healed":0,"gold_gain":0,"player_choice":"Rummage","damage_taken":0,"relics_obtained":["WarpedTongs"],"max_hp_gain":0,"max_hp_loss":0,"event_name":"Accursed Blacksmith","floor":10,"gold_loss":0,"cards_obtained":["Pain"]}],"is_beta":false,"boss_relics":[],"items_purged_floors":[4,14],"is_endless":false,"potions_floor_spawned":[2,13],"killed_by":"The Guardian","ascension_level":20}}