{"host":"19t2eyow02s954g8","time":1610095674,"event":{"mods":["BaseMod","Colored Map","DeckTracker","Minty Spire (QoL Compilation)","StSLib","SuperFastMode"],"gold_per_floor":[113,38,38,53,53,53,71,71,71,83,7,20,20,84,84,84,84],"floor_reached":16,"playtime":445,"items_purged":["Strike_G"],"score":176,"play_id":"fbfae8c0-ca63-4007-8080-2e653c35bcb9","local_time":"20210108174754","is_ascension_mode":true,"campfire_choices":[{"data":"Footwork","floor":6,"key":"SMITH"},{"data":"Neutralize","floor":8,"key":"SMITH"},{"data":"Survivor","floor":10,"key":"SMITH"},{"data":"Eviscerate","floor":13,"key":"SMITH"},{"data":"Strike_G","floor":15,"key":"SMITH"}],"circlet_count":0,"master_deck":["AscendersBane","Strike_G","Strike_G","Strike_G","Strike_G+1","Defend_G","Defend_G","Defend_G","Defend_G","Defend_G","Survivor+1","Neutralize+1","Footwork+1","Bullet Time","Eviscerate+1"],"relics":["Snecko Eye","Eternal Feather","MawBank","Bag of Marbles"],"acts_visited":["Exordium"],"potions_floor_usage":[14,16],"damage_taken":[{"damage":6,"enemies":"Cultist","floor":1,"turns":4},{"damage":16,"enemies":"Jaw Worm","floor":4,"turns":7},{"damage":4,"enemies":"2 Louse","floor":7,"turns":5},{"damage":11,"enemies":"2 Fungi Beasts","floor":12,"turns":5},{"damage":19,"enemies":"Gremlin Nob","floor":14,"turns":4},{"damage":52,"enemies":"Hexaghost","floor":16,"turns":11}],"seed_played":"5590661260251564463","potions_obtained":[{"floor":4,"key":"Energy Potion"},{"floor":7,"key":"BlessingOfTheForge"}],"is_trial":false,"path_per_floor":["M","$","T","M","?","R","M","R","T","R","$","M","R","?","R","B"],"character_chosen":"THE_SILENT","items_purchased":["Bullet Time"],"campfire_rested":0,"item_purchase_floors":[11],"current_hp_per_floor":[53,53,53,37,42,48,44,50,50,56,56,45,54,35,44,0,0],"gold":84,"neow_bonus":"BOSS_RELIC","is_daily":false,"chose_seed":false,"campfire_upgraded":5,"win_rate":0.0,"timestamp":1610095674,"path_taken":["M","?","?","?","?","R","M","R","T","R","$","M","R","?","R","BOSS"],"items_purchased_type":["Card"],"build_version":"2020-12-22","purchased_purges":1,"victory":false,"max_hp_per_floor":[66,66,66,66,71,71,71,71,71,71,71,71,71,71,71,71,71],"card_choices":[{"not_picked":["Poisoned Stab","Cloak And Dagger","Deflect"],"picked":"SKIP","floor":1},{"not_picked":["Escape Plan","Dagger Throw"],"picked":"Footwork","floor":4},{"not_picked":["Acrobatics","Slice","Backflip"],"picked":"SKIP","floor":7},{"not_picked":["Wraith Form v2","Outmaneuver"],"picked":"Eviscerate","floor":12}],"player_experience":4199113,"relics_obtained":[{"floor":3,"key":"Eternal Feather"},{"floor":9,"key":"MawBank"},{"floor":14,"key":"Bag of Marbles"}],"event_choices":[{"damage_healed":0,"gold_gain":0,"player_choice":"Donut","damage_taken":0,"max_hp_gain":5,"max_hp_loss":0,"event_name":"Big Fish","floor":5,"gold_loss":0},{"damage_healed":0,"gold_gain":0,"player_choice":"Searched \u00272\u0027 times","damage_taken":0,"max_hp_gain":0,"max_hp_loss":0,"event_name":"Dead Adventurer","floor":14,"gold_loss":0}],"is_beta":false,"boss_relics":[],"items_purged_floors":[2],"is_endless":false,"potions_floor_spawned":[4,7,12],"killed_by":"Hexaghost","ascension_level":20}}