{"host":"08sn1703g14rasc1","time":1610097205,"event":{"mods":["AchievementEnabler","BaseMod","Colored Map","Colored Powertips","Hermit","Minty Spire (QoL Compilation)","StSLib"],"gold_per_floor":[116,116,3,22,197,197,224,224,247,265,215,215,225,225,225,320,320,339,325,344,344,57,57,72,98,151,151,151,151,76,96,96,96,96],"floor_reached":33,"playtime":1369,"items_purged":["Strike_R"],"score":438,"play_id":"f265702c-8f83-44d1-93c2-edc508aab6d6","local_time":"20210108011325","is_ascension_mode":true,"campfire_choices":[{"data":"Whirlwind","floor":6.0,"key":"SMITH"},{"data":"Searing Blow","floor":8.0,"key":"SMITH"},{"data":"Searing Blow+1","floor":12.0,"key":"SMITH"},{"data":"Searing Blow+2","floor":15.0,"key":"SMITH"},{"data":"Limit Break","floor":23.0,"key":"SMITH"},{"floor":27.0,"key":"REST"},{"data":"Searing Blow+3","floor":32.0,"key":"SMITH"}],"circlet_count":0,"master_deck":["Strike_R","Strike_R","Strike_R","Defend_R","Defend_R","Defend_R","Defend_R","Bash","Whirlwind+1","Rupture","Searing Blow+4","Warcry","Thunderclap","Warcry","Limit Break+1","Thunderclap+1","Carnage","Dual Wield","Metallicize","Rage","Twin Strike+1","Seeing Red","Anger+1"],"relics":["Burning Blood","NeowsBlessing","CultistMask","Orichalcum","MealTicket","Mark of Pain","Chemical X","Mummified Hand","Bronze Scales","Enchiridion"],"acts_visited":["Exordium","TheCity"],"potions_floor_usage":[33,33],"damage_taken":[{"damage":0.0,"enemies":"Jaw Worm","floor":1.0,"turns":1.0},{"damage":0.0,"enemies":"Cultist","floor":4.0,"turns":1.0},{"damage":0.0,"enemies":"3 Sentries","floor":7.0,"turns":1.0},{"damage":0.0,"enemies":"2 Louse","floor":10.0,"turns":2.0},{"damage":6.0,"enemies":"Blue Slaver","floor":13.0,"turns":3.0},{"damage":41.0,"enemies":"Slime Boss","floor":16.0,"turns":9.0},{"damage":6.0,"enemies":"Chosen","floor":18.0,"turns":3.0},{"damage":32.0,"enemies":"2 Thieves","floor":19.0,"turns":4.0},{"damage":18.0,"enemies":"Snake Plant","floor":20.0,"turns":3.0},{"damage":23.0,"enemies":"Sentry and Sphere","floor":24.0,"turns":6.0},{"damage":0.0,"enemies":"Slavers","floor":25.0,"turns":1.0},{"damage":6.0,"enemies":"Cultist and Chosen","floor":31.0,"turns":4.0},{"damage":79,"enemies":"Collector","floor":33,"turns":7}],"seed_played":"4756048276646892837","potions_obtained":[{"floor":1.0,"key":"Fire Potion"},{"floor":4.0,"key":"BloodPotion"},{"floor":14.0,"key":"DistilledChaos"},{"floor":19.0,"key":"EssenceOfSteel"},{"floor":20.0,"key":"EssenceOfSteel"},{"floor":24.0,"key":"Energy Potion"}],"is_trial":false,"path_per_floor":["M","?","$","M","?","R","E","R","T","M","?","R","M","?","R","B",null,"M","M","M","?","$","R","M","E","T","R","?","?","?","M","R","B"],"character_chosen":"IRONCLAD","items_purchased":["Rupture","Chemical X","Metallicize","Rage"],"campfire_rested":1,"item_purchase_floors":[3,22,22,22],"current_hp_per_floor":[78,78,78,80,80,80,80,80,80,80,80,80,80,80,80,45,71,71,61,49,49,64,64,47,53,53,77,61,61,61,61,61,0,0],"gold":96,"neow_bonus":"THREE_ENEMY_KILL","is_daily":false,"chose_seed":false,"campfire_upgraded":6,"win_rate":0.0,"timestamp":1610097205,"path_taken":["M","?","$","?","?","R","E","R","T","M","?","R","M","?","R","BOSS","M","M","M","?","$","R","M","E","T","R","?","?","?","?","R","BOSS"],"items_purchased_type":["Card","Relic","Card","Card"],"build_version":"2020-12-22","purchased_purges":1,"victory":false,"max_hp_per_floor":[80,80,80,80,80,80,80,80,80,80,80,80,80,80,80,80,80,80,80,80,80,80,80,80,80,80,80,80,80,80,80,80,80,80],"card_choices":[{"not_picked":["Fire Breathing","Sword Boomerang"],"picked":"Whirlwind","floor":1.0},{"not_picked":["Dark Embrace","Iron Wave"],"picked":"Searing Blow","floor":4.0},{"not_picked":["Clash","Iron Wave"],"picked":"Warcry","floor":7.0},{"not_picked":["Sword Boomerang","Anger"],"picked":"Thunderclap","floor":10.0},{"not_picked":["Wild Strike","Anger"],"picked":"Warcry","floor":13.0},{"not_picked":["Berserk","Bludgeon"],"picked":"Limit Break","floor":16.0},{"not_picked":["Shrug It Off","Clothesline"],"picked":"Thunderclap+1","floor":18.0},{"not_picked":["Anger","Flex"],"picked":"Carnage","floor":19.0},{"not_picked":["Wild Strike","Rupture"],"picked":"Dual Wield","floor":20.0},{"not_picked":["Shrug It Off","Second Wind"],"picked":"Twin Strike+1","floor":24.0},{"not_picked":["True Grit+1","Armaments"],"picked":"Seeing Red","floor":25.0},{"not_picked":["Wild Strike","Combust"],"picked":"Anger+1","floor":31.0}],"player_experience":468133,"relics_obtained":[{"floor":7.0,"key":"Orichalcum"},{"floor":9.0,"key":"MealTicket"},{"floor":25.0,"key":"Mummified Hand"},{"floor":26.0,"key":"Bronze Scales"},{"floor":28.0,"key":"Enchiridion"}],"event_choices":[{"damage_healed":0.0,"max_hp_gain":0.0,"max_hp_loss":0.0,"gold_gain":0.0,"event_name":"FaceTrader","player_choice":"Trade","floor":2.0,"gold_loss":0.0,"damage_taken":0.0,"relics_obtained":["CultistMask"]},{"damage_healed":0.0,"max_hp_gain":0.0,"max_hp_loss":0.0,"gold_gain":175.0,"event_name":"Liars Game","player_choice":"AGREE","floor":5.0,"gold_loss":0.0,"damage_taken":0.0,"cards_obtained":["Doubt"]},{"cards_removed":["Doubt"],"damage_healed":0.0,"max_hp_gain":0.0,"max_hp_loss":0.0,"gold_gain":0.0,"event_name":"The Cleric","player_choice":"Card Removal","floor":11.0,"gold_loss":50.0,"damage_taken":0.0},{"damage_healed":0.0,"max_hp_gain":0.0,"max_hp_loss":0.0,"gold_gain":0.0,"event_name":"Lab","player_choice":"Got Potions","floor":14.0,"gold_loss":0.0,"damage_taken":0.0},{"damage_healed":0.0,"max_hp_gain":0.0,"max_hp_loss":0.0,"gold_gain":0.0,"event_name":"Vampires","player_choice":"Ignored","floor":21.0,"gold_loss":0.0,"damage_taken":0.0},{"damage_healed":0.0,"max_hp_gain":0.0,"max_hp_loss":0.0,"gold_gain":0.0,"event_name":"Cursed Tome","player_choice":"Obtained Book","floor":28.0,"gold_loss":0.0,"damage_taken":16.0},{"damage_healed":0.0,"max_hp_gain":0.0,"max_hp_loss":0.0,"gold_gain":0.0,"event_name":"Ghosts","player_choice":"Ignored","floor":29.0,"gold_loss":0.0,"damage_taken":0.0},{"cards_removed":["Strike_R"],"damage_healed":0.0,"max_hp_gain":0.0,"max_hp_loss":0.0,"gold_gain":0.0,"event_name":"Beggar","player_choice":"Gave Gold","floor":30.0,"gold_loss":75.0,"damage_taken":0.0}],"is_beta":false,"boss_relics":[{"not_picked":["Coffee Dripper","Pandora\u0027s Box"],"picked":"Mark of Pain"}],"items_purged_floors":[3],"is_endless":false,"potions_floor_spawned":[1,4,19,20,24],"killed_by":"Collector","ascension_level":8}}