{"host":"6ilae7ewjeys3uzr","time":1610126193,"event":{"mods":["AchievementEnabler","BaseMod","Hermit","Marisa????????","Minty Spire (QoL Compilation)","Quick Restart","StSLib","The Cursed"],"gold_per_floor":[112,287,212,212,212,212,212,223,247,267,167,201,201,211,211,211,211],"floor_reached":16,"playtime":404,"items_purged":["Doubt","Defend_P"],"score":98,"play_id":"829fae79-cb3d-4353-a981-6cca6e3ef3df","local_time":"20210108181633","is_ascension_mode":false,"campfire_choices":[{"floor":7,"key":"REST"},{"floor":13,"key":"REST"},{"floor":15,"key":"REST"}],"circlet_count":0,"master_deck":["Strike_P","Strike_P+1","Strike_P","Defend_P+1","Defend_P+1","Defend_P","Eruption","Vigilance+1"],"relics":["PureWater","NeowsBlessing","Gremlin Horn","War Paint","Shuriken"],"acts_visited":["Exordium"],"potions_floor_usage":[16,16],"damage_taken":[{"damage":0,"enemies":"2 Louse","floor":1,"turns":1},{"damage":0,"enemies":"Jaw Worm","floor":8,"turns":1},{"damage":0,"enemies":"Small Slimes","floor":10,"turns":1},{"damage":18,"enemies":"Lagavulin","floor":12,"turns":8},{"damage":0,"enemies":"Exordium Wildlife","floor":14,"turns":3},{"damage":65,"enemies":"The Guardian","floor":16,"turns":14}],"seed_played":"6731810942812737096","potions_obtained":[{"floor":10,"key":"Strength Potion"},{"floor":14,"key":"SpeedPotion"}],"is_trial":false,"path_per_floor":["M","?","$","?","?","?","R","M","T","M","$","E","R","M","R","B"],"character_chosen":"WATCHER","items_purchased":[],"campfire_rested":3,"item_purchase_floors":[],"current_hp_per_floor":[72,72,72,58,51,18,39,39,39,39,39,21,42,42,63,0,0],"gold":211,"neow_bonus":"THREE_ENEMY_KILL","is_daily":false,"chose_seed":false,"campfire_upgraded":0,"win_rate":0.0,"timestamp":1610126193,"path_taken":["M","?","$","?","?","?","R","M","T","?","$","E","R","M","R","BOSS"],"items_purchased_type":[],"build_version":"2020-12-22","purchased_purges":2,"victory":false,"max_hp_per_floor":[72,72,72,72,72,72,72,72,72,72,72,72,72,72,72,72,72],"card_choices":[{"not_picked":["EmptyBody","Prostrate","FlyingSleeves"],"picked":"SKIP","floor":1},{"not_picked":["Study","ClearTheMind","Prostrate"],"picked":"SKIP","floor":8},{"not_picked":["Study","ClearTheMind","Prostrate"],"picked":"SKIP","floor":8},{"not_picked":["ThirdEye","ClearTheMind","EmptyFist"],"picked":"SKIP","floor":10},{"not_picked":["TalkToTheHand","InnerPeace","CrushJoints"],"picked":"SKIP","floor":12},{"not_picked":["EmptyBody","ClearTheMind","ThirdEye"],"picked":"SKIP","floor":14}],"player_experience":245056,"relics_obtained":[{"floor":9,"key":"War Paint"},{"floor":12,"key":"Shuriken"}],"event_choices":[{"damage_healed":0,"gold_gain":175,"player_choice":"AGREE","damage_taken":0,"max_hp_gain":0,"max_hp_loss":0,"event_name":"Liars Game","floor":2,"gold_loss":0,"cards_obtained":["Doubt"]},{"damage_healed":0,"gold_gain":0,"player_choice":"Entered Light","damage_taken":14,"max_hp_gain":0,"max_hp_loss":0,"event_name":"Shining Light","floor":4,"gold_loss":0,"cards_upgraded":["Vigilance","Strike_P"]},{"cards_removed":["Strike_P"],"damage_healed":0,"gold_gain":0,"player_choice":"Card Removal","damage_taken":7,"max_hp_gain":0,"max_hp_loss":0,"event_name":"Golden Wing","floor":5,"gold_loss":0},{"damage_healed":0,"gold_gain":0,"player_choice":"Success","damage_taken":33,"relics_obtained":["Gremlin Horn"],"max_hp_gain":0,"max_hp_loss":0,"event_name":"Scrap Ooze","floor":6,"gold_loss":0}],"is_beta":false,"boss_relics":[],"items_purged_floors":[3,11],"is_endless":false,"potions_floor_spawned":[10,14],"killed_by":"The Guardian","ascension_level":0}}