{"host":"chewie","time":1610119575,"event":{"mods":["AchievementEnabler","BaseMod","Bestiary","Colored Map","Keyboard Shortcuts","Minty Spire (QoL Compilation)","Relic Stats","StSLib"],"gold_per_floor":[365,378,378,299,318,651,651,671,671,671,685,115,115,148,148,225,225,236,248,85,101,1,33,53,53,53,87,2,31,31,48,48,122,122,142,17,17,31,31,31,49,49,49,67,98,110,143,143,143,143,143,143,143,47,75,75],"floor_reached":57,"playtime":3404,"items_purged":["Strike_G","Deflect","Expertise"],"score":3260,"play_id":"bfc7f8d6-1221-4b07-95ee-b6efa444eb3f","local_time":"20210108162615","is_ascension_mode":true,"campfire_choices":[{"floor":7.0,"key":"REST"},{"data":"Predator","floor":10.0,"key":"SMITH"},{"data":"Predator","floor":13.0,"key":"SMITH"},{"data":"A Thousand Cuts","floor":15.0,"key":"SMITH"},{"data":"Wraith Form v2","floor":25.0,"key":"SMITH"},{"data":"Wraith Form v2","floor":32,"key":"SMITH"},{"floor":40,"key":"RECALL"},{"data":"Well Laid Plans","floor":42,"key":"SMITH"},{"data":"Choke","floor":49,"key":"SMITH"},{"data":"Cloak And Dagger","floor":53,"key":"SMITH"}],"circlet_count":0,"master_deck":["AscendersBane","Survivor","Neutralize","Cloak And Dagger+1","Predator+1","Predator+1","Bullet Time","A Thousand Cuts+1","Wraith Form v2+1","Leg Sweep","Wraith Form v2+1","Backflip+1","Terror","After Image","Unload","Flying Knee","Catalyst","Well Laid Plans+1","Underhanded Strike","Choke+1","Dash+1","Wraith Form v2+1","Eviscerate","Bullet Time"],"relics":["Ring of the Snake","Blood Vial","Pear","Happy Flower","Whetstone","Vajra","Snecko Eye","Bag of Marbles","Omamori","Gremlin Horn","Turnip","MealTicket","PreservedInsect","Nloth\u0027s Gift","Pandora\u0027s Box","Anchor","Potion Belt","Paper Crane"],"acts_visited":["Exordium","TheCity","TheBeyond","TheEnding"],"potions_floor_usage":[56,56],"damage_taken":[{"damage":11.0,"enemies":"Small Slimes","floor":1.0,"turns":4.0},{"damage":0.0,"enemies":"2 Louse","floor":2.0,"turns":4.0},{"damage":0.0,"enemies":"Cultist","floor":5.0,"turns":4.0},{"damage":43.0,"enemies":"Lagavulin","floor":6.0,"turns":8.0},{"damage":8.0,"enemies":"Exordium Wildlife","floor":8.0,"turns":5.0},{"damage":3.0,"enemies":"Looter","floor":11.0,"turns":3.0},{"damage":7.0,"enemies":"Gremlin Nob","floor":14.0,"turns":3.0},{"damage":0.0,"enemies":"Slime Boss","floor":16.0,"turns":5.0},{"damage":1.0,"enemies":"Spheric Guardian","floor":18.0,"turns":3.0},{"damage":5.0,"enemies":"Shell Parasite","floor":19.0,"turns":3.0},{"damage":1.0,"enemies":"Snecko","floor":21.0,"turns":4.0},{"damage":15.0,"enemies":"Book of Stabbing","floor":23.0,"turns":4.0},{"damage":0.0,"enemies":"Centurion and Healer","floor":24.0,"turns":3.0},{"damage":0.0,"enemies":"Slavers","floor":27.0,"turns":3.0},{"damage":1.0,"enemies":"Gremlin Leader","floor":29.0,"turns":4.0},{"damage":0.0,"enemies":"3 Cultists","floor":31.0,"turns":3.0},{"damage":0,"enemies":"Automaton","floor":33,"turns":7},{"damage":0,"enemies":"3 Darklings","floor":35,"turns":3},{"damage":0,"enemies":"Orb Walker","floor":38,"turns":2},{"damage":0,"enemies":"Spire Growth","floor":41,"turns":3},{"damage":0,"enemies":"3 Darklings","floor":44,"turns":3},{"damage":0,"enemies":"Reptomancer","floor":45,"turns":3},{"damage":0,"enemies":"4 Shapes","floor":46,"turns":3},{"damage":1,"enemies":"Giant Head","floor":47,"turns":5},{"damage":0,"enemies":"Awakened One","floor":50,"turns":8},{"damage":11,"enemies":"Time Eater","floor":51,"turns":9},{"damage":0,"enemies":"Shield and Spear","floor":55,"turns":6},{"damage":26,"enemies":"The Heart","floor":56,"turns":9}],"seed_played":"2285998193302124235","potions_obtained":[{"floor":2.0,"key":"SteroidPotion"},{"floor":6.0,"key":"AttackPotion"},{"floor":8.0,"key":"Fire Potion"},{"floor":14.0,"key":"SkillPotion"},{"floor":19.0,"key":"Explosive Potion"},{"floor":27.0,"key":"Fire Potion"},{"floor":31,"key":"GamblersBrew"},{"floor":38,"key":"PowerPotion"},{"floor":47,"key":"FairyPotion"}],"is_trial":false,"path_per_floor":["M","M","?","?","M","E","R","M","T","R","M","$","R","E","R","B",null,"M","M","$","M","$","E","M","R","T","E","?","E","?","M","R","B",null,"M","$","?","M","?","R","M","R","T","M","E","M","E","?","R","B","B",null,"R","$","E","B",null],"character_chosen":"THE_SILENT","items_purchased":["Bullet Time","Happy Flower","Whetstone","Bag of Marbles","Eviscerate","Energy Potion"],"campfire_rested":1,"item_purchase_floors":[12,12,12,20,54,54],"current_hp_per_floor":[48,48,41,41,43,2,20,14,24,24,23,23,23,18,18,20,58,59,56,56,57,57,44,46,46,46,48,48,49,49,51,51,53,66,68,70,70,70,70,70,70,70,70,70,70,70,69,69,69,70,59,67,67,70,70,44],"gold":75,"neow_bonus":"TWO_FIFTY_GOLD","is_daily":false,"chose_seed":false,"campfire_upgraded":8,"win_rate":0.0,"timestamp":1610119575,"path_taken":["M","M","?","?","M","E","R","M","T","R","M","$","R","E","R","BOSS","M","M","$","M","?","E","M","R","T","E","?","E","?","M","R","BOSS","M","?","?","M","?","R","?","R","T","M","E","M","E","?","R","BOSS","BOSS","R","$","E","BOSS"],"items_purchased_type":["Card","Relic","Relic","Relic","Card","Potion"],"build_version":"2020-12-18","purchased_purges":3,"victory":true,"max_hp_per_floor":[60,60,60,60,60,60,60,60,70,70,70,70,70,70,70,70,70,70,70,70,70,70,70,70,70,70,70,70,70,70,70,70,70,70,70,70,70,70,70,70,70,70,70,70,70,70,70,70,70,70,70,70,70,70,70,70],"relic_stats":{"Happy Flower":[32],"Gremlin Horn":[15,22],"counters":[28,124],"PreservedInsect":268,"Whetstone":["Strike_G","Strike_G"],"Blood Vial":33,"Snecko Eye":[198,185,194,181],"MealTicket":5,"Pandora\u0027s Box":["Unload","Flying Knee","Catalyst","Well Laid Plans","Expertise","Underhanded Strike","Choke","Dagger Spray"],"Turnip":[3],"Nloth\u0027s Gift":4,"obtain_stats":[{"Potion Belt":47,"Pear":9,"Happy Flower":12,"Gremlin Horn":26,"Vajra":14,"PreservedInsect":29,"Omamori":23,"Whetstone":12,"Paper Crane":55,"Old Coin":6,"Blood Vial":4,"Anchor":45,"Snecko Eye":17,"MealTicket":28,"Pandora\u0027s Box":34,"Turnip":27,"Bag of Marbles":20,"Nloth\u0027s Gift":30,"Ring of the Snake":0},{"Potion Belt":24,"Pear":5,"Happy Flower":6,"Gremlin Horn":13,"Vajra":7,"PreservedInsect":15,"Omamori":12,"Whetstone":6,"Paper Crane":27,"Old Coin":4,"Blood Vial":2,"Anchor":22,"Snecko Eye":8,"MealTicket":14,"Pandora\u0027s Box":17,"Turnip":14,"Bag of Marbles":10,"Nloth\u0027s Gift":15,"Ring of the Snake":0},{"Potion Belt":92,"Pear":25,"Happy Flower":28,"Gremlin Horn":53,"Vajra":31,"PreservedInsect":60,"Omamori":50,"Whetstone":28,"Paper Crane":115,"Old Coin":20,"Blood Vial":8,"Anchor":84,"Snecko Eye":36,"MealTicket":56,"Pandora\u0027s Box":70,"Turnip":56,"Bag of Marbles":42,"Nloth\u0027s Gift":60,"Ring of the Snake":0}],"Ring of the Snake":[56]},"card_choices":[{"not_picked":["PiercingWail","Deflect","Dodge and Roll"],"picked":"SKIP","floor":1.0},{"not_picked":["Blur","Prepared"],"picked":"Cloak And Dagger","floor":2.0},{"not_picked":["Acrobatics","Calculated Gamble"],"picked":"Predator","floor":5.0},{"not_picked":["Concentrate","Acrobatics"],"picked":"Predator","floor":6.0},{"not_picked":["Well Laid Plans","Finisher","Blade Dance"],"picked":"SKIP","floor":8.0},{"not_picked":["Predator","Sucker Punch"],"picked":"Deflect","floor":11.0},{"not_picked":["Deflect","Quick Slash"],"picked":"A Thousand Cuts","floor":14.0},{"not_picked":["Envenom","Die Die Die"],"picked":"Wraith Form v2","floor":16.0},{"not_picked":["Dagger Spray","Slice","Noxious Fumes+1"],"picked":"SKIP","floor":18.0},{"not_picked":["Endless Agony","Deadly Poison"],"picked":"Leg Sweep","floor":19.0},{"not_picked":["Prepared","Endless Agony","Setup"],"picked":"SKIP","floor":21.0},{"not_picked":["Dagger Spray","Flying Knee+1","Crippling Poison"],"picked":"SKIP","floor":23.0},{"not_picked":["Accuracy","Calculated Gamble"],"picked":"Wraith Form v2","floor":24.0},{"not_picked":["Bouncing Flask","Tactician+1"],"picked":"Backflip+1","floor":27.0},{"not_picked":["Deadly Poison","PiercingWail"],"picked":"Terror","floor":29.0},{"not_picked":["Well Laid Plans","Deadly Poison+1","Backflip"],"picked":"SKIP","floor":31},{"not_picked":["Die Die Die","Unload"],"picked":"After Image","floor":33},{"not_picked":["Accuracy","Deflect+1","Deadly Poison"],"picked":"SKIP","floor":35},{"not_picked":["Heel Hook","Unload","PiercingWail+1"],"picked":"SKIP","floor":38},{"not_picked":["Heel Hook","Unload","PiercingWail+1"],"picked":"SKIP","floor":38},{"not_picked":["Infinite Blades","Well Laid Plans","Dagger Spray"],"picked":"SKIP","floor":41},{"not_picked":["Venomology","Heel Hook+1","Reflex"],"picked":"SKIP","floor":44},{"not_picked":["Blur","Escape Plan","Bane+1"],"picked":"SKIP","floor":45},{"not_picked":["Backflip","Slice","Terror+1"],"picked":"SKIP","floor":46},{"not_picked":["Corpse Explosion","Venomology"],"picked":"Dash+1","floor":47},{"not_picked":["Slice","Footwork"],"picked":"Bullet Time","floor":55}],"player_experience":1211203,"relics_obtained":[{"floor":6.0,"key":"Old Coin"},{"floor":9.0,"key":"Pear"},{"floor":14.0,"key":"Vajra"},{"floor":23.0,"key":"Omamori"},{"floor":26.0,"key":"Gremlin Horn"},{"floor":27.0,"key":"Turnip"},{"floor":29.0,"key":"PreservedInsect"},{"floor":45,"key":"Anchor"},{"floor":47,"key":"Potion Belt"},{"floor":55,"key":"Paper Crane"}],"event_choices":[{"cards_removed":["Defend_G"],"damage_healed":0.0,"max_hp_gain":0.0,"max_hp_loss":0.0,"gold_gain":0.0,"event_name":"Golden Wing","player_choice":"Card Removal","floor":3.0,"gold_loss":0.0,"damage_taken":7.0},{"damage_healed":0.0,"max_hp_gain":0.0,"max_hp_loss":0.0,"gold_gain":0.0,"event_name":"WeMeetAgain","player_choice":"Paid Gold","floor":4.0,"gold_loss":79.0,"damage_taken":0.0,"relics_obtained":["Blood Vial"]},{"damage_healed":0.0,"max_hp_gain":0.0,"max_hp_loss":0.0,"gold_gain":0.0,"event_name":"Addict","player_choice":"Obtained Relic","floor":28.0,"gold_loss":85.0,"damage_taken":0.0,"relics_obtained":["MealTicket"]},{"damage_healed":0.0,"max_hp_gain":0.0,"max_hp_loss":0.0,"gold_gain":0.0,"event_name":"N\u0027loth","player_choice":"Traded Relic","floor":30.0,"relics_lost":["Old Coin"],"gold_loss":0.0,"damage_taken":0.0,"relics_obtained":["Nloth\u0027s Gift"]},{"cards_removed":["Dagger Spray"],"damage_healed":0,"gold_gain":0,"player_choice":"Removed Attack","damage_taken":0,"max_hp_gain":0,"max_hp_loss":0,"event_name":"Falling","floor":37,"gold_loss":0},{"damage_healed":0,"gold_gain":0,"player_choice":"Full Heal","damage_taken":0,"max_hp_gain":0,"max_hp_loss":0,"event_name":"Wheel of Change","floor":39,"gold_loss":0},{"damage_healed":0,"gold_gain":0,"player_choice":"Copied","damage_taken":0,"max_hp_gain":0,"max_hp_loss":0,"event_name":"Duplicator","floor":48,"gold_loss":0,"cards_obtained":["Wraith Form v2"]}],"is_beta":true,"boss_relics":[{"not_picked":["Runic Dome","Calling Bell"],"picked":"Snecko Eye"},{"not_picked":["Astrolabe","Busted Crown"],"picked":"Pandora\u0027s Box"}],"items_purged_floors":[12,22,36],"is_endless":false,"potions_floor_spawned":[2,6,8,14,19,23,27,31,38,44,47],"ascension_level":20}}