{"host":"dh8vptmequbrae31","time":1610083652,"event":{"mods":["2.2 Compatiblity","AchievementEnabler","BaseMod","Colored Map","Evolution","Minty Spire (QoL Compilation)","Td1madao Mod"],"gold_per_floor":[119,133,83,4,21,350,369,369,443,443,474,474,474,504,504,604,604,620,535,72,72,86,121,121,152,152,152,152],"floor_reached":27,"playtime":7009,"items_purged":[],"score":294,"play_id":"d278c064-c50e-40cf-88b5-54a37dbfb33c","local_time":"20210108002732","is_ascension_mode":true,"campfire_choices":[{"data":"Zap","floor":8,"key":"SMITH"},{"data":"Dualcast","floor":10,"key":"SMITH"},{"floor":15,"key":"REST"},{"data":"Redo","floor":24,"key":"SMITH"}],"circlet_count":0,"master_deck":["Strike_B","Strike_B","Strike_B","Defend_B","Defend_B","Defend_B","Zap+1","Dualcast+1","Cold Snap","Rebound","Defragment+1","FTL","Glacier","Go for the Eyes","All For One","Redo+1","Storm+1","Capacitor+1"],"relics":["Cracked Core","EVO:Axolotl","Old Coin","Letter Opener","Lantern","Darkstone Periapt","Nuclear Battery","Pantograph","Frozen Egg 2","Bag of Preparation","Shuriken","Bottled Flame","Akabeko"],"acts_visited":["Exordium","TheCity"],"potions_floor_usage":[5,16,23,23],"damage_taken":[{"damage":0,"enemies":"Cultist","floor":1,"turns":3},{"damage":0,"enemies":"Jaw Worm","floor":2,"turns":3},{"damage":4,"enemies":"Small Slimes","floor":5,"turns":2},{"damage":20,"enemies":"Lagavulin","floor":6,"turns":5},{"damage":1,"enemies":"2 Fungi Beasts","floor":7,"turns":3},{"damage":8,"enemies":"Gremlin Nob","floor":11,"turns":5},{"damage":1,"enemies":"3 Sentries","floor":14,"turns":10},{"damage":6,"enemies":"Slime Boss","floor":16,"turns":9},{"damage":2,"enemies":"Chosen","floor":18,"turns":3},{"damage":2,"enemies":"Spheric Guardian","floor":22,"turns":3},{"damage":24,"enemies":"Gremlin Leader","floor":23,"turns":6},{"damage":35,"enemies":"Slavers","floor":25,"turns":5},{"damage":12,"enemies":"Shelled Parasite and Fungi","floor":27,"turns":2}],"seed_played":"-3657466795954720450","potions_obtained":[{"floor":1,"key":"Fire Potion"},{"floor":5,"key":"SpeedPotion"},{"floor":6,"key":"FearPotion"},{"floor":14,"key":"GamblersBrew"},{"floor":22,"key":"LiquidBronze"}],"is_trial":false,"path_per_floor":["M","M","?","$","M","E","M","R","T","R","E","?","?","E","R","B",null,"M","?","$","?","M","E","R","E","T","M"],"character_chosen":"DEFECT","items_purchased":["Defragment","Frozen Egg 2","Storm+1","Bag of Preparation"],"campfire_rested":1,"item_purchase_floors":[4,20,20,20],"current_hp_per_floor":[75,75,75,75,71,51,50,50,50,50,42,42,42,41,63,57,75,73,73,73,73,71,47,47,12,12,0,0],"gold":152,"neow_bonus":"THREE_CARDS","is_daily":false,"chose_seed":false,"campfire_upgraded":3,"win_rate":0.0,"timestamp":1610083652,"path_taken":["M","M","?","?","M","E","M","R","T","R","E","?","?","E","R","BOSS","M","?","$","?","M","E","R","E","T","M"],"items_purchased_type":["Card","Relic","Card","Relic"],"build_version":"2020-12-22","purchased_purges":0,"victory":false,"max_hp_per_floor":[75,75,75,75,75,75,75,75,75,75,75,75,75,75,75,75,75,75,75,75,75,75,75,75,75,75,75,75],"card_choices":[{"not_picked":["Steam","Reprogram"],"picked":"Cold Snap","floor":0},{"not_picked":["Stack","Chill"],"picked":"Rebound","floor":1},{"not_picked":["Compile Driver","Chill","Turbo"],"picked":"SKIP","floor":2},{"not_picked":["Leap","Cold Snap"],"picked":"FTL","floor":5},{"not_picked":["Ball Lightning","Sweeping Beam"],"picked":"Glacier","floor":6},{"not_picked":["Turbo","Conserve Battery","Beam Cell"],"picked":"SKIP","floor":7},{"not_picked":["Steam Power","Barrage","Beam Cell"],"picked":"SKIP","floor":11},{"not_picked":["Fission","Double Energy"],"picked":"Go for the Eyes","floor":14},{"not_picked":["Electrodynamics","Core Surge"],"picked":"All For One","floor":16},{"not_picked":["Defragment","Genetic Algorithm"],"picked":"Redo","floor":18},{"not_picked":["Barrage","Beam Cell+1"],"picked":"Capacitor+1","floor":22},{"not_picked":["Aggregate","Compile Driver","Storm+1"],"picked":"SKIP","floor":23},{"not_picked":["FTL","Fission","Turbo"],"picked":"SKIP","floor":25}],"player_experience":254751,"relics_obtained":[{"floor":6,"key":"Old Coin"},{"floor":9,"key":"Letter Opener"},{"floor":11,"key":"Lantern"},{"floor":14,"key":"Darkstone Periapt"},{"floor":23,"key":"Shuriken"},{"floor":25,"key":"Bottled Flame"},{"floor":26,"key":"Akabeko"}],"event_choices":[{"cards_removed":["Strike_B"],"damage_healed":0,"gold_gain":0,"player_choice":"Card Removal","damage_taken":0,"max_hp_gain":0,"max_hp_loss":0,"event_name":"The Cleric","floor":3,"gold_loss":50},{"damage_healed":0,"gold_gain":0,"player_choice":"Grow","damage_taken":0,"max_hp_gain":0,"max_hp_loss":0,"event_name":"Living Wall","floor":12,"gold_loss":0,"cards_upgraded":["Defragment"]},{"damage_healed":0,"gold_gain":0,"player_choice":"Ignored","damage_taken":0,"max_hp_gain":0,"max_hp_loss":0,"event_name":"Liars Game","floor":13,"gold_loss":0},{"damage_healed":0,"gold_gain":0,"player_choice":"Obtained Relic","damage_taken":0,"relics_obtained":["Pantograph"],"max_hp_gain":0,"max_hp_loss":0,"event_name":"Addict","floor":19,"gold_loss":85},{"cards_removed":["Defend_B"],"damage_healed":0,"gold_gain":0,"player_choice":"Purged","damage_taken":0,"max_hp_gain":0,"max_hp_loss":0,"event_name":"Purifier","floor":21,"gold_loss":0}],"is_beta":false,"boss_relics":[{"not_picked":["Astrolabe","SlaversCollar"],"picked":"Nuclear Battery"}],"items_purged_floors":[],"is_endless":false,"potions_floor_spawned":[1,5,6,14,22],"killed_by":"Shelled Parasite and Fungi","ascension_level":2}}