{"host":"svwqvw2il1zfkkg0","time":1610075700,"event":{"mods":["AchievementEnabler","BaseMod","BetterRewards","Colored Map","Colored Powertips","Custom Start","Downfall","GifTheSpireLib","Highlight Path","Hubris","Infinite Spire","Minty Spire (QoL Compilation)","Quick Restart","Replay The Spire","Shop Mod","StSLib","SuperFastMode"],"gold_per_floor":[18,18,37,48,62,78,110,123,123,123,134,134,145,163,163,265,265,205,205],"floor_reached":18,"playtime":823,"items_purged":[],"score":168,"play_id":"eef45acb-885e-4d85-afb0-ae6432ffcc65","local_time":"20210107191500","is_ascension_mode":false,"campfire_choices":[{"floor":10,"key":"REST"},{"data":"Cloak And Dagger","floor":15,"key":"SMITH"}],"circlet_count":0,"master_deck":["Strike_G","Strike_G","Strike_G","Strike_G","Strike_G","Defend_G","Defend_G","Defend_G","Defend_G","Defend_G","Survivor","Neutralize","Infinite Blades","Neutralize","Hidden Blade","Prepared","Cloak And Dagger","Underhanded Strike","Cloak And Dagger+1","After Image","Tactician","Cloak And Dagger","Dagger Spray","Bullet Time"],"relics":["Ring of the Snake","Calipers","Regal Pillow","ReplayTheSpireMod:Shallot","hubris:Towel","Black Star"],"acts_visited":["Exordium","TheCity"],"potions_floor_usage":[5,6,11,16],"damage_taken":[{"damage":9,"enemies":"Jaw Worm","floor":1,"turns":5},{"damage":1,"enemies":"Cultist","floor":3,"turns":5},{"damage":12,"enemies":"infinitespire:Voidling","floor":4,"turns":4},{"damage":3,"enemies":"Blue Slaver","floor":5,"turns":3},{"damage":0,"enemies":"2 Fungi Beasts","floor":6,"turns":3},{"damage":8,"enemies":"Replay:BlueRogue","floor":7,"turns":7},{"damage":9,"enemies":"Exordium Thugs","floor":8,"turns":4},{"damage":0,"enemies":"Gremlin Gang","floor":11,"turns":5},{"damage":2,"enemies":"Large Slime","floor":13,"turns":7},{"damage":0,"enemies":"Red Slaver","floor":14,"turns":3},{"damage":39,"enemies":"Fading Forest","floor":16,"turns":11},{"damage":6,"enemies":"2 Thieves","floor":18,"turns":4}],"seed_played":"2578535747952498410","potions_obtained":[{"floor":4,"key":"Slimebound:ThreeZeroPotion"},{"floor":5,"key":"Explosive Potion"},{"floor":6,"key":"Ancient Potion"},{"floor":8,"key":"Energy Potion"}],"is_trial":false,"path_per_floor":["M","?","M","M","M","M","E","M","T","R","M","?","M","M","R","B",null,"M"],"character_chosen":"THE_SILENT","items_purchased":[],"campfire_rested":1,"item_purchase_floors":[],"current_hp_per_floor":[61,61,60,52,49,49,41,32,32,68,68,68,66,66,66,37,70,64,64],"gold":205,"neow_bonus":"ONE_RARE_RELIC","is_daily":false,"chose_seed":false,"campfire_upgraded":1,"win_rate":0.0,"timestamp":1610075700,"path_taken":["M","?","M","M","?","M","E","?","T","R","M","?","M","M","R","BOSS","M"],"items_purchased_type":[],"build_version":"2020-12-22","purchased_purges":0,"victory":false,"max_hp_per_floor":[70,70,70,70,70,70,70,70,70,70,70,70,70,70,70,70,70,70,70],"card_choices":[{"not_picked":["Skewer","Outmaneuver"],"picked":"Infinite Blades","floor":1},{"not_picked":["Bane","Poisoned Stab"],"picked":"Hidden Blade","floor":3},{"not_picked":["Outmaneuver","ReplayTheSpireMod:The Works"],"picked":"Prepared","floor":4},{"not_picked":["Escape Plan","Underhanded Strike"],"picked":"Cloak And Dagger","floor":5},{"not_picked":["Draining Mist","Poisoned Stab"],"picked":"Underhanded Strike","floor":6},{"not_picked":["Slice","Bane"],"picked":"Cloak And Dagger","floor":7},{"not_picked":["Heel Hook","Dagger Throw"],"picked":"After Image","floor":8},{"not_picked":["Poisoned Stab","Deadly Poison"],"picked":"Tactician","floor":11},{"not_picked":["Quick Slash","Crippling Poison"],"picked":"Cloak And Dagger","floor":13},{"not_picked":["Outmaneuver","Bouncing Flask"],"picked":"Dagger Spray","floor":14},{"not_picked":["Corpse Explosion","Storm of Steel"],"picked":"Bullet Time","floor":16}],"player_experience":464720,"relics_obtained":[{"floor":7,"key":"Regal Pillow"},{"floor":9,"key":"ReplayTheSpireMod:Shallot"}],"event_choices":[{"damage_healed":0,"gold_gain":0,"player_choice":"1 cards matched","damage_taken":0,"max_hp_gain":0,"max_hp_loss":0,"event_name":"Match and Keep!","floor":2,"gold_loss":0,"cards_obtained":["Neutralize"]}],"is_beta":false,"boss_relics":[{"not_picked":["hubris:VirtuousBlindfold","hubris:BlackHole"],"picked":"Black Star"}],"items_purged_floors":[],"is_endless":false,"potions_floor_spawned":[4,5,6,8],"killed_by":"2 Thieves","ascension_level":0}}