{"host":"3ykswgue17e1ycc2","time":1610119064,"event":{"mods":["BaseMod","Colored Powertips","Dark Map","Minty Spire (QoL Compilation)","Quick Restart","Rare Cards Sparkle","StSLib"],"gold_per_floor":[119,131,131,149,149,179,179,32,32,65,91,118,146,173,185,298,310,333,356,148,148,159,159,159,159],"floor_reached":24,"playtime":668,"items_purged":["Strike_R"],"score":330,"play_id":"76ca06b1-9123-4f4e-b461-c9d7e4439bc4","local_time":"20210108221744","is_ascension_mode":true,"campfire_choices":[{"data":"Cleave","floor":7,"key":"SMITH"},{"floor":15,"key":"REST"},{"data":"Spot Weakness","floor":23,"key":"SMITH"}],"circlet_count":0,"master_deck":["Defend_R","Defend_R","Defend_R","Defend_R","Bash+1","Hemokinesis","Thunderclap","Sword Boomerang","Cleave+1","Anger","Shrug It Off","Armaments","Sever Soul","Fire Breathing","Offering","Warcry+1","Iron Wave","Bite","Bite","Bite","Bite","Bite","Spot Weakness+1"],"relics":["Burning Blood","Ornamental Fan","Chemical X","Bag of Marbles","MawBank","Empty Cage","Ancient Tea Set"],"acts_visited":["Exordium","TheCity"],"potions_floor_usage":[10,10,16,16,24,24],"damage_taken":[{"damage":1,"enemies":"Cultist","floor":1,"turns":3},{"damage":7,"enemies":"Jaw Worm","floor":2,"turns":3},{"damage":4,"enemies":"Small Slimes","floor":4,"turns":4},{"damage":34,"enemies":"Gremlin Nob","floor":6,"turns":4},{"damage":44,"enemies":"Lagavulin","floor":10,"turns":6},{"damage":2,"enemies":"Blue Slaver","floor":11,"turns":2},{"damage":25,"enemies":"Exordium Thugs","floor":12,"turns":4},{"damage":6,"enemies":"Looter","floor":13,"turns":2},{"damage":5,"enemies":"Large Slime","floor":14,"turns":3},{"damage":19,"enemies":"Slime Boss","floor":16,"turns":8},{"damage":27,"enemies":"2 Thieves","floor":18,"turns":4},{"damage":20,"enemies":"Spheric Guardian","floor":19,"turns":4},{"damage":15,"enemies":"Centurion and Healer","floor":22,"turns":6},{"damage":55,"enemies":"Book of Stabbing","floor":24,"turns":4}],"seed_played":"3891813596762175510","potions_obtained":[{"floor":1,"key":"Regen Potion"},{"floor":2,"key":"Energy Potion"},{"floor":6,"key":"SkillPotion"},{"floor":10,"key":"Dexterity Potion"},{"floor":18,"key":"BloodPotion"},{"floor":19,"key":"BlessingOfTheForge"}],"is_trial":false,"path_per_floor":["M","M","?","M","$","E","R","$","T","E","M","M","M","M","R","B",null,"M","M","$","?","M","R","E"],"character_chosen":"IRONCLAD","items_purchased":["Chemical X","Ancient Tea Set"],"campfire_rested":1,"item_purchase_floors":[8,20],"current_hp_per_floor":[77,76,76,78,78,50,50,50,50,27,31,12,12,13,37,24,66,45,31,31,31,33,33,0,0],"gold":159,"neow_bonus":"UPGRADE_CARD","is_daily":false,"chose_seed":false,"campfire_upgraded":2,"win_rate":0.0,"timestamp":1610119064,"path_taken":["M","M","?","M","?","E","R","$","T","E","M","M","M","M","R","BOSS","M","M","$","?","M","R","E"],"items_purchased_type":["Relic","Relic"],"build_version":"2020-12-22","purchased_purges":1,"victory":false,"max_hp_per_floor":[80,80,80,80,80,80,80,80,80,80,80,80,80,80,80,80,80,80,80,80,56,56,56,56,56],"card_choices":[{"not_picked":["Dark Embrace","Pummel"],"picked":"Hemokinesis","floor":1},{"not_picked":["True Grit","Ghostly Armor"],"picked":"Thunderclap","floor":2},{"not_picked":["Disarm","Wild Strike"],"picked":"Sword Boomerang","floor":4},{"not_picked":["Feel No Pain","Clash"],"picked":"Cleave","floor":6},{"not_picked":["Bludgeon","Feel No Pain"],"picked":"Anger","floor":10},{"not_picked":["Seeing Red","Second Wind"],"picked":"Shrug It Off","floor":11},{"not_picked":["Bloodletting","Anger"],"picked":"Armaments","floor":12},{"not_picked":["Havoc","Hemokinesis"],"picked":"Sever Soul","floor":13},{"not_picked":["Flex","Wild Strike"],"picked":"Fire Breathing","floor":14},{"not_picked":["Exhume","Juggernaut"],"picked":"Offering","floor":16},{"not_picked":["Sever Soul","Headbutt"],"picked":"Warcry+1","floor":18},{"not_picked":["Clash","Ghostly Armor+1"],"picked":"Iron Wave","floor":19},{"not_picked":["Thunderclap","Dark Embrace"],"picked":"Spot Weakness","floor":22}],"player_experience":315597,"relics_obtained":[{"floor":6,"key":"Ornamental Fan"},{"floor":9,"key":"Bag of Marbles"},{"floor":10,"key":"MawBank"}],"event_choices":[{"damage_healed":0,"gold_gain":0,"player_choice":"Ignored","damage_taken":0,"max_hp_gain":0,"max_hp_loss":0,"event_name":"Liars Game","floor":3,"gold_loss":0},{"damage_healed":0,"gold_gain":0,"player_choice":"Became a vampire","damage_taken":0,"max_hp_gain":0,"max_hp_loss":24,"event_name":"Vampires","floor":21,"gold_loss":0,"cards_obtained":["Bite","Bite","Bite","Bite","Bite"]}],"is_beta":false,"boss_relics":[{"not_picked":["Ectoplasm","Fusion Hammer"],"picked":"Empty Cage"}],"items_purged_floors":[20],"is_endless":false,"potions_floor_spawned":[1,2,6,10,18,19],"killed_by":"Book of Stabbing","ascension_level":9}}