{"host":"9tzam4717zt8ei1o","time":1610134335,"event":{"mods":["BaseMod","Colored Map","Keyboard Shortcuts","Minty Spire (QoL Compilation)","Quick Restart","StSLib","SuperFastMode"],"gold_per_floor":[360,380,245,260,271,271,297,309,309,309,327,327,342,392,392,466,466,480,499,499,514,514,514],"floor_reached":22,"playtime":466,"items_purged":[],"score":380,"play_id":"17fc906f-d9f3-490b-963c-fa60eefa4bec","local_time":"20210109043215","is_ascension_mode":true,"campfire_choices":[{"data":"Perfected Strike","floor":6.0,"key":"SMITH"},{"data":"Second Wind","floor":10.0,"key":"SMITH"},{"data":"Battle Trance","floor":12.0,"key":"SMITH"},{"floor":15.0,"key":"REST"}],"circlet_count":0,"master_deck":["AscendersBane","Strike_R","Strike_R","Strike_R","Strike_R","Strike_R","Defend_R+1","Wild Strike","Perfected Strike+1","Battle Trance+1","Twin Strike","Second Wind+1","Shrug It Off","Impervious","Twin Strike+1","Entrench+1","Exhume+1","Shockwave","Wild Strike","Whirlwind","Hemokinesis"],"relics":["Burning Blood","War Paint","Mummified Hand","Astrolabe"],"acts_visited":["Exordium","TheCity"],"potions_floor_usage":[22],"damage_taken":[{"damage":12.0,"enemies":"Cultist","floor":1.0,"turns":4.0},{"damage":1.0,"enemies":"2 Louse","floor":2.0,"turns":2.0},{"damage":2.0,"enemies":"Jaw Worm","floor":4.0,"turns":3.0},{"damage":17.0,"enemies":"Exordium Wildlife","floor":5.0,"turns":4.0},{"damage":28.0,"enemies":"Lagavulin","floor":7.0,"turns":6.0},{"damage":17.0,"enemies":"Gremlin Gang","floor":8.0,"turns":3.0},{"damage":1.0,"enemies":"2 Fungi Beasts","floor":11.0,"turns":3.0},{"damage":11.0,"enemies":"Blue Slaver","floor":13.0,"turns":3.0},{"damage":4.0,"enemies":"Slime Boss","floor":16.0,"turns":8.0},{"damage":28.0,"enemies":"3 Byrds","floor":18.0,"turns":7.0},{"damage":28.0,"enemies":"Spheric Guardian","floor":19.0,"turns":6.0},{"damage":2.0,"enemies":"Snecko","floor":21.0,"turns":4.0},{"damage":29,"enemies":"Chosen and Byrds","floor":22,"turns":4}],"seed_played":"-1437282747315488569","potions_obtained":[{"floor":2.0,"key":"HeartOfIron"},{"floor":7.0,"key":"Weak Potion"},{"floor":13.0,"key":"Energy Potion"},{"floor":16.0,"key":"SteroidPotion"}],"is_trial":false,"path_per_floor":["M","M","$","M","M","R","E","M","T","R","M","R","M","?","R","B",null,"M","M","?","M","M"],"character_chosen":"IRONCLAD","items_purchased":["Battle Trance","Fire Potion"],"campfire_rested":1,"item_purchase_floors":[3,3],"current_hp_per_floor":[62,67,67,68,57,57,35,24,24,24,29,29,24,18,38,40,61,39,17,17,21,0,0],"gold":514,"neow_bonus":"TWO_FIFTY_GOLD","is_daily":false,"chose_seed":false,"campfire_upgraded":3,"win_rate":0.0,"timestamp":1610134335,"path_taken":["M","M","$","M","M","R","E","M","T","R","M","R","M","?","R","BOSS","M","M","?","M","M"],"items_purchased_type":["Card","Potion"],"build_version":"2020-12-22","purchased_purges":0,"victory":false,"max_hp_per_floor":[68,68,68,68,68,68,68,68,68,68,68,68,68,68,68,68,68,68,68,68,68,68,68],"card_choices":[{"not_picked":["Cleave","Entrench"],"picked":"Wild Strike","floor":1.0},{"not_picked":["Thunderclap","Headbutt"],"picked":"Perfected Strike","floor":2.0},{"not_picked":["Iron Wave","Pummel"],"picked":"Twin Strike","floor":4.0},{"not_picked":["Heavy Blade","Dropkick","Limit Break"],"picked":"SKIP","floor":5.0},{"not_picked":["Battle Trance","Searing Blow","Havoc"],"picked":"SKIP","floor":7.0},{"not_picked":["Combust","Clash"],"picked":"Second Wind","floor":8.0},{"not_picked":["Thunderclap","Reckless Charge","Flex"],"picked":"SKIP","floor":11.0},{"not_picked":["Reckless Charge","Flex"],"picked":"Thunderclap","floor":11.0},{"not_picked":["Searing Blow","Sentinel"],"picked":"Shrug It Off","floor":13.0},{"not_picked":["Reaper","Demon Form"],"picked":"Impervious","floor":16.0},{"not_picked":["Sever Soul","True Grit"],"picked":"Shockwave","floor":18.0},{"not_picked":["Wild Strike","Shockwave","Clothesline"],"picked":"SKIP","floor":19.0},{"not_picked":["Shockwave","Clothesline"],"picked":"Wild Strike","floor":19.0},{"not_picked":["Reckless Charge","Iron Wave","Whirlwind+1"],"picked":"SKIP","floor":21.0}],"player_experience":164469,"relics_obtained":[{"floor":7.0,"key":"War Paint"},{"floor":9.0,"key":"Mummified Hand"}],"event_choices":[{"damage_healed":0.0,"max_hp_gain":0.0,"max_hp_loss":0.0,"gold_gain":50.0,"event_name":"FaceTrader","player_choice":"Touch","floor":14.0,"gold_loss":0.0,"damage_taken":6.0},{"damage_healed":0.0,"max_hp_gain":0.0,"max_hp_loss":0.0,"gold_gain":0.0,"cards_transformed":["Thunderclap","Defend_R"],"event_name":"Drug Dealer","player_choice":"Became Test Subject","floor":20.0,"gold_loss":0.0,"damage_taken":0.0,"cards_obtained":["Whirlwind","Hemokinesis"]}],"is_beta":false,"boss_relics":[{"not_picked":["Pandora\u0027s Box","Tiny House"],"picked":"Astrolabe"}],"items_purged_floors":[],"is_endless":false,"potions_floor_spawned":[2,5,7,13,16,18],"killed_by":"Chosen and Byrds","ascension_level":20}}