{"host":"1a3cjta80tad0aqj","time":1610097909,"event":{"mods":["2.2 Compatiblity","AchievementEnabler","BaseMod","Colored Map","DeckTracker","KOR Keyword Fix","Keyboard Shortcuts","Minty Spire (QoL Compilation)","Permanent Neow","Quick Restart","Random Character Button","StSLib","SuperFastMode","everything is the same but u backflip on backflip"],"gold_per_floor":[112,124,47,47,47,47,74,74,74,88,108,33,108,8,8,108,108,124,144,159,84,84,84],"floor_reached":22,"playtime":667,"items_purged":["Strike_P","Defend_P"],"score":234,"play_id":"937cc919-408c-4b35-8dff-ec4ac3742228","local_time":"20210108182509","is_ascension_mode":false,"campfire_choices":[{"data":"Eruption","floor":6,"key":"SMITH"},{"data":"Wallop","floor":8,"key":"SMITH"},{"data":"FlurryOfBlows","floor":15,"key":"SMITH"}],"circlet_count":0,"master_deck":["Strike_P","Defend_P","Eruption+1","Vigilance","SashWhip+1","Crescendo+1","Halt","FlurryOfBlows+1","Wallop+1","BowlingBash","Adaptation+1"],"relics":["Astrolabe"],"acts_visited":["Exordium","TheCity"],"potions_floor_usage":[],"damage_taken":[{"damage":3,"enemies":"Jaw Worm","floor":1,"turns":2},{"damage":0,"enemies":"2 Louse","floor":2,"turns":2},{"damage":3,"enemies":"Gremlin Nob","floor":7,"turns":3},{"damage":0,"enemies":"Cultist","floor":10,"turns":2},{"damage":0,"enemies":"Looter","floor":11,"turns":2},{"damage":0,"enemies":"Slime Boss","floor":16,"turns":6},{"damage":0,"enemies":"Shell Parasite","floor":18,"turns":3},{"damage":30,"enemies":"2 Thieves","floor":19,"turns":3},{"damage":1,"enemies":"3 Cultists","floor":20,"turns":4},{"damage":8,"enemies":"Sentry and Sphere","floor":22,"turns":3}],"seed_played":"2422888770204025981","potions_obtained":[{"floor":7,"key":"Weak Potion"},{"floor":11,"key":"Energy Potion"},{"floor":20,"key":"CultistPotion"}],"is_trial":false,"path_per_floor":["M","M","$","?","?","R","E","R","T","M","M","$","?","$","R","B",null,"M","M","M","?","M"],"character_chosen":"WATCHER","items_purchased":["Wallop"],"campfire_rested":0,"item_purchase_floors":[3],"current_hp_per_floor":[69,69,69,69,72,72,69,69,69,69,69,69,58,58,58,58,72,72,42,41,41,33,33],"gold":84,"neow_bonus":"BOSS_RELIC","is_daily":false,"chose_seed":true,"campfire_upgraded":3,"win_rate":0.0,"timestamp":1610097909,"path_taken":["M","M","$","?","?","R","E","R","T","M","?","$","?","$","R","BOSS","M","M","M","?","M"],"items_purchased_type":["Card"],"build_version":"2020-12-22","purchased_purges":2,"victory":false,"max_hp_per_floor":[72,72,72,72,72,72,72,72,72,72,72,72,72,72,72,72,72,72,72,72,72,72,72],"card_choices":[{"not_picked":["SashWhip","BattleHymn"],"picked":"Halt","floor":1},{"not_picked":["LikeWater","CrushJoints"],"picked":"FlurryOfBlows","floor":2},{"not_picked":["WheelKick","Judgement","JustLucky"],"picked":"SKIP","floor":7},{"not_picked":["Halt","FlurryOfBlows","Indignation"],"picked":"SKIP","floor":10},{"not_picked":["Evaluate","Protect","EmptyFist"],"picked":"SKIP","floor":11},{"not_picked":["Evaluate","Protect"],"picked":"BowlingBash","floor":18},{"not_picked":["Halt","JustLucky"],"picked":"Adaptation+1","floor":19},{"not_picked":["ReachHeaven","Crescendo","ThirdEye"],"picked":"SKIP","floor":20},{"not_picked":["ReachHeaven","Crescendo","ThirdEye"],"picked":"SKIP","floor":20}],"player_experience":203414,"relics_obtained":[],"event_choices":[{"damage_healed":0,"gold_gain":0,"player_choice":"Fled","damage_taken":0,"max_hp_gain":0,"max_hp_loss":0,"event_name":"Scrap Ooze","floor":4,"gold_loss":0},{"cards_removed":["Pray"],"damage_healed":3,"gold_gain":0,"player_choice":"Offered Uncommon","damage_taken":0,"max_hp_gain":0,"max_hp_loss":0,"event_name":"Bonfire Elementals","floor":5,"gold_loss":0},{"damage_healed":0,"gold_gain":75,"player_choice":"Gather Gold","damage_taken":11,"max_hp_gain":0,"max_hp_loss":0,"event_name":"World of Goop","floor":13,"gold_loss":0},{"cards_removed":["Strike_P"],"damage_healed":0,"gold_gain":0,"player_choice":"Gave Gold","damage_taken":0,"max_hp_gain":0,"max_hp_loss":0,"event_name":"Beggar","floor":21,"gold_loss":75}],"is_beta":false,"boss_relics":[{"not_picked":[]}],"items_purged_floors":[12,14],"is_endless":false,"potions_floor_spawned":[7,11,20],"killed_by":"Sentry and Sphere","ascension_level":0}}