{"host":"J","time":1610147865,"event":{"mods":["AchievementEnabler","BaseMod","Block Reminder","Highlight Path","Minty Spire (QoL Compilation)","Permanent Neow","Quick Restart","Relic Stats","UnlockEverythingMod"],"gold_per_floor":[109,109,33,108,121,153,153,185,185,204,266,177,192,202,202,279,279,290,306,231,247,247,247,247],"floor_reached":23,"playtime":1626,"items_purged":["Strike_B"],"score":452,"play_id":"47491235-a5be-48f8-aff5-d724bd67e913","local_time":"20210109001745","is_ascension_mode":true,"campfire_choices":[{"data":"Loop","floor":7.0,"key":"SMITH"},{"data":"Zap","floor":15.0,"key":"SMITH"}],"circlet_count":0,"master_deck":["AscendersBane","Strike_B","Strike_B","Strike_B","Defend_B","Defend_B","Defend_B","Defend_B","Zap+1","Dualcast","Chaos+1","Loop+1","Chill","Cold Snap","Doom and Gloom","Cold Snap","Buffer","Compile Driver","Echo Form"],"relics":["Cracked Core","NeowsBlessing","Meat on the Bone","Regal Pillow","Shuriken","Nuclear Battery"],"acts_visited":["TheCity"],"potions_floor_usage":[],"damage_taken":[{"damage":0.0,"enemies":"Jaw Worm","floor":1.0,"turns":1.0},{"damage":0.0,"enemies":"2 Louse","floor":5.0,"turns":1.0},{"damage":0.0,"enemies":"Gremlin Nob","floor":6.0,"turns":1.0},{"damage":30.0,"enemies":"3 Sentries","floor":8.0,"turns":12.0},{"damage":12.0,"enemies":"Small Slimes","floor":10.0,"turns":2.0},{"damage":9.0,"enemies":"Red Slaver","floor":13.0,"turns":3.0},{"damage":4.0,"enemies":"Blue Slaver","floor":14.0,"turns":3.0},{"damage":30.0,"enemies":"The Guardian","floor":16.0,"turns":11.0},{"damage":0.0,"enemies":"Chosen","floor":18.0,"turns":4.0},{"damage":7.0,"enemies":"Shell Parasite","floor":19.0,"turns":5.0},{"damage":20.0,"enemies":"Chosen and Byrds","floor":21.0,"turns":7.0},{"damage":28,"enemies":"Book of Stabbing","floor":23,"turns":3}],"seed_played":"-9008328726933731205","potions_obtained":[{"floor":1.0,"key":"BlessingOfTheForge"},{"floor":5.0,"key":"Fruit Juice"},{"floor":13.0,"key":"FearPotion"},{"floor":18.0,"key":"PowerPotion"}],"is_trial":false,"path_per_floor":["M","?","$","?","M","E","R","E","T","M","?","?","M","M","R","B",null,"M","M","$","M","?","E"],"character_chosen":"DEFECT","items_purchased":["Loop"],"campfire_rested":0,"item_purchase_floors":[3],"current_hp_per_floor":[64,64,64,53,53,53,53,35,35,35,35,35,38,46,46,28,60,65,58,58,50,28,0,0],"gold":247,"neow_bonus":"THREE_ENEMY_KILL","is_daily":false,"chose_seed":false,"campfire_upgraded":2,"win_rate":0.0,"timestamp":1610147865,"path_taken":["M","?","$","?","M","E","R","E","T","M","?","?","M","M","R","BOSS","M","M","$","M","?","E"],"items_purchased_type":["Card"],"build_version":"2020-12-18","purchased_purges":1,"victory":false,"max_hp_per_floor":[71,71,71,71,71,71,71,71,71,71,71,71,71,71,71,71,71,76,76,76,76,81,81,81],"relic_stats":{"Regal Pillow":0,"counters":[12,53],"Shuriken":[3],"obtain_stats":[{"Regal Pillow":8,"NeowsBlessing":0,"Shuriken":12,"Cracked Core":0,"Meat on the Bone":6,"Nuclear Battery":17},{"Regal Pillow":4,"NeowsBlessing":0,"Shuriken":5,"Cracked Core":0,"Meat on the Bone":3,"Nuclear Battery":8},{"Regal Pillow":15,"NeowsBlessing":0,"Shuriken":17,"Cracked Core":0,"Meat on the Bone":3,"Nuclear Battery":34}],"Meat on the Bone":72},"card_choices":[{"not_picked":["Undo","Hello World"],"picked":"Chaos","floor":1.0},{"not_picked":["Compile Driver","Undo"],"picked":"Chill","floor":5.0},{"not_picked":["Self Repair","Amplify"],"picked":"Cold Snap","floor":6.0},{"not_picked":["Sweeping Beam","Hello World"],"picked":"Doom and Gloom","floor":8.0},{"not_picked":["Redo","Barrage","Lockon"],"picked":"SKIP","floor":10.0},{"not_picked":["Coolheaded","Recycle"],"picked":"Cold Snap","floor":13.0},{"not_picked":["Redo","Static Discharge","Skim"],"picked":"SKIP","floor":14.0},{"not_picked":["Seek","Core Surge"],"picked":"Buffer","floor":16.0},{"not_picked":["Hologram","Static Discharge"],"picked":"Compile Driver","floor":18.0},{"not_picked":["Force Field","Rip and Tear","Beam Cell"],"picked":"SKIP","floor":19.0},{"not_picked":["Darkness+1","BootSequence+1"],"picked":"Echo Form","floor":21.0}],"player_experience":221231,"relics_obtained":[{"floor":6.0,"key":"Meat on the Bone"},{"floor":8.0,"key":"Regal Pillow"}],"event_choices":[{"damage_healed":0.0,"max_hp_gain":0.0,"max_hp_loss":0.0,"gold_gain":0.0,"event_name":"Living Wall","player_choice":"Grow","floor":2.0,"gold_loss":0.0,"damage_taken":0.0,"cards_upgraded":["Chaos"]},{"damage_healed":0.0,"max_hp_gain":0.0,"max_hp_loss":0.0,"gold_gain":75.0,"event_name":"World of Goop","player_choice":"Gather Gold","floor":4.0,"gold_loss":0.0,"damage_taken":11.0},{"damage_healed":0.0,"max_hp_gain":0.0,"max_hp_loss":0.0,"gold_gain":62.0,"event_name":"Golden Wing","player_choice":"Gained Gold","floor":11.0,"gold_loss":0.0,"damage_taken":0.0},{"damage_healed":0.0,"max_hp_gain":0.0,"max_hp_loss":0.0,"gold_gain":0.0,"event_name":"WeMeetAgain","player_choice":"Paid Gold","floor":12.0,"gold_loss":89.0,"damage_taken":0.0,"relics_obtained":["Shuriken"]},{"damage_healed":0.0,"max_hp_gain":5.0,"max_hp_loss":0.0,"gold_gain":0.0,"event_name":"Forgotten Altar","player_choice":"Shed Blood","floor":22.0,"gold_loss":0.0,"damage_taken":27.0}],"is_beta":true,"boss_relics":[{"not_picked":["Runic Pyramid","Busted Crown"],"picked":"Nuclear Battery"}],"items_purged_floors":[20],"is_endless":false,"potions_floor_spawned":[1,5,13,18],"killed_by":"Book of Stabbing","ascension_level":20}}