{"host":"y4sghvfd0ewtcchd","time":1610138185,"event":{"mods":["Aspiration","BaseMod","Better Debug","Better Note","Better Third Choice","BetterRewards","Block Reminder","Colored Map","Colored Powertips","Downfall","Highlight Path","Hubris","Infinite Spire","Minty Spire (QoL Compilation)","Relic Sorter","Relic Stats","Replay The Spire","Shop Mod","StSLib","The Jungle","The Saiyan"],"gold_per_floor":[116,116,131,131,131,131,146,171,197,55,70,90,122,122,122,233,233,258,280,6,36,61,61,94,94,94,134,177,177,240,318,318,450,450,486,486,143,173,173,173,216,240,263,263,263,1,28,48,48,72,72,72,33,79,145],"floor_reached":56,"playtime":3140,"items_purged":[],"score":1416,"play_id":"8a02aeea-65c2-4aca-bf88-a71df9f734bd","local_time":"20210108233625","is_ascension_mode":true,"campfire_choices":[{"floor":6.0,"key":"REST"},{"data":"Dualcast","floor":15.0,"key":"SMITH"},{"floor":23.0,"key":"RECALL"},{"data":"Hello World","floor":25.0,"key":"SMITH"},{"data":"Redo","floor":40.0,"key":"SMITH"},{"data":"Buffer","floor":44.0,"key":"SMITH"},{"floor":49.0,"key":"REST"},{"data":"hubris:EnhanceAbility","floor":52.0,"key":"SMITH"}],"circlet_count":0,"master_deck":["Strike_B","Strike_B","Strike_B","Strike_B","Defend_B","Defend_B","Defend_B","Defend_B","Zap+1","Dualcast+1","Master of Strategy","Force Field","hubris:InfiniteBlow+14","Turbo","Hello World+1","All For One","Conserve Battery","ReplayTheSpireMod:Omega Cannon","Rebound","Electrodynamics","Undo","Scrape+1","Defragment+1","Turbo","Glacier","Steam","Echo Form","CurseOfTheBell","Time Bomb+1","Capacitor","Redo+1","Beam Cell+1","Loop+1","Buffer+1","hubris:EnhanceAbility+1","Capacitor","Defragment","Go for the Eyes","Go for the Eyes+1","Storm+1"],"relics":["Cracked Core","hubris:Icosahedron","infinitespire:Joker Card","ClockworkSouvenir","infinitespire:FocusingShard","Anchor","infinitespire:BottledMercury","Strawberry","Replay:Bandana","Inserter","Chameleon Ring","aspiration:ArtOfWarUpgrade","infinitespire:Midas Blood","The Courier","Calling Bell","Blood Vial","Pear","Ice Cream","hubris:Towel","Replay:WaspNest","Toy Ornithopter","hubris:Metronome","Pet Ghost"],"acts_visited":["Exordium","TheCity","TheBeyond","TheEnding"],"potions_floor_usage":[55],"damage_taken":[{"damage":0.0,"enemies":"Cultist","floor":1.0,"turns":3.0},{"damage":0.0,"enemies":"Jaw Worm","floor":3.0,"turns":1.0},{"damage":0.0,"enemies":"Small Slimes","floor":7.0,"turns":1.0},{"damage":27.0,"enemies":"Lagavulin","floor":8.0,"turns":4.0},{"damage":0.0,"enemies":"Looter","floor":11.0,"turns":1.0},{"damage":0.0,"enemies":"Large Slime","floor":12.0,"turns":5.0},{"damage":20.0,"enemies":"3 Sentries","floor":13.0,"turns":5.0},{"damage":29.0,"enemies":"The Guardian","floor":16.0,"turns":8.0},{"damage":0.0,"enemies":"Chosen","floor":18.0,"turns":3.0},{"damage":0.0,"enemies":"Shell Parasite","floor":19.0,"turns":2.0},{"damage":0.0,"enemies":"Centurion and Healer","floor":21.0,"turns":2.0},{"damage":1.0,"enemies":"Snake Plant","floor":22.0,"turns":2.0},{"damage":2.0,"enemies":"Cultist and Chosen","floor":24.0,"turns":4.0},{"damage":25.0,"enemies":"Gremlin Leader","floor":27.0,"turns":7.0},{"damage":0.0,"enemies":"3 Cultists","floor":28.0,"turns":4.0},{"damage":10.0,"enemies":"Slavers","floor":30.0,"turns":3.0},{"damage":25.0,"enemies":"Collector","floor":33.0,"turns":6.0},{"damage":16.0,"enemies":"3 Darklings","floor":35.0,"turns":3.0},{"damage":7.0,"enemies":"Orb Walker","floor":38.0,"turns":3.0},{"damage":20.0,"enemies":"R_Hoarder","floor":41.0,"turns":6.0},{"damage":0.0,"enemies":"Sphere and 2 Shapes","floor":42.0,"turns":3.0},{"damage":0.0,"enemies":"Maw","floor":47.0,"turns":5.0},{"damage":36.0,"enemies":"Transient","floor":48.0,"turns":5.0},{"damage":62.0,"enemies":"Time Eater","floor":50.0,"turns":9.0},{"damage":32.0,"enemies":"Shield and Spear","floor":54.0,"turns":4.0},{"damage":50,"enemies":"The Heart","floor":55,"turns":6}],"seed_played":"1747183486209388954","potions_obtained":[{"floor":1.0,"key":"Languid Potion"},{"floor":8.0,"key":"DistilledChaos"},{"floor":12.0,"key":"DistilledChaos"},{"floor":22.0,"key":"SpeedPotion"},{"floor":28.0,"key":"AttackPotion"},{"floor":30.0,"key":"Fire Potion"},{"floor":41.0,"key":"Energy Potion"},{"floor":42.0,"key":"Fire Potion"},{"floor":48.0,"key":"SkillPotion"}],"is_trial":false,"path_per_floor":["M","?","M","T","?","R","M","E","T","$","M","M","E","?","R","B",null,"M","M","$","M","M","R","M","R","T","E","M","R","E","T","R","B",null,"M","?","$","M","?","R","E","M","T","R","T","$","M","M","R","B",null,"R","$","E","B",null],"character_chosen":"DEFECT","items_purchased":["ClockworkSouvenir","infinitespire:FocusingShard","Master of Strategy","Anchor","Hello World","All For One","Electrodynamics","Undo","Scrape+1","Ice Cream","Capacitor","Redo","hubris:EnhanceAbility","Capacitor","Defragment","Block Potion"],"campfire_rested":2,"item_purchase_floors":[0,0,0,0,10,10,20,20,20,37,37,37,46,46,46,53],"current_hp_per_floor":[51,33,33,33,33,55,55,35,35,35,35,35,15,82,82,53,82,82,82,82,82,81,81,79,79,79,54,54,54,44,44,44,19,92,76,76,76,71,71,71,53,55,55,55,55,55,57,28,55,5,92,92,92,60,17],"gold":145,"neow_bonus":"","is_daily":false,"chose_seed":false,"campfire_upgraded":5,"win_rate":0.0,"timestamp":1610138185,"path_taken":["M","?","M","?","?","R","M","E","T","?","M","?","E","?","R","BOSS","M","M","?","M","?","R","M","R","T","E","M","R","E","?","R","BOSS","M","?","$","M","?","R","E","M","T","R","?","$","M","M","R","BOSS","R","$","E","BOSS"],"items_purchased_type":["Relic","Relic","Card","Relic","Card","Card","Card","Card","Card","Relic","Card","Card","Card","Card","Card","Potion"],"build_version":"2020-12-22","purchased_purges":0,"victory":true,"max_hp_per_floor":[75,75,75,75,75,75,75,82,82,82,82,82,82,82,82,82,82,82,82,82,82,82,82,82,82,82,82,82,82,82,82,82,82,92,92,92,92,92,92,92,92,92,92,92,92,92,92,92,92,92,92,92,92,92,92],"relic_stats":{"Blood Vial":14,"Inserter":[38],"counters":[65,280],"obtain_stats":[{"Darkstone Periapt":13,"Ice Cream":37,"infinitespire:BottledMercury":4,"Regal Pillow":6,"hubris:Metronome":45,"Tiny House":17,"infinitespire:Cubic Diamond":2,"Bag of Preparation":9,"Pet Ghost":54,"ClockworkSouvenir":0,"Blood Vial":34,"Replay:Bandana":7,"Chameleon Ring":26,"hubris:Icosahedron":36,"Mummified Hand":0,"Strawberry":8,"hubris:DeckOfHolding":10,"aspiration:ArtOfWarUpgrade":32,"Cracked Core":0,"Inserter":17,"Pear":34,"NeowsBlessing":0,"infinitespire:FocusingShard":0,"The Courier":31,"infinitespire:Joker Card":34,"Replay:WaspNest":41,"hubris:Towel":39,"Calling Bell":34,"Anchor":0,"infinitespire:WardingShard":9,"infinitespire:Satchel":4,"Coffee Dripper":17,"Art of War":27,"infinitespire:PuzzleCube":0,"Abe\u0027s Treasure":17,"Toy Ornithopter":43,"m_BurningSludge":2,"infinitespire:Midas Blood":30},{"Darkstone Periapt":8,"Ice Cream":57,"infinitespire:BottledMercury":41,"Regal Pillow":3,"hubris:Metronome":60,"Tiny House":10,"infinitespire:Cubic Diamond":19,"Bag of Preparation":5,"Pet Ghost":64,"ClockworkSouvenir":39,"Blood Vial":56,"Replay:Bandana":29,"Chameleon Ring":52,"hubris:Icosahedron":57,"Mummified Hand":26,"Strawberry":43,"hubris:DeckOfHolding":21,"aspiration:ArtOfWarUpgrade":55,"Cracked Core":0,"Inserter":47,"Pear":56,"NeowsBlessing":0,"infinitespire:FocusingShard":39,"The Courier":55,"infinitespire:Joker Card":56,"Replay:WaspNest":59,"hubris:Towel":58,"Calling Bell":56,"Anchor":39,"infinitespire:WardingShard":14,"infinitespire:Satchel":2,"Coffee Dripper":24,"Art of War":53,"infinitespire:PuzzleCube":12,"Abe\u0027s Treasure":33,"Toy Ornithopter":60,"m_BurningSludge":19,"infinitespire:Midas Blood":55},{"Darkstone Periapt":22,"Ice Cream":239,"infinitespire:BottledMercury":179,"Regal Pillow":3,"hubris:Metronome":251,"Tiny House":30,"infinitespire:Cubic Diamond":63,"Bag of Preparation":11,"Pet Ghost":274,"ClockworkSouvenir":175,"Blood Vial":236,"Replay:Bandana":131,"Chameleon Ring":216,"hubris:Icosahedron":239,"Mummified Hand":119,"Strawberry":184,"hubris:DeckOfHolding":83,"aspiration:ArtOfWarUpgrade":230,"Cracked Core":0,"Inserter":203,"Pear":236,"NeowsBlessing":0,"infinitespire:FocusingShard":175,"The Courier":230,"infinitespire:Joker Card":236,"Replay:WaspNest":248,"hubris:Towel":242,"Calling Bell":236,"Anchor":175,"infinitespire:WardingShard":45,"infinitespire:Satchel":2,"Coffee Dripper":106,"Art of War":223,"infinitespire:PuzzleCube":39,"Abe\u0027s Treasure":146,"Toy Ornithopter":251,"m_BurningSludge":63,"infinitespire:Midas Blood":230}],"Toy Ornithopter":20},"card_choices":[{"not_picked":["Gash","Barrage"],"picked":"Force Field","floor":1.0},{"not_picked":["infinitespire:Fortify","infinitespire:Collect"],"picked":"hubris:InfiniteBlow+7","floor":2.0},{"not_picked":["Darkness","Go for the Eyes","ReplayGash"],"picked":"SKIP","floor":3.0},{"not_picked":["Consume","Hologram"],"picked":"ReplaySolidLightProjector","floor":7.0},{"not_picked":["Go for the Eyes","Scrape"],"picked":"Turbo","floor":8.0},{"not_picked":["Coolheaded","Blizzard"],"picked":"Conserve Battery","floor":11.0},{"not_picked":["Stack","Sweeping Beam","Hologram"],"picked":"SKIP","floor":12.0},{"not_picked":["Go for the Eyes","ReplayTheSpireMod:System Scan","Coolheaded"],"picked":"SKIP","floor":13.0},{"not_picked":["Electrodynamics","hubris:Prefetch"],"picked":"ReplayTheSpireMod:Omega Cannon","floor":16.0},{"not_picked":["Steam","Panic Button+1"],"picked":"Rebound","floor":18.0},{"not_picked":["Reinforced Body","Rip and Tear+1","Reprogram+1"],"picked":"SKIP","floor":19.0},{"not_picked":["Coolheaded+1","Barrage"],"picked":"Defragment+1","floor":21.0},{"not_picked":["Darkness+1","ReplayTheSpireMod:System Scan+1","Barrage"],"picked":"SKIP","floor":22.0},{"not_picked":["ReplayGash","Reprogram+1"],"picked":"Turbo","floor":24.0},{"not_picked":["Cold Snap","hubris:SpecializedCircuitry"],"picked":"Glacier","floor":27.0},{"not_picked":["Barrage","Ball Lightning"],"picked":"Steam","floor":28.0},{"not_picked":["Sweeping Beam","Cold Snap","Hyperbeam"],"picked":"SKIP","floor":30.0},{"not_picked":["hubris:Prefetch","Electrodynamics"],"picked":"Echo Form","floor":33.0},{"not_picked":["Leap","ReplayTheSpireMod:GoodbyeWorld"],"picked":"Time Bomb+1","floor":35.0},{"not_picked":["Compile Driver","Rip and Tear+1"],"picked":"Beam Cell+1","floor":38.0},{"not_picked":["Beam Cell+1","ReplayTheSpireMod:Reroute Power+1"],"picked":"Loop+1","floor":41.0},{"not_picked":["Consume+1","Rebound"],"picked":"Buffer","floor":42.0},{"not_picked":["Steam Power","Hologram+1"],"picked":"Go for the Eyes","floor":47.0},{"not_picked":["Barrage","FIFO Queue+1"],"picked":"Go for the Eyes+1","floor":48.0},{"not_picked":["Amplify","Cold Snap+1"],"picked":"Storm+1","floor":54.0}],"player_experience":505805,"relics_obtained":[{"floor":4.0,"key":"infinitespire:BottledMercury"},{"floor":8.0,"key":"Strawberry"},{"floor":13.0,"key":"Replay:Bandana"},{"floor":26.0,"key":"Chameleon Ring"},{"floor":27.0,"key":"Art of War"},{"floor":30.0,"key":"infinitespire:Midas Blood"},{"floor":31.0,"key":"The Courier"},{"floor":34.0,"key":"Blood Vial"},{"floor":34.0,"key":"Pear"},{"floor":34.0,"key":"infinitespire:Joker Card"},{"floor":41.0,"key":"Replay:WaspNest"},{"floor":43.0,"key":"Toy Ornithopter"},{"floor":45.0,"key":"hubris:Metronome"},{"floor":54.0,"key":"Pet Ghost"}],"event_choices":[{"damage_healed":0.0,"max_hp_gain":0.0,"max_hp_loss":0.0,"gold_gain":0.0,"event_name":"Living Wall","player_choice":"Grow","floor":5.0,"gold_loss":0.0,"damage_taken":0.0,"cards_upgraded":["Zap"]},{"cards_removed":["ReplaySolidLightProjector"],"damage_healed":67.0,"max_hp_gain":0.0,"max_hp_loss":0.0,"gold_gain":0.0,"event_name":"Bonfire Elementals","player_choice":"Offered Uncommon","floor":14.0,"gold_loss":0.0,"damage_taken":0.0}],"is_beta":false,"boss_relics":[{"not_picked":["Coffee Dripper","aspiration:IroncladSkillbook"],"picked":"Inserter"},{"not_picked":["Tiny House","Painkiller Herb"],"picked":"Calling Bell"}],"items_purged_floors":[],"is_endless":false,"potions_floor_spawned":[1,8,12,22,28,30,41,42,48],"ascension_level":3}}