{"host":"uflv0e3ja7hvnij7","time":1610064181,"event":{"mods":["BaseMod","Better Altar","Better Match","Better Note","Better Sensory Stone","Better Skull","Better Third Choice","Minty Spire (QoL Compilation)","Permanent Neow","Replay The Spire","StSLib"],"gold_per_floor":[112,112,112,145,354,387,387,418,418,6,54,65,75,75,75,202,202,239,254,154,184,59,59,69,69,115,67,100,100,135,148,148,252,252,265,275,275,225,235,235,185,185,210,210,230,230,180,180,180,180],"floor_reached":51,"playtime":4237,"items_purged":["Eruption","Strike_P","Vigilance","Replay:ManipulateFuture","Parasite","CutThroughFate"],"score":868,"play_id":"425c5c43-2848-408f-8c13-7998ac5729b0","local_time":"20210107190301","is_ascension_mode":true,"campfire_choices":[{"floor":15,"key":"DIG"},{"data":"Alpha","floor":23,"key":"SMITH"},{"floor":25,"key":"REST"},{"floor":29,"key":"DIG"},{"floor":32,"key":"DIG"},{"floor":40,"key":"DIG"},{"floor":42,"key":"DIG"},{"floor":44,"key":"DIG"},{"floor":46,"key":"DIG"},{"floor":49,"key":"DIG"}],"circlet_count":0,"master_deck":["Defend_P","Defend_P","Defend_P","Defend_P","Survivor","Alpha+1","Replay:AtTheReady","ThirdEye","Protect","Protect","Scrawl","Vault","Evaluate","Vault","Vault","Evaluate+1"],"relics":["PureWater","Oddly Smooth Stone","Iron Hammer","Shovel","Bag of Marbles","Pantograph","Empty Cage","Nunchaku","Smiling Mask","Tiny Chest","Ice Cream","Replay:Bottled Snecko","Fusion Hammer","Singing Bowl","Regal Pillow","Blue Doll","Akabeko","Vajra","Strawberry"],"acts_visited":["Exordium","TheCity","TheBeyond"],"potions_floor_usage":[11,11,21,21,28,28,45,50],"damage_taken":[{"damage":0,"enemies":"Small Slimes","floor":1,"turns":4},{"damage":0,"enemies":"2 Louse","floor":4,"turns":2},{"damage":0,"enemies":"Replay:BlueRogue","floor":6,"turns":4},{"damage":0,"enemies":"Cultist","floor":8,"turns":1},{"damage":2,"enemies":"Lagavulin","floor":11,"turns":6},{"damage":0,"enemies":"2 Fungi Beasts","floor":12,"turns":3},{"damage":0,"enemies":"Large Slime","floor":13,"turns":3},{"damage":4,"enemies":"Hexaghost","floor":16,"turns":9},{"damage":27,"enemies":"Spheric Guardian","floor":18,"turns":4},{"damage":0,"enemies":"Shell Parasite","floor":19,"turns":4},{"damage":3,"enemies":"Shelled Parasite and Fungi","floor":21,"turns":5},{"damage":0,"enemies":"Snake Plant","floor":24,"turns":4},{"damage":24,"enemies":"Book of Stabbing","floor":28,"turns":7},{"damage":19,"enemies":"Replay:Snechameleon","floor":30,"turns":7},{"damage":10,"enemies":"Sentry and Sphere","floor":31,"turns":7},{"damage":1,"enemies":"Champ","floor":33,"turns":12},{"damage":0,"enemies":"Orb Walker","floor":35,"turns":3},{"damage":0,"enemies":"3 Darklings","floor":36,"turns":6},{"damage":0,"enemies":"Writhing Mass","floor":39,"turns":7},{"damage":14,"enemies":"Spire Growth","floor":45,"turns":7},{"damage":11,"enemies":"Awakened One","floor":50,"turns":17}],"seed_played":"8079031156376085637","potions_obtained":[{"floor":1,"key":"Fire Potion"},{"floor":6,"key":"Regen Potion"},{"floor":8,"key":"PowerPotion"},{"floor":12,"key":"LiquidMemories"},{"floor":13,"key":"Death Potion"},{"floor":19,"key":"BottledMiracle"},{"floor":21,"key":"SkillPotion"},{"floor":24,"key":"SpeedPotion"},{"floor":31,"key":"Elixir"},{"floor":35,"key":"BlessingOfTheForge"}],"is_trial":false,"path_per_floor":["M","?","?","M","?","E","?","M","T","$","E","M","M","$","R","B",null,"M","M","$","M","$","R","M","R","T","$","E","R","E","M","R","B",null,"M","M","?","$","M","R","$","R","T","R","M","R","$","?","R","B",null],"character_chosen":"WATCHER","items_purchased":["Protect","Shovel","Evaluate"],"campfire_rested":1,"item_purchase_floors":[10,10,27],"current_hp_per_floor":[65,70,70,70,40,40,40,40,40,40,53,53,53,53,53,73,76,49,49,49,46,46,46,46,69,69,69,45,45,26,16,16,40,68,68,68,68,68,68,68,68,68,68,68,56,56,56,56,63,72],"gold":180,"neow_bonus":"THREE_RARE_CARDS","is_daily":false,"chose_seed":false,"campfire_upgraded":1,"win_rate":0.0,"timestamp":1610064181,"path_taken":["M","?","?","?","?","E","?","M","T","$","E","M","?","$","R","BOSS","M","?","$","M","?","R","M","R","T","$","E","R","E","M","R","BOSS","M","M","?","$","M","R","$","R","T","R","?","R","$","?","R","BOSS"],"items_purchased_type":["Card","Relic","Card"],"build_version":"2020-12-22","purchased_purges":6,"victory":true,"max_hp_per_floor":[72,77,77,77,77,77,77,77,77,77,77,77,77,77,77,77,77,77,77,77,77,77,77,77,77,77,77,77,77,77,77,77,77,77,77,77,77,77,77,77,74,74,74,74,76,76,76,76,83,83],"card_choices":[{"not_picked":["Scrawl","Replay:LoomingThreat"],"picked":"Alpha","floor":0},{"not_picked":["WaveOfTheHand","Protect","Replay:AtTheReady"],"picked":"SKIP","floor":1},{"not_picked":["Magnetism","Secret Weapon"],"picked":"HandOfGreed","floor":3},{"not_picked":["Replay:Anticipation","Crescendo","Meditate"],"picked":"SKIP","floor":4},{"not_picked":["EmptyBody","Consecrate"],"picked":"Replay:AtTheReady","floor":6},{"not_picked":["ClearTheMind","Prostrate"],"picked":"ThirdEye","floor":8},{"not_picked":["CrushJoints","Replay:Hum"],"picked":"Protect","floor":11},{"not_picked":["PathToVictory","BattleHymn"],"picked":"Scrawl","floor":12},{"not_picked":["Replay:Anticipation","Evaluate"],"picked":"CutThroughFate","floor":13},{"not_picked":["Omniscience","Wish"],"picked":"Vault","floor":16},{"not_picked":["Replay:AtTheReady+1","CarveReality+1","BowlingBash"],"picked":"SKIP","floor":18},{"not_picked":["Collect","Replay:BluntJabs","Protect+1"],"picked":"SKIP","floor":19},{"not_picked":["Crescendo","PathToVictory","ClearTheMind"],"picked":"SKIP","floor":21},{"not_picked":["Replay:AtTheReady","Crescendo+1","CrushJoints"],"picked":"SKIP","floor":24},{"not_picked":["EmptyFist","CutThroughFate"],"picked":"Vault","floor":28},{"not_picked":["PathToVictory+1","Protect+1","Crescendo"],"picked":"SKIP","floor":30},{"not_picked":["Adaptation","FlyingSleeves"],"picked":"Replay:ManipulateFuture","floor":31},{"not_picked":["MasterReality","LessonLearned"],"picked":"Vault","floor":33},{"not_picked":["ForeignInfluence","Replay:AtTheReady","SashWhip+1"],"picked":"SKIP","floor":35},{"not_picked":["Replay:ManipulateFuture+1","Tantrum"],"picked":"Evaluate+1","floor":36},{"not_picked":["Halt+1","Crescendo","PathToVictory"],"picked":"SKIP","floor":39},{"not_picked":["Study+1","FlyingSleeves","PathToVictory"],"picked":"Singing Bowl","floor":45}],"player_experience":510484,"relics_obtained":[{"floor":6,"key":"Oddly Smooth Stone"},{"floor":9,"key":"Iron Hammer"},{"floor":11,"key":"Bag of Marbles"},{"floor":15,"key":"Pantograph"},{"floor":26,"key":"Nunchaku"},{"floor":28,"key":"Smiling Mask"},{"floor":29,"key":"Tiny Chest"},{"floor":30,"key":"Ice Cream"},{"floor":32,"key":"Replay:Bottled Snecko"},{"floor":40,"key":"Singing Bowl"},{"floor":42,"key":"Regal Pillow"},{"floor":43,"key":"Blue Doll"},{"floor":44,"key":"Akabeko"},{"floor":46,"key":"Vajra"},{"floor":49,"key":"Strawberry"}],"event_choices":[{"damage_healed":0,"gold_gain":0,"player_choice":"Donut","damage_taken":0,"max_hp_gain":5,"max_hp_loss":0,"event_name":"Big Fish","floor":2,"gold_loss":0},{"damage_healed":0,"gold_gain":1,"player_choice":"1","damage_taken":0,"max_hp_gain":0,"max_hp_loss":0,"event_name":"betterStone:BetterStone","floor":3,"gold_loss":0},{"cards_removed":["Strike_P"],"damage_healed":0,"gold_gain":0,"player_choice":"Purged","damage_taken":0,"max_hp_gain":0,"max_hp_loss":0,"event_name":"Purifier","floor":7,"gold_loss":0},{"cards_removed":["HandOfGreed"],"damage_healed":0,"gold_gain":0,"player_choice":"Purged","damage_taken":0,"max_hp_gain":0,"max_hp_loss":0,"event_name":"Purifier","floor":37,"gold_loss":0},{"damage_healed":0,"gold_gain":0,"player_choice":"Ignored","damage_taken":0,"max_hp_gain":0,"max_hp_loss":0,"event_name":"betterThird:BetterPortal","floor":48,"gold_loss":0}],"is_beta":false,"boss_relics":[{"not_picked":["Replay:Bronze Core","VioletLotus"],"picked":"Empty Cage"},{"not_picked":["Runic Dome","Replay:Grab Bag"],"picked":"Fusion Hammer"}],"items_purged_floors":[10,20,22,38,41,47],"is_endless":false,"potions_floor_spawned":[1,6,8,12,13,19,21,24,31,35],"ascension_level":6}}