{"host":"sxnl403xm2xmiyj1","time":1610100923,"event":{"mods":["BaseMod","Colored Map","Keyboard Shortcuts","Lobotomy","Minty Spire (QoL Compilation)","Quick Restart","StSLib","SuperFastMode"],"gold_per_floor":[114,132,132,144,29,29,29],"floor_reached":6,"playtime":185,"items_purged":["SpecialBullet"],"score":45,"play_id":"1f1339c7-6419-49c7-a1ba-699936197a04","local_time":"20210108191523","is_ascension_mode":true,"campfire_choices":[],"circlet_count":0,"master_deck":["SpecialBullet","SpecialBullet","SpecialBullet","SpecialBullet","SpecialBullet","SpecialBullet","ControlCode","SecurityCode","ExtractionCode","SoundOfStar","OSAHOGD","Soda","ScreamingWedge","Regret_ego","DespairKnight","CENSORED_ego","Soda","PunishingBird","Harvest","Ecstasy"],"relics":["CogitoBucket"],"acts_visited":["Exordium"],"potions_floor_usage":[6],"damage_taken":[{"damage":20.0,"enemies":"2 Louse","floor":1.0,"turns":3.0},{"damage":8.0,"enemies":"Cultist","floor":2.0,"turns":4.0},{"damage":30.0,"enemies":"Jaw Worm","floor":4.0,"turns":7.0},{"damage":46,"enemies":"Gremlin Nob","floor":6,"turns":4}],"seed_played":"-7045317996181735893","potions_obtained":[{"floor":1.0,"key":"Dexterity Potion"},{"floor":4.0,"key":"Block Potion"}],"is_trial":false,"path_per_floor":["M","M","?","M","$","E"],"character_chosen":"Angela","items_purchased":["Ecstasy"],"campfire_rested":0,"item_purchase_floors":[5],"current_hp_per_floor":[58,61,61,42,42,0,0],"gold":29,"neow_bonus":"ONE_RANDOM_RARE_CARD","is_daily":false,"chose_seed":false,"campfire_upgraded":0,"win_rate":0.0,"timestamp":1610100923,"path_taken":["M","M","?","M","?","E"],"items_purchased_type":["Card"],"build_version":"2020-12-22","purchased_purges":1,"victory":false,"max_hp_per_floor":[70,70,70,70,70,70,70],"card_choices":[{"not_picked":["LittlePrince","Wellcheers"],"picked":"OSAHOGD","floor":1.0},{"not_picked":["FeatherOfHonor"],"picked":"Soda","floor":1.0},{"not_picked":["LifeForTheDareDevil"],"picked":"ScreamingWedge","floor":1.0},{"not_picked":["TodaysExpression"],"picked":"Regret_ego","floor":2.0},{"not_picked":["VoidDream","Murderer"],"picked":"DespairKnight","floor":2.0},{"not_picked":["CherryBlossom"],"picked":"CENSORED_ego","floor":2.0},{"not_picked":["Spore"],"picked":"Soda","floor":4.0},{"not_picked":["Scarecrow","BigBird"],"picked":"PunishingBird","floor":4.0},{"not_picked":["Noise"],"picked":"Harvest","floor":4.0}],"player_experience":206331,"relics_obtained":[],"event_choices":[{"cards_removed":["SpecialBullet"],"damage_healed":0.0,"max_hp_gain":0.0,"max_hp_loss":0.0,"gold_gain":0.0,"event_name":"Bonfire Elementals","player_choice":"Offered Basic","floor":3.0,"gold_loss":0.0,"damage_taken":0.0}],"is_beta":false,"boss_relics":[],"items_purged_floors":[5],"is_endless":false,"potions_floor_spawned":[1,4],"killed_by":"Gremlin Nob","ascension_level":5}}