{"host":"w3q5ijqu8eoknil3","time":1610077640,"event":{"mods":["AchievementEnabler","BaseMod","Block Reminder","Colored Powertips","Curses Come First","Minty Spire (QoL Compilation)","Quick Restart","Relic Stats","StSLib","ojb\u0027s Better Paths Mod","ojb\u0027s Info Mod","slay the spire mod where everything is the same but ironclad has a cowboy hat"],"gold_per_floor":[119,119,133,133,144,171,171,188,214,224,98,132,132,151,151,224,224,241,252,10,10,10,37,37,37,37,54,54,84,84,84,84,84,84],"floor_reached":33,"playtime":988,"items_purged":["Strike_G"],"score":542,"play_id":"165235c2-a4b1-46a2-be4e-315b714df9b6","local_time":"20210108034720","is_ascension_mode":true,"campfire_choices":[{"data":"Dash","floor":7,"key":"SMITH"},{"floor":15,"key":"REST"},{"data":"Strike_G+1","floor":24,"key":"PURGE"},{"floor":28,"key":"REST"},{"floor":32,"key":"REST"}],"circlet_count":0,"master_deck":["AscendersBane","Strike_G+1","Strike_G+1","Strike_G+1","Defend_G+1","Defend_G+1","Defend_G+1","Defend_G+1","Defend_G+1","Survivor","Neutralize","Dash+1","Dagger Spray","Deadly Poison+1","All Out Attack","Adrenaline","Poisoned Stab","Blur","Blade Dance","Corpse Explosion","Bane","PiercingWail","Bouncing Flask","Adrenaline","Acrobatics","Riddle With Holes+1","Adrenaline","Ghostly","Ghostly","Ghostly"],"relics":["Ring of the Snake","NeowsBlessing","Happy Flower","Strawberry","Vajra","War Paint","Sozu","DollysMirror","Peace Pipe","Matryoshka","Calipers"],"acts_visited":["Exordium","TheCity"],"potions_floor_usage":[6,10,12],"damage_taken":[{"damage":0,"enemies":"Small Slimes","floor":1,"turns":2},{"damage":0,"enemies":"Cultist","floor":3,"turns":1},{"damage":0,"enemies":"Jaw Worm","floor":5,"turns":1},{"damage":32,"enemies":"3 Sentries","floor":6,"turns":12},{"damage":3,"enemies":"3 Louse","floor":8,"turns":4},{"damage":0,"enemies":"Large Slime","floor":10,"turns":4},{"damage":28,"enemies":"Gremlin Nob","floor":12,"turns":4},{"damage":0,"enemies":"Exordium Wildlife","floor":14,"turns":2},{"damage":16,"enemies":"The Guardian","floor":16,"turns":10},{"damage":10,"enemies":"Spheric Guardian","floor":18,"turns":4},{"damage":16,"enemies":"Shell Parasite","floor":19,"turns":4},{"damage":15,"enemies":"Book of Stabbing","floor":23,"turns":5},{"damage":9,"enemies":"Snecko","floor":27,"turns":5},{"damage":20,"enemies":"Gremlin Leader","floor":29,"turns":7},{"damage":36,"enemies":"Collector","floor":33,"turns":3}],"seed_played":"-4676275820476713565","potions_obtained":[{"floor":5,"key":"SteroidPotion"},{"floor":6,"key":"FearPotion"},{"floor":10,"key":"AttackPotion"}],"is_trial":false,"path_per_floor":["M","?","M","?","M","E","R","M","T","M","$","E","?","M","R","B",null,"M","M","$","?","?","E","R","$","T","M","R","E","?","?","R","B"],"character_chosen":"THE_SILENT","items_purchased":["Poisoned Stab","Bouncing Flask","DollysMirror"],"campfire_rested":3,"item_purchase_floors":[11,20,20],"current_hp_per_floor":[59,59,59,59,59,34,34,31,31,31,31,3,3,3,24,8,57,47,31,31,31,31,16,16,16,16,7,28,8,8,8,18,0,0],"gold":84,"neow_bonus":"THREE_ENEMY_KILL","is_daily":false,"chose_seed":false,"campfire_upgraded":1,"win_rate":0.0,"timestamp":1610077640,"path_taken":["M","?","?","?","M","E","R","M","T","M","$","E","?","M","R","BOSS","M","M","$","?","?","E","R","$","T","M","R","E","?","?","R","BOSS"],"items_purchased_type":["Card","Card","Relic"],"build_version":"2020-12-22","purchased_purges":1,"victory":false,"max_hp_per_floor":[66,66,66,66,66,73,73,73,73,73,73,73,73,73,73,73,73,73,73,73,73,73,73,73,73,73,73,73,73,73,36,36,36,36],"relic_stats":{"Sozu":2,"Peace Pipe":1,"Happy Flower":[22],"counters":[15,68],"War Paint":["Deadly Poison","Defend_G"],"obtain_stats":[{"Sozu":17,"Peace Pipe":23,"Matryoshka":26,"Calipers":29,"NeowsBlessing":0,"Happy Flower":2,"DollysMirror":20,"Strawberry":6,"Vajra":9,"War Paint":12,"Ring of the Snake":0},{"Sozu":9,"Peace Pipe":12,"Matryoshka":12,"Calipers":14,"NeowsBlessing":0,"Happy Flower":1,"DollysMirror":11,"Strawberry":4,"Vajra":5,"War Paint":7,"Ring of the Snake":0},{"Sozu":40,"Peace Pipe":53,"Matryoshka":53,"Calipers":65,"NeowsBlessing":0,"Happy Flower":2,"DollysMirror":48,"Strawberry":16,"Vajra":20,"War Paint":28,"Ring of the Snake":0}],"Ring of the Snake":[30]},"card_choices":[{"not_picked":["Quick Slash","Deflect"],"picked":"Dagger Throw","floor":1},{"not_picked":["Quick Slash","Calculated Gamble"],"picked":"Dash","floor":3},{"not_picked":["Masterful Stab","Riddle With Holes"],"picked":"Dagger Spray","floor":5},{"not_picked":["Dagger Throw","Dodge and Roll"],"picked":"Deadly Poison","floor":6},{"not_picked":["Finisher","Accuracy"],"picked":"All Out Attack","floor":8},{"not_picked":["Outmaneuver","Tactician"],"picked":"Adrenaline","floor":10},{"not_picked":["Deflect","Underhanded Strike"],"picked":"Blur","floor":12},{"not_picked":["Riddle With Holes","Dagger Throw"],"picked":"Blade Dance","floor":14},{"not_picked":["Doppelganger","Burst"],"picked":"Corpse Explosion","floor":16},{"not_picked":["Bane","Dagger Throw","Accuracy"],"picked":"SKIP","floor":18},{"not_picked":["Dagger Throw","Accuracy"],"picked":"Bane","floor":18},{"not_picked":["Cloak And Dagger","Backflip"],"picked":"PiercingWail","floor":19},{"not_picked":["Choke","Sucker Punch"],"picked":"Acrobatics","floor":23},{"not_picked":["Poisoned Stab","Bane"],"picked":"Riddle With Holes+1","floor":27},{"not_picked":["Slice","Bane"],"picked":"Adrenaline","floor":29}],"player_experience":956417,"relics_obtained":[{"floor":6,"key":"Strawberry"},{"floor":9,"key":"Vajra"},{"floor":12,"key":"War Paint"},{"floor":23,"key":"Peace Pipe"},{"floor":26,"key":"Matryoshka"},{"floor":29,"key":"Calipers"}],"event_choices":[{"cards_removed":["Dagger Throw"],"damage_healed":0,"gold_gain":0,"player_choice":"Gave Card","damage_taken":0,"relics_obtained":["Happy Flower"],"max_hp_gain":0,"max_hp_loss":0,"event_name":"WeMeetAgain","floor":2,"gold_loss":0},{"damage_healed":0,"gold_gain":0,"player_choice":"Ignored","damage_taken":0,"max_hp_gain":0,"max_hp_loss":0,"event_name":"Liars Game","floor":4,"gold_loss":0},{"damage_healed":0,"gold_gain":0,"player_choice":"Fled","damage_taken":0,"max_hp_gain":0,"max_hp_loss":0,"event_name":"Scrap Ooze","floor":13,"gold_loss":0},{"damage_healed":0,"gold_gain":0,"player_choice":"Simplicity","damage_taken":0,"max_hp_gain":0,"max_hp_loss":0,"event_name":"Back to Basics","floor":21,"gold_loss":0,"cards_upgraded":["Strike_G","Strike_G","Strike_G","Strike_G","Defend_G","Defend_G","Defend_G","Defend_G"]},{"damage_healed":0,"gold_gain":0,"player_choice":"Ignored","damage_taken":0,"max_hp_gain":0,"max_hp_loss":0,"event_name":"Beggar","floor":30,"gold_loss":0},{"damage_healed":0,"gold_gain":0,"player_choice":"Became a Ghost","damage_taken":0,"max_hp_gain":0,"max_hp_loss":37,"event_name":"Ghosts","floor":31,"gold_loss":0,"cards_obtained":["Ghostly","Ghostly","Ghostly"]}],"is_beta":false,"boss_relics":[{"not_picked":["Tiny House","Fusion Hammer"],"picked":"Sozu"}],"items_purged_floors":[11],"is_endless":false,"potions_floor_spawned":[5,6,10,23,29],"killed_by":"Collector","ascension_level":17}}