{"host":"ueaobptuyu87ouwy","time":1610110706,"event":{"mods":["Aspiration","Bard","BaseMod","Better Altar","Better Match","Better Note","Better Sensory Stone","Better Skull","Better Third Choice","BetterRewards","CCEM","Colored Map","Conspire","Downfall","GifTheSpireLib","GungeonMod","Halation","Hermit","Highlight Path","Hubris","Infinite Spire","Jedi Mod","Jorbs\u0027s Wanderer Trilogy","Marisa????????","Marked Mod","Mimic Mod","Minty Spire (QoL Compilation)","Permanent Neow","Replay The Spire","Shop Mod","Small Relic Pack","StSLib","Stuff the Spire","The Runesmith","Unceasing Turn Reminder","everything is the same but u backflip on backflip","slay the spire mod where everything is the same but ironclad has a cowboy hat"],"gold_per_floor":[110,110,124,136,136,136,161,161,161,161,161],"floor_reached":10,"playtime":470,"items_purged":[],"score":69,"play_id":"ec0f9b11-ed22-4428-9a11-f7daa7ee4219","local_time":"20210108205826","is_ascension_mode":true,"campfire_choices":[{"data":"Leg Sweep","floor":6,"key":"SMITH"},{"floor":8,"key":"REST"}],"circlet_count":0,"master_deck":["Strike_G","Strike_G","Strike_G","Strike_G","Strike_G","Defend_G","Defend_G","Defend_G","Defend_G","Defend_G","Survivor","Neutralize","PiercingWail","ReplayTheSpireMod:Speed Training","Decay","Replay:Poison Smokescreen+1","Leg Sweep+1","ReplayTheSpireMod:Tripwire"],"relics":["Ring of the Snake","infinitespire:Golems Mask","jedi:gremlinknob"],"acts_visited":["Exordium"],"potions_floor_usage":[],"damage_taken":[{"damage":0,"enemies":"Jaw Worm","floor":1,"turns":7},{"damage":1,"enemies":"Cultist","floor":3,"turns":5},{"damage":1,"enemies":"Small Slimes","floor":4,"turns":4},{"damage":61,"enemies":"Gremlin Nob","floor":7,"turns":7},{"damage":28,"enemies":"3 Sentries","floor":10,"turns":6}],"seed_played":"-663448000921399473","potions_obtained":[{"floor":1,"key":"jedi:wingpotion"},{"floor":4,"key":"SpeedPotion"}],"is_trial":false,"path_per_floor":["M","?","M","M","?","R","E","R","T","E"],"character_chosen":"THE_SILENT","items_purchased":[],"campfire_rested":1,"item_purchase_floors":[],"current_hp_per_floor":[70,70,69,68,68,68,7,28,28,0,0],"gold":161,"neow_bonus":"THREE_CARDS","is_daily":false,"chose_seed":false,"campfire_upgraded":1,"win_rate":0.0,"timestamp":1610110706,"path_taken":["M","?","M","?","?","R","E","R","T","E"],"items_purchased_type":[],"build_version":"2020-12-13","purchased_purges":0,"victory":false,"max_hp_per_floor":[70,70,70,70,70,70,70,70,70,70,70],"card_choices":[{"not_picked":["hubris:Sniper","StuffTheSpire:Repulse"],"picked":"PiercingWail","floor":0},{"not_picked":["Outmaneuver","Bane"],"picked":"ReplayTheSpireMod:Speed Training","floor":1},{"not_picked":["Reflex","Deadly Poison"],"picked":"Replay:Poison Smokescreen","floor":3},{"not_picked":["Slice","Prepared"],"picked":"Leg Sweep","floor":4},{"not_picked":["PiercingWail","Malaise"],"picked":"ReplayTheSpireMod:Tripwire","floor":7}],"player_experience":79460,"relics_obtained":[{"floor":7,"key":"infinitespire:Golems Mask"},{"floor":9,"key":"jedi:gremlinknob"}],"event_choices":[{"damage_healed":0,"gold_gain":0,"player_choice":"Cursed","damage_taken":0,"max_hp_gain":0,"max_hp_loss":0,"event_name":"Wheel of Change","floor":2,"gold_loss":0,"cards_obtained":["Decay"]}],"is_beta":false,"boss_relics":[],"items_purged_floors":[],"is_endless":false,"potions_floor_spawned":[1,4],"killed_by":"3 Sentries","ascension_level":1}}