{"host":"e52c7hvho6xny3hd","time":1610106044,"event":{"mods":["AchievementEnabler","BaseMod","Colored Map","DeckTracker","Minty Spire (QoL Compilation)","Permanent Neow","StSLib"],"gold_per_floor":[16,30,46,46,58,58,88,88,88,88,45,57,82,102,102,174,174,188,188,201,218,218,218],"floor_reached":22,"playtime":1270,"items_purged":[],"score":386,"play_id":"e007e79d-d405-4c5f-8841-9e660213e804","local_time":"20210108204044","is_ascension_mode":true,"campfire_choices":[{"data":"Rampage","floor":6.0,"key":"SMITH"},{"data":"True Grit","floor":8.0,"key":"SMITH"},{"data":"Pommel Strike","floor":10.0,"key":"SMITH"},{"data":"Battle Trance","floor":15,"key":"SMITH"}],"circlet_count":0,"master_deck":["AscendersBane","Bash","Rampage+1","Pommel Strike+1","Evolve","True Grit+1","Battle Trance+1","Fire Breathing","Clothesline","Searing Blow","Sentinel","Disarm","Entrench","Disarm","Double Tap","Dark Embrace","Ghostly Armor","Havoc"],"relics":["Burning Blood","Pocketwatch","Oddly Smooth Stone","Pantograph","Question Card","Pandora\u0027s Box","Anchor"],"acts_visited":["Exordium","TheCity"],"potions_floor_usage":[12,12],"damage_taken":[{"damage":9.0,"enemies":"Small Slimes","floor":1.0,"turns":6.0},{"damage":5.0,"enemies":"2 Louse","floor":2.0,"turns":4.0},{"damage":2.0,"enemies":"Jaw Worm","floor":3.0,"turns":4.0},{"damage":12.0,"enemies":"Exordium Thugs","floor":5.0,"turns":8.0},{"damage":37.0,"enemies":"Lagavulin","floor":7.0,"turns":7.0},{"damage":6,"enemies":"Exordium Wildlife","floor":12,"turns":2},{"damage":32,"enemies":"Gremlin Nob","floor":13,"turns":4},{"damage":2,"enemies":"Large Slime","floor":14,"turns":6},{"damage":36,"enemies":"The Guardian","floor":16,"turns":13},{"damage":23,"enemies":"Shell Parasite","floor":18,"turns":6},{"damage":11,"enemies":"Spheric Guardian","floor":20,"turns":3},{"damage":8,"enemies":"Cultist and Chosen","floor":21,"turns":6},{"damage":23,"enemies":"Centurion and Healer","floor":22,"turns":4}],"seed_played":"-1979258740500558083","potions_obtained":[{"floor":1.0,"key":"Explosive Potion"},{"floor":5.0,"key":"DuplicationPotion"},{"floor":14,"key":"SmokeBomb"},{"floor":18,"key":"Weak Potion"},{"floor":20,"key":"Swift Potion"}],"is_trial":false,"path_per_floor":["M","M","M","?","M","R","E","R","T","R","?","M","E","M","R","B",null,"M","?","M","M","M"],"character_chosen":"IRONCLAD","items_purchased":[],"campfire_rested":0,"item_purchase_floors":[],"current_hp_per_floor":[65,66,70,75,69,69,38,38,38,38,38,38,12,16,16,11,63,46,46,41,39,16,16],"gold":218,"neow_bonus":"ONE_RARE_RELIC","is_daily":false,"chose_seed":false,"campfire_upgraded":4,"win_rate":0.0,"timestamp":1610106044,"path_taken":["M","M","M","?","M","R","E","R","T","R","?","M","E","M","R","BOSS","M","?","M","M","M"],"items_purchased_type":[],"build_version":"2020-12-22","purchased_purges":0,"victory":false,"max_hp_per_floor":[75,75,75,80,80,80,80,80,80,80,80,80,80,80,80,80,80,80,80,80,80,80,80],"card_choices":[{"not_picked":["Rupture","Thunderclap"],"picked":"Rampage","floor":1.0},{"not_picked":["Whirlwind","Shrug It Off"],"picked":"Pommel Strike","floor":2.0},{"not_picked":["Fire Breathing","Hemokinesis"],"picked":"Evolve","floor":3.0},{"not_picked":["Flex","Clothesline","Seeing Red"],"picked":"SKIP","floor":5.0},{"not_picked":["Heavy Blade","Sentinel"],"picked":"True Grit","floor":7.0},{"not_picked":["True Grit","Berserk"],"picked":"Battle Trance","floor":12},{"not_picked":["Battle Trance","Clash"],"picked":"Fire Breathing","floor":13},{"not_picked":["Heavy Blade","Body Slam","Flex","Combust"],"picked":"SKIP","floor":14},{"not_picked":["Flex","Cleave","Whirlwind"],"picked":"Ghostly Armor","floor":18},{"not_picked":["Cleave","Heavy Blade","Clothesline","Perfected Strike"],"picked":"SKIP","floor":20},{"not_picked":["Bloodletting","Carnage","Body Slam"],"picked":"Havoc","floor":21}],"player_experience":647473,"relics_obtained":[{"floor":7.0,"key":"Oddly Smooth Stone"},{"floor":9.0,"key":"Pantograph"},{"floor":13,"key":"Question Card"}],"event_choices":[{"damage_healed":0.0,"max_hp_gain":5.0,"max_hp_loss":0.0,"gold_gain":0.0,"event_name":"Big Fish","player_choice":"Donut","floor":4.0,"gold_loss":0.0,"damage_taken":0.0},{"damage_healed":0.0,"max_hp_gain":0.0,"max_hp_loss":0.0,"gold_gain":0.0,"event_name":"World of Goop","player_choice":"Left Gold","floor":11.0,"gold_loss":43.0,"damage_taken":0.0},{"cards_removed":["Berserk"],"damage_healed":0,"gold_gain":0,"player_choice":"Gave Card","damage_taken":0,"relics_obtained":["Anchor"],"max_hp_gain":0,"max_hp_loss":0,"event_name":"WeMeetAgain","floor":19,"gold_loss":0}],"is_beta":false,"boss_relics":[{"not_picked":["Runic Cube","Philosopher\u0027s Stone"],"picked":"Pandora\u0027s Box"}],"items_purged_floors":[],"is_endless":false,"potions_floor_spawned":[1,5,14,18,20],"killed_by":"Centurion and Healer","ascension_level":19}}