{"host":"p7j7o00jacnw7qzt","time":1610115618,"event":{"mods":["BaseMod","Colored Map","Colored Powertips","DeckTracker","Highlight Path","Minty Spire (QoL Compilation)","Relic Stats"],"gold_per_floor":[110,110,185,185,196,225,237,249,306,333,345,374,403,415,415],"floor_reached":14,"playtime":345,"items_purged":[],"score":230,"play_id":"7957fff3-6ebb-4de0-978a-56f8b33ea4eb","local_time":"20210108092018","is_ascension_mode":true,"campfire_choices":[{"data":"Blade Dance","floor":8.0,"key":"SMITH"},{"data":"Calculated Gamble","floor":11.0,"key":"SMITH"}],"circlet_count":0,"master_deck":["AscendersBane","Strike_G","Strike_G","Strike_G","Strike_G","Defend_G","Defend_G","Defend_G","Defend_G","Defend_G","Survivor","Neutralize","Reflex","Glass Knife","Blade Dance+1","Calculated Gamble+1","Tactician"],"relics":["Ring of the Snake","NeowsBlessing","MawBank","Orichalcum"],"acts_visited":["Exordium"],"potions_floor_usage":[],"damage_taken":[{"damage":0.0,"enemies":"Small Slimes","floor":1.0,"turns":1.0},{"damage":0.0,"enemies":"2 Louse","floor":5.0,"turns":1.0},{"damage":0.0,"enemies":"3 Sentries","floor":6.0,"turns":2.0},{"damage":2.0,"enemies":"Jaw Worm","floor":10.0,"turns":3.0},{"damage":5.0,"enemies":"Gremlin Gang","floor":12.0,"turns":5.0},{"damage":0.0,"enemies":"2 Fungi Beasts","floor":13.0,"turns":2.0},{"damage":42,"enemies":"Lagavulin","floor":14,"turns":8}],"seed_played":"3154460163475615474","potions_obtained":[{"floor":10.0,"key":"Energy Potion"},{"floor":13.0,"key":"EssenceOfSteel"}],"is_trial":false,"path_per_floor":["M","?","?","?","M","E","?","R","T","M","R","M","M","E"],"character_chosen":"THE_SILENT","items_purchased":[],"campfire_rested":0,"item_purchase_floors":[],"current_hp_per_floor":[59,64,53,46,46,46,46,46,46,44,44,39,39,0,0],"gold":415,"neow_bonus":"THREE_ENEMY_KILL","is_daily":false,"chose_seed":false,"campfire_upgraded":2,"win_rate":0.0,"timestamp":1610115618,"path_taken":["M","?","?","?","M","E","?","R","T","?","R","M","M","E"],"items_purchased_type":[],"build_version":"2020-12-22","purchased_purges":0,"victory":false,"max_hp_per_floor":[66,71,71,71,71,71,71,71,71,71,71,71,71,71,71],"relic_stats":{"counters":[7,22],"Orichalcum":[36],"MawBank":96,"obtain_stats":[{"NeowsBlessing":0,"Orichalcum":9,"MawBank":6,"Ring of the Snake":0},{"NeowsBlessing":0,"Orichalcum":3,"MawBank":3,"Ring of the Snake":0},{"NeowsBlessing":0,"Orichalcum":4,"MawBank":4,"Ring of the Snake":0}],"Ring of the Snake":[14]},"card_choices":[{"not_picked":["Outmaneuver","Dagger Spray"],"picked":"Reflex","floor":1.0},{"not_picked":["Bane","Slice"],"picked":"Glass Knife","floor":5.0},{"not_picked":["Bouncing Flask","Skewer"],"picked":"Blade Dance","floor":6.0},{"not_picked":["Poisoned Stab","Skewer"],"picked":"Calculated Gamble","floor":10.0},{"not_picked":["Backflip","Leg Sweep"],"picked":"Tactician","floor":12.0},{"not_picked":["Flying Knee","Expertise","Slice"],"picked":"SKIP","floor":13.0}],"player_experience":1015899,"relics_obtained":[{"floor":6.0,"key":"MawBank"},{"floor":9.0,"key":"Orichalcum"}],"event_choices":[{"damage_healed":0.0,"max_hp_gain":5.0,"max_hp_loss":0.0,"gold_gain":0.0,"event_name":"Big Fish","player_choice":"Donut","floor":2.0,"gold_loss":0.0,"damage_taken":0.0},{"damage_healed":0.0,"max_hp_gain":0.0,"max_hp_loss":0.0,"gold_gain":75.0,"event_name":"World of Goop","player_choice":"Gather Gold","floor":3.0,"gold_loss":0.0,"damage_taken":11.0},{"cards_removed":["Strike_G"],"damage_healed":0.0,"max_hp_gain":0.0,"max_hp_loss":0.0,"gold_gain":0.0,"event_name":"Golden Wing","player_choice":"Card Removal","floor":4.0,"gold_loss":0.0,"damage_taken":7.0},{"damage_healed":0.0,"max_hp_gain":0.0,"max_hp_loss":0.0,"gold_gain":0.0,"event_name":"Liars Game","player_choice":"Ignored","floor":7.0,"gold_loss":0.0,"damage_taken":0.0}],"is_beta":false,"boss_relics":[],"items_purged_floors":[],"is_endless":false,"potions_floor_spawned":[10,13],"killed_by":"Lagavulin","ascension_level":20}}