{"host":"ya062ahhhuj9au1o","time":1610070804,"event":{"mods":["BaseMod","Better Third Choice","Downfall","Filter the Spire","Hermit","Minty Spire (QoL Compilation)","Random Character Button","Robot Space Explorer","Somnambulant","StSLib","The Bug Knight","The Cursed","The Marked","The Servant 0.9.4"],"gold_per_floor":[109,128,143,66,85,85,160,160,160,175,125,125,153,166,166,269,269,286,286,286,286,301,301,313,326,326,326,337,337,353,353,353],"floor_reached":31,"playtime":2406,"items_purged":[],"score":396,"play_id":"fbbf992b-688b-49b3-9856-f428cc613b40","local_time":"20210107205324","is_ascension_mode":true,"campfire_choices":[{"floor":6,"key":"REST"},{"floor":8,"key":"REST"},{"floor":12,"key":"REST"},{"floor":15,"key":"REST"},{"floor":23,"key":"REST"},{"floor":27,"key":"REST"},{"floor":29,"key":"REST"}],"circlet_count":0,"master_deck":["AscendersBane","somnambulantmod: Defend_Somnambulant+1","somnambulantmod: Defend_Somnambulant","somnambulantmod: Defend_Somnambulant","somnambulantmod: QuickNap","somnambulantmod: PrimingPunch","somnambulantmod: ImpenetrableMind+1","somnambulantmod: DarkeningMind","somnambulantmod: OpeningUp+1","somnambulantmod: LightSleeper+1","somnambulantmod: Trauma","somnambulantmod: SleepingBody+1","somnambulantmod: HorrificThought+1","somnambulantmod: LeechFears+1","somnambulantmod: Narcolepsy","somnambulantmod: Pinch+1","Slimebound:Tackle+1","Slimebound:Tackle+1","Slimebound:Tackle+1","somnambulantmod: Harden","somnambulantmod: Wake+1","somnambulantmod: DarkeningMind+1"],"relics":["somnambulantmod: DreamJournal","Akabeko","Meat on the Bone","Sozu","Oddly Smooth Stone"],"acts_visited":["Exordium","TheCity"],"potions_floor_usage":[14,22],"damage_taken":[{"damage":5,"enemies":"Cultist","floor":1,"turns":5},{"damage":10,"enemies":"Small Slimes","floor":2,"turns":5},{"damage":6,"enemies":"Jaw Worm","floor":3,"turns":7},{"damage":29,"enemies":"Large Slime","floor":5,"turns":8},{"damage":13,"enemies":"Exordium Wildlife","floor":10,"turns":6},{"damage":5,"enemies":"Lagavulin","floor":13,"turns":8},{"damage":1,"enemies":"Looter","floor":14,"turns":2},{"damage":33,"enemies":"The Guardian","floor":16,"turns":6},{"damage":24,"enemies":"Spheric Guardian","floor":18,"turns":5},{"damage":24,"enemies":"Snake Plant","floor":22,"turns":4},{"damage":24,"enemies":"Centurion and Healer","floor":24,"turns":5},{"damage":4,"enemies":"3 Cultists","floor":25,"turns":5},{"damage":15,"enemies":"Chosen and Byrds","floor":28,"turns":5},{"damage":13,"enemies":"Sentry and Sphere","floor":30,"turns":5},{"damage":80,"enemies":"Cultist and Chosen","floor":31,"turns":7}],"seed_played":"7242624850387334780","potions_obtained":[{"floor":5,"key":"FearPotion"},{"floor":13,"key":"champ:CounterPotion"},{"floor":14,"key":"ColorlessPotion"}],"is_trial":false,"path_per_floor":["M","M","M","$","M","R","?","R","T","M","?","R","E","M","R","B",null,"M","?","?","?","M","R","M","M","T","R","M","R","M","M"],"character_chosen":"THE_SOMNAMBULANT","items_purchased":["somnambulantmod: LightSleeper"],"campfire_rested":7,"item_purchase_floors":[4],"current_hp_per_floor":[58,48,42,42,13,33,22,43,43,30,30,52,47,46,68,47,65,41,41,41,28,16,40,28,36,36,61,46,72,59,0,0],"gold":353,"neow_bonus":"REMOVE_TWO","is_daily":false,"chose_seed":false,"campfire_upgraded":0,"win_rate":0.0,"timestamp":1610070804,"path_taken":["M","M","M","$","M","R","?","R","T","M","?","R","E","M","R","BOSS","M","?","?","?","?","R","M","M","T","R","M","R","M","M"],"items_purchased_type":["Card"],"build_version":"2020-12-22","purchased_purges":0,"victory":false,"max_hp_per_floor":[63,63,63,63,63,65,65,67,67,67,67,69,69,69,71,71,71,71,71,71,76,76,78,78,78,78,80,80,82,82,82,82],"card_choices":[{"not_picked":["somnambulantmod: SnuggleUp","somnambulantmod: Bruise"],"picked":"somnambulantmod: ImpenetrableMind","floor":1},{"not_picked":["somnambulantmod: Nosebleed","somnambulantmod: HeavyLids"],"picked":"somnambulantmod: DarkeningMind","floor":2},{"not_picked":["somnambulantmod: HeadSmack","somnambulantmod: PourItOut"],"picked":"somnambulantmod: OpeningUp","floor":3},{"not_picked":["somnambulantmod: Unmake","somnambulantmod: TimeCompression"],"picked":"somnambulantmod: Trauma","floor":5},{"not_picked":["somnambulantmod: TrepanningBlow","somnambulantmod: LightSleeper"],"picked":"somnambulantmod: SleepingBody","floor":10},{"not_picked":["somnambulantmod: HeadSmack","somnambulantmod: TrepanningBlow"],"picked":"somnambulantmod: HorrificThought","floor":13},{"not_picked":["somnambulantmod: Overshare","somnambulantmod: Bloom"],"picked":"somnambulantmod: LeechFears","floor":14},{"not_picked":["somnambulantmod: Lucidity","somnambulantmod: LoseForm"],"picked":"somnambulantmod: Narcolepsy","floor":16},{"not_picked":["somnambulantmod: MindWave","somnambulantmod: UnthoughtKnown+1"],"picked":"somnambulantmod: Pinch+1","floor":18},{"not_picked":["somnambulantmod: HeadSmack","somnambulantmod: Repression"],"picked":"somnambulantmod: Harden","floor":22},{"not_picked":["somnambulantmod: LayeredDefense+1","somnambulantmod: LeechFears"],"picked":"somnambulantmod: Wake+1","floor":24},{"not_picked":["somnambulantmod: PourItOut","somnambulantmod: RecurringDream+1","somnambulantmod: ShimmeringVeil"],"picked":"SKIP","floor":25},{"not_picked":["somnambulantmod: Unmake","somnambulantmod: Bruise+1"],"picked":"somnambulantmod: DarkeningMind+1","floor":28},{"not_picked":["somnambulantmod: ViralIdea","somnambulantmod: MuscleMemory+1","somnambulantmod: DreamBig"],"picked":"SKIP","floor":30}],"player_experience":1778265,"relics_obtained":[{"floor":9,"key":"Akabeko"},{"floor":13,"key":"Meat on the Bone"},{"floor":26,"key":"Oddly Smooth Stone"}],"event_choices":[{"damage_healed":0,"gold_gain":75,"player_choice":"Gold","damage_taken":11,"max_hp_gain":0,"max_hp_loss":0,"event_name":"betterThird:BetterGoop","floor":7,"gold_loss":0},{"cards_removed":["somnambulantmod: Defend_Somnambulant"],"damage_healed":0,"gold_gain":0,"player_choice":"Card Removal","damage_taken":0,"max_hp_gain":0,"max_hp_loss":0,"event_name":"The Cleric","floor":11,"gold_loss":50},{"damage_healed":0,"gold_gain":0,"player_choice":"Ignored","damage_taken":0,"max_hp_gain":0,"max_hp_loss":0,"event_name":"Vampires","floor":20,"gold_loss":0},{"damage_healed":0,"gold_gain":0,"player_choice":"Shed Blood","damage_taken":18,"max_hp_gain":5,"max_hp_loss":0,"event_name":"Forgotten Altar","floor":21,"gold_loss":0}],"is_beta":false,"boss_relics":[{"not_picked":["Astrolabe","SacredBark"],"picked":"Sozu"}],"items_purged_floors":[],"is_endless":false,"potions_floor_spawned":[3,5,13,14,18,25,30],"killed_by":"Cultist and Chosen","ascension_level":10}}