{"host":"amk01rs45492rldv","time":1610117385,"event":{"mods":["Act Like it!","Arknights The Spire","BaseMod","Gensokyo","GifTheSpireLib","KinomotoSakuraMod(ƒæ÷Æ±æ”£)","Marisa£®ÏF”Í°°ƒß¿Ì…≥£©","Minty Spire (QoL Compilation)","Quick Restart","Reimu£®≤©¿ˆ¡È√Œ£©","Remilia£®¿Ÿ√◊¿Ú—«£©","Replay The Spire","StSLib","The Administrix","The Servant 0.9.4","vexMod"],"gold_per_floor":[114,114,114,172,189,235,235,235,235],"floor_reached":8,"playtime":414,"items_purged":[],"score":56,"play_id":"3d0b5c2c-bd2a-4c4e-b7fb-77550831d5ec","local_time":"20210108224945","is_ascension_mode":false,"campfire_choices":[{"data":"ats:Rat Pack","floor":7,"key":"SMITH"}],"circlet_count":0,"master_deck":["ats:Strike C","ats:Strike G","ats:Strike S","ats:Strike V","ats:Armor Crushing Shot","ats:Defend","ats:Defend","ats:Defend","ats:Defend","ats:Emotion Absorption","ats:Nebulous Foxfire","ats:Ignite","Writhe","ats:Support Order","ats:Magnetic Hammer","ats:Rat Pack+1"],"relics":["ats:Sanity","Ring of Panic","ReplayTheSpireMod:Ring of Challenge","ats:Originium","Sundial"],"acts_visited":["Exordium"],"potions_floor_usage":[6,6,8],"damage_taken":[{"damage":0,"enemies":"Small Slimes","floor":1,"turns":5},{"damage":0,"enemies":"Cultist","floor":4,"turns":3},{"damage":6,"enemies":"Jaw Worm","floor":5,"turns":6},{"damage":23,"enemies":"3 Sentries","floor":6,"turns":10},{"damage":39,"enemies":"Lagavulin","floor":8,"turns":10}],"seed_played":"3990685046351735091","potions_obtained":[{"floor":1,"key":"ZuzhouPotion:ReiMu"},{"floor":4,"key":"PowerPotion"},{"floor":5,"key":"Block Potion"}],"is_trial":false,"path_per_floor":["M","?","?","M","M","E","R","E"],"character_chosen":"DOCTOR_CLASS","items_purchased":[],"campfire_rested":0,"item_purchase_floors":[],"current_hp_per_floor":[72,72,72,72,67,50,50,22,22],"gold":235,"neow_bonus":"ONE_RANDOM_RARE_CARD","is_daily":false,"chose_seed":false,"campfire_upgraded":1,"win_rate":0.0,"timestamp":1610117385,"path_taken":["M","?","?","M","M","E","R","E"],"items_purchased_type":[],"build_version":"2020-12-22","purchased_purges":0,"victory":false,"max_hp_per_floor":[72,72,72,72,72,72,72,72,72],"card_choices":[{"not_picked":["ats:Encircling Forest","ats:Childhood Dance"],"picked":"ats:Ignite","floor":1},{"not_picked":["ats:Apocalypse","ats:Assault Order"],"picked":"ats:Support Order","floor":4},{"not_picked":["ats:Collapsing Strike","ats:Assault Order"],"picked":"ats:Magnetic Hammer","floor":5},{"not_picked":["ats:Leaping Hammer","ats:Childhood Dance"],"picked":"ats:Rat Pack","floor":6}],"player_experience":933138,"relics_obtained":[{"floor":2,"key":"Ring of Panic"},{"floor":2,"key":"ReplayTheSpireMod:Ring of Challenge"},{"floor":6,"key":"ats:Originium"},{"floor":6,"key":"Sundial"}],"event_choices":[{"damage_healed":0,"gold_gain":0,"player_choice":"Ignored","damage_taken":0,"max_hp_gain":0,"max_hp_loss":0,"event_name":"NoteForYourself","floor":3,"gold_loss":0}],"is_beta":false,"boss_relics":[],"items_purged_floors":[],"is_endless":false,"potions_floor_spawned":[1,4,5],"killed_by":"Lagavulin","ascension_level":0}}