{"host":"9tzam4717zt8ei1o","time":1610134907,"event":{"mods":["BaseMod","Colored Map","Keyboard Shortcuts","Minty Spire (QoL Compilation)","Quick Restart","StSLib","SuperFastMode"],"gold_per_floor":[115,40,40,12,12,12,27,60,86,103,103,103,28,47,47,121,121,135,35,35,45,55,55,330,330,330,347,366,366,366],"floor_reached":29,"playtime":489,"items_purged":["Strike_R","Strike_R"],"score":446,"play_id":"c5a61e2a-3147-45bb-a750-9b5c82fa8082","local_time":"20210109044147","is_ascension_mode":true,"campfire_choices":[{"data":"Blood for Blood","floor":6.0,"key":"SMITH"},{"data":"Shockwave","floor":11.0,"key":"SMITH"},{"data":"Bloodletting","floor":15.0,"key":"SMITH"},{"data":"Pommel Strike","floor":23.0,"key":"SMITH"},{"floor":25.0,"key":"REST"}],"circlet_count":0,"master_deck":["AscendersBane","Defend_R","Defend_R","Defend_R","Defend_R","Bash","Blood for Blood+1","Flex","Bloodletting+1","Shockwave+1","Offering","Pommel Strike+1","Regret"],"relics":["Burning Blood","Lantern","Pantograph","Runic Cube","PreservedInsect"],"acts_visited":["Exordium","TheCity"],"potions_floor_usage":[29],"damage_taken":[{"damage":0.0,"enemies":"Small Slimes","floor":1.0,"turns":5.0},{"damage":7.0,"enemies":"Jaw Worm","floor":7.0,"turns":3.0},{"damage":36.0,"enemies":"Gremlin Nob","floor":8.0,"turns":4.0},{"damage":8.0,"enemies":"2 Louse","floor":10.0,"turns":3.0},{"damage":17.0,"enemies":"Looter","floor":14.0,"turns":4.0},{"damage":59.0,"enemies":"The Guardian","floor":16.0,"turns":14.0},{"damage":22.0,"enemies":"2 Thieves","floor":18.0,"turns":4.0},{"damage":17.0,"enemies":"3 Byrds","floor":21.0,"turns":6.0},{"damage":17.0,"enemies":"3 Cultists","floor":22.0,"turns":5.0},{"damage":23.0,"enemies":"Snake Plant","floor":27.0,"turns":2.0},{"damage":31.0,"enemies":"Centurion and Healer","floor":28.0,"turns":4.0},{"damage":9,"enemies":"Chosen and Byrds","floor":29,"turns":2}],"seed_played":"3610627778988044650","potions_obtained":[{"floor":10.0,"key":"BloodPotion"},{"floor":16.0,"key":"Block Potion"},{"floor":22.0,"key":"ColorlessPotion"},{"floor":28.0,"key":"Dexterity Potion"}],"is_trial":false,"path_per_floor":["M","?","?","$","?","R","M","E","T","M","R","?","$","M","R","B",null,"M","$","?","M","M","R","?","R","T","M","M","M"],"character_chosen":"IRONCLAD","items_purchased":["Flex"],"campfire_rested":1,"item_purchase_floors":[4],"current_hp_per_floor":[74,74,79,79,79,79,78,48,48,46,46,39,39,28,28,16,64,48,48,48,37,26,26,26,50,50,33,8,0,0],"gold":366,"neow_bonus":"RANDOM_COMMON_RELIC","is_daily":false,"chose_seed":false,"campfire_upgraded":4,"win_rate":0.0,"timestamp":1610134907,"path_taken":["M","?","?","?","?","R","M","E","T","M","R","?","$","M","R","BOSS","M","$","?","M","M","R","?","R","T","?","M","M"],"items_purchased_type":["Card"],"build_version":"2020-12-22","purchased_purges":2,"victory":false,"max_hp_per_floor":[75,75,80,80,80,80,80,80,80,80,80,80,80,80,80,80,80,80,80,80,80,80,80,80,80,80,80,80,80,80],"card_choices":[{"not_picked":["True Grit","Metallicize"],"picked":"Blood for Blood","floor":1.0},{"not_picked":["Headbutt","Twin Strike","Dropkick"],"picked":"SKIP","floor":7.0},{"not_picked":["Limit Break","Clash"],"picked":"Bloodletting","floor":8.0},{"not_picked":["Flex","Perfected Strike"],"picked":"Shockwave","floor":10.0},{"not_picked":["Twin Strike","Warcry","Inflame"],"picked":"SKIP","floor":14.0},{"not_picked":["Double Tap","Berserk"],"picked":"Offering","floor":16.0},{"not_picked":["Wild Strike","Thunderclap"],"picked":"Pommel Strike","floor":18.0},{"not_picked":["Spot Weakness","Sever Soul","Infernal Blade"],"picked":"SKIP","floor":21.0},{"not_picked":["Searing Blow+1","Iron Wave","Shockwave"],"picked":"SKIP","floor":22.0},{"not_picked":["Warcry","Anger","Armaments"],"picked":"SKIP","floor":27.0},{"not_picked":["Dark Embrace","Metallicize","Body Slam"],"picked":"SKIP","floor":28.0}],"player_experience":164469,"relics_obtained":[{"floor":8.0,"key":"Pantograph"},{"floor":26.0,"key":"PreservedInsect"}],"event_choices":[{"cards_removed":["Strike_R"],"damage_healed":0.0,"max_hp_gain":0.0,"max_hp_loss":0.0,"gold_gain":0.0,"event_name":"The Cleric","player_choice":"Card Removal","floor":2.0,"gold_loss":75.0,"damage_taken":0.0},{"damage_healed":0.0,"max_hp_gain":5.0,"max_hp_loss":0.0,"gold_gain":0.0,"event_name":"Big Fish","player_choice":"Donut","floor":3.0,"gold_loss":0.0,"damage_taken":0.0},{"cards_removed":["Strike_R"],"damage_healed":0.0,"max_hp_gain":0.0,"max_hp_loss":0.0,"gold_gain":0.0,"event_name":"Living Wall","player_choice":"Forget","floor":5.0,"gold_loss":0.0,"damage_taken":0.0},{"cards_removed":["Strike_R"],"damage_healed":0.0,"max_hp_gain":0.0,"max_hp_loss":0.0,"gold_gain":0.0,"event_name":"Golden Wing","player_choice":"Card Removal","floor":12.0,"gold_loss":0.0,"damage_taken":7.0},{"damage_healed":0.0,"max_hp_gain":0.0,"max_hp_loss":0.0,"gold_gain":0.0,"event_name":"The Mausoleum","player_choice":"Ignored","floor":20.0,"gold_loss":0.0,"damage_taken":0.0},{"damage_healed":0.0,"max_hp_gain":0.0,"max_hp_loss":0.0,"gold_gain":275.0,"event_name":"Golden Shrine","player_choice":"Desecrate","floor":24.0,"gold_loss":0.0,"damage_taken":0.0,"cards_obtained":["Regret"]}],"is_beta":false,"boss_relics":[{"not_picked":["Cursed Key","Black Star"],"picked":"Runic Cube"}],"items_purged_floors":[13,19],"is_endless":false,"potions_floor_spawned":[10,16,22,28],"killed_by":"Chosen and Byrds","ascension_level":20}}