{"host":"bxn2em57qlx5u4i0","time":1610075929,"event":{"mods":["BaseMod","Colored Map","Colored Powertips","Highlight Path","Minty Spire (QoL Compilation)","Random Character Button","Relic Sorter","Relic Stats","StSLib","SuperFastMode"],"gold_per_floor":[115,115,135,135,135,135,156,156,156,156,156,156],"floor_reached":11,"playtime":212,"items_purged":[],"score":118,"play_id":"568fd922-ba31-45f0-b6d6-2aef620a4a43","local_time":"20210107221849","is_ascension_mode":true,"campfire_choices":[{"data":"Neutralize","floor":6,"key":"SMITH"},{"data":"Tactician","floor":8,"key":"SMITH"},{"data":"Prepared","floor":10,"key":"SMITH"}],"circlet_count":0,"master_deck":["AscendersBane","Strike_G","Strike_G","Strike_G","Strike_G","Defend_G","Defend_G","Defend_G","Defend_G","Defend_G","Survivor","Neutralize+1","Prepared+1","Backstab","Tactician+1"],"relics":["Ring of the Snake","Turnip","Odd Mushroom","Letter Opener"],"acts_visited":["Exordium"],"potions_floor_usage":[7],"damage_taken":[{"damage":15,"enemies":"Jaw Worm","floor":1,"turns":9},{"damage":2,"enemies":"2 Louse","floor":3,"turns":4},{"damage":20,"enemies":"The Mushroom Lair","floor":7,"turns":7},{"damage":38,"enemies":"Gremlin Nob","floor":11,"turns":4}],"seed_played":"-985889073880185127","potions_obtained":[{"floor":1,"key":"Block Potion"}],"is_trial":false,"path_per_floor":["M","?","M","?","?","R","?","R","T","R","E"],"character_chosen":"THE_SILENT","items_purchased":[],"campfire_rested":0,"item_purchase_floors":[],"current_hp_per_floor":[44,60,58,51,51,51,31,31,31,31,0,0],"gold":156,"neow_bonus":"ONE_RARE_RELIC","is_daily":false,"chose_seed":false,"campfire_upgraded":3,"win_rate":0.0,"timestamp":1610075929,"path_taken":["M","?","M","?","?","R","?","R","T","R","E"],"items_purchased_type":[],"build_version":"2020-12-22","purchased_purges":0,"victory":false,"max_hp_per_floor":[60,60,60,60,60,60,60,60,60,60,60,60],"relic_stats":{"counters":[4,24],"Turnip":[0],"Letter Opener":[5],"obtain_stats":[{"Turnip":0,"Letter Opener":9,"Odd Mushroom":7,"Ring of the Snake":0},{"Turnip":0,"Letter Opener":3,"Odd Mushroom":3,"Ring of the Snake":0},{"Turnip":0,"Letter Opener":20,"Odd Mushroom":20,"Ring of the Snake":0}],"Ring of the Snake":[8]},"card_choices":[{"not_picked":["Eviscerate","Bane"],"picked":"Prepared","floor":1},{"not_picked":["Dash","Slice"],"picked":"Backstab","floor":3},{"not_picked":["PiercingWail","Bane"],"picked":"Tactician","floor":7}],"player_experience":2872336,"relics_obtained":[{"floor":7,"key":"Odd Mushroom"},{"floor":9,"key":"Letter Opener"}],"event_choices":[{"damage_healed":20,"gold_gain":0,"player_choice":"Banana","damage_taken":0,"max_hp_gain":0,"max_hp_loss":0,"event_name":"Big Fish","floor":2,"gold_loss":0},{"cards_removed":["Strike_G"],"damage_healed":0,"gold_gain":0,"player_choice":"Card Removal","damage_taken":7,"max_hp_gain":0,"max_hp_loss":0,"event_name":"Golden Wing","floor":4,"gold_loss":0},{"damage_healed":0,"gold_gain":0,"player_choice":"Ignored","damage_taken":0,"max_hp_gain":0,"max_hp_loss":0,"event_name":"Liars Game","floor":5,"gold_loss":0},{"damage_healed":0,"gold_gain":0,"player_choice":"Fought Mushrooms","damage_taken":0,"max_hp_gain":0,"max_hp_loss":0,"event_name":"Mushrooms","floor":7,"gold_loss":0}],"is_beta":false,"boss_relics":[],"items_purged_floors":[],"is_endless":false,"potions_floor_spawned":[1],"killed_by":"Gremlin Nob","ascension_level":20}}