{"host":"hcmbbnq9kugrt4gl","time":1610108765,"event":{"mods":["AchievementEnabler","BaseMod","Minty Spire (QoL Compilation)","Permanent Neow","Quick Restart","Relic Stats","Synergy Search","slay the spire mod where everything is the same but ironclad has a cowboy hat"],"gold_per_floor":[117,117,141,154,154,187,203,203,256,300,300,338,352,377,377,500,500,516,51,71,89,89,129,129,150,150,164,164,177,177,177],"floor_reached":30,"playtime":2090,"items_purged":[],"score":274,"play_id":"0512f988-a586-4f39-b060-9cb08620c34a","local_time":"20210108132605","is_ascension_mode":false,"campfire_choices":[{"floor":8,"key":"REST"},{"floor":11,"key":"REST"},{"floor":15,"key":"REST"},{"floor":24,"key":"REST"},{"floor":28,"key":"REST"}],"circlet_count":0,"master_deck":["Strike_R","Strike_R","Strike_R","Strike_R","Strike_R","Defend_R","Defend_R","Defend_R","Defend_R","Bash","Exhume","Inflame","Heavy Blade","Dropkick","Pain","Armaments","Thunderclap","Pummel","Rampage","Rage","Burning Pact","Double Tap","Bloodletting","Heavy Blade","Twin Strike+1","Infernal Blade+1","Cleave","Seeing Red","Flex+1"],"relics":["Burning Blood","Golden Idol","WarpedTongs","Blue Candle","Anchor","Mango","Runic Cube","TungstenRod","HandDrill","Gambling Chip","Omamori"],"acts_visited":["Exordium","TheCity"],"potions_floor_usage":[6,12,16,16,23,23,23,27],"damage_taken":[{"damage":0,"enemies":"Small Slimes","floor":1,"turns":3},{"damage":10,"enemies":"Jaw Worm","floor":3,"turns":4},{"damage":13,"enemies":"Cultist","floor":4,"turns":5},{"damage":20,"enemies":"Lagavulin","floor":6,"turns":4},{"damage":8,"enemies":"2 Fungi Beasts","floor":7,"turns":2},{"damage":40,"enemies":"3 Sentries","floor":10,"turns":7},{"damage":7,"enemies":"Gremlin Nob","floor":12,"turns":3},{"damage":18,"enemies":"Exordium Thugs","floor":13,"turns":5},{"damage":6,"enemies":"3 Louse","floor":14,"turns":3},{"damage":32,"enemies":"Hexaghost","floor":16,"turns":7},{"damage":41,"enemies":"Spheric Guardian","floor":18,"turns":5},{"damage":18,"enemies":"2 Thieves","floor":20,"turns":4},{"damage":15,"enemies":"3 Cultists","floor":21,"turns":5},{"damage":34,"enemies":"Gremlin Leader","floor":23,"turns":5},{"damage":16,"enemies":"Chosen and Byrds","floor":25,"turns":6},{"damage":23,"enemies":"Centurion and Healer","floor":27,"turns":4},{"damage":27,"enemies":"Shelled Parasite and Fungi","floor":29,"turns":5},{"damage":21,"enemies":"Snake Plant","floor":30,"turns":3}],"seed_played":"-2718809757907044616","potions_obtained":[{"floor":1,"key":"FearPotion"},{"floor":4,"key":"DistilledChaos"},{"floor":10,"key":"LiquidMemories"},{"floor":13,"key":"Explosive Potion"},{"floor":14,"key":"Energy Potion"},{"floor":16,"key":"DuplicationPotion"},{"floor":18,"key":"SpeedPotion"},{"floor":23,"key":"PowerPotion"},{"floor":25,"key":"SteroidPotion"},{"floor":29,"key":"DuplicationPotion"}],"is_trial":false,"path_per_floor":["M","?","M","M","?","E","M","R","T","E","R","E","M","M","R","B",null,"M","$","M","M","?","E","R","M","T","M","R","M","M"],"character_chosen":"IRONCLAD","items_purchased":["TungstenRod","HandDrill","Heavy Blade"],"campfire_rested":5,"item_purchase_floors":[19,19,19],"current_hp_per_floor":[80,60,56,49,49,35,33,57,57,23,47,60,48,48,76,50,94,59,59,47,38,38,10,38,28,28,11,39,18,0,0],"gold":177,"neow_bonus":"ONE_RANDOM_RARE_CARD","is_daily":false,"chose_seed":false,"campfire_upgraded":0,"win_rate":0.0,"timestamp":1610108765,"path_taken":["M","?","M","M","?","E","?","R","T","E","R","E","M","M","R","BOSS","M","$","M","M","?","E","R","M","T","M","R","M","M"],"items_purchased_type":["Relic","Relic","Card"],"build_version":"2020-12-22","purchased_purges":0,"victory":false,"max_hp_per_floor":[80,80,80,80,80,80,80,80,80,80,80,94,94,94,94,94,94,94,94,94,94,94,94,94,94,94,94,94,94,94,94],"relic_stats":{"counters":[18,80],"Golden Idol":97,"Blue Candle":[7],"Gambling Chip":[7],"HandDrill":[22],"obtain_stats":[{"Anchor":10,"Golden Idol":2,"Blue Candle":6,"Gambling Chip":23,"Mango":12,"HandDrill":19,"Omamori":26,"Burning Blood":0,"TungstenRod":19,"WarpedTongs":5,"Runic Cube":17},{"Anchor":6,"Golden Idol":1,"Blue Candle":4,"Gambling Chip":14,"Mango":7,"HandDrill":11,"Omamori":15,"Burning Blood":0,"TungstenRod":11,"WarpedTongs":3,"Runic Cube":10},{"Anchor":25,"Golden Idol":3,"Blue Candle":16,"Gambling Chip":62,"Mango":28,"HandDrill":48,"Omamori":68,"Burning Blood":0,"TungstenRod":48,"WarpedTongs":12,"Runic Cube":43}],"Burning Blood":96,"TungstenRod":46,"WarpedTongs":[68],"Runic Cube":[30]},"card_choices":[{"not_picked":["Fire Breathing","Hemokinesis"],"picked":"Inflame","floor":1},{"not_picked":["Iron Wave","Body Slam"],"picked":"Heavy Blade","floor":3},{"not_picked":["Blood for Blood","Anger"],"picked":"Dropkick","floor":4},{"not_picked":["Combust","Clothesline"],"picked":"Armaments","floor":6},{"not_picked":["Heavy Blade","Sword Boomerang"],"picked":"Thunderclap","floor":7},{"not_picked":["Heavy Blade","Thunderclap"],"picked":"Pummel","floor":10},{"not_picked":["Exhume","Clothesline"],"picked":"Rampage","floor":12},{"not_picked":["Sword Boomerang","Thunderclap"],"picked":"Rage","floor":13},{"not_picked":["Combust","Anger"],"picked":"Burning Pact","floor":14},{"not_picked":["Fiend Fire","Offering"],"picked":"Double Tap","floor":16},{"not_picked":["Twin Strike","Perfected Strike+1"],"picked":"Bloodletting","floor":18},{"not_picked":["Wild Strike","Perfected Strike"],"picked":"Twin Strike+1","floor":20},{"not_picked":["Warcry+1","Battle Trance"],"picked":"Infernal Blade+1","floor":21},{"not_picked":["Infernal Blade","Sword Boomerang"],"picked":"Cleave","floor":23},{"not_picked":["Pommel Strike","Clothesline","Armaments"],"picked":"SKIP","floor":25},{"not_picked":["Bloodletting","Shrug It Off"],"picked":"Seeing Red","floor":27},{"not_picked":["Heavy Blade","Whirlwind+1"],"picked":"Flex+1","floor":29}],"player_experience":173560,"relics_obtained":[{"floor":6,"key":"Blue Candle"},{"floor":10,"key":"Anchor"},{"floor":12,"key":"Mango"},{"floor":23,"key":"Gambling Chip"},{"floor":26,"key":"Omamori"}],"event_choices":[{"damage_healed":0,"gold_gain":0,"player_choice":"Take Damage","damage_taken":20,"relics_obtained":["Golden Idol"],"max_hp_gain":0,"max_hp_loss":0,"event_name":"Golden Idol","floor":2,"gold_loss":0},{"damage_healed":0,"gold_gain":0,"player_choice":"Rummage","damage_taken":0,"relics_obtained":["WarpedTongs"],"max_hp_gain":0,"max_hp_loss":0,"event_name":"Accursed Blacksmith","floor":5,"gold_loss":0,"cards_obtained":["Pain"]},{"damage_healed":0,"gold_gain":0,"player_choice":"Ignored","damage_taken":0,"max_hp_gain":0,"max_hp_loss":0,"event_name":"Ghosts","floor":22,"gold_loss":0}],"is_beta":false,"boss_relics":[{"not_picked":["SlaversCollar","Calling Bell"],"picked":"Runic Cube"}],"items_purged_floors":[],"is_endless":false,"potions_floor_spawned":[1,4,10,13,14,16,18,23,25,29],"killed_by":"Snake Plant","ascension_level":0}}