{"host":"r70xsz6j1oj94nbd","time":1610108343,"event":{"mods":["ATMod(°¢èªMod)","Act Like it!","BaseMod","Downfall-Rebalance","KinomotoSakuraMod(Ä¾Ö®±¾Ó£)","Minty Spire (QoL Compilation)","Quick Restart","RNG Fix","RyuuouÁúÍõ","Shop Mod","Spicy Shops","StSLib","The Animator","¡¾¹¦ÄÜMod¡¿»ìãçÖ®»·ÐÞ¸´²¹¶¡"],"gold_per_floor":[113,123,123,48,64,94,94,124,170,185,197,197,211,227,227,325,325,343,343,357,7,7,19,35,35,35,35,45,60,60,71,71,173,173,187,187,108,123,139,139,163,163,190,232,290,430,430,430,430,480,480,480,369,452,452],"floor_reached":54,"playtime":2929,"items_purged":["ClowCardTheSword","Regret"],"score":673,"play_id":"b0e2122b-b76b-49c3-ba9d-decef1136878","local_time":"20210108201903","is_ascension_mode":false,"campfire_choices":[{"floor":7,"key":"RECALL"},{"floor":15,"key":"REST"},{"floor":25,"key":"REST"},{"data":"1","floor":30,"key":"LIFT"},{"data":"2","floor":32,"key":"LIFT"},{"data":"3","floor":40,"key":"LIFT"},{"data":"ClowCardTheThunder","floor":42,"key":"SMITH"},{"floor":49,"key":"DIG"},{"floor":52,"key":"DIG"}],"circlet_count":0,"master_deck":["SakuraCardTheEarthy+","SakuraCardTheBubbles+","ClowCardTheSword+1","ClowCardTheShield+1","SpellCardSeal","SpellCardRelease","ClowCardTheRain","ClowCardTheMist","ClowCardTheShot","ClowCardTheGlow","ClowCardTheArrow","ClowCardTheSleep","ClowCardTheLight","ClowCardTheThunder+1","ClowCardTheChange","ClowCardTheStorm","ClowCardTheFight"],"relics":["KSMOD_SealedBook","KSMOD_SealedWand","AT_ATBox","AT_ForceNature","AT_TrinityForce","Membership Card","AT_RedNoBalance","Girya","KSMOD_RollerSkates","SlaversCollar","AT_ChloranthyRing","AT_MibuBalloonWealth","Happy Flower","Shovel","Bronze Scales","Bottled Flame","KSMOD_GemBrooch","StoneCalendar","KSMOD_TomoyosHeart"],"acts_visited":["Exordium","TheCity","TheBeyond","TheEnding"],"potions_floor_usage":[16,16,16,33,33,50],"damage_taken":[{"damage":0,"enemies":"Cultist","floor":1,"turns":4},{"damage":0,"enemies":"Small Slimes","floor":2,"turns":3},{"damage":10,"enemies":"Jaw Worm","floor":5,"turns":4},{"damage":35,"enemies":"3 Sentries","floor":6,"turns":6},{"damage":2,"enemies":"Blue Slaver","floor":10,"turns":3},{"damage":13,"enemies":"Lots of Slimes","floor":11,"turns":3},{"damage":6,"enemies":"Red Slaver","floor":13,"turns":3},{"damage":0,"enemies":"Blue Slaver","floor":14,"turns":3},{"damage":25,"enemies":"The Guardian","floor":16,"turns":9},{"damage":0,"enemies":"Chosen","floor":18,"turns":3},{"damage":0,"enemies":"Spheric Guardian","floor":20,"turns":3},{"damage":37,"enemies":"Centurion and Healer","floor":23,"turns":8},{"damage":10,"enemies":"Sentry and Sphere","floor":24,"turns":3},{"damage":0,"enemies":"Cultist and Chosen","floor":28,"turns":3},{"damage":0,"enemies":"Snake Plant","floor":29,"turns":1},{"damage":0,"enemies":"Chosen and Byrds","floor":31,"turns":3},{"damage":20,"enemies":"Collector","floor":33,"turns":3},{"damage":8,"enemies":"3 Darklings","floor":35,"turns":2},{"damage":0,"enemies":"Orb Walker","floor":38,"turns":2},{"damage":9,"enemies":"Sphere and 2 Shapes","floor":39,"turns":2},{"damage":0,"enemies":"Transient","floor":44,"turns":5},{"damage":9,"enemies":"Giant Head","floor":45,"turns":4},{"damage":4,"enemies":"3 Darklings","floor":46,"turns":3},{"damage":25,"enemies":"Donu and Deca","floor":50,"turns":4},{"damage":10,"enemies":"Shield and Spear","floor":54,"turns":2}],"seed_played":"4073906754797881207","potions_obtained":[{"floor":2,"key":"LiquidMemories"},{"floor":11,"key":"Dexterity Potion"},{"floor":13,"key":"Strength Potion"},{"floor":23,"key":"Swift Potion"},{"floor":29,"key":"SteroidPotion"},{"floor":31,"key":"Slimebound:ThreeZeroPotion"},{"floor":33,"key":"KSMOD_MagickBottle"},{"floor":35,"key":"Fire Potion"}],"is_trial":false,"path_per_floor":["M","M","?","$","M","E","R","?","T","M","M","?","M","M","R","B",null,"M","?","M","$","?","M","M","R","T","$","M","M","R","M","R","B",null,"M","?","$","M","M","R","T","R","T","M","E","M","?","?","R","B",null,"R","$","E"],"character_chosen":"KINOMOTOSAKURA","items_purchased":["Membership Card","ClowCardTheCreate","AT_SilverBalance","AT_ChloranthyRing","KSMOD_GemBrooch","StoneCalendar","KSMOD_MagickBottle"],"campfire_rested":2,"item_purchase_floors":[21,21,21,37,53,53,53],"current_hp_per_floor":[77,77,70,70,60,25,25,25,25,23,10,10,4,4,27,2,77,77,77,77,77,77,1,28,51,51,51,38,38,38,38,38,18,77,69,69,69,69,60,60,60,60,60,60,51,47,47,47,47,22,73,73,73,63,63],"gold":452,"neow_bonus":"TEN_PERCENT_HP_BONUS","is_daily":false,"chose_seed":false,"campfire_upgraded":1,"win_rate":0.0,"timestamp":1610108343,"path_taken":["M","M","?","$","M","E","R","?","T","M","M","?","M","M","R","BOSS","M","?","M","$","?","M","M","R","T","?","M","M","R","M","R","BOSS","M","?","?","M","?","R","?","R","T","M","E","M","?","?","R","BOSS","R","$","E"],"items_purchased_type":["Relic","Card","Relic","Relic","Relic","Relic","Potion"],"build_version":"2020-12-22","purchased_purges":2,"victory":false,"max_hp_per_floor":[77,77,77,77,77,77,77,77,77,77,77,77,77,77,77,77,77,77,77,77,77,77,77,77,77,77,77,77,77,77,77,77,77,77,77,77,77,77,77,77,77,77,77,77,77,77,73,73,73,73,73,73,73,73,73],"card_choices":[{"not_picked":["ClowCardTheArrow","ClowCardTheWood"],"picked":"ClowCardTheRain","floor":1},{"not_picked":["ClowCardTheSand","ClowCardTheShadow"],"picked":"ClowCardTheMist","floor":2},{"not_picked":["ClowCardTheRain","ClowCardTheMist"],"picked":"ClowCardTheShot","floor":5},{"not_picked":["ClowCardTheReturn","ClowCardTheVoice"],"picked":"ClowCardTheGlow","floor":6},{"not_picked":["ClowCardTheFly","ClowCardTheShot"],"picked":"ClowCardTheArrow","floor":10},{"not_picked":["ClowCardTheMirror","ClowCardTheChange"],"picked":"ClowCardTheBubbles","floor":11},{"not_picked":["ClowCardTheSong","ClowCardTheCloud"],"picked":"ClowCardTheSleep","floor":13},{"not_picked":["ClowCardTheSweet","ClowCardTheShot"],"picked":"ClowCardTheLight","floor":14},{"not_picked":["ClowCardTheThrough","ClowCardTheDark"],"picked":"ClowCardTheThunder","floor":16},{"not_picked":["ClowCardTheFirey+1","ClowCardTheBubbles+1","ClowCardTheSand+1"],"picked":"SKIP","floor":18},{"not_picked":["ClowCardTheIllusion","ClowCardTheMirror","ClowCardTheDream+1"],"picked":"SKIP","floor":20},{"not_picked":["ClowCardTheFight","ClowCardTheWindy"],"picked":"ClowCardTheEarthy+1","floor":23},{"not_picked":["ClowCardTheLock","ClowCardTheJump","ClowCardTheFloat"],"picked":"SKIP","floor":24},{"not_picked":["ClowCardTheMirror","ClowCardTheLoop","ClowCardTheFloat"],"picked":"SKIP","floor":28},{"not_picked":["ClowCardTheLoop","ClowCardTheJump+1","ClowCardTheSand"],"picked":"SKIP","floor":29},{"not_picked":["ClowCardTheWatery","ClowCardTheArrow","ClowCardTheLock"],"picked":"SKIP","floor":31},{"not_picked":["ClowCardTheDash","ClowCardTheReturn"],"picked":"ClowCardTheFight","floor":33},{"not_picked":["ClowCardTheStorm","ClowCardTheShot","ClowCardTheGlow+1"],"picked":"SKIP","floor":35},{"not_picked":["ClowCardTheSong","ClowCardTheArrow+1","ClowCardTheCloud+1"],"picked":"SKIP","floor":38},{"not_picked":["ClowCardTheLittle+1","ClowCardTheMist","ClowCardThePower"],"picked":"SKIP","floor":39},{"not_picked":["ClowCardTheSleep","ClowCardTheArrow+1","ClowCardThePower+1"],"picked":"SKIP","floor":44},{"not_picked":["ClowCardTheErase+1","ClowCardTheThunder","ClowCardTheMirror+1"],"picked":"SKIP","floor":45},{"not_picked":["ClowCardTheShadow","ClowCardTheSleep","ClowCardTheSnow+1"],"picked":"SKIP","floor":46},{"not_picked":["ClowCardTheDream","ClowCardThePower+1","ClowCardTheShot"],"picked":"SKIP","floor":54},{"not_picked":["ClowCardTheDream","ClowCardThePower+1","ClowCardTheShot"],"picked":"SKIP","floor":54}],"player_experience":268582,"relics_obtained":[{"floor":6,"key":"AT_ForceNature"},{"floor":23,"key":"Girya"},{"floor":26,"key":"KSMOD_RollerSkates"},{"floor":41,"key":"AT_MibuBalloonWealth"},{"floor":43,"key":"Happy Flower"},{"floor":45,"key":"Shovel"},{"floor":49,"key":"Bronze Scales"},{"floor":52,"key":"Bottled Flame"},{"floor":54,"key":"KSMOD_TomoyosHeart"}],"event_choices":[{"cards_removed":["ClowCardTheSword"],"damage_healed":0,"gold_gain":0,"player_choice":"Card Removal","damage_taken":7,"max_hp_gain":0,"max_hp_loss":0,"event_name":"Golden Wing","floor":3,"gold_loss":0},{"damage_healed":0,"gold_gain":30,"player_choice":"Searched \u00271\u0027 times","damage_taken":0,"max_hp_gain":0,"max_hp_loss":0,"event_name":"Dead Adventurer","floor":8,"gold_loss":0},{"damage_healed":0,"gold_gain":0,"player_choice":"Ignored","damage_taken":0,"max_hp_gain":0,"max_hp_loss":0,"event_name":"Shining Light","floor":12,"gold_loss":0},{"damage_healed":0,"gold_gain":0,"cards_transformed":["ClowCardTheSword","ClowCardTheShield"],"player_choice":"Became Test Subject","damage_taken":0,"max_hp_gain":0,"max_hp_loss":0,"event_name":"Drug Dealer","floor":19,"gold_loss":0,"cards_obtained":["ClowCardTheChange","ClowCardTheStorm"]},{"damage_healed":0,"gold_gain":0,"player_choice":"Ignored","damage_taken":0,"max_hp_gain":0,"max_hp_loss":0,"event_name":"The Mausoleum","floor":22,"gold_loss":0},{"damage_healed":0,"gold_gain":0,"player_choice":"Ignored","damage_taken":0,"max_hp_gain":0,"max_hp_loss":0,"event_name":"Tomb of Lord Red Mask","floor":36,"gold_loss":0},{"damage_healed":0,"gold_gain":0,"player_choice":"Max HP","damage_taken":0,"max_hp_gain":0,"max_hp_loss":4,"event_name":"Winding Halls","floor":47,"gold_loss":0},{"damage_healed":0,"gold_gain":0,"player_choice":"Bought 0 Potions","damage_taken":0,"max_hp_gain":0,"max_hp_loss":0,"event_name":"The Woman in Blue","floor":48,"gold_loss":0}],"is_beta":false,"boss_relics":[{"not_picked":["AT_MortalBlade","SacredBark"],"picked":"AT_TrinityForce"},{"not_picked":["Astrolabe","Cursed Key"],"picked":"SlaversCollar"}],"items_purged_floors":[4,37],"is_endless":false,"potions_floor_spawned":[2,11,13,23,29,31,33,35,46],"killed_by":"Shield and Spear","ascension_level":0}}