{"host":"3jjxuhjpio8e4zkv","time":1610084077,"event":{"mods":["BaseMod","Colored Map","Highlight Path","Minty Spire (QoL Compilation)","Permanent Neow","Relic Stats","StSLib"],"gold_per_floor":[121,149,178,206,235,235,264,3,29,38,57,100,100,100,109,109,109],"floor_reached":16,"playtime":610,"items_purged":[],"score":208,"play_id":"850ee341-4054-46ef-bf91-3106bba5159c","local_time":"20210108003437","is_ascension_mode":true,"campfire_choices":[{"data":"Eviscerate","floor":6,"key":"SMITH"},{"floor":10,"key":"REST"},{"floor":15,"key":"REST"}],"circlet_count":0,"master_deck":["AscendersBane","Strike_G","Strike_G","Strike_G+1","Strike_G","Strike_G","Defend_G","Defend_G+1","Defend_G+1","Defend_G","Defend_G","Survivor","Neutralize","Reflex","Eviscerate+1","Deflect","Glass Knife","Backflip","Dagger Spray+1","Acrobatics","Acrobatics","Dash","Reflex","Footwork"],"relics":["Ring of the Snake","CeramicFish","Whetstone","Dream Catcher","Mummified Hand","Golden Idol"],"acts_visited":["Exordium"],"potions_floor_usage":[3,7,12,16],"damage_taken":[{"damage":3,"enemies":"Cultist","floor":1,"turns":4},{"damage":2,"enemies":"2 Louse","floor":2,"turns":4},{"damage":4,"enemies":"Jaw Worm","floor":3,"turns":6},{"damage":23,"enemies":"Gremlin Gang","floor":4,"turns":13},{"damage":1,"enemies":"Blue Slaver","floor":5,"turns":3},{"damage":10,"enemies":"Exordium Wildlife","floor":7,"turns":6},{"damage":0,"enemies":"3 Louse","floor":11,"turns":3},{"damage":8,"enemies":"Gremlin Nob","floor":12,"turns":3},{"damage":27,"enemies":"Slime Boss","floor":16,"turns":8}],"seed_played":"-1286081234241938495","potions_obtained":[{"floor":2,"key":"Fire Potion"},{"floor":5,"key":"Swift Potion"},{"floor":7,"key":"DistilledChaos"}],"is_trial":false,"path_per_floor":["M","M","M","M","M","R","M","$","T","R","M","E","?","?","R","B"],"character_chosen":"THE_SILENT","items_purchased":["Whetstone","Acrobatics","Swift Potion"],"campfire_rested":2,"item_purchase_floors":[8,8,8],"current_hp_per_floor":[56,54,50,27,26,26,16,16,16,35,35,27,7,7,25,0,0],"gold":109,"neow_bonus":"RANDOM_COMMON_RELIC","is_daily":false,"chose_seed":false,"campfire_upgraded":1,"win_rate":0.0,"timestamp":1610084077,"path_taken":["M","M","M","M","M","R","M","$","T","R","M","E","?","?","R","BOSS"],"items_purchased_type":["Relic","Card","Potion"],"build_version":"2020-12-22","purchased_purges":0,"victory":false,"max_hp_per_floor":[66,66,66,66,66,66,66,66,66,66,66,66,66,60,60,60,60],"relic_stats":{"Dream Catcher":2,"counters":[9,50],"Mummified Hand":[1],"Golden Idol":0,"CeramicFish":99,"Whetstone":["Dagger Spray","Strike_G"],"obtain_stats":[{"Dream Catcher":9,"Mummified Hand":12,"Golden Idol":14,"CeramicFish":0,"Whetstone":8,"Ring of the Snake":0},{"Dream Catcher":6,"Mummified Hand":8,"Golden Idol":8,"CeramicFish":0,"Whetstone":6,"Ring of the Snake":0},{"Dream Catcher":36,"Mummified Hand":42,"Golden Idol":42,"CeramicFish":0,"Whetstone":36,"Ring of the Snake":0}],"Ring of the Snake":[18]},"card_choices":[{"not_picked":["Flying Knee","Backflip"],"picked":"Reflex","floor":1},{"not_picked":["Outmaneuver","Prepared"],"picked":"Eviscerate","floor":2},{"not_picked":["Poisoned Stab","Cloak And Dagger"],"picked":"Deflect","floor":3},{"not_picked":["Caltrops","Tactician"],"picked":"Glass Knife","floor":4},{"not_picked":["Bouncing Flask","Setup"],"picked":"Backflip","floor":5},{"not_picked":["Setup","Skewer"],"picked":"Dagger Spray","floor":7},{"not_picked":["Outmaneuver","Deflect"],"picked":"Acrobatics","floor":10},{"not_picked":["Accuracy","Quick Slash"],"picked":"Dash","floor":11},{"not_picked":["Deflect","Bane"],"picked":"Reflex","floor":12},{"not_picked":["Deadly Poison","Bane"],"picked":"Footwork","floor":15}],"player_experience":1182620,"relics_obtained":[{"floor":9,"key":"Dream Catcher"},{"floor":12,"key":"Mummified Hand"}],"event_choices":[{"damage_healed":0,"gold_gain":0,"player_choice":"Entered Light","damage_taken":20,"max_hp_gain":0,"max_hp_loss":0,"event_name":"Shining Light","floor":13,"gold_loss":0,"cards_upgraded":["Defend_G","Defend_G"]},{"damage_healed":0,"gold_gain":0,"player_choice":"Lose Max HP","damage_taken":0,"relics_obtained":["Golden Idol"],"max_hp_gain":0,"max_hp_loss":6,"event_name":"Golden Idol","floor":14,"gold_loss":0}],"is_beta":false,"boss_relics":[],"items_purged_floors":[],"is_endless":false,"potions_floor_spawned":[2,5,7],"killed_by":"Slime Boss","ascension_level":20}}