{"host":"lq7kzi2nz43yw1nt","time":1610139144,"event":{"mods":["AchievementEnabler","Act Like it!","BaseMod","Better Third Choice","BetterRewards","Block Reminder","Conspire","Gensokyo","GifTheSpireLib","Hubris","Infinite Spire","Koishi","Marisa????????","Minty Spire (QoL Compilation)","Quick Restart","Rare Cards Sparkle","Relic Sorter","Remilia??????","Replay The Spire","Shop Mod","Spicy Shops","Spikes Relics","StSLib","SuperFastMode","The Blue Laboratory","The Servant 0.9.4","Trackpad"],"gold_per_floor":[219,219,66,66,66,92,105,120,120,120,131,131,50,61,61,165,165,175,187,35,45,45,45,45,76,76,102,17,17,50,64,64,166,166,180,180,180,199,199,199,213,242,242,114,130,160,160,5,5,5],"floor_reached":51,"playtime":2320,"items_purged":["Pain"],"score":1038,"play_id":"5cbaaa8f-ff4a-4b01-8047-31cba31364ea","local_time":"20210108155224","is_ascension_mode":true,"campfire_choices":[{"floor":12.0,"key":"REST"},{"floor":15.0,"key":"REST"},{"floor":23.0,"key":"REST"},{"floor":29.0,"key":"REST"},{"floor":32.0,"key":"REST"},{"data":"Crescendo","floor":40.0,"key":"SMITH"},{"floor":49,"key":"REST"}],"circlet_count":0,"master_deck":["Armaments","Strike_P+1","Strike_P+1","Strike_P+1","Strike_P+1","Defend_P+1","Defend_P+1","Defend_P+1","Eruption","Vigilance","CrushJoints","BlessedFruit","BlessedFruit","SpiritShield+1","SignatureMove","Crescendo+1","WaveOfTheHand","LikeWater+1","Scrawl+1","EmptyBody","Evaluate","DevaForm+1","Wish+1","SignatureMove","CarveReality","EmptyBody","Establishment+1","BattleHymn+1","Collect+1","DevaForm+1","CutThroughFate+1","Tantrum+1","ReplayTheSpireMod:Faulty Equipment","MentalFortress+1","LessonLearned+1","EmptyFist+1","LikeWater+1"],"relics":["PureWater","MerchantsRug","WarpedTongs","trackpad:CultistFigurine","Golden Egg","Honey Jar","Bronze Scales","trackpad:WritersBlock","infinitespire:ShieldingShard","trackpad:IceCube","Pear","trackpad:Mousetrap","Velvet Choker","Pet Ghost","Cursed Key","RoseTintedShades","Eternal Feather","Counterbalance","TeardropLocket","Yang"],"acts_visited":["Exordium","TheCity","TheBeyond"],"potions_floor_usage":[50,50],"damage_taken":[{"damage":0.0,"enemies":"Small Slimes","floor":1.0,"turns":3.0},{"damage":42.0,"enemies":"Lagavulin","floor":6.0,"turns":8.0},{"damage":0.0,"enemies":"2 Louse","floor":7.0,"turns":1.0},{"damage":2.0,"enemies":"Cultist","floor":8.0,"turns":2.0},{"damage":5.0,"enemies":"Exordium Thugs","floor":11.0,"turns":5.0},{"damage":12.0,"enemies":"Large Slime","floor":14.0,"turns":5.0},{"damage":36.0,"enemies":"Slime Boss","floor":16.0,"turns":9.0},{"damage":27.0,"enemies":"3 Byrds","floor":18.0,"turns":6.0},{"damage":3.0,"enemies":"Chosen","floor":19.0,"turns":3.0},{"damage":30.0,"enemies":"Shelled Parasite and Fungi","floor":21.0,"turns":4.0},{"damage":32.0,"enemies":"Gremlin Leader","floor":25.0,"turns":5.0},{"damage":0.0,"enemies":"Book of Stabbing","floor":27.0,"turns":4.0},{"damage":48.0,"enemies":"Slavers","floor":30.0,"turns":6.0},{"damage":5.0,"enemies":"3 Cultists","floor":31.0,"turns":4.0},{"damage":18.0,"enemies":"hubris:MusketHawk","floor":33.0,"turns":6.0},{"damage":0.0,"enemies":"Orb Walker","floor":35.0,"turns":3.0},{"damage":17.0,"enemies":"3 Darklings","floor":38.0,"turns":3.0},{"damage":0.0,"enemies":"Maw","floor":41.0,"turns":5.0},{"damage":0.0,"enemies":"R_Hoarder","floor":42.0,"turns":5.0},{"damage":0.0,"enemies":"Sphere and 2 Shapes","floor":45.0,"turns":4.0},{"damage":44,"enemies":"Reptomancer","floor":46,"turns":4},{"damage":78,"enemies":"infinitespire:MassOfShapes","floor":50,"turns":7}],"seed_played":"3949732756842043673","potions_obtained":[{"floor":6.0,"key":"LiquidMemories"},{"floor":7.0,"key":"SkillPotion"},{"floor":18.0,"key":"EssenceOfSteel"},{"floor":19.0,"key":"blueLaboratory:FrostheartPotion"},{"floor":31.0,"key":"blueLaboratory:EnragingPotion"},{"floor":38.0,"key":"SteroidPotion"},{"floor":41.0,"key":"Strength Potion"},{"floor":46,"key":"Block Potion"}],"is_trial":false,"path_per_floor":["M","?","$","?","$","E","M","M","T","T","M","R","$","M","R","B",null,"M","M","$","M","?","R","$","E","T","E","?","R","E","M","R","B",null,"M","?","AVR","M","?","R","M","E","T","$","M","E","?","$","R","B",null],"character_chosen":"WATCHER","items_purchased":["MerchantsRug","LikeWater","Bronze Scales","Counterbalance","MentalFortress","Yang","LikeWater"],"campfire_rested":6,"item_purchase_floors":[3,13,20,44,44,48,48],"current_hp_per_floor":[72,65,65,65,65,23,25,23,23,23,19,41,41,31,54,21,80,55,52,52,24,24,49,49,18,18,18,28,56,10,7,36,22,103,106,106,106,90,90,90,90,90,90,90,90,47,47,47,100,22],"gold":5,"neow_bonus":"HUNDRED_GOLD","is_daily":false,"chose_seed":false,"campfire_upgraded":1,"win_rate":0.0,"timestamp":1610139144,"path_taken":["M","?","$","?","$","E","?","M","T","?","M","R","?","M","R","BOSS","M","M","$","M","?","R","$","E","T","E","?","R","E","M","R","BOSS","M","?","AVR","M","?","R","M","E","T","$","?","E","?","?","R","BOSS"],"items_purchased_type":["Relic","Card","Relic","Relic","Card","Relic","Card"],"build_version":"2020-12-22","purchased_purges":1,"victory":true,"max_hp_per_floor":[72,72,72,72,72,72,74,74,74,74,75,75,75,77,77,80,80,82,82,82,84,84,84,84,85,85,85,95,95,97,99,99,103,103,106,106,106,107,107,107,107,107,107,107,107,108,108,108,108,108],"card_choices":[{"not_picked":["Replay:BluntJabs","FearNoEvil"],"picked":"CrushJoints","floor":1.0},{"not_picked":["CutThroughFate","FlurryOfBlows"],"picked":"SpiritShield","floor":6.0},{"not_picked":["Replay:BluntJabs","LikeWater"],"picked":"SignatureMove","floor":7.0},{"not_picked":["Prostrate","Replay:Hum"],"picked":"Crescendo","floor":8.0},{"not_picked":["SashWhip","Meditate"],"picked":"WaveOfTheHand","floor":11.0},{"not_picked":["SashWhip","Replay:BluntJabs","FollowUp"],"picked":"SKIP","floor":14.0},{"not_picked":["Establishment","ConjureBlade"],"picked":"Scrawl","floor":16.0},{"not_picked":["CrushJoints","SignatureMove+1","PathToVictory"],"picked":"EmptyBody","floor":18.0},{"not_picked":["BowlingBash","Brilliance","Halt"],"picked":"Evaluate","floor":19.0},{"not_picked":["SashWhip","BowlingBash","ReachHeaven"],"picked":"DevaForm","floor":21.0},{"not_picked":["Replay:BluntJabs","Crescendo","Adaptation"],"picked":"Wish","floor":25.0},{"not_picked":["ThirdEye","CarveReality","Replay:BluntJabs"],"picked":"SignatureMove","floor":27.0},{"not_picked":["SashWhip","Prostrate","Swivel"],"picked":"CarveReality","floor":30.0},{"not_picked":["FlyingSleeves","Evaluate","FollowUp"],"picked":"EmptyBody","floor":31.0},{"not_picked":["Devotion","Judgement","Brilliance"],"picked":"Establishment","floor":33.0},{"not_picked":["SashWhip","Weave","TalkToTheHand"],"picked":"BattleHymn+1","floor":35.0},{"not_picked":["CrushJoints","Worship","Consecrate+1"],"picked":"Collect","floor":38.0},{"not_picked":["Meditate","Replay:Cycle+1","Replay:Vibes"],"picked":"CutThroughFate+1","floor":41.0},{"not_picked":["Replay:Vibes+1","Collect","Replay:AtTheReady+1"],"picked":"Tantrum+1","floor":42.0},{"not_picked":["Replay:Battleflow+1","Crescendo+1","Replay:AtTheReady+1"],"picked":"LessonLearned","floor":45.0},{"not_picked":["FollowUp","SashWhip+1","WreathOfFlame"],"picked":"EmptyFist+1","floor":46}],"player_experience":546779,"relics_obtained":[{"floor":6.0,"key":"HeavenlyBonsai"},{"floor":9.0,"key":"trackpad:CultistFigurine"},{"floor":10.0,"key":"Golden Egg"},{"floor":25.0,"key":"trackpad:WritersBlock"},{"floor":26.0,"key":"infinitespire:ShieldingShard"},{"floor":27.0,"key":"trackpad:IceCube"},{"floor":30.0,"key":"trackpad:Mousetrap"},{"floor":42.0,"key":"RoseTintedShades"},{"floor":43.0,"key":"Eternal Feather"},{"floor":46,"key":"TeardropLocket"}],"event_choices":[{"cards_removed":["Defend_P"],"damage_healed":0.0,"max_hp_gain":0.0,"max_hp_loss":0.0,"gold_gain":0.0,"event_name":"Golden Wing","player_choice":"Card Removal","floor":2.0,"gold_loss":0.0,"damage_taken":7.0},{"damage_healed":0.0,"max_hp_gain":0.0,"max_hp_loss":0.0,"gold_gain":0.0,"event_name":"Accursed Blacksmith","player_choice":"Rummage","floor":4.0,"gold_loss":0.0,"damage_taken":0.0,"relics_obtained":["WarpedTongs"],"cards_obtained":["Pain"]},{"damage_healed":0.0,"max_hp_gain":0.0,"max_hp_loss":7.0,"gold_gain":0.0,"event_name":"betterThird:BetterWriting","player_choice":"Simplicity","floor":22.0,"gold_loss":0.0,"damage_taken":0.0},{"damage_healed":0.0,"max_hp_gain":0.0,"max_hp_loss":0.0,"gold_gain":0.0,"event_name":"Addict","player_choice":"Obtained Relic","floor":28.0,"gold_loss":85.0,"damage_taken":0.0,"relics_obtained":["Pear"]},{"damage_healed":0.0,"max_hp_gain":0.0,"max_hp_loss":0.0,"gold_gain":0.0,"event_name":"Duplicator","player_choice":"Copied","floor":39.0,"gold_loss":0.0,"damage_taken":0.0,"cards_obtained":["DevaForm"]},{"damage_healed":0,"gold_gain":0,"player_choice":"Upgraded","damage_taken":0,"max_hp_gain":0,"max_hp_loss":0,"event_name":"Upgrade Shrine","floor":47,"gold_loss":0,"cards_upgraded":["Collect"]}],"is_beta":false,"boss_relics":[{"not_picked":["ReplayTheSpireMod:DimensionalGlitch","Fusion Hammer"],"picked":"Honey Jar"},{"not_picked":["Abe\u0027s Treasure","Replay:Ancient Bell"],"picked":"Velvet Choker"}],"items_purged_floors":[13],"is_endless":false,"potions_floor_spawned":[6,7,18,19,31,38,41,46],"ascension_level":4}}