{"host":"pqs17sqrgflf4eqa","time":1610144760,"event":{"mods":["AchievementEnabler","BaseMod","Bestiary","Better Altar","Colored Map","Colored Powertips","Emptier Cage","Googly Eyes","Highlight Path","Minty Spire (QoL Compilation)","Quick Restart","StSLib","SuperFastMode","Transform Curses","slay the spire mod where everything is the same but ironclad has a cowboy hat"],"gold_per_floor":[19,19,19,19,19,19,31,48,48,82,94,94,124,135,135,230,280,295,295,310,310,8,39,39,68,68,80,80,106,106,21,21,120,120,132,132,92,104,115,115,115],"floor_reached":40,"playtime":831,"items_purged":[],"score":602,"play_id":"f7ac9e00-0449-4293-afa5-6c9284f55658","local_time":"20210108172600","is_ascension_mode":true,"campfire_choices":[{"data":"Dualcast","floor":6.0,"key":"SMITH"},{"floor":12.0,"key":"REST"},{"floor":15.0,"key":"REST"},{"data":"Defragment","floor":24,"key":"SMITH"},{"data":"Hologram","floor":28,"key":"SMITH"},{"data":"Electrodynamics","floor":30,"key":"SMITH"},{"floor":32,"key":"REST"}],"circlet_count":0,"master_deck":["Strike_B+1","Strike_B+1","Strike_B+1","Strike_B+1","Defend_B+1","Defend_B+1","Defend_B+1","Defend_B+1","Zap+1","Dualcast+1","Biased Cognition+1","Redo","Conserve Battery+1","Hologram+1","Seek","Conserve Battery","FTL","Defragment+1","Electrodynamics+1","Sweeping Beam","Beam Cell+1","Biased Cognition","Ball Lightning+1","Rebound","Go for the Eyes","Leap+1","Gash","Core Surge","Hologram","Barrage+1"],"relics":["Cracked Core","Centennial Puzzle","Lizard Tail","StoneCalendar","FossilizedHelix","Tiny House","PreservedInsect","ClockworkSouvenir","Bag of Preparation","Toy Ornithopter","Oddly Smooth Stone","WingedGreaves","Mercury Hourglass","SlaversCollar"],"acts_visited":["Exordium","TheCity","TheBeyond"],"potions_floor_usage":[27,29,33,33,33,38,39],"damage_taken":[{"damage":0.0,"enemies":"2 Louse","floor":1.0,"turns":1.0},{"damage":12.0,"enemies":"Small Slimes","floor":7.0,"turns":2.0},{"damage":5.0,"enemies":"Jaw Worm","floor":8.0,"turns":2.0},{"damage":16.0,"enemies":"3 Sentries","floor":10.0,"turns":6.0},{"damage":3.0,"enemies":"2 Fungi Beasts","floor":11.0,"turns":2.0},{"damage":24.0,"enemies":"Gremlin Nob","floor":13.0,"turns":4.0},{"damage":0.0,"enemies":"Exordium Thugs","floor":14.0,"turns":3.0},{"damage":0.0,"enemies":"The Guardian","floor":16.0,"turns":7.0},{"damage":5.0,"enemies":"3 Byrds","floor":18.0,"turns":2.0},{"damage":21.0,"enemies":"Shell Parasite","floor":20.0,"turns":3.0},{"damage":21,"enemies":"Slavers","floor":23,"turns":2},{"damage":37,"enemies":"Gremlin Leader","floor":25,"turns":3},{"damage":9,"enemies":"Centurion and Healer","floor":27,"turns":5},{"damage":9,"enemies":"Slavers","floor":29,"turns":3},{"damage":57,"enemies":"Champ","floor":33,"turns":9},{"damage":0,"enemies":"Orb Walker","floor":35,"turns":3},{"damage":18,"enemies":"3 Darklings","floor":38,"turns":4},{"damage":22,"enemies":"Jaw Worm Horde","floor":39,"turns":3},{"damage":53,"enemies":"Reptomancer","floor":40,"turns":2}],"seed_played":"-7201696435476824241","potions_obtained":[{"floor":7.0,"key":"EssenceOfSteel"},{"floor":13.0,"key":"ColorlessPotion"},{"floor":17.0,"key":"Weak Potion"},{"floor":20.0,"key":"DuplicationPotion"},{"floor":23,"key":"Dexterity Potion"},{"floor":27,"key":"SkillPotion"},{"floor":29,"key":"Dexterity Potion"},{"floor":33,"key":"Explosive Potion"},{"floor":35,"key":"PowerPotion"},{"floor":37,"key":"FocusPotion"},{"floor":37,"key":"AttackPotion"},{"floor":39,"key":"GamblersBrew"}],"is_trial":false,"path_per_floor":["M","?","?","T","?","R","M","M","T","E","M","R","E","M","R","B",null,"M","?","M","?","$","E","R","E","T","M","R","E","R","?","R","B",null,"M","?","?","M","M","E"],"character_chosen":"DEFECT","items_purchased":["PreservedInsect","ClockworkSouvenir"],"campfire_rested":3,"item_purchase_floors":[22,22],"current_hp_per_floor":[75,75,60,60,65,65,53,48,48,32,29,53,29,29,53,53,85,80,80,59,59,59,38,38,1,1,42,42,38,38,38,63,21,85,85,81,81,63,46,0,0],"gold":115,"neow_bonus":"THREE_RARE_CARDS","is_daily":false,"chose_seed":false,"campfire_upgraded":4,"win_rate":0.0,"timestamp":1610144760,"path_taken":["M","?","?","?","?","R","M","M","T","E","?","R","E","M","R","BOSS","M","?","?","?","$","E","R","E","T","M","R","E","R","?","R","BOSS","M","?","?","M","?","E"],"items_purchased_type":["Relic","Relic"],"build_version":"2020-12-22","purchased_purges":0,"victory":false,"max_hp_per_floor":[75,75,75,75,80,80,80,80,80,80,80,80,80,80,80,80,85,85,85,85,85,85,85,85,85,85,85,85,85,85,85,85,85,85,85,81,81,81,81,81,81],"card_choices":[{"not_picked":["Seek","Buffer"],"picked":"Biased Cognition","floor":0.0},{"not_picked":["Barrage","Conserve Battery"],"picked":"Redo","floor":1.0},{"not_picked":["Redo","Reinforced Body"],"picked":"Conserve Battery","floor":7.0},{"not_picked":["Chill","Reinforced Body"],"picked":"Hologram","floor":8.0},{"not_picked":["Melter","Chill"],"picked":"Seek","floor":10.0},{"not_picked":["Go for the Eyes","Recycle"],"picked":"Conserve Battery","floor":11.0},{"not_picked":["Go for the Eyes","Hologram"],"picked":"FTL","floor":13.0},{"not_picked":["Glacier","Leap"],"picked":"Defragment","floor":14.0},{"not_picked":["Reboot","Core Surge"],"picked":"Electrodynamics","floor":16.0},{"not_picked":["Fusion","Coolheaded"],"picked":"Sweeping Beam","floor":17.0},{"not_picked":["Force Field+1","Sunder+1"],"picked":"Beam Cell+1","floor":18.0},{"not_picked":["Steam Power","Loop"],"picked":"Ball Lightning+1","floor":20.0},{"not_picked":["Biased Cognition","Reprogram"],"picked":"Rebound","floor":23},{"not_picked":["Redo","Sunder"],"picked":"Go for the Eyes","floor":25},{"not_picked":["Barrage","Coolheaded"],"picked":"Leap+1","floor":27},{"not_picked":["Auto Shields","Reboot"],"picked":"Gash","floor":29},{"not_picked":["Meteor Strike","Fission"],"picked":"Core Surge","floor":33},{"not_picked":["Ball Lightning+1","Beam Cell+1"],"picked":"Hologram","floor":35},{"not_picked":["Rebound+1","Heatsinks","Steam"],"picked":"SKIP","floor":38},{"not_picked":["Leap+1","Sunder+1"],"picked":"Barrage+1","floor":39}],"player_experience":139420,"relics_obtained":[{"floor":4.0,"key":"Centennial Puzzle"},{"floor":9.0,"key":"Lizard Tail"},{"floor":10.0,"key":"StoneCalendar"},{"floor":13.0,"key":"FossilizedHelix"},{"floor":23,"key":"Bag of Preparation"},{"floor":25,"key":"Toy Ornithopter"},{"floor":26,"key":"Oddly Smooth Stone"},{"floor":29,"key":"WingedGreaves"}],"event_choices":[{"damage_healed":0.0,"max_hp_gain":0.0,"max_hp_loss":0.0,"gold_gain":0.0,"event_name":"Living Wall","player_choice":"Grow","floor":2.0,"gold_loss":0.0,"damage_taken":0.0,"cards_upgraded":["Zap"]},{"damage_healed":0.0,"max_hp_gain":0.0,"max_hp_loss":0.0,"gold_gain":0.0,"event_name":"Shining Light","player_choice":"Entered Light","floor":3.0,"gold_loss":0.0,"damage_taken":15.0,"cards_upgraded":["Biased Cognition","Strike_B"]},{"damage_healed":0.0,"max_hp_gain":5.0,"max_hp_loss":0.0,"gold_gain":0.0,"event_name":"Big Fish","player_choice":"Donut","floor":5.0,"gold_loss":0.0,"damage_taken":0.0},{"damage_healed":0.0,"max_hp_gain":0.0,"max_hp_loss":0.0,"gold_gain":0.0,"event_name":"Match and Keep!","player_choice":"1 cards matched","floor":19.0,"gold_loss":0.0,"damage_taken":0.0,"cards_obtained":["Biased Cognition"]},{"damage_healed":0.0,"max_hp_gain":0.0,"max_hp_loss":0.0,"gold_gain":0.0,"event_name":"Back to Basics","player_choice":"Simplicity","floor":21.0,"gold_loss":0.0,"damage_taken":0.0,"cards_upgraded":["Strike_B","Strike_B","Strike_B","Defend_B","Defend_B","Defend_B","Defend_B"]},{"damage_healed":0,"gold_gain":0,"player_choice":"Obtained Relic","damage_taken":0,"relics_obtained":["Mercury Hourglass"],"max_hp_gain":0,"max_hp_loss":0,"event_name":"Addict","floor":31,"gold_loss":85},{"damage_healed":0,"gold_gain":0,"player_choice":"Max HP","damage_taken":0,"max_hp_gain":0,"max_hp_loss":4,"event_name":"Winding Halls","floor":36,"gold_loss":0},{"damage_healed":0,"gold_gain":0,"player_choice":"Bought 3 Potions","damage_taken":0,"max_hp_gain":0,"max_hp_loss":0,"event_name":"The Woman in Blue","floor":37,"gold_loss":0}],"is_beta":false,"boss_relics":[{"not_picked":["Runic Dome","Ectoplasm"],"picked":"Tiny House"},{"not_picked":["Fusion Hammer","SacredBark"],"picked":"SlaversCollar"}],"items_purged_floors":[],"is_endless":false,"potions_floor_spawned":[7,13,20,23,27,29,33,35,39],"killed_by":"Reptomancer","ascension_level":4}}