{"host":"g75gtovmj0ine2rf","time":1610112020,"event":{"mods":["2.2 Compatiblity","AchievementEnabler","Act Like it!","Aspiration","Astrologer","Bard","BaseMod","Better Match","BetterRewards","CapriCore","Challenge The Spire","ChefMod","Colored Map","Conspire","Elementarium","Energized Spire","Friendly Minions","Gensokyo","Halation","Hallownest","Hermit","HexUI Lib","Highlight Path","Hubris","Infinite Spire","Jedi Mod","Lobotomy","Menagerie","Minty Spire (QoL Compilation)","Puzzle Mod","Quick Restart","Rare Cards Sparkle","Relic Stats","Replay The Spire","Robot Space Explorer","Shade Mod","Shop Mod","Spicy Shops","StSLib","SuperFastMode","The Construct","The Cursed","The Dragon Tamer","The Factory","The Jungle","The Marked","The Runesmith","TheBandit","TheFirefly","TheSwordswoman","TheVacant","Transform Curses","Wandering Minibosses","thorton","vexMod"],"gold_per_floor":[114,125,140,153,34,66,66,97,97,22,22,22,32,63,63,162,162,176,176,193,193,76,103,115,126,126,126,126,160,175,187,187,292,292,308,67,67,67,77,107,107,127,127,156,183,183,202,235,235,235,235,235,9,35,35],"floor_reached":56,"playtime":3499,"items_purged":["RobotSpaceExplorer:Strike","RobotSpaceExplorer:Strike"],"score":1773,"play_id":"a7898caa-dc8e-4e07-80f4-a17da622a4bf","local_time":"20210109002020","is_ascension_mode":true,"campfire_choices":[{"floor":11,"key":"REST"},{"floor":15,"key":"REST"},{"floor":28,"key":"REST"},{"floor":32,"key":"REST"},{"data":"RobotSpaceExplorer:MiniBoosters","floor":41,"key":"SMITH"},{"floor":49,"key":"RECALL"},{"data":"RobotSpaceExplorer:Multitool","floor":52,"key":"SMITH"}],"circlet_count":0,"master_deck":["RobotSpaceExplorer:Defend","RobotSpaceExplorer:Defend","RobotSpaceExplorer:Defend","RobotSpaceExplorer:Defend","RobotSpaceExplorer:Scan","RobotSpaceExplorer:MiniLasers","RobotSpaceExplorer:PowerGlove","RobotSpaceExplorer:GlueShot","RobotSpaceExplorer:Multitool+1","RobotSpaceExplorer:Accelerator","RobotSpaceExplorer:LuckyStrike","RobotSpaceExplorer:Asteroid","RobotSpaceExplorer:StunGrenade+1","Panache+1","RobotSpaceExplorer:DualCore","RobotSpaceExplorer:DroneSwarm","RobotSpaceExplorer:Calculate+1","ReplayTheSpireMod:Private Reserves","hubris:EnhanceAbility","RobotSpaceExplorer:Discharger","RobotSpaceExplorer:Jetpack","RobotSpaceExplorer:ScrapMissile","RobotSpaceExplorer:StunGrenade+1","RobotSpaceExplorer:Ammunition+1","RobotSpaceExplorer:MiniBoosters+1","RobotSpaceExplorer:MiniBoosters","RobotSpaceExplorer:MiniBoosters+1","RobotSpaceExplorer:GearShield","RobotSpaceExplorer:GlueShot","RobotSpaceExplorer:GearShield+1"],"relics":["RobotSpaceExplorer:RoboCore","construct:FoamFinger","Akabeko","halation:Toothbrush","Sundial","hubris:Potato","Vajra","Replay:Bronze Core","Elementarium:HuntersSling","Iron Hammer","wanderingMiniBosses:OtherGremlinHorn","Nunchaku","hubris:TenFootPole","Elementarium:ElementariumTrophy","RobotSpaceExplorer:Reprocessor","halation:PeacePiece","Replay:Baseball","RobotSpaceExplorer:PlasmaHourglass","Potion Belt","Ancient Tea Set","Thread and Needle","Lee\u0027s Waffle","halation:LettersToHer"],"acts_visited":["Exordium","Gensokyo:Gensokyo","Elementarium:Elementarium","TheEnding"],"potions_floor_usage":[8,14,25,33,33,40,54,55,55,55,55,55,55,55],"damage_taken":[{"damage":0,"enemies":"Gensokyo:Python","floor":1,"turns":3},{"damage":13,"enemies":"Gensokyo:3_Fairies","floor":2,"turns":5},{"damage":0,"enemies":"Gensokyo:Gryphon","floor":3,"turns":2},{"damage":4,"enemies":"Gensokyo:3_Kodama","floor":4,"turns":5},{"damage":5,"enemies":"Gensokyo:Mamizou","floor":6,"turns":8},{"damage":39,"enemies":"Gensokyo:Cirno","floor":8,"turns":8},{"damage":15,"enemies":"Gensokyo:Python_and_Kodama","floor":13,"turns":4},{"damage":11,"enemies":"Gensokyo:Aya","floor":14,"turns":4},{"damage":6,"enemies":"Gensokyo:Reimu","floor":16,"turns":7},{"damage":13,"enemies":"Elementarium:MUD_AND_TAR_GOLEMS","floor":18,"turns":3},{"damage":5,"enemies":"Elementarium:2_ELEMENTALS","floor":20,"turns":3},{"damage":6,"enemies":"Elementarium:ElementalPortal","floor":23,"turns":5},{"damage":1,"enemies":"Elementarium:RubyGolem","floor":24,"turns":3},{"damage":14,"enemies":"Elementarium:CYCLONE_AND_LIVING_STORMCLOUD","floor":25,"turns":6},{"damage":2,"enemies":"Elementarium:FIRE_NOBILITY","floor":29,"turns":5},{"damage":0,"enemies":"Elementarium:VoidBeast","floor":30,"turns":1},{"damage":0,"enemies":"Elementarium:3_ELEMENTALS","floor":31,"turns":2},{"damage":12,"enemies":"Elementarium:GoldenDragon","floor":33,"turns":5},{"damage":0,"enemies":"Gensokyo:AncientGuardian","floor":35,"turns":2},{"damage":0,"enemies":"Gensokyo:3_Bats","floor":39,"turns":2},{"damage":0,"enemies":"Gensokyo:Marisa","floor":40,"turns":4},{"damage":0,"enemies":"Gensokyo:Rafflesia","floor":42,"turns":5},{"damage":0,"enemies":"Gensokyo:Kasen","floor":44,"turns":4},{"damage":0,"enemies":"Gensokyo:Dusk_and_Dawn","floor":47,"turns":2},{"damage":0,"enemies":"Gensokyo:Doremy","floor":48,"turns":4},{"damage":0,"enemies":"Gensokyo:Shinki","floor":50,"turns":8},{"damage":0,"enemies":"Shield and Spear","floor":54,"turns":4},{"damage":0,"enemies":"The Heart","floor":55,"turns":8}],"seed_played":"-33465040966879399","potions_obtained":[{"floor":4,"key":"Languid Potion"},{"floor":8,"key":"Reflective Coating"},{"floor":13,"key":"AttackPotion"},{"floor":14,"key":"Swift Potion"},{"floor":16,"key":"AttackPotion"},{"floor":24,"key":"Dexterity Potion"},{"floor":30,"key":"jedi:tentaclejuice"},{"floor":31,"key":"BlessingOfTheForge"},{"floor":33,"key":"SteroidPotion"},{"floor":35,"key":"Languid Potion"},{"floor":44,"key":"Block Potion"},{"floor":47,"key":"jedi:StrikingPotion"},{"floor":54,"key":"ColorlessPotion"}],"is_trial":false,"path_per_floor":["M","M","M","M","COS","E","?","E","T","?","R","T","M","E","R","B",null,"M","?","M","?","?","E","M","M","T","?","R","E","M","M","R","B",null,"M","$","?","?","M","E","R","M","T","E","T","?","M","E","R","B",null,"R","$","E","B",null],"character_chosen":"RobotSpaceExplorer","items_purchased":["RobotSpaceExplorer:MiniBoosters","halation:PeacePiece","Lee\u0027s Waffle","RobotSpaceExplorer:GlueShot"],"campfire_rested":4,"item_purchase_floors":[36,36,53,53],"current_hp_per_floor":[50,37,37,33,33,28,51,12,12,12,34,34,19,11,34,28,66,53,53,48,48,48,42,41,27,27,27,50,48,48,48,71,59,73,73,76,76,76,79,79,79,79,79,79,79,79,79,82,82,82,86,86,97,97,97],"gold":35,"neow_bonus":"REMOVE_TWO","is_daily":false,"chose_seed":false,"campfire_upgraded":2,"win_rate":0.0,"timestamp":1610112020,"path_taken":["M","M","M","M","COS","E","?","E","T","?","R","?","M","E","R","BOSS","M","?","M","?","?","E","?","M","T","?","R","E","M","M","R","BOSS","M","$","?","?","?","E","R","M","T","E","?","?","M","E","R","BOSS","R","$","E","BOSS"],"items_purchased_type":["Card","Relic","Relic","Card"],"build_version":"2020-12-22","purchased_purges":2,"victory":true,"max_hp_per_floor":[75,75,75,75,75,75,75,75,75,75,75,75,75,78,78,78,78,78,78,78,78,78,78,78,78,78,78,78,78,78,78,78,78,78,78,81,81,81,84,84,84,84,84,84,84,84,84,87,87,87,87,87,97,97,97],"relic_stats":{"Nunchaku":[14],"Lee\u0027s Waffle":8,"counters":[28,122],"Sundial":[16],"obtain_stats":[{"Potion Belt":44,"Lee\u0027s Waffle":53,"construct:FoamFinger":6,"RobotSpaceExplorer:PlasmaHourglass":40,"Vajra":14,"RobotSpaceExplorer:RoboCore":0,"Thread and Needle":48,"Elementarium:HuntersSling":22,"wanderingMiniBosses:OtherGremlinHorn":25,"RobotSpaceExplorer:Reprocessor":34,"Ancient Tea Set":45,"Akabeko":8,"Nunchaku":26,"Replay:Baseball":39,"Elementarium:ElementariumTrophy":33,"Sundial":12,"Replay:Bronze Core":17,"halation:Toothbrush":9,"Iron Hammer":23,"hubris:TenFootPole":29,"halation:LettersToHer":54,"hubris:Potato":14,"halation:PeacePiece":36},{"Potion Belt":23,"Lee\u0027s Waffle":26,"construct:FoamFinger":5,"RobotSpaceExplorer:PlasmaHourglass":21,"Vajra":8,"RobotSpaceExplorer:RoboCore":0,"Thread and Needle":25,"Elementarium:HuntersSling":11,"wanderingMiniBosses:OtherGremlinHorn":14,"RobotSpaceExplorer:Reprocessor":18,"Ancient Tea Set":23,"Akabeko":6,"Nunchaku":14,"Replay:Baseball":20,"Elementarium:ElementariumTrophy":18,"Sundial":6,"Replay:Bronze Core":9,"halation:Toothbrush":6,"Iron Hammer":12,"hubris:TenFootPole":15,"halation:LettersToHer":27,"hubris:Potato":8,"halation:PeacePiece":19},{"Potion Belt":96,"Lee\u0027s Waffle":110,"construct:FoamFinger":23,"RobotSpaceExplorer:PlasmaHourglass":87,"Vajra":39,"RobotSpaceExplorer:RoboCore":0,"Thread and Needle":102,"Elementarium:HuntersSling":52,"wanderingMiniBosses:OtherGremlinHorn":66,"RobotSpaceExplorer:Reprocessor":79,"Ancient Tea Set":96,"Akabeko":31,"Nunchaku":66,"Replay:Baseball":83,"Elementarium:ElementariumTrophy":79,"Sundial":31,"Replay:Bronze Core":46,"halation:Toothbrush":31,"Iron Hammer":57,"hubris:TenFootPole":71,"halation:LettersToHer":114,"hubris:Potato":36,"halation:PeacePiece":81}]},"card_choices":[{"not_picked":["RobotSpaceExplorer:ShockKick","RobotSpaceExplorer:Probe","RobotSpaceExplorer:MetalStrike"],"picked":"SKIP","floor":1},{"not_picked":["RobotSpaceExplorer:IronShell","RobotSpaceExplorer:DoubleFind"],"picked":"RobotSpaceExplorer:PowerGlove","floor":2},{"not_picked":["RobotSpaceExplorer:Pulsar","RobotSpaceExplorer:MetalStrike"],"picked":"RobotSpaceExplorer:GlueShot","floor":3},{"not_picked":["RobotSpaceExplorer:Pulsar","RobotSpaceExplorer:FrostMissile"],"picked":"RobotSpaceExplorer:Multitool","floor":4},{"not_picked":["RobotSpaceExplorer:IronShell","RobotSpaceExplorer:Electroshield"],"picked":"RobotSpaceExplorer:Accelerator","floor":6},{"not_picked":["RobotSpaceExplorer:Asteroid","RobotSpaceExplorer:MiniDrones"],"picked":"RobotSpaceExplorer:LuckyStrike","floor":8},{"not_picked":["RobotSpaceExplorer:Arsenal","RobotSpaceExplorer:Comet"],"picked":"RobotSpaceExplorer:Asteroid","floor":8},{"not_picked":["RobotSpaceExplorer:Probe+1","RobotSpaceExplorer:Ammunition+1"],"picked":"RobotSpaceExplorer:StunGrenade+1","floor":10},{"not_picked":["Apotheosis+1","jedi:RedIncense+1"],"picked":"Panache+1","floor":10},{"not_picked":["RobotSpaceExplorer:FreezeRay","RobotSpaceExplorer:ScrapMissile"],"picked":"RobotSpaceExplorer:PowerCollector","floor":13},{"not_picked":["RobotSpaceExplorer:TrailblazerForm","RobotSpaceExplorer:Electropulse"],"picked":"RobotSpaceExplorer:DualCore","floor":14},{"not_picked":["RobotSpaceExplorer:HighVoltage","RobotSpaceExplorer:Asteroid"],"picked":"RobotSpaceExplorer:DroneSwarm","floor":16},{"not_picked":["RobotSpaceExplorer:Pulsar+1","RobotSpaceExplorer:Probe"],"picked":"RobotSpaceExplorer:Calculate","floor":18},{"not_picked":["Midas Touch","vexMod:StairwayStrike"],"picked":"ReplayTheSpireMod:Private Reserves","floor":19},{"not_picked":["Replay:Parry","Blind"],"picked":"hubris:EnhanceAbility","floor":19},{"not_picked":["RobotSpaceExplorer:SurgingShield","RobotSpaceExplorer:Smokescreen"],"picked":"RobotSpaceExplorer:Discharger","floor":20},{"not_picked":["RobotSpaceExplorer:FranticSearch","RobotSpaceExplorer:FreezingShield"],"picked":"RobotSpaceExplorer:Jetpack","floor":23},{"not_picked":["RobotSpaceExplorer:ShockKick","RobotSpaceExplorer:Counterblock"],"picked":"RobotSpaceExplorer:ScrapMissile","floor":24},{"not_picked":["RobotSpaceExplorer:Counterblock","RobotSpaceExplorer:MetalStrike"],"picked":"RobotSpaceExplorer:StunGrenade+1","floor":25},{"not_picked":["RobotSpaceExplorer:ScrapShield","RobotSpaceExplorer:BigMissile","RobotSpaceExplorer:Probe+1"],"picked":"SKIP","floor":29},{"not_picked":["RobotSpaceExplorer:SlimeMissile","RobotSpaceExplorer:DoubleFind","RobotSpaceExplorer:FranticSearch+1"],"picked":"SKIP","floor":30},{"not_picked":["RobotSpaceExplorer:Pulsar+1","RobotSpaceExplorer:MiniDrones"],"picked":"RobotSpaceExplorer:Ammunition+1","floor":31},{"not_picked":["RobotSpaceExplorer:Arsenal","RobotSpaceExplorer:Accelerator"],"picked":"RobotSpaceExplorer:Exploration","floor":33},{"not_picked":["RobotSpaceExplorer:ScrapToss+1","RobotSpaceExplorer:FranticSearch","RobotSpaceExplorer:Ammunition"],"picked":"SKIP","floor":35},{"not_picked":["RobotSpaceExplorer:Pulsar","RobotSpaceExplorer:Discharger+1","RobotSpaceExplorer:FranticSearch+1"],"picked":"SKIP","floor":39},{"not_picked":["RobotSpaceExplorer:BlastShield","RobotSpaceExplorer:DoubleFind","RobotSpaceExplorer:SlimeMissile+1"],"picked":"SKIP","floor":40},{"not_picked":["RobotSpaceExplorer:ExhaustFan","RobotSpaceExplorer:SlimeMissile+1","RobotSpaceExplorer:ShockKick"],"picked":"SKIP","floor":42},{"not_picked":["RobotSpaceExplorer:FranticSearch+1","RobotSpaceExplorer:Counterblock+1","RobotSpaceExplorer:MetalStrike+1"],"picked":"SKIP","floor":44},{"not_picked":["RobotSpaceExplorer:Electroshield","RobotSpaceExplorer:Counterblock"],"picked":"RobotSpaceExplorer:MiniBoosters+1","floor":47},{"not_picked":["RobotSpaceExplorer:FrostMissile+1","RobotSpaceExplorer:IronShell"],"picked":"RobotSpaceExplorer:GearShield","floor":48},{"not_picked":["RobotSpaceExplorer:IronShell","RobotSpaceExplorer:SlimeMissile+1"],"picked":"RobotSpaceExplorer:GearShield+1","floor":54}],"player_experience":1393760,"relics_obtained":[{"floor":6,"key":"construct:FoamFinger"},{"floor":8,"key":"Akabeko"},{"floor":9,"key":"halation:Toothbrush"},{"floor":12,"key":"Sundial"},{"floor":14,"key":"Vajra"},{"floor":23,"key":"Iron Hammer"},{"floor":25,"key":"wanderingMiniBosses:OtherGremlinHorn"},{"floor":26,"key":"Nunchaku"},{"floor":29,"key":"hubris:TenFootPole"},{"floor":39,"key":"Replay:Baseball"},{"floor":40,"key":"RobotSpaceExplorer:PlasmaHourglass"},{"floor":44,"key":"Potion Belt"},{"floor":45,"key":"Ancient Tea Set"},{"floor":48,"key":"Thread and Needle"},{"floor":54,"key":"halation:LettersToHer"}],"event_choices":[{"damage_healed":0,"gold_gain":0,"player_choice":"2","damage_taken":0,"max_hp_gain":0,"max_hp_loss":0,"event_name":"betterMatch:BetterMatch","floor":10,"gold_loss":0,"cards_obtained":["betterMatch:CommonCard","betterMatch:ColorlessRareCard"]},{"damage_healed":0,"gold_gain":0,"player_choice":"Machinery","damage_taken":0,"max_hp_gain":0,"max_hp_loss":0,"event_name":"Elementarium:IncubationChamber","floor":19,"gold_loss":0},{"damage_healed":0,"gold_gain":0,"player_choice":"Sling","damage_taken":0,"relics_obtained":["Elementarium:HuntersSling"],"max_hp_gain":0,"max_hp_loss":0,"event_name":"Elementarium:BigGameHunter","floor":22,"gold_loss":117},{"damage_healed":0,"gold_gain":0,"player_choice":"Ignored","damage_taken":0,"max_hp_gain":0,"max_hp_loss":0,"event_name":"Elementarium:FountainOfGold","floor":27,"gold_loss":0}],"is_beta":false,"boss_relics":[{"not_picked":["hubris:CrackedHourglass","vexMod:CursedCompass"],"picked":"Replay:Bronze Core"},{"not_picked":["hubris:HollowSoul","Runic Dome"],"picked":"RobotSpaceExplorer:Reprocessor"}],"items_purged_floors":[36,53],"is_endless":false,"potions_floor_spawned":[4,8,13,14,16,24,30,31,33,35,44,47,54],"ascension_level":6}}