{"host":"ig7tc0uedzltt2sr","time":1610064818,"event":{"mods":["BaseMod","Better Twitch Integration","Block Reminder","Colored Map","Colored Powertips","Communication Mod","Current Relic Mod","GifTheSpireLib","HexUI Lib","Minty Spire (QoL Compilation)","Quick Restart","Random Character Button","Rare Cards Sparkle","Relic Sorter","Relic Stats","Slay the Relics Exporter","StSLib","SuperFastMode","Synergy Search","Twitch Decklist","Twitch Utils","everything is the same but u backflip on backflip","slay the spire mod where everything is the same but ironclad has a cowboy hat"],"gold_per_floor":[110,110,110,110,126,151,151,171,171,171,189,159,174,190,190,190,190],"floor_reached":16,"playtime":136,"items_purged":[],"score":125,"play_id":"a55e699a-acbc-423c-ae5c-6bf7a67cac7f","local_time":"20210107161338","is_ascension_mode":false,"campfire_choices":[{"floor":7,"key":"RECALL"},{"data":"Strike_R","floor":15,"key":"SMITH"}],"circlet_count":0,"master_deck":["Strike_R+1","Strike_R","Strike_R","Strike_R","Defend_R","Defend_R","Defend_R","Defend_R","Bash","Evolve","Blood for Blood","Flame Barrier","Impervious","Havoc","Rage","Second Wind","Barricade"],"relics":["Burning Blood","NeowsBlessing","Omamori","Odd Mushroom"],"acts_visited":["Exordium"],"potions_floor_usage":[],"damage_taken":[{"damage":11,"enemies":"Jaw Worm","floor":1,"turns":2},{"damage":0,"enemies":"2 Louse","floor":5,"turns":2},{"damage":0,"enemies":"Lagavulin","floor":6,"turns":3},{"damage":75,"enemies":"The Mushroom Lair","floor":8,"turns":8},{"damage":7,"enemies":"Small Slimes","floor":11,"turns":9},{"damage":5,"enemies":"Looter","floor":12,"turns":4},{"damage":8,"enemies":"Blue Slaver","floor":13,"turns":8},{"damage":16,"enemies":"Exordium Wildlife","floor":14,"turns":8},{"damage":20,"enemies":"Hexaghost","floor":16,"turns":8}],"seed_played":"6713510484884815023","potions_obtained":[{"floor":1,"key":"HeartOfIron"},{"floor":8,"key":"EntropicBrew"},{"floor":11,"key":"CultistPotion"}],"is_trial":false,"path_per_floor":["M","$","?","$","M","E","R","?","T","?","M","M","M","M","R","B"],"character_chosen":"IRONCLAD","items_purchased":[],"campfire_rested":0,"item_purchase_floors":[],"current_hp_per_floor":[75,75,75,75,80,80,80,11,11,11,26,27,25,15,15,0,0],"gold":190,"neow_bonus":"THREE_ENEMY_KILL","is_daily":false,"chose_seed":false,"campfire_upgraded":1,"win_rate":0.0,"timestamp":1610064818,"path_taken":["M","$","?","$","M","E","R","?","T","?","M","M","M","M","R","BOSS"],"items_purchased_type":[],"build_version":"2020-12-22","purchased_purges":0,"victory":false,"max_hp_per_floor":[80,80,80,80,80,80,80,80,80,80,80,80,80,80,80,80,80],"relic_stats":{"counters":[9,52],"obtain_stats":[{"NeowsBlessing":0,"Omamori":6,"Odd Mushroom":8,"Burning Blood":0},{"NeowsBlessing":0,"Omamori":3,"Odd Mushroom":4,"Burning Blood":0},{"NeowsBlessing":0,"Omamori":7,"Odd Mushroom":15,"Burning Blood":0}],"Burning Blood":41},"card_choices":[{"not_picked":["Reckless Charge","Body Slam"],"picked":"Evolve","floor":1},{"not_picked":["Clash","Inflame"],"picked":"Blood for Blood","floor":5},{"not_picked":["Ghostly Armor","Armaments"],"picked":"Flame Barrier","floor":6},{"not_picked":["Sword Boomerang","Clash"],"picked":"Impervious","floor":8},{"not_picked":["Clash","Uppercut"],"picked":"Havoc","floor":11},{"not_picked":["Clash","Heavy Blade"],"picked":"Rage","floor":12},{"not_picked":["Thunderclap","Anger"],"picked":"Second Wind","floor":13},{"not_picked":["Wild Strike","Havoc"],"picked":"Barricade","floor":14}],"player_experience":1463129,"relics_obtained":[{"floor":6,"key":"Omamori"},{"floor":8,"key":"Odd Mushroom"}],"event_choices":[{"cards_removed":["Strike_R"],"damage_healed":0,"gold_gain":0,"player_choice":"Forget","damage_taken":0,"max_hp_gain":0,"max_hp_loss":0,"event_name":"Living Wall","floor":3,"gold_loss":0},{"damage_healed":0,"gold_gain":0,"player_choice":"Fought Mushrooms","damage_taken":0,"max_hp_gain":0,"max_hp_loss":0,"event_name":"Mushrooms","floor":8,"gold_loss":0},{"damage_healed":0,"gold_gain":0,"player_choice":"Ignored","damage_taken":0,"max_hp_gain":0,"max_hp_loss":0,"event_name":"Golden Wing","floor":10,"gold_loss":0}],"is_beta":false,"boss_relics":[],"items_purged_floors":[],"is_endless":false,"potions_floor_spawned":[1,8,11],"killed_by":"Hexaghost","ascension_level":0}}