{"host":"3ykswgue17e1ycc2","time":1610114648,"event":{"mods":["BaseMod","Colored Powertips","Dark Map","Minty Spire (QoL Compilation)","Quick Restart","Rare Cards Sparkle","StSLib"],"gold_per_floor":[116,216,227,245,265,293,293,312,337,372,372,393,393,432,432,563,563,588,608,633,633,633],"floor_reached":21,"playtime":774,"items_purged":[],"score":244,"play_id":"d96ab5fd-b0dc-4202-ac0a-413def919fc8","local_time":"20210108210408","is_ascension_mode":true,"campfire_choices":[{"data":"Zap","floor":7,"key":"SMITH"},{"floor":15,"key":"REST"}],"circlet_count":0,"master_deck":["Strike_B","Strike_B","Strike_B","Strike_B","Defend_B","Defend_B","Defend_B","Defend_B","Zap+1","Dualcast","Buffer","Rip and Tear","Barrage","Electrodynamics","Auto Shields","Melter","Self Repair","Coolheaded","Sweeping Beam","Machine Learning","Cold Snap","Lockon","Compile Driver+1"],"relics":["Cracked Core","Bag of Preparation","Nunchaku","MealTicket","Golden Idol","Pen Nib","StoneCalendar","Runic Dome"],"acts_visited":["Exordium","TheCity"],"potions_floor_usage":[6,16],"damage_taken":[{"damage":5,"enemies":"Small Slimes","floor":1,"turns":3},{"damage":0,"enemies":"Cultist","floor":3,"turns":2},{"damage":8,"enemies":"2 Louse","floor":4,"turns":4},{"damage":8,"enemies":"2 Fungi Beasts","floor":5,"turns":3},{"damage":25,"enemies":"Lagavulin","floor":6,"turns":7},{"damage":0,"enemies":"Red Slaver","floor":8,"turns":3},{"damage":16,"enemies":"Gremlin Nob","floor":10,"turns":4},{"damage":1,"enemies":"Looter","floor":12,"turns":3},{"damage":10,"enemies":"3 Sentries","floor":14,"turns":3},{"damage":5,"enemies":"The Guardian","floor":16,"turns":9},{"damage":0,"enemies":"Spheric Guardian","floor":18,"turns":2},{"damage":23,"enemies":"2 Thieves","floor":19,"turns":4},{"damage":15,"enemies":"Centurion and Healer","floor":20,"turns":5},{"damage":49,"enemies":"Shelled Parasite and Fungi","floor":21,"turns":4}],"seed_played":"4868154578932341150","potions_obtained":[{"floor":4,"key":"PowerPotion"},{"floor":5,"key":"Strength Potion"},{"floor":12,"key":"SpeedPotion"},{"floor":16,"key":"LiquidMemories"},{"floor":20,"key":"PotionOfCapacity"}],"is_trial":false,"path_per_floor":["M","?","M","M","M","E","R","M","T","E","?","M","?","E","R","B",null,"M","M","M","M"],"character_chosen":"DEFECT","items_purchased":[],"campfire_rested":1,"item_purchase_floors":[],"current_hp_per_floor":[70,70,70,62,54,29,29,29,29,13,13,19,12,9,29,31,69,69,53,45,0,0],"gold":633,"neow_bonus":"ONE_RANDOM_RARE_CARD","is_daily":false,"chose_seed":false,"campfire_upgraded":1,"win_rate":0.0,"timestamp":1610114648,"path_taken":["M","?","M","M","?","E","R","M","T","E","?","M","?","E","R","BOSS","M","M","M","M"],"items_purchased_type":[],"build_version":"2020-12-22","purchased_purges":0,"victory":false,"max_hp_per_floor":[75,75,75,75,75,75,75,75,75,75,69,69,69,69,69,69,69,69,69,69,69,69],"card_choices":[{"not_picked":["Redo","Go for the Eyes"],"picked":"Rip and Tear","floor":1},{"not_picked":["Rebound","Streamline"],"picked":"Barrage","floor":3},{"not_picked":["Sweeping Beam","Ball Lightning"],"picked":"Electrodynamics","floor":4},{"not_picked":["Hologram","Leap"],"picked":"Auto Shields","floor":5},{"not_picked":["Barrage","Turbo"],"picked":"Melter","floor":6},{"not_picked":["Rebound","Gash","Go for the Eyes"],"picked":"SKIP","floor":8},{"not_picked":["Turbo","Skim"],"picked":"Self Repair","floor":10},{"not_picked":["Reprogram","Cold Snap"],"picked":"Coolheaded","floor":12},{"not_picked":["Melter","Hologram"],"picked":"Sweeping Beam","floor":14},{"not_picked":["Creative AI","Amplify"],"picked":"Machine Learning","floor":16},{"not_picked":["Sweeping Beam","Beam Cell"],"picked":"Cold Snap","floor":18},{"not_picked":["Auto Shields","Beam Cell"],"picked":"Lockon","floor":19},{"not_picked":["Scrape","Buffer"],"picked":"Compile Driver+1","floor":20}],"player_experience":312606,"relics_obtained":[{"floor":6,"key":"Bag of Preparation"},{"floor":9,"key":"Nunchaku"},{"floor":10,"key":"MealTicket"},{"floor":14,"key":"StoneCalendar"}],"event_choices":[{"damage_healed":0,"gold_gain":100,"player_choice":"Pray","damage_taken":0,"max_hp_gain":0,"max_hp_loss":0,"event_name":"Golden Shrine","floor":2,"gold_loss":0},{"damage_healed":0,"gold_gain":0,"player_choice":"Lose Max HP","damage_taken":0,"relics_obtained":["Golden Idol"],"max_hp_gain":0,"max_hp_loss":6,"event_name":"Golden Idol","floor":11,"gold_loss":0},{"damage_healed":0,"gold_gain":0,"player_choice":"Success","damage_taken":7,"relics_obtained":["Pen Nib"],"max_hp_gain":0,"max_hp_loss":0,"event_name":"Scrap Ooze","floor":13,"gold_loss":0}],"is_beta":false,"boss_relics":[{"not_picked":["FrozenCore","Coffee Dripper"],"picked":"Runic Dome"}],"items_purged_floors":[],"is_endless":false,"potions_floor_spawned":[4,5,12,16,20],"killed_by":"Shelled Parasite and Fungi","ascension_level":4}}