{"host":"vumwfieg2b2mnrfl","time":1610067582,"event":{"mods":["AchievementEnabler","BaseMod","Minty Spire (QoL Compilation)","Rare Cards Sparkle","Relic Stats"],"gold_per_floor":[12,22,22,43,6,6,6],"floor_reached":6,"playtime":206,"items_purged":[],"score":63,"play_id":"65219177-3599-425b-8973-4d6f9280b5c5","local_time":"20210107185942","is_ascension_mode":true,"campfire_choices":[],"circlet_count":0,"master_deck":["AscendersBane","Strike_R","Strike_R","Strike_R","Strike_R","Strike_R","Defend_R","Defend_R","Defend_R","Defend_R","Bash","Barricade","Feel No Pain","Injury","Feel No Pain","Whirlwind"],"relics":["Burning Blood","Golden Idol"],"acts_visited":["Exordium"],"potions_floor_usage":[],"damage_taken":[{"damage":13,"enemies":"Small Slimes","floor":1,"turns":4},{"damage":2,"enemies":"2 Louse","floor":2,"turns":3},{"damage":16,"enemies":"Cultist","floor":4,"turns":5},{"damage":63,"enemies":"Lagavulin","floor":6,"turns":10}],"seed_played":"6989736222880925398","potions_obtained":[{"floor":1,"key":"GamblersBrew"},{"floor":2,"key":"Swift Potion"}],"is_trial":false,"path_per_floor":["M","M","?","M","$","E"],"character_chosen":"IRONCLAD","items_purchased":["Whirlwind"],"campfire_rested":0,"item_purchase_floors":[5],"current_hp_per_floor":[61,65,65,55,55,0,0],"gold":6,"neow_bonus":"THREE_RARE_CARDS","is_daily":false,"chose_seed":false,"campfire_upgraded":0,"win_rate":0.0,"timestamp":1610067582,"path_taken":["M","M","?","M","$","E"],"items_purchased_type":["Card"],"build_version":"2020-12-22","purchased_purges":0,"victory":false,"max_hp_per_floor":[75,75,75,75,75,75,75],"relic_stats":{"counters":[4,22],"Golden Idol":4,"obtain_stats":[{"Golden Idol":3,"Burning Blood":0},{"Golden Idol":2,"Burning Blood":0},{"Golden Idol":7,"Burning Blood":0}],"Burning Blood":18},"card_choices":[{"not_picked":["Offering","Demon Form"],"picked":"Barricade","floor":0},{"not_picked":["Dark Embrace","Heavy Blade"],"picked":"Feel No Pain","floor":1},{"not_picked":["Dark Embrace","Intimidate","Dual Wield"],"picked":"SKIP","floor":2},{"not_picked":["Searing Blow","Headbutt"],"picked":"Feel No Pain","floor":4}],"player_experience":384398,"relics_obtained":[],"event_choices":[{"damage_healed":0,"gold_gain":0,"player_choice":"Take Wound","damage_taken":0,"relics_obtained":["Golden Idol"],"max_hp_gain":0,"max_hp_loss":0,"event_name":"Golden Idol","floor":3,"gold_loss":0,"cards_obtained":["Injury"]}],"is_beta":false,"boss_relics":[],"items_purged_floors":[],"is_endless":false,"potions_floor_spawned":[1,2],"killed_by":"Lagavulin","ascension_level":15}}