{"host":"08nxni9rwzvm98vp","time":1610121278,"event":{"mods":["AchievementEnabler","BaseMod","Card Forge","Colored Powertips","Gold Saver","Googly Eyes","Highlight Path","Marisa£¨Ùöéë¡¡Øª×âÞÞ£©","Minty Spire (QoL Compilation)","Quick Restart","Rare Cards Sparkle","Shop Mod","StSLib","SuperFastMode"],"gold_per_floor":[1374,1374,1374,1399,1399,1433,1451,1489,1516,1141,1166,1207,696,712,712,831,831,846,846,113,113,113,146,180,180,180,180,180,180,205,240,240,359,359,382,405,195,195,195,195,233,233,233,122,155,114,114,157,157,157,157,157,82,117,117],"floor_reached":56,"playtime":1995,"items_purged":["Strike_MRS","Strike_MRS","Defend_MRS","PulseMagic+1"],"score":1460,"play_id":"ad89211d-be6f-48d8-8652-e07a5b1748c7","local_time":"20210109005438","is_ascension_mode":true,"campfire_choices":[{"data":"SuperNova","floor":15.0,"key":"SMITH"},{"data":"PulseMagic","floor":25.0,"key":"SMITH"},{"data":"GasGiant","floor":27.0,"key":"SMITH"},{"data":"GasGiant","floor":29.0,"key":"SMITH"},{"data":"SuperNova","floor":32.0,"key":"SMITH"},{"floor":40.0,"key":"RECALL"},{"floor":42.0,"key":"REST"},{"data":"MachineGunSpark","floor":47.0,"key":"SMITH"},{"floor":49.0,"key":"REST"},{"floor":52.0,"key":"REST"}],"circlet_count":0,"master_deck":["SuperNova+1","WitchLeyline+1","GasGiant+1","SuperNova+1","GasGiant+1","WitchLeyline+1","DarkMatter+1","Necronomicurse","CurseOfTheBell","Orbital+1","MachineGunSpark+1"],"relics":["MiniHakkero","Hammer of Thor","Seething Fire","Anvil of the Gods","Golden Idol","Eternal Feather","Pen Nib","HandmadeGrimoire","Happy Flower","Bag of Preparation","Ancient Tea Set","Juzu Bracelet","AmplifyWand","MerchantsRug","Gremlin Horn","ClockworkSouvenir","Regal Pillow","Red Mask","Necronomicon","Question Card","Orichalcum","Letter Opener","Calipers","Bottled Tornado","Lantern","Singing Bowl","Membership Card","Kunai","Ginger","Bottled Flame"],"acts_visited":["Exordium","TheCity","TheBeyond","TheEnding"],"potions_floor_usage":[55,55],"damage_taken":[{"damage":0.0,"enemies":"Small Slimes","floor":1.0,"turns":3.0},{"damage":6.0,"enemies":"Jaw Worm","floor":4.0,"turns":2.0},{"damage":14.0,"enemies":"Gremlin Nob","floor":6.0,"turns":3.0},{"damage":6.0,"enemies":"Cultist","floor":7.0,"turns":4.0},{"damage":9.0,"enemies":"3 Sentries","floor":8.0,"turns":5.0},{"damage":0.0,"enemies":"Red Slaver","floor":11.0,"turns":2.0},{"damage":16.0,"enemies":"Gremlin Nob","floor":12.0,"turns":3.0},{"damage":0.0,"enemies":"Blue Slaver","floor":14.0,"turns":2.0},{"damage":2.0,"enemies":"The Guardian","floor":16.0,"turns":6.0},{"damage":0.0,"enemies":"Chosen","floor":18.0,"turns":4.0},{"damage":24.0,"enemies":"Book of Stabbing","floor":23.0,"turns":5.0},{"damage":0.0,"enemies":"Masked Bandits","floor":24.0,"turns":2.0},{"damage":0.0,"enemies":"2 Thieves","floor":30.0,"turns":2.0},{"damage":2.0,"enemies":"Gremlin Leader","floor":31.0,"turns":6.0},{"damage":1.0,"enemies":"Champ","floor":33.0,"turns":5.0},{"damage":40.0,"enemies":"Orb Walker","floor":35.0,"turns":6.0},{"damage":0.0,"enemies":"3 Shapes","floor":36.0,"turns":2.0},{"damage":6.0,"enemies":"Nemesis","floor":41.0,"turns":9.0},{"damage":0.0,"enemies":"Giant Head","floor":45.0,"turns":6.0},{"damage":0.0,"enemies":"Reptomancer","floor":48.0,"turns":7.0},{"damage":6.0,"enemies":"Awakened One","floor":50.0,"turns":8.0},{"damage":22.0,"enemies":"Shield and Spear","floor":54.0,"turns":4.0},{"damage":36,"enemies":"The Heart","floor":55,"turns":8}],"seed_played":"-5075970845479535677","potions_obtained":[{"floor":1.0,"key":"Strength Potion"},{"floor":6.0,"key":"Weak Potion"},{"floor":7.0,"key":"Explosive Potion"},{"floor":14.0,"key":"LiquidMemories"},{"floor":24.0,"key":"BottledSpark"},{"floor":33.0,"key":"Strength Potion"},{"floor":35.0,"key":"StarNLove"},{"floor":48.0,"key":"LiquidBronze"},{"floor":54.0,"key":"Explosive Potion"}],"is_trial":false,"path_per_floor":["M","?","?","M","T","E","M","E","T","$","M","E","$","M","R","B",null,"M","?","$","?","?","E","?","R","T","R","?","R","M","E","R","B",null,"M","M","$","?","?","R","E","R","T","$","E","$","R","E","R","B",null,"R","$","E","B",null],"character_chosen":"MARISA","items_purchased":["Bag of Preparation","Ancient Tea Set","AmplifyWand","DollysMirror","MerchantsRug","Whetstone","Gremlin Horn","ClockworkSouvenir","Bottled Tornado","Orbital","Membership Card","MachineGunSpark"],"campfire_rested":3,"item_purchase_floors":[10,10,13,13,20,20,20,20,37,37,44,46],"current_hp_per_floor":[68,68,68,62,62,48,42,33,33,33,33,17,17,17,23,21,68,68,62,62,62,62,38,38,44,44,47,31,37,37,35,41,40,68,28,28,28,28,33,39,33,68,68,68,70,70,70,72,72,66,72,72,72,52,16],"gold":117,"neow_bonus":"TRANSFORM_TWO_CARDS","is_daily":false,"chose_seed":false,"campfire_upgraded":6,"win_rate":0.0,"timestamp":1610121278,"path_taken":["M","?","?","M","?","E","?","E","T","$","M","E","$","M","R","BOSS","M","?","$","?","?","E","?","R","T","R","?","R","M","E","R","BOSS","M","M","$","?","?","R","E","R","T","$","E","?","R","E","R","BOSS","R","$","E","BOSS"],"items_purchased_type":["Relic","Relic","Relic","Relic","Relic","Relic","Relic","Relic","Relic","Card","Relic","Card"],"build_version":"2020-12-22","purchased_purges":4,"victory":true,"max_hp_per_floor":[68,68,68,68,68,68,68,68,68,68,68,68,68,68,68,68,68,68,68,68,68,68,68,68,68,68,68,68,68,68,68,68,68,68,68,68,68,68,68,68,68,68,68,68,70,70,70,72,72,72,72,72,72,74,74],"card_choices":[{"not_picked":["Occultation","IllusionStar"],"picked":"FairyDestructionRay","floor":1.0},{"not_picked":["DC","SporeBomb","UnstableBomb"],"picked":"SKIP","floor":4.0},{"not_picked":["GalacticHalo","GravityBeat"],"picked":"PulseMagic","floor":6.0},{"not_picked":["PowerUp","NonDirectionalLaser"],"picked":"GasGiant","floor":7.0},{"not_picked":["GalacticHalo","FinalSpark"],"picked":"PowerUp","floor":8.0},{"not_picked":["GrandCross","GalacticHalo","ShootTheMoon"],"picked":"SKIP","floor":11.0},{"not_picked":["DragonMeteor","EventHorizon"],"picked":"SuperNova","floor":12.0},{"not_picked":["6A","EventHorizon"],"picked":"Singularity","floor":14.0},{"not_picked":["PowerUp+1","DoubleSpark+1","MysteriousBeam"],"picked":"SKIP","floor":18.0},{"not_picked":["GravityBeat","SporeBomb","NonDirectionalLaser"],"picked":"SKIP","floor":23.0},{"not_picked":["PowerUp","DeepEcoloBomb"],"picked":"DarkMatter+1","floor":24.0},{"not_picked":["Robbery","IllusionStar+1","AbsoluteMagnitude"],"picked":"SKIP","floor":30.0},{"not_picked":["GrandCross","ShootingEcho","FairyDestructionRay"],"picked":"SKIP","floor":31.0},{"not_picked":["MagicChant+1","DoubleSpark","DC","GrandCross"],"picked":"SKIP","floor":35.0},{"not_picked":["6A+1","OneTimeOff","MilkyWay","UnstableBomb"],"picked":"SKIP","floor":36.0},{"not_picked":["PowerUp+1","GrandCross+1","MagicAbsorber+1","MeteoricShower+1"],"picked":"SKIP","floor":41.0},{"not_picked":["GalacticHalo","BigCrunch","UnstableBomb","ShootingEcho+1"],"picked":"Singing Bowl","floor":45.0},{"not_picked":["Occultation","MeteoricShower","6A+1","ChargeUpSpray+1"],"picked":"Singing Bowl","floor":48.0},{"not_picked":["ShootingEcho+1","WitchOfGreed+1","DC+1","LuminesStrike+1"],"picked":"Singing Bowl","floor":54.0}],"player_experience":668277,"relics_obtained":[{"floor":5.0,"key":"Eternal Feather"},{"floor":6.0,"key":"Pen Nib"},{"floor":8.0,"key":"HandmadeGrimoire"},{"floor":9.0,"key":"Happy Flower"},{"floor":12.0,"key":"Juzu Bracelet"},{"floor":23.0,"key":"Regal Pillow"},{"floor":24.0,"key":"Red Mask"},{"floor":28.0,"key":"Necronomicon"},{"floor":31.0,"key":"Question Card"},{"floor":34.0,"key":"Orichalcum"},{"floor":34.0,"key":"Letter Opener"},{"floor":34.0,"key":"Calipers"},{"floor":41.0,"key":"Lantern"},{"floor":43.0,"key":"Singing Bowl"},{"floor":45.0,"key":"Kunai"},{"floor":48.0,"key":"Ginger"},{"floor":54.0,"key":"Bottled Flame"}],"event_choices":[{"damage_healed":0.0,"max_hp_gain":0.0,"max_hp_loss":0.0,"gold_gain":0.0,"event_name":"Golden Idol","player_choice":"Take Wound","floor":2.0,"gold_loss":0.0,"damage_taken":0.0,"relics_obtained":["Golden Idol"],"cards_obtained":["Injury"]},{"cards_removed":["Strike_MRS"],"damage_healed":0.0,"max_hp_gain":0.0,"max_hp_loss":0.0,"gold_gain":0.0,"event_name":"Living Wall","player_choice":"Forget","floor":3.0,"gold_loss":0.0,"damage_taken":0.0},{"damage_healed":0.0,"max_hp_gain":0.0,"max_hp_loss":0.0,"gold_gain":0.0,"event_name":"Nest","player_choice":"Joined the Cult","floor":19.0,"gold_loss":0.0,"damage_taken":6.0,"cards_obtained":["RitualDagger"]},{"damage_healed":0.0,"max_hp_gain":0.0,"max_hp_loss":0.0,"gold_gain":0.0,"event_name":"Vampires","player_choice":"Ignored","floor":21.0,"gold_loss":0.0,"damage_taken":0.0},{"damage_healed":0.0,"max_hp_gain":0.0,"max_hp_loss":0.0,"gold_gain":0.0,"event_name":"The Library","player_choice":"Read","floor":22.0,"gold_loss":0.0,"damage_taken":0.0,"cards_obtained":["WitchLeyline"]},{"damage_healed":0.0,"max_hp_gain":0.0,"max_hp_loss":0.0,"gold_gain":0.0,"event_name":"Masked Bandits","player_choice":"Fought Bandits","floor":24.0,"gold_loss":0.0,"damage_taken":0.0},{"damage_healed":0.0,"max_hp_gain":0.0,"max_hp_loss":0.0,"gold_gain":0.0,"event_name":"Cursed Tome","player_choice":"Obtained Book","floor":28.0,"gold_loss":0.0,"damage_taken":16.0},{"damage_healed":0.0,"max_hp_gain":0.0,"max_hp_loss":0.0,"gold_gain":0.0,"cards_transformed":["FairyDestructionRay"],"event_name":"Transmorgrifier","player_choice":"Transformed","floor":38.0,"gold_loss":0.0,"damage_taken":0.0,"cards_obtained":["ShootingEcho"]},{"cards_removed":["ShootingEcho"],"damage_healed":5.0,"max_hp_gain":0.0,"max_hp_loss":0.0,"gold_gain":0.0,"event_name":"Bonfire Elementals","player_choice":"Offered Common","floor":39.0,"gold_loss":0.0,"damage_taken":0.0},{"cards_removed":["ShootingEcho"],"damage_healed":5.0,"max_hp_gain":0.0,"max_hp_loss":0.0,"gold_gain":0.0,"event_name":"Bonfire Elementals","player_choice":"Offered Special","floor":39.0,"gold_loss":0.0,"damage_taken":0.0}],"is_beta":false,"boss_relics":[{"not_picked":["Pandora\u0027s Box","ExperimentalFamiliar"],"picked":"Empty Cage"},{"not_picked":["SacredBark","Coffee Dripper"],"picked":"Calling Bell"}],"items_purged_floors":[10,13,20,53],"is_endless":false,"potions_floor_spawned":[1,6,7,14,18,24,33,35,48,54],"ascension_level":1}}