{"host":"wbdldanbffix1hn8","time":1610088802,"event":{"mods":["Act Like it!","BaseMod","BetterRewards","Colored Map","Colored Powertips","Downfall","Hallownest","Hermit","Infinite Spire","Mad Scientist","Minty Spire (QoL Compilation)","Rare Cards Sparkle","Replay The Spire","Shop Mod","Somnambulant","StSLib","The Bug Knight","The Cursed","The Forsaken","The Hierophant","The Necromancer","The Poker Player","The Runesmith"],"gold_per_floor":[107,107,111,121,127,127,76,105,105,107,107,130,157,176,176,176,176,241,241,251,228,228,232,188,188],"floor_reached":24,"playtime":1427,"items_purged":[],"score":194,"play_id":"6a2894e5-03f3-4c23-9e16-670d16710909","local_time":"20210108015322","is_ascension_mode":false,"campfire_choices":[{"floor":6,"key":"REST"},{"floor":11,"key":"REST"}],"circlet_count":0,"master_deck":["hierophant:Strike_Hierophant","hierophant:Strike_Hierophant","hierophant:Strike_Hierophant","hierophant:Punish","hierophant:Defend_Hierophant","hierophant:Defend_Hierophant","hierophant:Defend_Hierophant","hierophant:Defend_Hierophant","hierophant:ChurchCoffers","Apotheosis","hierophant:OrnateJavelin+1","hierophant:Encroach","hierophant:MorningPrayer","hierophant:Doubloon","hierophant:CursedGold","hierophant:RepressedViolence","hierophant:Shelter","hierophant:Doomsaying","hierophant:Smite","hierophant:Repentance","hierophant:OrnateBuckler","hierophant:Kindle","TheCursedMod:Dregs","hierophant:Invocation","Replay:SS_hec_2","infinitespire:Gouge","hierophant:HolyVerse","hierophant:Endure","hierophant:OrnateBuckler+1"],"relics":["hierophant:PropheticMaskRelic","infinitespire:PuzzleCube","Nloth\u0027s Gift"],"acts_visited":["Exordium","TheCity"],"potions_floor_usage":[18,24,24],"damage_taken":[{"damage":4,"enemies":"Small Slimes","floor":1,"turns":3},{"damage":0,"enemies":"Cultist","floor":3,"turns":3},{"damage":14,"enemies":"infinitespire:Voidling","floor":4,"turns":4},{"damage":19,"enemies":"Lots of Slimes","floor":5,"turns":4},{"damage":4,"enemies":"Gremlin Gang","floor":8,"turns":3},{"damage":0,"enemies":"Looter","floor":10,"turns":2},{"damage":8,"enemies":"Red Slaver","floor":12,"turns":4},{"damage":0,"enemies":"3 Louse","floor":13,"turns":2},{"damage":11,"enemies":"Large Slime","floor":14,"turns":6},{"damage":38,"enemies":"The Guardian","floor":18,"turns":11},{"damage":0,"enemies":"Chosen","floor":20,"turns":4},{"damage":51,"enemies":"2 Thieves","floor":21,"turns":5},{"damage":11,"enemies":"Snake Plant","floor":23,"turns":6},{"damage":17,"enemies":"3 Cultists","floor":24,"turns":4}],"seed_played":"5590464747387300298","potions_obtained":[{"floor":4,"key":"Milkshake"},{"floor":8,"key":"SpeedPotion"},{"floor":12,"key":"SkillPotion"},{"floor":13,"key":"BlessingOfTheForge"},{"floor":21,"key":"GamblersBrew"}],"is_trial":false,"path_per_floor":["M","?","M","M","M","R","$","M","T","M","R","M","M","M","PTL","PTL","R_BF","B",null,"M","M","?","M","M"],"character_chosen":"HIEROPHANT","items_purchased":["hierophant:RepressedViolence"],"campfire_rested":2,"item_purchase_floors":[7],"current_hp_per_floor":[50,50,50,36,17,39,39,35,35,35,57,49,49,38,38,38,60,22,75,75,24,24,13,0,0],"gold":188,"neow_bonus":"RANDOM_COLORLESS_2","is_daily":false,"chose_seed":false,"campfire_upgraded":0,"win_rate":0.0,"timestamp":1610088802,"path_taken":["M","?","M","M","M","R","$","?","T","?","R","M","M","M","PTL","PTL","R_BF","BOSS","M","M","?","M","M"],"items_purchased_type":["Card"],"build_version":"2020-12-22","purchased_purges":0,"victory":false,"max_hp_per_floor":[75,75,75,75,75,75,75,75,75,75,75,75,75,75,75,75,75,75,75,75,75,75,75,75,75],"card_choices":[{"not_picked":["Replay:Dark Deal","Secret Weapon"],"picked":"Apotheosis","floor":0},{"not_picked":["hierophant:Purify","hierophant:HammerAndAnvil"],"picked":"hierophant:OrnateJavelin","floor":1},{"not_picked":["hierophant:TollTheBells","hierophant:MorningPrayer"],"picked":"hierophant:Encroach","floor":3},{"not_picked":["hierophant:DisplayOfPower","hierophant:Exaltation"],"picked":"hierophant:MorningPrayer","floor":4},{"not_picked":["hierophant:Chorus","hierophant:AuricBeam"],"picked":"hierophant:CursedGold","floor":5},{"not_picked":["hierophant:HammerAndAnvil","hierophant:MorningPrayer"],"picked":"hierophant:Shelter","floor":8},{"not_picked":["hierophant:Exaltation","hierophant:FaithHealing"],"picked":"hierophant:Doomsaying","floor":10},{"not_picked":["hierophant:ArchangelShield","hierophant:ThreeLashes"],"picked":"hierophant:Smite","floor":12},{"not_picked":["hierophant:MirrorShield","hierophant:Glossolalia"],"picked":"hierophant:Repentance","floor":13},{"not_picked":["hierophant:Doomsaying","hierophant:MorningPrayer"],"picked":"hierophant:OrnateBuckler","floor":14},{"not_picked":["hierophant:Levitation","hierophant:Generosity"],"picked":"hierophant:Kindle","floor":18},{"not_picked":["hierophant:Cornucopia","hierophant:AuricForm"],"picked":"hierophant:Invocation","floor":19},{"not_picked":["expansioncontent:SlimeTackle","Enlightenment"],"picked":"Replay:SS_hec_2","floor":19},{"not_picked":["ReplayTheSpireMod:??????????????????????","infinitespire:UltimateForm"],"picked":"infinitespire:Gouge","floor":19},{"not_picked":["hierophant:DivineIntervention","hierophant:Remorse"],"picked":"hierophant:HolyVerse","floor":20},{"not_picked":["hierophant:MorningPrayer+1","hierophant:Doubloon"],"picked":"hierophant:Endure","floor":21},{"not_picked":["hierophant:Alms","hierophant:Sermon"],"picked":"hierophant:OrnateBuckler+1","floor":23}],"player_experience":145905,"relics_obtained":[{"floor":9,"key":"infinitespire:PuzzleCube"}],"event_choices":[{"cards_removed":["hierophant:Strike_Hierophant"],"damage_healed":0,"gold_gain":0,"player_choice":"Purged","damage_taken":0,"max_hp_gain":0,"max_hp_loss":0,"event_name":"Purifier","floor":2,"gold_loss":0},{"damage_healed":0,"gold_gain":0,"player_choice":"Traded Relic","damage_taken":0,"relics_obtained":["Nloth\u0027s Gift"],"max_hp_gain":0,"max_hp_loss":0,"event_name":"N\u0027loth","floor":22,"relics_lost":["ReplayTheSpireMod:SealedPack"],"gold_loss":0}],"is_beta":false,"boss_relics":[{"not_picked":["Kintsugi","infinitespire:Cupcake"],"picked":"ReplayTheSpireMod:SealedPack"}],"items_purged_floors":[],"is_endless":false,"potions_floor_spawned":[4,8,12,13,14,18,21],"killed_by":"3 Cultists","ascension_level":0}}