{"host":"39edsv1n7lhvfemz","time":1610096911,"event":{"mods":["Act Like it!","BaseMod","Better Vampires","Better-Laid Plans","CapriCore","Friendly Minions","Lobotomy","LobotomyExtend","Minty Spire (QoL Compilation)","Pale of the Ancients","StSLib","The Jungle","Waifu the Spire","noobMod","¡¾ÒÅÎï¿¨ÅÆ¡¿REMEMod"],"gold_per_floor":[271,271,287,301,42,71,83,83,83,158,185,185,18,37,37,170,170,198,198,221,221,131,131,189,189,265,60,60,89,119,138,138,256,256,281,131,131,155,155,204,204,242,267,282,282,344,372,440,440,461],"floor_reached":51,"playtime":5290,"items_purged":["Strike_G","Defend_G","Strike_G","Strike_G"],"score":1326,"play_id":"8c96d184-629c-4639-956b-bdbaf3d253be","local_time":"20210108170831","is_ascension_mode":true,"campfire_choices":[{"data":"REME_GreenPollution","floor":8.0,"key":"SMITH"},{"data":"Tools of the Trade","floor":12.0,"key":"SMITH"},{"floor":15.0,"key":"REST"},{"data":"REME_CRH","floor":23.0,"key":"SMITH"},{"data":"Prepared","floor":25.0,"key":"SMITH"},{"data":"Reflex","floor":28.0,"key":"SMITH"},{"floor":32.0,"key":"RECALL"},{"data":"Concentrate","floor":41,"key":"SMITH"},{"data":"Neutralize","floor":45,"key":"SMITH"},{"data":"Acrobatics","floor":49,"key":"SMITH"}],"circlet_count":0,"master_deck":["AscendersBane","Strike_G","Defend_G","Defend_G","Defend_G+1","Defend_G","Survivor","Neutralize+1","REME_CRH+1","REME_GreenPollution+1","Cloak And Dagger+1","Escape Plan+1","Prepared+1","Tools of the Trade+1","Prepared+1","Dagger Spray","Blade Dance","Dazed","Reflex+1","Storm of Steel+1","Concentrate+1","REME_GreenPollution+1","Backflip+1","After Image+1","Acrobatics+1","REME_SpectralBlade"],"relics":["Ring of the Serpent","ice","REME_ComplimentaryCards","LetterFromLob","Pocketwatch","REME_ArchaeologicalTools","White Beast Statue","HornCleat","Matryoshka","Busted Crown","Strawberry","Pear","HonorFeather","ShedSkin_r","Bottled Tornado","Omamori"],"acts_visited":["Exordium","TheCity","TheBeyond"],"potions_floor_usage":[51],"damage_taken":[{"damage":2.0,"enemies":"Cultist","floor":1.0,"turns":4.0},{"damage":9.0,"enemies":"2 Louse","floor":3.0,"turns":3.0},{"damage":9.0,"enemies":"Small Slimes","floor":4.0,"turns":4.0},{"damage":21.0,"enemies":"Lagavulin","floor":6.0,"turns":8.0},{"damage":12.0,"enemies":"Exordium Thugs","floor":7.0,"turns":4.0},{"damage":0.0,"enemies":"3 Louse","floor":10.0,"turns":2.0},{"damage":13.0,"enemies":"Large Slime","floor":11.0,"turns":4.0},{"damage":0.0,"enemies":"2 Fungi Beasts","floor":14.0,"turns":3.0},{"damage":30.0,"enemies":"Slime Boss","floor":16.0,"turns":7.0},{"damage":12.0,"enemies":"2 Thieves","floor":18.0,"turns":2.0},{"damage":0.0,"enemies":"3 Byrds","floor":20.0,"turns":2.0},{"damage":7.0,"enemies":"Book of Stabbing","floor":24.0,"turns":3.0},{"damage":0.0,"enemies":"Sentry and Sphere","floor":29.0,"turns":3.0},{"damage":9.0,"enemies":"Shelled Parasite and Fungi","floor":30.0,"turns":2.0},{"damage":0.0,"enemies":"Snecko","floor":31.0,"turns":4.0},{"damage":14.0,"enemies":"Champ","floor":33.0,"turns":5.0},{"damage":8.0,"enemies":"3 Darklings","floor":35.0,"turns":2.0},{"damage":13.0,"enemies":"3 Shapes","floor":38.0,"turns":2.0},{"damage":5,"enemies":"Nemesis","floor":40,"turns":5},{"damage":0,"enemies":"Maw","floor":42,"turns":4},{"damage":41,"enemies":"Maw","floor":44,"turns":3},{"damage":15,"enemies":"Reptomancer","floor":46,"turns":3},{"damage":20,"enemies":"3 Darklings","floor":47,"turns":3},{"damage":0,"enemies":"Giant Head","floor":48,"turns":4},{"damage":24,"enemies":"Time Eater","floor":50,"turns":5},{"damage":39,"enemies":"Malkuth","floor":51,"turns":7},{"damage":23,"enemies":"Netzach","floor":51,"turns":10},{"damage":77,"enemies":"Tiphereth","floor":51,"turns":12},{"damage":110,"enemies":"Binah","floor":51,"turns":12},{"damage":178,"enemies":"Angela","floor":51,"turns":8}],"seed_played":"9199223532637730490","potions_obtained":[{"floor":3.0,"key":"LiquidBronze"},{"floor":4.0,"key":"Regen Potion"},{"floor":6.0,"key":"DistilledChaos"},{"floor":20.0,"key":"PowerPotion"},{"floor":24.0,"key":"PowerPotion"},{"floor":33.0,"key":"DuplicationPotion"},{"floor":38.0,"key":"GamblersBrew"}],"is_trial":false,"path_per_floor":["M","?","M","M","$","E","M","R","T","M","M","R","$","M","R","B",null,"M","T","M","?","?","R","E","R","T","$","R","M","M","M","R","B",null,"M","$","?","M","$","E","R","M","T","?","R","E","M","E","R","B",null],"character_chosen":"THE_SILENT","items_purchased":["Tools of the Trade","Prepared","Reflex","REME_GreenPollution"],"campfire_rested":1,"item_purchase_floors":[5,5,13,27],"current_hp_per_floor":[61,61,52,43,43,37,25,25,25,25,12,12,12,12,33,70,70,58,58,58,58,58,58,51,51,51,51,51,51,42,42,42,28,71,63,63,63,50,50,52,52,52,62,56,102,87,67,67,111,87],"gold":638,"neow_bonus":"","is_daily":false,"chose_seed":false,"campfire_upgraded":8,"win_rate":0.0,"timestamp":1610096911,"path_taken":["M","?","?","M","?","E","?","R","T","M","M","R","$","M","R","BOSS","M","?","M","?","?","R","E","R","T","$","R","M","M","M","R","BOSS","M","$","?","M","$","E","R","M","T","?","R","E","M","E","R","BOSS"],"items_purchased_type":["Card","Card","Card","Card"],"build_version":"2020-12-22","purchased_purges":4,"victory":true,"max_hp_per_floor":[70,70,70,70,70,70,70,70,70,70,70,70,70,70,70,70,70,72,72,72,72,72,72,77,77,77,77,77,78,80,82,82,85,85,85,85,85,85,85,92,92,92,102,102,102,106,109,111,111,118],"card_choices":[{"not_picked":["Outmaneuver","Deflect"],"picked":"REME_GreenPollution","floor":1.0},{"not_picked":["Catalyst","Deadly Poison"],"picked":"Escape Plan","floor":3.0},{"not_picked":["Riddle With Holes","Heel Hook"],"picked":"Prepared","floor":4.0},{"not_picked":["Slice","Prepared"],"picked":"Dagger Spray","floor":6.0},{"not_picked":["Predator","Flechettes"],"picked":"Blade Dance","floor":7.0},{"not_picked":["Prepared","All Out Attack"],"picked":"Acrobatics","floor":10.0},{"not_picked":["All Out Attack","Sucker Punch","Dash"],"picked":"SKIP","floor":11.0},{"not_picked":["Bane","Infinite Blades","Wraith Form v2"],"picked":"SKIP","floor":14.0},{"not_picked":["Doppelganger","REME_LeechingPoison"],"picked":"Storm of Steel","floor":16.0},{"not_picked":["Poisoned Stab","Slice","Dodge and Roll"],"picked":"SKIP","floor":18.0},{"not_picked":["Underhanded Strike","Dash","Prepared"],"picked":"SKIP","floor":20.0},{"not_picked":["Endless Agony","Poisoned Stab+1","Acrobatics"],"picked":"SKIP","floor":24.0},{"not_picked":["REME_LeechingPoison","Blade Dance"],"picked":"Backflip+1","floor":29.0},{"not_picked":["Deadly Poison+1","Deflect","Flechettes"],"picked":"SKIP","floor":30.0},{"not_picked":["Masterful Stab","Infinite Blades","Choke"],"picked":"SKIP","floor":31.0},{"not_picked":["Bullet Time","REME_CopyPotion"],"picked":"After Image","floor":33.0},{"not_picked":["Prepared"],"picked":"SKIP","floor":35.0},{"not_picked":["Riddle With Holes"],"picked":"SKIP","floor":38.0},{"not_picked":["Backflip"],"picked":"SKIP","floor":40},{"not_picked":["Poisoned Stab"],"picked":"SKIP","floor":42},{"not_picked":["Accuracy+1"],"picked":"SKIP","floor":46},{"not_picked":[],"picked":"Acrobatics","floor":47},{"not_picked":[],"picked":"REME_SpectralBlade","floor":48}],"player_experience":145528,"relics_obtained":[{"floor":1.0,"key":"LetterFromLob"},{"floor":6.0,"key":"Pocketwatch"},{"floor":9.0,"key":"REME_ArchaeologicalTools"},{"floor":19.0,"key":"White Beast Statue"},{"floor":24.0,"key":"HornCleat"},{"floor":26.0,"key":"Matryoshka"},{"floor":40,"key":"Strawberry"},{"floor":43,"key":"Pear"},{"floor":46,"key":"Bottled Tornado"},{"floor":48,"key":"Omamori"}],"event_choices":[{"damage_healed":0.0,"max_hp_gain":0.0,"max_hp_loss":0.0,"gold_gain":0.0,"event_name":"Match and Keep!","player_choice":"1 cards matched","floor":2.0,"gold_loss":0.0,"damage_taken":0.0,"cards_obtained":["Cloak And Dagger"]},{"damage_healed":0.0,"max_hp_gain":0.0,"max_hp_loss":0.0,"gold_gain":0.0,"event_name":"The Library","player_choice":"Read","floor":21.0,"gold_loss":0.0,"damage_taken":0.0,"cards_obtained":["Concentrate"]},{"cards_removed":["Strike_G"],"damage_healed":0.0,"max_hp_gain":0.0,"max_hp_loss":0.0,"gold_gain":0.0,"event_name":"Designer","player_choice":"Upgrade and Remove","floor":22.0,"gold_loss":90.0,"damage_taken":0.0,"cards_upgraded":["Defend_G"]},{"damage_healed":0.0,"max_hp_gain":0.0,"max_hp_loss":0.0,"gold_gain":0.0,"event_name":"SensoryStone","player_choice":"Memory 1","floor":37.0,"gold_loss":0.0,"damage_taken":0.0}],"is_beta":false,"boss_relics":[{"not_picked":["Runic Dome","REME_DuelDisc"],"picked":"Ring of the Serpent"},{"not_picked":["WristBlade","Calling Bell"],"picked":"Busted Crown"}],"items_purged_floors":[5,13,27,36],"is_endless":false,"potions_floor_spawned":[3,4,6,20,24,29,30,31,33,35,38,40,42,44,46,47,48,51,51,51,51,51],"ascension_level":12}}