{"host":"t7mx8yfj1no5p62f","time":1610082856,"event":{"mods":["BaseMod","Colored Map","Colored Powertips","Minty Spire (QoL Compilation)","Relic Stats","StSLib"],"gold_per_floor":[117,129,141,151,226,226,22,57,57,57,57,57],"floor_reached":11,"playtime":337,"items_purged":[],"score":146,"play_id":"4737d5f7-1644-4f87-96b2-4f62028f8d2a","local_time":"20210108001416","is_ascension_mode":true,"campfire_choices":[{"floor":6.0,"key":"REST"},{"data":"Streamline","floor":10,"key":"SMITH"}],"circlet_count":0,"master_deck":["AscendersBane","Strike_B","Strike_B","Strike_B","Strike_B","Defend_B","Defend_B","Defend_B","Defend_B","Zap","Dualcast","Reinforced Body","Rebound","Streamline+1","Self Repair","Rip and Tear","Reprogram"],"relics":["Runic Dome","Membership Card","Blood Vial","Ancient Tea Set"],"acts_visited":["Exordium"],"potions_floor_usage":[8,11],"damage_taken":[{"damage":12.0,"enemies":"Jaw Worm","floor":1.0,"turns":4.0},{"damage":1.0,"enemies":"Cultist","floor":2.0,"turns":5.0},{"damage":3.0,"enemies":"Small Slimes","floor":3.0,"turns":4.0},{"damage":8.0,"enemies":"Blue Slaver","floor":4.0,"turns":3.0},{"damage":27,"enemies":"3 Sentries","floor":8,"turns":11},{"damage":40,"enemies":"Gremlin Nob","floor":11,"turns":4}],"seed_played":"7644730140531617609","potions_obtained":[{"floor":3.0,"key":"Weak Potion"},{"floor":4.0,"key":"SkillPotion"},{"floor":8,"key":"EssenceOfSteel"}],"is_trial":false,"path_per_floor":["M","M","M","M","?","R","$","E","T","R","E"],"character_chosen":"DEFECT","items_purchased":["Membership Card","Rip and Tear"],"campfire_rested":1,"item_purchase_floors":[7,7],"current_hp_per_floor":[52,51,48,40,29,50,50,30,30,30,0,0],"gold":57,"neow_bonus":"BOSS_RELIC","is_daily":false,"chose_seed":false,"campfire_upgraded":1,"win_rate":0.0,"timestamp":1610082856,"path_taken":["M","M","M","M","?","R","$","E","T","R","E"],"items_purchased_type":["Relic","Card"],"build_version":"2020-12-22","purchased_purges":0,"victory":false,"max_hp_per_floor":[71,71,71,71,71,71,71,71,71,71,71,71],"relic_stats":{"Blood Vial":2,"counters":[6,31],"obtain_stats":[{"Blood Vial":8,"Runic Dome":0,"Membership Card":7,"Cracked Core":0,"Ancient Tea Set":9},{"Blood Vial":5,"Runic Dome":0,"Membership Card":4,"Cracked Core":0,"Ancient Tea Set":5},{"Blood Vial":27,"Runic Dome":0,"Membership Card":16,"Cracked Core":0,"Ancient Tea Set":27}]},"card_choices":[{"not_picked":["Hologram","Scrape"],"picked":"Reinforced Body","floor":1.0},{"not_picked":["Leap","Go for the Eyes"],"picked":"Rebound","floor":2.0},{"not_picked":["Leap","Gash"],"picked":"Streamline","floor":3.0},{"not_picked":["Turbo","Gash"],"picked":"Self Repair","floor":4.0},{"not_picked":["Storm","Streamline"],"picked":"Reprogram","floor":8}],"player_experience":1677167,"relics_obtained":[{"floor":8,"key":"Blood Vial"},{"floor":9,"key":"Ancient Tea Set"}],"event_choices":[{"damage_healed":0.0,"max_hp_gain":0.0,"max_hp_loss":0.0,"gold_gain":75.0,"event_name":"World of Goop","player_choice":"Gather Gold","floor":5.0,"gold_loss":0.0,"damage_taken":11.0}],"is_beta":false,"boss_relics":[],"items_purged_floors":[],"is_endless":false,"potions_floor_spawned":[3,4,8],"killed_by":"Gremlin Nob","ascension_level":20}}