{"host":"rv17l6ilftf4fv77","time":1610128643,"event":{"mods":["BaseMod","Minty Spire (QoL Compilation)"],"gold_per_floor":[112,37,112,112,124,157,157,169,218,244,256,271,283,317,317,418,418,433,433,444,444,462,462,472,208,208,225,242,269,269,41,41,142,142,160,175,525,541,541,541,541,556,635,635,10,23,37,37,37,37,37,37,37,71,71,71],"floor_reached":55,"playtime":2222,"items_purged":["Defend_P","Strike_P","Strike_P","Defend_P"],"score":851,"play_id":"dee52a46-6a22-449e-852b-dd7d9101feaa","local_time":"20210109015723","is_ascension_mode":true,"campfire_choices":[{"floor":7.0,"key":"RECALL"},{"floor":15.0,"key":"REST"},{"floor":23.0,"key":"REST"},{"data":"Adaptation","floor":30.0,"key":"SMITH"},{"floor":32.0,"key":"REST"},{"floor":40.0,"key":"REST"},{"floor":44.0,"key":"REST"},{"floor":49.0,"key":"REST"},{"floor":52.0,"key":"REST"}],"circlet_count":0,"master_deck":["Strike_P","Strike_P","Defend_P","Defend_P+1","Eruption+1","Vigilance","Evaluate","Conclude","Sanctity+1","Pray","Prostrate+1","Fasting2+1","LessonLearned+1","Adaptation+1","BowlingBash","ConjureBlade","InnerPeace","ForeignInfluence+1","Jack Of All Trades+1"],"relics":["PureWater","NeowsBlessing","Toy Ornithopter","Regal Pillow","PreservedInsect","Tiny Chest","Philosopher\u0027s Stone","Letter Opener","FossilizedHelix","Fusion Hammer","Old Coin","HornCleat","InkBottle","Chemical X","Damaru"],"acts_visited":[],"potions_floor_usage":[55,55,55],"damage_taken":[{"damage":0.0,"enemies":"Jaw Worm","floor":1.0,"turns":1.0},{"damage":0.0,"enemies":"Small Slimes","floor":5.0,"turns":1.0},{"damage":0.0,"enemies":"3 Sentries","floor":6.0,"turns":1.0},{"damage":1.0,"enemies":"Cultist","floor":8.0,"turns":3.0},{"damage":27.0,"enemies":"Lagavulin","floor":10.0,"turns":6.0},{"damage":1.0,"enemies":"2 Fungi Beasts","floor":11.0,"turns":3.0},{"damage":14.0,"enemies":"Looter","floor":12.0,"turns":4.0},{"damage":3.0,"enemies":"Blue Slaver","floor":13.0,"turns":3.0},{"damage":18.0,"enemies":"3 Sentries","floor":14.0,"turns":6.0},{"damage":20.0,"enemies":"Slime Boss","floor":16.0,"turns":8.0},{"damage":3.0,"enemies":"Chosen","floor":18.0,"turns":5.0},{"damage":18.0,"enemies":"Spheric Guardian","floor":20.0,"turns":6.0},{"damage":0.0,"enemies":"Shelled Parasite and Fungi","floor":21.0,"turns":1.0},{"damage":33.0,"enemies":"Sentry and Sphere","floor":22.0,"turns":6.0},{"damage":31.0,"enemies":"Snake Plant","floor":24.0,"turns":7.0},{"damage":8.0,"enemies":"Centurion and Healer","floor":27.0,"turns":3.0},{"damage":1.0,"enemies":"Chosen and Byrds","floor":28.0,"turns":4.0},{"damage":5.0,"enemies":"Gremlin Leader","floor":29.0,"turns":4.0},{"damage":31.0,"enemies":"Collector","floor":33.0,"turns":10.0},{"damage":20.0,"enemies":"3 Darklings","floor":35.0,"turns":5.0},{"damage":10.0,"enemies":"Orb Walker","floor":36.0,"turns":3.0},{"damage":0.0,"enemies":"Mind Bloom Boss Battle","floor":37.0,"turns":4.0},{"damage":0.0,"enemies":"Maw","floor":38.0,"turns":6.0},{"damage":0.0,"enemies":"Writhing Mass","floor":42.0,"turns":4.0},{"damage":28.0,"enemies":"4 Shapes","floor":46.0,"turns":4.0},{"damage":0.0,"enemies":"Jaw Worm Horde","floor":47.0,"turns":2.0},{"damage":35.0,"enemies":"Awakened One","floor":50.0,"turns":7.0},{"damage":35.0,"enemies":"Shield and Spear","floor":54.0,"turns":4.0},{"damage":106,"enemies":"The Heart","floor":55,"turns":6}],"seed_played":"-4900319727619938017","potions_obtained":[{"floor":8.0,"key":"Swift Potion"},{"floor":10.0,"key":"CultistPotion"},{"floor":13.0,"key":"Regen Potion"},{"floor":14.0,"key":"SpeedPotion"},{"floor":18.0,"key":"SmokeBomb"},{"floor":20.0,"key":"Energy Potion"},{"floor":22.0,"key":"Dexterity Potion"},{"floor":27.0,"key":"DistilledChaos"},{"floor":37.0,"key":"SkillPotion"},{"floor":38.0,"key":"Weak Potion"},{"floor":46.0,"key":"BottledMiracle"},{"floor":54.0,"key":"EntropicBrew"}],"is_trial":false,"path_per_floor":["M","$","?","?","M","E","R","M","T","E","M","M","M","E","R","B",null,"M","?","M","M","M","R","M","$","T","M","M","E","R","$","R","B",null,"M","M","?","M","?","R","T","M","T","R","$","M","M","?","R","B",null,"R","$","E","B"],"character_chosen":"WATCHER","items_purchased":["Adaptation","BowlingBash","DistilledChaos","FairyPotion","InkBottle","Chemical X","DistilledChaos"],"campfire_rested":7,"item_purchase_floors":[25,25,25,31,45,45,45],"current_hp_per_floor":[72,72,61,61,61,61,61,60,60,38,37,23,20,22,58,43,72,69,69,51,56,28,64,38,38,38,40,39,39,39,39,72,41,72,52,42,42,42,42,72,72,72,72,72,72,44,44,44,68,43,68,68,68,33,0,0],"gold":71,"neow_bonus":"THREE_ENEMY_KILL","is_daily":false,"chose_seed":false,"campfire_upgraded":1,"win_rate":0.0,"timestamp":1610128643,"path_taken":["M","$","?","?","?","E","R","M","T","E","M","M","M","E","R","BOSS","M","?","M","M","M","R","M","$","T","M","M","E","R","$","R","BOSS","M","M","?","M","?","R","?","?","T","R","$","M","M","?","R","BOSS","R","$","E","BOSS"],"items_purchased_type":["Card","Card","Potion","Potion","Relic","Relic","Potion"],"build_version":"2020-12-22","purchased_purges":4,"victory":false,"max_hp_per_floor":[72,72,72,72,72,72,72,72,72,72,72,72,72,72,72,72,72,72,72,72,72,72,72,72,72,72,72,72,72,72,72,72,72,72,72,72,72,72,72,72,72,72,72,72,72,72,72,68,68,68,68,68,68,68,68,68],"card_choices":[{"not_picked":["SashWhip","Worship","Consecrate"],"picked":"SKIP","floor":1.0},{"not_picked":["PathToVictory","Meditate"],"picked":"Evaluate","floor":5.0},{"not_picked":["ClearTheMind","Vengeance"],"picked":"Conclude","floor":6.0},{"not_picked":["PathToVictory","DeceiveReality","CutThroughFate"],"picked":"SKIP","floor":8.0},{"not_picked":["WaveOfTheHand","ForeignInfluence"],"picked":"Sanctity","floor":10.0},{"not_picked":["EmptyFist","FlyingSleeves"],"picked":"Pray","floor":11.0},{"not_picked":["EmptyFist","FollowUp","Meditate"],"picked":"SKIP","floor":12.0},{"not_picked":["ForeignInfluence","Worship"],"picked":"Prostrate","floor":13.0},{"not_picked":["DeusExMachina","CrushJoints"],"picked":"Fasting2","floor":14.0},{"not_picked":["DevaForm","Judgement"],"picked":"LessonLearned","floor":16.0},{"not_picked":["Wallop+1","EmptyMind","Wireheading"],"picked":"SKIP","floor":18.0},{"not_picked":["EmptyBody","Prostrate","Halt"],"picked":"SKIP","floor":20.0},{"not_picked":["CrushJoints","Swivel","Consecrate"],"picked":"SKIP","floor":22.0},{"not_picked":["FlyingSleeves+1","JustLucky+1","Fasting2+1"],"picked":"SKIP","floor":24.0},{"not_picked":["Halt+1","Wireheading","Devotion"],"picked":"SKIP","floor":27.0},{"not_picked":["BowlingBash","EmptyMind","CrushJoints+1"],"picked":"SKIP","floor":28.0},{"not_picked":["BowlingBash","Evaluate","Consecrate"],"picked":"SKIP","floor":29.0},{"not_picked":["Blasphemy","Judgement"],"picked":"ConjureBlade","floor":33.0},{"not_picked":["WindmillStrike+1","CutThroughFate"],"picked":"InnerPeace","floor":35.0},{"not_picked":["EmptyBody","Protect"],"picked":"ForeignInfluence+1","floor":36.0},{"not_picked":["Evaluate+1","BowlingBash","FlyingSleeves+1"],"picked":"SKIP","floor":38.0},{"not_picked":["Mayhem","Thinking Ahead"],"picked":"Jack Of All Trades","floor":39.0},{"not_picked":["Conclude","JustLucky+1","Nirvana"],"picked":"SKIP","floor":42.0},{"not_picked":["FearNoEvil","Study+1","ForeignInfluence+1"],"picked":"SKIP","floor":46.0},{"not_picked":["Vengeance+1","Weave","WaveOfTheHand"],"picked":"SKIP","floor":47.0},{"not_picked":["Swivel","ClearTheMind+1","WindmillStrike+1"],"picked":"SKIP","floor":54.0}],"player_experience":193577,"relics_obtained":[{"floor":6.0,"key":"Toy Ornithopter"},{"floor":9.0,"key":"Regal Pillow"},{"floor":10.0,"key":"PreservedInsect"},{"floor":14.0,"key":"Tiny Chest"},{"floor":26.0,"key":"Letter Opener"},{"floor":29.0,"key":"FossilizedHelix"},{"floor":37.0,"key":"Old Coin"},{"floor":41.0,"key":"HornCleat"},{"floor":54.0,"key":"Damaru"}],"event_choices":[{"damage_healed":0.0,"max_hp_gain":0.0,"max_hp_loss":0.0,"gold_gain":75.0,"event_name":"World of Goop","player_choice":"Gather Gold","floor":3.0,"gold_loss":0.0,"damage_taken":11.0},{"damage_healed":0.0,"max_hp_gain":0.0,"max_hp_loss":0.0,"gold_gain":0.0,"event_name":"Accursed Blacksmith","player_choice":"Forge","floor":4.0,"gold_loss":0.0,"damage_taken":0.0,"cards_upgraded":["Eruption"]},{"damage_healed":0.0,"max_hp_gain":0.0,"max_hp_loss":0.0,"gold_gain":0.0,"event_name":"Vampires","player_choice":"Ignored","floor":19.0,"gold_loss":0.0,"damage_taken":0.0},{"damage_healed":0.0,"max_hp_gain":0.0,"max_hp_loss":0.0,"gold_gain":0.0,"event_name":"MindBloom","player_choice":"Fight","floor":37.0,"gold_loss":0.0,"damage_taken":0.0},{"damage_healed":0.0,"max_hp_gain":0.0,"max_hp_loss":0.0,"gold_gain":0.0,"event_name":"SensoryStone","player_choice":"Memory 1","floor":39.0,"gold_loss":0.0,"damage_taken":0.0},{"damage_healed":0.0,"max_hp_gain":0.0,"max_hp_loss":4.0,"gold_gain":0.0,"event_name":"Winding Halls","player_choice":"Max HP","floor":48.0,"gold_loss":0.0,"damage_taken":0.0}],"is_beta":false,"boss_relics":[{"not_picked":["Snecko Eye","Calling Bell"],"picked":"Philosopher\u0027s Stone"},{"not_picked":["SacredBark","Cursed Key"],"picked":"Fusion Hammer"}],"items_purged_floors":[2,25,31,45],"is_endless":false,"potions_floor_spawned":[8,10,13,14,18,20,22,27,37,38,46,54],"killed_by":"The Heart","ascension_level":4}}