{"host":"amk01rs45492rldv","time":1610119270,"event":{"mods":["Act Like it!","Arknights The Spire","BaseMod","Gensokyo","GifTheSpireLib","KinomotoSakuraMod(ƒæ÷Æ±æ”£)","Marisa£®ÏF”Í°°ƒß¿Ì…≥£©","Minty Spire (QoL Compilation)","Quick Restart","Reimu£®≤©¿ˆ¡È√Œ£©","Remilia£®¿Ÿ√◊¿Ú—«£©","Replay The Spire","StSLib","The Administrix","The Servant 0.9.4","vexMod"],"gold_per_floor":[110,120,133,208,208,239,239,254,326,326,339,358,371,358,358,460,460,478,478,27,27,27,27,39,65,65,78,78,104,68,84,84,84,84],"floor_reached":33,"playtime":1884,"items_purged":["Lust_TH"],"score":291,"play_id":"a56be16d-cbda-4d0d-8500-f414ccb50d02","local_time":"20210108232110","is_ascension_mode":false,"campfire_choices":[{"data":"ats:Calcification","floor":7,"key":"SMITH"},{"floor":15,"key":"REST"},{"data":"ats:Emotion Absorption","floor":23,"key":"SMITH"},{"floor":32,"key":"REST"}],"circlet_count":0,"master_deck":["ats:Strike C","ats:Strike G","ats:Strike S","ats:Strike V+1","ats:Armor Crushing Shot","ats:Defend+1","ats:Defend+1","ats:Defend+1","ats:Defend","ats:Emotion Absorption+1","ats:Song Of Battle","ats:Shell Defense","ats:Hammer On","ats:Calcification+1","ats:Demon Strength","ats:Composite Medical Shells","ats:Charging Defense","ats:Red Shift","ats:Ambush+1","ats:Wolf Pack+1","ats:Rapid Magazine","ats:Defend Order","ats:Support Order","ats:Flexible Camouflage","ats:Defend Order","ats:Flexible Camouflage","ats:Closed Bolt Burst Fire","ats:Explosion Area Strengthen","ats:Explosion Area Strengthen","ats:Powerful Strike"],"relics":["ats:Sanity","NeowsBlessing","Dead Branch","ats:Originium","Gremlin Food","Quantum Egg","Honey Jar","Replay:Towering Pillar of Hats","Snack Pack","Strawberry","War Paint"],"acts_visited":["Exordium","TheCity"],"potions_floor_usage":[6,8,14,22,29,29],"damage_taken":[{"damage":0,"enemies":"Cultist","floor":1,"turns":1},{"damage":0,"enemies":"Small Slimes","floor":2,"turns":1},{"damage":0,"enemies":"2 Louse","floor":3,"turns":1},{"damage":73,"enemies":"3 Sentries","floor":6,"turns":11},{"damage":16,"enemies":"Exordium Thugs","floor":8,"turns":8},{"damage":8,"enemies":"3 Louse","floor":11,"turns":5},{"damage":11,"enemies":"Exordium Wildlife","floor":12,"turns":7},{"damage":19,"enemies":"Lots of Slimes","floor":13,"turns":11},{"damage":4,"enemies":"Exordium Thugs","floor":14,"turns":5},{"damage":22,"enemies":"Slime Boss","floor":16,"turns":12},{"damage":5,"enemies":"Chosen","floor":18,"turns":8},{"damage":8,"enemies":"2 Thieves","floor":22,"turns":5},{"damage":32,"enemies":"Cultist and Chosen","floor":24,"turns":10},{"damage":29,"enemies":"Book of Stabbing","floor":25,"turns":6},{"damage":8,"enemies":"Snecko","floor":27,"turns":9},{"damage":12,"enemies":"Slavers","floor":29,"turns":8},{"damage":24,"enemies":"Snake Plant","floor":31,"turns":5},{"damage":72,"enemies":"Champ","floor":33,"turns":14}],"seed_played":"-5163592452211855446","potions_obtained":[{"floor":1,"key":"PowerPotion"},{"floor":3,"key":"Reflective Coating"},{"floor":13,"key":"BlessingOfTheForge"},{"floor":16,"key":"BlessingOfTheForge"},{"floor":22,"key":"Swift Potion"},{"floor":25,"key":"Fire Potion"}],"is_trial":false,"path_per_floor":["M","M","M","?","?","E","R","M","T","?","M","M","M","M","R","B",null,"M","?","$","?","M","R","M","E","T","M","$","E","$","M","R","B"],"character_chosen":"DOCTOR_CLASS","items_purchased":["ats:Defend Order","Replay:Towering Pillar of Hats","ats:Explosion Area Strengthen"],"campfire_rested":2,"item_purchase_floors":[20,20,30],"current_hp_per_floor":[72,72,72,61,58,52,52,49,49,49,47,42,38,37,58,46,72,72,72,72,72,67,67,50,29,36,45,45,40,40,18,41,0,0],"gold":84,"neow_bonus":"THREE_ENEMY_KILL","is_daily":false,"chose_seed":false,"campfire_upgraded":2,"win_rate":0.0,"timestamp":1610119270,"path_taken":["M","M","?","?","?","E","R","M","T","?","M","M","?","M","R","BOSS","M","?","$","?","M","R","M","E","T","M","$","E","?","M","R","BOSS"],"items_purchased_type":["Card","Relic","Card"],"build_version":"2020-12-22","purchased_purges":1,"victory":false,"max_hp_per_floor":[72,72,72,72,72,72,72,72,72,72,72,72,72,72,72,72,72,72,72,72,72,72,72,72,72,79,79,79,79,79,79,79,79,79],"card_choices":[{"not_picked":["ats:Cat Scratch","ats:Consecutive Shot Auto"],"picked":"ats:Song Of Battle","floor":1},{"not_picked":["ats:Guardian Obelisk","ats:Childhood Dance"],"picked":"ats:Shell Defense","floor":2},{"not_picked":["ats:Steam Pump","ats:Poison Spread"],"picked":"ats:Hammer On","floor":3},{"not_picked":["ats:Flexible Camouflage","ats:Cat Scratch"],"picked":"ats:Calcification","floor":6},{"not_picked":["ats:Shell Defense","ats:Assault Order"],"picked":"ats:Demon Strength","floor":8},{"not_picked":["ats:Powerful Strike","ats:Cat Scratch"],"picked":"ats:Composite Medical Shells","floor":11},{"not_picked":["ats:Childhood Dance","ats:Flexible Camouflage"],"picked":"ats:Charging Defense","floor":12},{"not_picked":["ats:Blood Oath","ats:Charging Defense"],"picked":"ats:Red Shift","floor":13},{"not_picked":["ats:Poison Spread","ats:Spore Proliferation"],"picked":"ats:Ambush","floor":14},{"not_picked":["ats:Ambush","ats:Nebulous Foxfire"],"picked":"ats:Wolf Pack","floor":16},{"not_picked":["ats:Ignite+1","ats:Healing Strengthening+1","ats:Explosion Area Strengthen"],"picked":"ats:Rapid Magazine","floor":18},{"not_picked":["ats:Flame Of Heaven","ats:Healing Drone+1","ats:Cat Scratch"],"picked":"ats:Support Order","floor":22},{"not_picked":["ats:Poison Spread+1","ats:Apocalypse+1","ats:Composite Medical Shells"],"picked":"ats:Flexible Camouflage","floor":24},{"not_picked":["ats:Explosion Area Strengthen+1","ats:Cat Scratch","ats:Powerful Strike"],"picked":"ats:Defend Order","floor":25},{"not_picked":["ats:Charging Defense","ats:Rapid Magazine+1","ats:Curse Doll"],"picked":"ats:Flexible Camouflage","floor":27},{"not_picked":["ats:Curse Doll+1","ats:Poison Spread","ats:Wolf Pack"],"picked":"ats:Closed Bolt Burst Fire","floor":29},{"not_picked":["ats:Shell Defense+1","ats:Steam Pump","ats:Flexible Camouflage"],"picked":"ats:Powerful Strike","floor":31}],"player_experience":933138,"relics_obtained":[{"floor":6,"key":"ats:Originium"},{"floor":6,"key":"Gremlin Food"},{"floor":9,"key":"Quantum Egg"},{"floor":25,"key":"ats:Originium"},{"floor":25,"key":"Snack Pack"},{"floor":26,"key":"Strawberry"},{"floor":29,"key":"ats:Originium"},{"floor":29,"key":"War Paint"}],"event_choices":[{"damage_healed":0,"gold_gain":75,"player_choice":"Gather Gold","damage_taken":11,"max_hp_gain":0,"max_hp_loss":0,"event_name":"World of Goop","floor":4,"gold_loss":0},{"damage_healed":0,"gold_gain":0,"player_choice":"Success","damage_taken":3,"relics_obtained":["Dead Branch"],"max_hp_gain":0,"max_hp_loss":0,"event_name":"Scrap Ooze","floor":5,"gold_loss":0},{"damage_healed":0,"gold_gain":0,"player_choice":"Ignored","damage_taken":0,"max_hp_gain":0,"max_hp_loss":0,"event_name":"NoteForYourself","floor":10,"gold_loss":0}],"is_beta":false,"boss_relics":[{"not_picked":["Replay:Ancient Bell","Black Star"],"picked":"Honey Jar"}],"items_purged_floors":[20],"is_endless":false,"potions_floor_spawned":[1,3,13,16,22,25],"killed_by":"Champ","ascension_level":0}}