{"host":"eydwxg59205c3vtl","time":1610125915,"event":{"mods":["2.2 Compatiblity","BaseMod","Colored Map","Colored Powertips","Hubris","Minty Spire (QoL Compilation)","StSLib","The Jungle","The Necromancer"],"gold_per_floor":[110,110,110,121,121,121,156,174,174,189,208,242,282,323,335,420,432,463,475,505,517,548,560,607,619,657,700,728,759,19,45,45,45,45],"floor_reached":33,"playtime":874,"items_purged":["Writhe"],"score":660,"play_id":"2cb4f589-d9b7-4063-b11f-afb0d0ec6928","local_time":"20210108121155","is_ascension_mode":true,"campfire_choices":[{"data":"Cleave","floor":6.0,"key":"SMITH"},{"data":"Armaments","floor":15,"key":"SMITH"},{"data":"Uppercut","floor":23,"key":"SMITH"},{"floor":25,"key":"REST"},{"floor":32,"key":"REST"}],"circlet_count":0,"master_deck":["AscendersBane","Strike_R","Strike_R","Strike_R","Strike_R","Defend_R","Defend_R","Defend_R","Defend_R","Bash","Twin Strike","Cleave+1","Armaments+1","Uppercut+1","Cleave","Pummel","Seeing Red","Spot Weakness","Double Tap+1","Sword Boomerang","Iron Wave","Heavy Blade","Disarm","Twin Strike","Metallicize","Limit Break","Headbutt","Rage"],"relics":["Burning Blood","NeowsBlessing","hubris:Icosahedron","Calipers","Boot","hubris:BottledRain","MawBank","Odd Mushroom","Mercury Hourglass","hubris:Stopwatch","Gremlin Horn","MealTicket","Oddly Smooth Stone","Pocketwatch","Juzu Bracelet","StoneCalendar","Red Mask"],"acts_visited":["Exordium","TheCity"],"potions_floor_usage":[13,24,27,28,29,33],"damage_taken":[{"damage":0.0,"enemies":"Cultist","floor":1.0,"turns":1.0},{"damage":0.0,"enemies":"2 Louse","floor":4.0,"turns":1.0},{"damage":0.0,"enemies":"Gremlin Nob","floor":7.0,"turns":1.0},{"damage":0.0,"enemies":"Jaw Worm","floor":8.0,"turns":1.0},{"damage":9.0,"enemies":"Gremlin Gang","floor":10.0,"turns":3.0},{"damage":2.0,"enemies":"Looter","floor":11.0,"turns":3.0},{"damage":5,"enemies":"3 Sentries","floor":12,"turns":3},{"damage":11,"enemies":"The Mushroom Lair","floor":13,"turns":3},{"damage":6,"enemies":"Gremlin Nob","floor":14,"turns":3},{"damage":30,"enemies":"The Guardian","floor":16,"turns":7},{"damage":1,"enemies":"2 Thieves","floor":18,"turns":3},{"damage":20,"enemies":"Spheric Guardian","floor":20,"turns":4},{"damage":19,"enemies":"Snake Plant","floor":22,"turns":3},{"damage":15,"enemies":"Book of Stabbing","floor":24,"turns":4},{"damage":31,"enemies":"Slavers","floor":27,"turns":3},{"damage":11,"enemies":"Chosen and Byrds","floor":28,"turns":4},{"damage":11,"enemies":"Centurion and Healer","floor":29,"turns":3},{"damage":6,"enemies":"Masked Bandits","floor":31,"turns":2},{"damage":72,"enemies":"Champ","floor":33,"turns":7}],"seed_played":"-7882929570189213351","potions_obtained":[{"floor":4.0,"key":"SteroidPotion"},{"floor":7.0,"key":"Energy Potion"},{"floor":10.0,"key":"Strength Potion"},{"floor":12,"key":"DuplicationPotion"},{"floor":16,"key":"Dexterity Potion"},{"floor":27,"key":"Weak Potion"},{"floor":28,"key":"DistilledChaos"},{"floor":31,"key":"EssenceOfSteel"}],"is_trial":false,"path_per_floor":["M","?","?","M","?","R","E","M","T","M","M","E","?","E","R","B",null,"M","?","M","?","M","R","E","R","T","E","M","M","$","?","R","B"],"character_chosen":"IRONCLAD","items_purchased":["Juzu Bracelet","StoneCalendar","Limit Break","Headbutt"],"campfire_rested":2,"item_purchase_floors":[30,30,30,30],"current_hp_per_floor":[74,67,67,73,73,73,75,75,75,72,75,75,70,70,70,46,68,73,73,59,59,46,46,37,59,59,34,29,24,39,39,61,0,0],"gold":45,"neow_bonus":"THREE_ENEMY_KILL","is_daily":false,"chose_seed":false,"campfire_upgraded":3,"win_rate":0.0,"timestamp":1610125915,"path_taken":["M","?","?","M","?","R","E","M","T","M","?","E","?","E","R","BOSS","M","?","M","?","M","R","E","R","T","E","?","M","$","?","R","BOSS"],"items_purchased_type":["Relic","Relic","Card","Card"],"build_version":"2020-12-22","purchased_purges":1,"victory":false,"max_hp_per_floor":[75,75,75,75,75,75,75,75,75,75,75,75,75,75,75,75,75,75,75,75,75,75,75,75,75,75,75,75,75,75,75,75,75,75],"card_choices":[{"not_picked":["Thunderclap","Shockwave"],"picked":"Twin Strike","floor":1.0},{"not_picked":["Pummel","Rampage"],"picked":"Cleave","floor":4.0},{"not_picked":["Thunderclap","Flex"],"picked":"Armaments","floor":7.0},{"not_picked":["Thunderclap","Anger"],"picked":"Uppercut","floor":8.0},{"not_picked":["Burning Pact","Battle Trance"],"picked":"Cleave","floor":10.0},{"not_picked":["Armaments","Cleave"],"picked":"Pummel","floor":11.0},{"not_picked":["Dual Wield","Body Slam","hubris:CleavingFinish"],"picked":"SKIP","floor":12},{"not_picked":["Power Through","Immolate"],"picked":"Seeing Red","floor":13},{"not_picked":["True Grit","hubris:SharpeningStone"],"picked":"Spot Weakness","floor":14},{"not_picked":["hubris:StunningStrike","Feed"],"picked":"Double Tap","floor":16},{"not_picked":["Clash","Rupture"],"picked":"Sword Boomerang","floor":18},{"not_picked":["Pommel Strike","True Grit"],"picked":"Iron Wave","floor":20},{"not_picked":["Clash","Thunderclap"],"picked":"Heavy Blade","floor":22},{"not_picked":["Heavy Blade","Clothesline"],"picked":"Disarm","floor":24},{"not_picked":["Body Slam","Perfected Strike"],"picked":"Twin Strike","floor":27},{"not_picked":["Flex","Clash"],"picked":"Metallicize","floor":28},{"not_picked":["Cleave","Flex","Thunderclap"],"picked":"SKIP","floor":29},{"not_picked":["Sword Boomerang","Carnage"],"picked":"Rage","floor":31}],"player_experience":606748,"relics_obtained":[{"floor":7.0,"key":"Boot"},{"floor":9.0,"key":"hubris:BottledRain"},{"floor":12,"key":"MawBank"},{"floor":13,"key":"Odd Mushroom"},{"floor":14,"key":"Mercury Hourglass"},{"floor":24,"key":"MealTicket"},{"floor":26,"key":"Oddly Smooth Stone"},{"floor":27,"key":"Pocketwatch"},{"floor":31,"key":"Red Mask"}],"event_choices":[{"cards_removed":["Strike_R"],"damage_healed":0.0,"max_hp_gain":0.0,"max_hp_loss":0.0,"gold_gain":0.0,"event_name":"Golden Wing","player_choice":"Card Removal","floor":2.0,"gold_loss":0.0,"damage_taken":7.0},{"damage_healed":0.0,"max_hp_gain":0.0,"max_hp_loss":0.0,"gold_gain":0.0,"event_name":"WeMeetAgain","player_choice":"Gave Potion","floor":5.0,"gold_loss":0.0,"damage_taken":0.0,"relics_obtained":["Calipers"]},{"damage_healed":0,"gold_gain":0,"player_choice":"Fought Mushrooms","damage_taken":0,"max_hp_gain":0,"max_hp_loss":0,"event_name":"Mushrooms","floor":13,"gold_loss":0},{"damage_healed":0,"gold_gain":0,"player_choice":"Opened","damage_taken":0,"relics_obtained":["Gremlin Horn"],"max_hp_gain":0,"max_hp_loss":0,"event_name":"The Mausoleum","floor":19,"gold_loss":0,"cards_obtained":["Writhe"]},{"damage_healed":0,"gold_gain":0,"player_choice":"Upgraded","damage_taken":0,"max_hp_gain":0,"max_hp_loss":0,"event_name":"Upgrade Shrine","floor":21,"gold_loss":0,"cards_upgraded":["Double Tap"]},{"damage_healed":0,"gold_gain":0,"player_choice":"Fought Bandits","damage_taken":0,"max_hp_gain":0,"max_hp_loss":0,"event_name":"Masked Bandits","floor":31,"gold_loss":0}],"is_beta":false,"boss_relics":[{"not_picked":["Philosopher\u0027s Stone","Coffee Dripper"],"picked":"hubris:Stopwatch"}],"items_purged_floors":[30],"is_endless":false,"potions_floor_spawned":[4,7,10,12,16,20,27,28,31],"killed_by":"Champ","ascension_level":20}}