{"host":"hxex1q8lhnh7wpd4","time":1610125571,"event":{"mods":["BaseMod","CapriCore","Hermit","Koishi","Lobotomy","Minty Spire (QoL Compilation)","Replay The Spire","StSLib","The Bug Knight","The Cursed","The Dragon Tamer","The Gatherer","The Hierophant","The Immortal","The Poker Player","The Runesmith"],"gold_per_floor":[115,40,40,55,55,55,87,87,87,87,100,120,134,147,147,245,245,255,255,272,371,371,371,389,421,421,440,440,475,375,393,393,393,393,393],"floor_reached":33,"playtime":2713,"items_purged":["Looming Evil","Regret"],"score":379,"play_id":"e3a24073-867b-436b-8bf9-ccd16ec0e0b6","local_time":"20210109020611","is_ascension_mode":true,"metric_token":1053,"campfire_choices":[{"data":"Metamorphosis","floor":6.0,"key":"SMITH"},{"floor":15.0,"key":"REST"},{"data":"Gatherer:FlowerShield","floor":23.0,"key":"SMITH"},{"floor":28.0,"key":"REST"},{"floor":32,"key":"REST"}],"circlet_count":0,"master_deck":["Gatherer:Strike_Gatherer","Gatherer:Strike_Gatherer","Gatherer:Strike_Gatherer","Gatherer:Strike_Gatherer","Gatherer:Strike_Gatherer","Gatherer:Defend_Gatherer","Gatherer:Defend_Gatherer","Gatherer:Defend_Gatherer","Gatherer:Defend_Gatherer","Gatherer:FlowerWhip","Metamorphosis+1","Gatherer:FlowerShield+1","Gatherer:Uplift","Gatherer:DrugPower","Gatherer:GlowingPlant","Gatherer:Shadow","Gatherer:Light","Gatherer:GlowingPlant","Gatherer:Shadow","Gatherer:Light","Gatherer:BlackTea","Necronomicurse"],"relics":["Gatherer:AlchemyBag","Bird Faced Urn","Chameleon Ring","Singing Bowl","NlothsMask","Busted Crown","Necronomicon","Omamori","Boot"],"acts_visited":["Exordium","TheCity"],"potions_floor_usage":[31,33],"damage_taken":[{"damage":10.0,"enemies":"Small Slimes","floor":1.0,"turns":5.0},{"damage":0.0,"enemies":"Cultist","floor":4.0,"turns":3.0},{"damage":23.0,"enemies":"3 Sentries","floor":7.0,"turns":4.0},{"damage":11.0,"enemies":"2 Louse","floor":11.0,"turns":3.0},{"damage":12.0,"enemies":"Exordium Thugs","floor":12.0,"turns":5.0},{"damage":0.0,"enemies":"Blue Slaver","floor":13.0,"turns":2.0},{"damage":10.0,"enemies":"Looter","floor":14.0,"turns":3.0},{"damage":1.0,"enemies":"Slime Boss","floor":16.0,"turns":4.0},{"damage":20.0,"enemies":"Spheric Guardian","floor":18.0,"turns":4.0},{"damage":10.0,"enemies":"3 Byrds","floor":20.0,"turns":3.0},{"damage":2.0,"enemies":"Cultist and Chosen","floor":24.0,"turns":4.0},{"damage":11.0,"enemies":"HollowMod:Nosk","floor":25.0,"turns":4.0},{"damage":7.0,"enemies":"Snecko","floor":27.0,"turns":3.0},{"damage":14.0,"enemies":"Replay:Snechameleon","floor":29.0,"turns":5.0},{"damage":18,"enemies":"Snake Plant","floor":31,"turns":3},{"damage":71,"enemies":"Collector","floor":33,"turns":6}],"seed_played":"-323257760110416764","potions_obtained":[{"floor":1.0,"key":"ColorlessPotion"},{"floor":11.0,"key":"Fire Potion"},{"floor":13.0,"key":"DuplicationPotion"},{"floor":18.0,"key":"SneckoOil"},{"floor":20.0,"key":"SteroidPotion"},{"floor":31,"key":"EssenceOfSteel"}],"is_trial":false,"path_per_floor":["M","$","?","M","?","R","E","$","T","?","M","M","M","M","R","B",null,"M","?","M","?","?","R","M","E","T","M","R","E","$","M","R","B"],"character_chosen":"THE_GATHERER","items_purchased":[],"campfire_rested":3,"item_purchase_floors":[],"current_hp_per_floor":[62,62,62,62,62,62,39,39,39,39,30,22,22,12,34,37,74,58,58,52,52,36,36,38,31,31,26,51,41,41,25,51,0,0,0],"gold":393,"neow_bonus":"RANDOM_COLORLESS_2","is_daily":false,"chose_seed":false,"campfire_upgraded":2,"win_rate":0.0,"timestamp":1610125571,"path_taken":["M","$","?","?","?","R","E","$","T","?","M","M","M","M","R","BOSS","M","?","M","?","?","R","M","E","T","?","R","E","$","M","R","BOSS"],"items_purchased_type":[],"build_version":"2020-12-22","purchased_purges":2,"victory":false,"max_hp_per_floor":[72,72,72,72,72,72,72,72,72,72,72,74,74,74,74,74,74,76,76,78,78,78,78,80,82,82,84,84,86,86,88,88,88,88,88],"card_choices":[{"not_picked":["Crow Ritual","Violence"],"picked":"Metamorphosis","floor":0.0},{"not_picked":["Gatherer:TacticalStrike","Gatherer:Frenzy"],"picked":"Gatherer:FlowerShield","floor":1.0},{"not_picked":["Gatherer:FragileHammer","Gatherer:PotentialSlash","Gatherer:Polymorphism"],"picked":"SKIP","floor":4.0},{"not_picked":["Gatherer:CarefulStrike","Gatherer:PotentialSlash"],"picked":"Gatherer:Uplift","floor":7.0},{"not_picked":["Gatherer:CollectorsShot","Gatherer:BambuSword"],"picked":"Gatherer:DrugPower","floor":11.0},{"not_picked":["Gatherer:FeelingFine","Gatherer:Enchant","Gatherer:SealedBomb"],"picked":"Singing Bowl","floor":12.0},{"not_picked":["Gatherer:BalancedGrowth","Gatherer:RecipeChange"],"picked":"Gatherer:GlowingPlant","floor":13.0},{"not_picked":["Gatherer:FeelingFine","Gatherer:DrugPower"],"picked":"Gatherer:GlowingPlant","floor":14.0},{"not_picked":["Gatherer:CursedBlade","Gatherer:ScrollOfPurity"],"picked":"Gatherer:BlackTea","floor":16.0},{"not_picked":["Gatherer:FeelingFine"],"picked":"Singing Bowl","floor":18.0},{"not_picked":["Gatherer:SaveValuables"],"picked":"Singing Bowl","floor":20.0},{"not_picked":["Gatherer:Transmute+1"],"picked":"Singing Bowl","floor":24.0},{"not_picked":["Gatherer:GatherMaterial"],"picked":"Singing Bowl","floor":25.0},{"not_picked":["Gatherer:Solidify+1"],"picked":"Singing Bowl","floor":27.0},{"not_picked":["Gatherer:FragileHammer"],"picked":"Singing Bowl","floor":29.0},{"not_picked":["Gatherer:OddSpoils"],"picked":"Singing Bowl","floor":31}],"player_experience":196588,"relics_obtained":[{"floor":7.0,"key":"Chameleon Ring"},{"floor":9.0,"key":"Singing Bowl"},{"floor":22.0,"key":"Necronomicon"},{"floor":25.0,"key":"Omamori"},{"floor":29.0,"key":"Boot"}],"event_choices":[{"cards_removed":["Gatherer:Centralize"],"damage_healed":0.0,"max_hp_gain":0.0,"max_hp_loss":0.0,"gold_gain":0.0,"event_name":"Bonfire Elementals","player_choice":"Offered Basic","floor":3.0,"gold_loss":0.0,"damage_taken":0.0},{"damage_healed":0.0,"max_hp_gain":0.0,"max_hp_loss":0.0,"gold_gain":0.0,"event_name":"Big Fish","player_choice":"Box","floor":5.0,"gold_loss":0.0,"damage_taken":0.0,"relics_obtained":["Bird Faced Urn"],"cards_obtained":["Regret"]},{"damage_healed":0.0,"max_hp_gain":0.0,"max_hp_loss":0.0,"gold_gain":0.0,"event_name":"FaceTrader","player_choice":"Trade","floor":10.0,"gold_loss":0.0,"damage_taken":0.0,"relics_obtained":["NlothsMask"]},{"cards_removed":["Gatherer:Defend_Gatherer"],"damage_healed":0.0,"max_hp_gain":0.0,"max_hp_loss":0.0,"gold_gain":0.0,"event_name":"Back to Basics","player_choice":"Elegance","floor":19.0,"gold_loss":0.0,"damage_taken":0.0},{"damage_healed":0.0,"max_hp_gain":0.0,"max_hp_loss":0.0,"gold_gain":99.0,"event_name":"Nest","player_choice":"Stole From Cult","floor":21.0,"gold_loss":0.0,"damage_taken":0.0},{"damage_healed":0.0,"max_hp_gain":0.0,"max_hp_loss":0.0,"gold_gain":0.0,"event_name":"Cursed Tome","player_choice":"Obtained Book","floor":22.0,"gold_loss":0.0,"damage_taken":16.0}],"is_beta":false,"boss_relics":[{"not_picked":["Cursed Key","Honey Jar"],"picked":"Busted Crown"}],"items_purged_floors":[2,30],"is_endless":false,"potions_floor_spawned":[1,11,13,14,18,20,31],"killed_by":"Collector","ascension_level":1}}