{"host":"c97twqu0op5dg8i4","time":1610077537,"event":{"mods":["BaseMod","Minty Spire (QoL Compilation)"],"gold_per_floor":[116,116,137,161,182,182,217,217,243,274,295,295,316,341,341,461,461,475,520,533,533,203,203,259,259,259,35,71,89,110,131,131,131,131],"floor_reached":33,"playtime":1311,"items_purged":["Strike_P"],"score":346,"play_id":"a045f8e8-5978-44cb-b141-56503dcfbe33","local_time":"20210107224537","is_ascension_mode":true,"campfire_choices":[{"data":"Wallop","floor":6,"key":"SMITH"},{"data":"Eruption","floor":8,"key":"SMITH"},{"floor":12,"key":"REST"},{"data":"Dramatic Entrance","floor":15,"key":"SMITH"},{"data":"TalkToTheHand","floor":23,"key":"SMITH"},{"data":"Wallop","floor":25,"key":"SMITH"},{"floor":32,"key":"REST"}],"circlet_count":0,"master_deck":["Strike_P","Strike_P","Strike_P","Defend_P+1","Defend_P","Defend_P","Defend_P","Eruption+1","Vigilance","Dramatic Entrance+1","Wallop+1","CutThroughFate","ThirdEye+1","EmptyFist","EmptyBody","CutThroughFate","TalkToTheHand+1","Consecrate","Consecrate","Wish","EmptyFist+1","Wallop+1"],"relics":["PureWater","Golden Idol","Centennial Puzzle","Orichalcum","Ancient Tea Set","Busted Crown","Bottled Flame","War Paint","Torii","Pen Nib","StrikeDummy"],"acts_visited":["Exordium","TheCity"],"potions_floor_usage":[18,28,31,33,33],"damage_taken":[{"damage":0,"enemies":"2 Louse","floor":1,"turns":2},{"damage":0,"enemies":"Small Slimes","floor":3,"turns":3},{"damage":0,"enemies":"Jaw Worm","floor":4,"turns":4},{"damage":12,"enemies":"Exordium Thugs","floor":5,"turns":4},{"damage":5,"enemies":"Lagavulin","floor":7,"turns":5},{"damage":5,"enemies":"3 Sentries","floor":10,"turns":8},{"damage":3,"enemies":"Gremlin Gang","floor":11,"turns":2},{"damage":0,"enemies":"3 Louse","floor":13,"turns":1},{"damage":0,"enemies":"Exordium Wildlife","floor":14,"turns":2},{"damage":11,"enemies":"Slime Boss","floor":16,"turns":4},{"damage":10,"enemies":"2 Thieves","floor":18,"turns":4},{"damage":6,"enemies":"Spheric Guardian","floor":19,"turns":3},{"damage":0,"enemies":"Snecko","floor":20,"turns":3},{"damage":21,"enemies":"Slavers","floor":24,"turns":3},{"damage":42,"enemies":"Book of Stabbing","floor":28,"turns":2},{"damage":1,"enemies":"Centurion and Healer","floor":29,"turns":6},{"damage":0,"enemies":"Snake Plant","floor":30,"turns":2},{"damage":0,"enemies":"Shelled Parasite and Fungi","floor":31,"turns":1},{"damage":38,"enemies":"Collector","floor":33,"turns":7}],"seed_played":"1995303517324262142","potions_obtained":[{"floor":1,"key":"Ancient Potion"},{"floor":4,"key":"FearPotion"},{"floor":14,"key":"GamblersBrew"},{"floor":28,"key":"DuplicationPotion"},{"floor":29,"key":"ColorlessPotion"}],"is_trial":false,"path_per_floor":["M","?","M","M","M","R","E","R","T","E","M","R","M","M","R","B",null,"M","M","M","?","$","R","E","R","T","$","E","M","M","M","R","B"],"character_chosen":"WATCHER","items_purchased":["Wallop","Bottled Flame","Pen Nib"],"campfire_rested":2,"item_purchase_floors":[22,22,27],"current_hp_per_floor":[72,54,54,54,42,42,37,37,37,32,29,50,50,50,50,39,72,62,56,56,72,72,72,51,51,51,51,9,8,8,8,29,0,0],"gold":131,"neow_bonus":"RANDOM_COLORLESS","is_daily":false,"chose_seed":false,"campfire_upgraded":5,"win_rate":0.0,"timestamp":1610077537,"path_taken":["M","?","M","M","M","R","E","R","T","E","M","R","M","M","R","BOSS","M","M","M","?","?","R","E","R","T","$","E","?","?","M","R","BOSS"],"items_purchased_type":["Card","Relic","Relic"],"build_version":"2020-12-22","purchased_purges":1,"victory":false,"max_hp_per_floor":[72,72,72,72,72,72,72,72,72,72,72,72,72,72,72,72,72,72,72,72,72,72,72,72,72,72,72,72,72,72,72,72,72,72],"card_choices":[{"not_picked":["Madness","Jack Of All Trades"],"picked":"Dramatic Entrance","floor":0},{"not_picked":["CutThroughFate","ClearTheMind"],"picked":"Wallop","floor":1},{"not_picked":["PathToVictory","FlyingSleeves"],"picked":"CutThroughFate","floor":3},{"not_picked":["SashWhip","Devotion"],"picked":"ThirdEye","floor":4},{"not_picked":["EmptyBody","PathToVictory"],"picked":"EmptyFist","floor":5},{"not_picked":["Prostrate","Tantrum"],"picked":"EmptyBody","floor":7},{"not_picked":["FlyingSleeves","Prostrate"],"picked":"CutThroughFate","floor":10},{"not_picked":["WreathOfFlame","Study"],"picked":"TalkToTheHand","floor":11},{"not_picked":["CrushJoints","Evaluate"],"picked":"Consecrate","floor":13},{"not_picked":["ClearTheMind","WreathOfFlame"],"picked":"Consecrate","floor":14},{"not_picked":["Omniscience","Blasphemy"],"picked":"Wish","floor":16},{"not_picked":["Indignation+1"],"picked":"SKIP","floor":18},{"not_picked":["CrushJoints"],"picked":"SKIP","floor":19},{"not_picked":[],"picked":"EmptyFist+1","floor":20},{"not_picked":["Adaptation"],"picked":"SKIP","floor":24},{"not_picked":["Collect"],"picked":"SKIP","floor":28},{"not_picked":["SashWhip+1"],"picked":"SKIP","floor":29},{"not_picked":["JustLucky"],"picked":"SKIP","floor":30},{"not_picked":["SashWhip"],"picked":"SKIP","floor":31}],"player_experience":247503,"relics_obtained":[{"floor":7,"key":"Centennial Puzzle"},{"floor":9,"key":"Orichalcum"},{"floor":10,"key":"Ancient Tea Set"},{"floor":24,"key":"War Paint"},{"floor":26,"key":"Torii"},{"floor":28,"key":"StrikeDummy"}],"event_choices":[{"damage_healed":0,"gold_gain":0,"player_choice":"Take Damage","damage_taken":18,"relics_obtained":["Golden Idol"],"max_hp_gain":0,"max_hp_loss":0,"event_name":"Golden Idol","floor":2,"gold_loss":0},{"damage_healed":24,"gold_gain":0,"player_choice":"Heal","damage_taken":0,"max_hp_gain":0,"max_hp_loss":0,"event_name":"The Library","floor":21,"gold_loss":0}],"is_beta":false,"boss_relics":[{"not_picked":["Ectoplasm","Empty Cage"],"picked":"Busted Crown"}],"items_purged_floors":[27],"is_endless":false,"potions_floor_spawned":[1,4,14,28,29,30],"killed_by":"Collector","ascension_level":3}}