{"host":"mydft8i2zzydgggw","time":1610136416,"event":{"mods":["AchievementEnabler","BaseMod","Colored Map","Colored Powertips","DeckTracker","Keyboard Shortcuts","Minty Spire (QoL Compilation)","Rare Cards Sparkle","StSLib","SuperFastMode","The Poker Player","everything is the same but u backflip on backflip"],"gold_per_floor":[14,14,14,29,29,62,62,62,62],"floor_reached":8,"playtime":145,"items_purged":[],"score":59,"play_id":"d0b57cf5-52b9-4333-9f6d-815e9ea0d8a0","local_time":"20210109050656","is_ascension_mode":true,"campfire_choices":[{"data":"Strike_R","floor":7,"key":"PURGE"}],"circlet_count":0,"master_deck":["Strike_R","Strike_R","Strike_R","Defend_R","Defend_R","Defend_R","Defend_R","Bash","Metallicize","Second Wind"],"relics":["Burning Blood","Peace Pipe","Golden Idol","Toy Ornithopter"],"acts_visited":["Exordium"],"potions_floor_usage":[6],"damage_taken":[{"damage":1,"enemies":"Cultist","floor":1,"turns":3},{"damage":15,"enemies":"Jaw Worm","floor":4,"turns":6},{"damage":11,"enemies":"Gremlin Nob","floor":6,"turns":5},{"damage":47,"enemies":"Lagavulin","floor":8,"turns":10}],"seed_played":"-6552624625776532929","potions_obtained":[{"floor":1,"key":"PowerPotion"}],"is_trial":false,"path_per_floor":["M","?","?","M","$","E","R","E"],"character_chosen":"IRONCLAD","items_purchased":[],"campfire_rested":0,"item_purchase_floors":[],"current_hp_per_floor":[80,80,60,51,51,46,46,0,0],"gold":62,"neow_bonus":"ONE_RARE_RELIC","is_daily":false,"chose_seed":false,"campfire_upgraded":0,"win_rate":0.0,"timestamp":1610136416,"path_taken":["M","?","?","M","$","E","R","E"],"items_purchased_type":[],"build_version":"2020-12-22","purchased_purges":0,"victory":false,"max_hp_per_floor":[80,80,80,80,80,80,80,80,80],"card_choices":[{"not_picked":["Armaments","Shrug It Off"],"picked":"Metallicize","floor":1},{"not_picked":["Perfected Strike","Clothesline","Sword Boomerang"],"picked":"SKIP","floor":4},{"not_picked":["Perfected Strike","Whirlwind"],"picked":"Second Wind","floor":6}],"player_experience":148739,"relics_obtained":[{"floor":6,"key":"Toy Ornithopter"}],"event_choices":[{"cards_removed":["Strike_R"],"damage_healed":0,"gold_gain":0,"player_choice":"Forget","damage_taken":0,"max_hp_gain":0,"max_hp_loss":0,"event_name":"Living Wall","floor":2,"gold_loss":0},{"damage_healed":0,"gold_gain":0,"player_choice":"Take Damage","damage_taken":20,"relics_obtained":["Golden Idol"],"max_hp_gain":0,"max_hp_loss":0,"event_name":"Golden Idol","floor":3,"gold_loss":0}],"is_beta":false,"boss_relics":[],"items_purged_floors":[],"is_endless":false,"potions_floor_spawned":[1],"killed_by":"Lagavulin","ascension_level":2}}