{"host":"artti7o26te9gn1a","time":1610131825,"event":{"mods":["AchievementEnabler","BaseMod","Beaked The Cultist","BetterRewards","Downfall","Minty Spire (QoL Compilation)","StSLib","Trackpad"],"gold_per_floor":[118,133,133,147,147,147,191,11,11,50,50,86,102,127,127,226,226,240,104,119,142,142,142,142,142],"floor_reached":24,"playtime":1386,"items_purged":["Strike_B"],"score":446,"play_id":"3bcb6779-0388-4a22-aa61-ad93a2cbeb38","local_time":"20210108195025","is_ascension_mode":true,"campfire_choices":[{"data":"Streamline","floor":6,"key":"SMITH"},{"floor":11,"key":"REST"},{"floor":15,"key":"REST"},{"floor":23,"key":"REST"}],"circlet_count":0,"master_deck":["AscendersBane","Strike_B","Strike_B","Defend_B","Defend_B","Defend_B","Defend_B","Zap","Dualcast","Streamline+1","FTL","Glacier","Capacitor","Chill","Loop","Biased Cognition","White Noise","Compile Driver","Echo Form","Creative AI","beaked:AwakenedForm","Consume+1","Defragment","Capacitor","Go for the Eyes","Gash"],"relics":["Cracked Core","DataDisk","Golden Idol","Blue Candle","The Courier","Membership Card","Question Card","Unceasing Top","Mercury Hourglass","beaked:SacredDeck","Blood Vial"],"acts_visited":["Exordium","TheCity"],"potions_floor_usage":[10,13,14],"damage_taken":[{"damage":4,"enemies":"Jaw Worm","floor":1,"turns":4},{"damage":0,"enemies":"2 Louse","floor":2,"turns":2},{"damage":0,"enemies":"Small Slimes","floor":4,"turns":2},{"damage":7,"enemies":"3 Sentries","floor":7,"turns":9},{"damage":26,"enemies":"Gremlin Nob","floor":10,"turns":8},{"damage":0,"enemies":"3 Sentries","floor":12,"turns":8},{"damage":13,"enemies":"Gremlin Gang","floor":13,"turns":4},{"damage":4,"enemies":"Blue Slaver","floor":14,"turns":3},{"damage":27,"enemies":"Hexaghost","floor":16,"turns":10},{"damage":19,"enemies":"Spheric Guardian","floor":18,"turns":6},{"damage":16,"enemies":"Shell Parasite","floor":20,"turns":7},{"damage":3,"enemies":"Snake Plant","floor":21,"turns":8},{"damage":38,"enemies":"Slavers","floor":24,"turns":2}],"seed_played":"-1872911884100366099","potions_obtained":[{"floor":4,"key":"Block Potion"},{"floor":7,"key":"Strength Potion"},{"floor":12,"key":"EssenceOfSteel"},{"floor":13,"key":"EssenceOfSteel"},{"floor":20,"key":"Fruit Juice"}],"is_trial":false,"path_per_floor":["M","M","?","M","?","R","E","$","T","E","R","E","M","M","R","B",null,"M","$","M","M","?","R","E"],"character_chosen":"DEFECT","items_purchased":["DataDisk","Membership Card","Chill","Loop","Blood Vial","Defragment"],"campfire_rested":3,"item_purchase_floors":[0,8,8,8,19,19],"current_hp_per_floor":[60,60,60,60,42,42,35,35,35,9,28,28,15,11,30,3,49,30,30,16,15,15,34,0,0],"gold":142,"neow_bonus":"","is_daily":false,"chose_seed":false,"campfire_upgraded":1,"win_rate":0.0,"timestamp":1610131825,"path_taken":["M","M","?","M","?","R","E","?","T","E","R","E","M","?","R","BOSS","M","$","M","M","?","R","E"],"items_purchased_type":["Relic","Relic","Card","Card","Relic","Card"],"build_version":"2020-12-22","purchased_purges":1,"victory":false,"max_hp_per_floor":[71,71,64,64,64,64,64,64,64,64,64,64,64,64,64,64,64,64,64,64,64,64,64,64,64],"card_choices":[{"not_picked":["Double Energy","Scrape"],"picked":"Streamline","floor":1},{"not_picked":["Beam Cell","Hologram"],"picked":"FTL","floor":2},{"not_picked":["Streamline","Beam Cell"],"picked":"Glacier","floor":4},{"not_picked":["Defragment","White Noise"],"picked":"Capacitor","floor":7},{"not_picked":["Ball Lightning","BootSequence","Meteor Strike"],"picked":"Biased Cognition","floor":10},{"not_picked":["Sunder","Turbo","Recycle"],"picked":"White Noise","floor":12},{"not_picked":["Redo","Rebound","Heatsinks"],"picked":"Compile Driver","floor":13},{"not_picked":["Cold Snap","Rip and Tear","Tempest"],"picked":"Echo Form","floor":14},{"not_picked":["Hyperbeam","Machine Learning","Echo Form"],"picked":"Creative AI","floor":16},{"not_picked":["Coolheaded","Hologram","Stack"],"picked":"Consume+1","floor":18},{"not_picked":["Sweeping Beam","Beam Cell","FTL+1"],"picked":"Capacitor","floor":20},{"not_picked":["Ball Lightning","Doom and Gloom","Chill"],"picked":"Go for the Eyes","floor":21}],"player_experience":772348,"relics_obtained":[{"floor":7,"key":"The Courier"},{"floor":9,"key":"Question Card"},{"floor":10,"key":"Unceasing Top"},{"floor":12,"key":"Mercury Hourglass"}],"event_choices":[{"damage_healed":0,"gold_gain":0,"player_choice":"Lose Max HP","damage_taken":0,"relics_obtained":["Golden Idol"],"max_hp_gain":0,"max_hp_loss":7,"event_name":"Golden Idol","floor":3,"gold_loss":0},{"damage_healed":0,"gold_gain":0,"player_choice":"Success","damage_taken":18,"relics_obtained":["Blue Candle"],"max_hp_gain":0,"max_hp_loss":0,"event_name":"Scrap Ooze","floor":5,"gold_loss":0},{"damage_healed":0,"gold_gain":0,"cards_transformed":["Strike_B"],"player_choice":"Transformed","damage_taken":0,"max_hp_gain":0,"max_hp_loss":0,"event_name":"Transmorgrifier","floor":22,"gold_loss":0,"cards_obtained":["Gash"]}],"is_beta":false,"boss_relics":[{"not_picked":["Calling Bell","Nuclear Battery"],"picked":"beaked:SacredDeck"}],"items_purged_floors":[19],"is_endless":false,"potions_floor_spawned":[4,7,12,13,20],"killed_by":"Slavers","ascension_level":17}}