{"host":"19t2eyow02s954g8","time":1610113736,"event":{"mods":["BaseMod","Colored Map","DeckTracker","Minty Spire (QoL Compilation)","StSLib","SuperFastMode"],"gold_per_floor":[118,43,43,118,134,166,222,222,222],"floor_reached":8,"playtime":671,"items_purged":["Strike_G"],"score":158,"play_id":"1d3993d8-1e1f-4718-b611-bc16ec0ebcdb","local_time":"20210108224856","is_ascension_mode":true,"campfire_choices":[],"circlet_count":0,"master_deck":["AscendersBane","Strike_G","Strike_G","Strike_G","Defend_G","Defend_G","Defend_G","Defend_G","Defend_G","Survivor","Neutralize","Terror","Bouncing Flask","Blur","Dagger Spray"],"relics":["Ring of the Snake","NeowsBlessing","The Specimen","Pantograph"],"acts_visited":["Exordium"],"potions_floor_usage":[8],"damage_taken":[{"damage":0.0,"enemies":"Jaw Worm","floor":1.0,"turns":1.0},{"damage":0.0,"enemies":"2 Louse","floor":5.0,"turns":1.0},{"damage":0.0,"enemies":"Lagavulin","floor":6.0,"turns":1.0},{"damage":25.0,"enemies":"Lagavulin Event","floor":7.0,"turns":8.0},{"damage":17,"enemies":"3 Sentries","floor":8,"turns":6}],"seed_played":"-5910377172696166533","potions_obtained":[{"floor":5.0,"key":"EntropicBrew"},{"floor":6.0,"key":"Block Potion"}],"is_trial":false,"path_per_floor":["M","$","?","?","M","E","?","E"],"character_chosen":"THE_SILENT","items_purchased":[],"campfire_rested":0,"item_purchase_floors":[],"current_hp_per_floor":[59,59,52,41,41,41,16,0,0],"gold":222,"neow_bonus":"THREE_ENEMY_KILL","is_daily":false,"chose_seed":false,"campfire_upgraded":0,"win_rate":0.0,"timestamp":1610113736,"path_taken":["M","$","?","?","M","E","?","E"],"items_purchased_type":[],"build_version":"2020-12-22","purchased_purges":1,"victory":false,"max_hp_per_floor":[66,66,66,66,66,66,66,66,66],"card_choices":[{"not_picked":["Cloak And Dagger","Predator"],"picked":"Terror","floor":1.0},{"not_picked":["Bane","Dodge and Roll"],"picked":"Bouncing Flask","floor":5.0},{"not_picked":["Dagger Throw","Dodge and Roll"],"picked":"Blur","floor":6.0},{"not_picked":["Underhanded Strike","All Out Attack"],"picked":"Dagger Spray","floor":7.0}],"player_experience":4201044,"relics_obtained":[{"floor":6.0,"key":"The Specimen"},{"floor":7.0,"key":"Pantograph"}],"event_choices":[{"cards_removed":["Strike_G"],"damage_healed":0.0,"max_hp_gain":0.0,"max_hp_loss":0.0,"gold_gain":0.0,"event_name":"Golden Wing","player_choice":"Card Removal","floor":3.0,"gold_loss":0.0,"damage_taken":7.0},{"damage_healed":0.0,"max_hp_gain":0.0,"max_hp_loss":0.0,"gold_gain":75.0,"event_name":"World of Goop","player_choice":"Gather Gold","floor":4.0,"gold_loss":0.0,"damage_taken":11.0},{"damage_healed":0.0,"max_hp_gain":0.0,"max_hp_loss":0.0,"gold_gain":0.0,"event_name":"Dead Adventurer","player_choice":"Searched \u00271\u0027 times","floor":7.0,"gold_loss":0.0,"damage_taken":0.0}],"is_beta":false,"boss_relics":[],"items_purged_floors":[2],"is_endless":false,"potions_floor_spawned":[5,6],"killed_by":"3 Sentries","ascension_level":20}}