{"host":"c3lc60y5x60jlt1y","time":1610116393,"event":{"mods":["AchievementEnabler","BaseMod","Bestiary","Colored Map","Minty Spire (QoL Compilation)","Quick Restart","StSLib","ojb\u0027s Info Mod"],"gold_per_floor":[119,132,142,36,51,51,70,85,110,142,142,175,250,278,278,374,374,385,385,385,420,420,447,135,135,135,62,80,80,107,123,123,220,220,237,248,248,259,274,306,306,306,306],"floor_reached":42,"playtime":61403,"items_purged":["Strike_B"],"score":587,"play_id":"e8cea2ec-c068-49ff-9eca-433490558295","local_time":"20210108163313","is_ascension_mode":true,"campfire_choices":[{"data":"Self Repair","floor":6,"key":"SMITH"},{"data":"Seek","floor":11,"key":"SMITH"},{"data":"Capacitor","floor":15,"key":"SMITH"},{"data":"Ghostly","floor":25,"key":"SMITH"},{"data":"Static Discharge","floor":29,"key":"SMITH"},{"data":"Defragment","floor":32,"key":"SMITH"}],"circlet_count":0,"master_deck":["Zap","Dualcast","Clumsy","Capacitor+1","Self Repair+1","Sweeping Beam","Darkness+1","Glacier","Coolheaded","Seek+1","Cold Snap","Coolheaded","Buffer","Thunder Strike","Undo","Ghostly+1","Ghostly","Ghostly","Ghostly","Ghostly","Capacitor","Redo+1","Sunder","Static Discharge+1","Loop","Storm+1","Defragment+1","Fission","Turbo","Chaos","Self Repair","Coolheaded","Redo+1","Steam","Aggregate+1","Blizzard+1"],"relics":["Cracked Core","Mango","Regal Pillow","Kunai","Ancient Tea Set","War Paint","Nuclear Battery","Red Mask","Du-Vu Doll","Sundial","Pear","Pandora\u0027s Box","Bottled Tornado"],"acts_visited":["Exordium","TheCity","TheBeyond"],"potions_floor_usage":[8,10,23,23,23,23,23,23,33,40],"damage_taken":[{"damage":1,"enemies":"Cultist","floor":1,"turns":4},{"damage":0,"enemies":"2 Louse","floor":2,"turns":2},{"damage":5,"enemies":"Small Slimes","floor":3,"turns":6},{"damage":15,"enemies":"Exordium Thugs","floor":5,"turns":4},{"damage":3,"enemies":"Blue Slaver","floor":7,"turns":5},{"damage":16,"enemies":"Lots of Slimes","floor":8,"turns":5},{"damage":8,"enemies":"Lagavulin","floor":10,"turns":7},{"damage":14,"enemies":"3 Sentries","floor":12,"turns":6},{"damage":14,"enemies":"Gremlin Nob","floor":14,"turns":5},{"damage":15,"enemies":"Slime Boss","floor":16,"turns":6},{"damage":7,"enemies":"Chosen","floor":18,"turns":6},{"damage":0,"enemies":"Masked Bandits","floor":21,"turns":8},{"damage":0,"enemies":"Slavers","floor":23,"turns":5},{"damage":6,"enemies":"3 Byrds","floor":28,"turns":6},{"damage":29,"enemies":"Book of Stabbing","floor":30,"turns":5},{"damage":4,"enemies":"Centurion and Healer","floor":31,"turns":7},{"damage":24,"enemies":"Champ","floor":33,"turns":9},{"damage":1,"enemies":"Orb Walker","floor":35,"turns":4},{"damage":23,"enemies":"3 Darklings","floor":36,"turns":7},{"damage":10,"enemies":"Sphere and 2 Shapes","floor":38,"turns":6},{"damage":20,"enemies":"Spire Growth","floor":39,"turns":5},{"damage":57,"enemies":"Nemesis","floor":40,"turns":7},{"damage":35,"enemies":"Reptomancer","floor":42,"turns":7}],"seed_played":"6022420646881305308","potions_obtained":[{"floor":2,"key":"Regen Potion"},{"floor":7,"key":"PowerPotion"},{"floor":8,"key":"EntropicBrew"},{"floor":10,"key":"BlessingOfTheForge"},{"floor":14,"key":"SneckoOil"},{"floor":18,"key":"EntropicBrew"},{"floor":23,"key":"EssenceOfSteel"},{"floor":30,"key":"DistilledChaos"},{"floor":35,"key":"Regen Potion"},{"floor":38,"key":"Ancient Potion"},{"floor":40,"key":"LiquidBronze"}],"is_trial":false,"path_per_floor":["M","M","M","$","M","R","M","M","T","E","R","E","?","E","R","B",null,"M","?","?","?","?","E","$","R","T","$","M","R","E","M","R","B",null,"M","M","?","M","M","E","?","E"],"character_chosen":"DEFECT","items_purchased":["FTL","Darkness","Sunder","FairyPotion","Static Discharge","Loop"],"campfire_rested":0,"item_purchase_floors":[4,4,24,24,24,27],"current_hp_per_floor":[88,88,89,89,74,74,81,89,89,89,89,85,74,70,70,65,89,89,89,44,44,44,44,44,44,44,44,38,38,29,35,35,21,54,54,38,38,35,32,31,31,0,0],"gold":306,"neow_bonus":"ONE_RARE_RELIC","is_daily":false,"chose_seed":false,"campfire_upgraded":6,"win_rate":0.0,"timestamp":1610116393,"path_taken":["M","?","M","$","M","R","M","M","T","E","R","E","?","E","R","BOSS","M","?","?","?","?","E","?","R","T","$","M","R","E","?","R","BOSS","M","M","?","?","M","E","?","E"],"items_purchased_type":["Card","Card","Card","Potion","Card","Card"],"build_version":"2020-12-22","purchased_purges":1,"victory":false,"max_hp_per_floor":[89,89,89,89,89,89,89,89,89,89,89,89,89,89,89,89,89,89,89,44,44,44,44,44,44,44,44,44,44,54,54,54,54,54,54,54,54,54,54,54,54,54,54],"card_choices":[{"not_picked":["Compile Driver","Barrage"],"picked":"Capacitor","floor":1},{"not_picked":["Recycle","Beam Cell"],"picked":"Self Repair","floor":2},{"not_picked":["Fusion","Reprogram"],"picked":"Sweeping Beam","floor":3},{"not_picked":["Hologram","Redo"],"picked":"Glacier","floor":5},{"not_picked":["Steam Power","Glacier"],"picked":"Coolheaded","floor":7},{"not_picked":["Capacitor","Darkness"],"picked":"Seek","floor":8},{"not_picked":["Reprogram","Coolheaded"],"picked":"Cold Snap","floor":10},{"not_picked":["Stack","Recycle"],"picked":"Coolheaded","floor":12},{"not_picked":["Leap","Streamline","FTL"],"picked":"SKIP","floor":14},{"not_picked":["Hyperbeam","Creative AI"],"picked":"Buffer","floor":16},{"not_picked":["Cold Snap","Sweeping Beam","Hologram"],"picked":"SKIP","floor":18},{"not_picked":["Compile Driver","Genetic Algorithm"],"picked":"Redo+1","floor":23},{"not_picked":["Ball Lightning","Capacitor"],"picked":"Storm+1","floor":28},{"not_picked":["Reprogram+1","Coolheaded","Stack"],"picked":"SKIP","floor":30},{"not_picked":["Streamline","Leap"],"picked":"Defragment","floor":31},{"not_picked":["Hyperbeam","Reboot"],"picked":"Fission","floor":33},{"not_picked":["Sweeping Beam+1","Cold Snap"],"picked":"Redo+1","floor":35},{"not_picked":["Gash+1","Stack","Glacier+1"],"picked":"SKIP","floor":36},{"not_picked":["Hello World+1","Recycle"],"picked":"Aggregate+1","floor":38},{"not_picked":["Steam","Rebound","Sweeping Beam+1"],"picked":"SKIP","floor":39},{"not_picked":["BootSequence","Barrage"],"picked":"Blizzard+1","floor":40}],"player_experience":7618237,"relics_obtained":[{"floor":9,"key":"Regal Pillow"},{"floor":10,"key":"Kunai"},{"floor":12,"key":"Ancient Tea Set"},{"floor":14,"key":"War Paint"},{"floor":21,"key":"Red Mask"},{"floor":23,"key":"Du-Vu Doll"},{"floor":26,"key":"Sundial"},{"floor":30,"key":"Pear"},{"floor":40,"key":"Bottled Tornado"}],"event_choices":[{"damage_healed":0,"gold_gain":75,"player_choice":"Gather Gold","damage_taken":11,"max_hp_gain":0,"max_hp_loss":0,"event_name":"World of Goop","floor":13,"gold_loss":0},{"damage_healed":0,"gold_gain":0,"cards_transformed":["Strike_B","Defend_B"],"player_choice":"Became Test Subject","damage_taken":0,"max_hp_gain":0,"max_hp_loss":0,"event_name":"Drug Dealer","floor":19,"gold_loss":0,"cards_obtained":["Thunder Strike","Undo"]},{"damage_healed":0,"gold_gain":0,"player_choice":"Became a Ghost","damage_taken":0,"max_hp_gain":0,"max_hp_loss":45,"event_name":"Ghosts","floor":20,"gold_loss":0,"cards_obtained":["Ghostly","Ghostly","Ghostly","Ghostly","Ghostly"]},{"damage_healed":0,"gold_gain":0,"player_choice":"Fought Bandits","damage_taken":0,"max_hp_gain":0,"max_hp_loss":0,"event_name":"Masked Bandits","floor":21,"gold_loss":0},{"damage_healed":0,"gold_gain":0,"player_choice":"Read","damage_taken":0,"max_hp_gain":0,"max_hp_loss":0,"event_name":"The Library","floor":22,"gold_loss":0,"cards_obtained":["Capacitor"]},{"damage_healed":0,"gold_gain":0,"cards_transformed":["Scrape"],"player_choice":"Transformed","damage_taken":0,"max_hp_gain":0,"max_hp_loss":0,"event_name":"Transmorgrifier","floor":37,"gold_loss":0,"cards_obtained":["Steam"]},{"cards_removed":["FTL"],"damage_healed":0,"gold_gain":0,"player_choice":"Removed Attack","damage_taken":0,"max_hp_gain":0,"max_hp_loss":0,"event_name":"Falling","floor":41,"gold_loss":0}],"is_beta":false,"boss_relics":[{"not_picked":["Astrolabe","SlaversCollar"],"picked":"Nuclear Battery"},{"not_picked":["FrozenCore","Tiny House"],"picked":"Pandora\u0027s Box"}],"items_purged_floors":[24],"is_endless":false,"potions_floor_spawned":[2,7,8,10,14,16,18,23,30,35,38,40],"killed_by":"Reptomancer","ascension_level":1}}