{"host":"o97o7ui5vncz1kje","time":1610121393,"event":{"mods":["Arknights The Spire","BaseMod","Better Third Choice","Minty Spire (QoL Compilation)","StSLib"],"gold_per_floor":[111,127,141,154,154,183,183,216,240,240,256,285,285,130,130,228,228,238,257,257,356,130,160,172,172,172,189,38,38,38,48,48,143,143,156,0,12,31,82,82,82,82],"floor_reached":41,"playtime":2755,"items_purged":[],"score":431,"play_id":"3924622a-e94c-4393-ad94-f05b858d5ea2","local_time":"20210108235633","is_ascension_mode":false,"campfire_choices":[{"floor":7.0,"key":"REST"},{"floor":10.0,"key":"REST"},{"floor":15,"key":"REST"},{"data":"ats:Blood Oath","floor":25,"key":"SMITH"},{"floor":30,"key":"REST"},{"floor":32,"key":"REST"},{"floor":40,"key":"REST"}],"circlet_count":0,"master_deck":["ats:Strike C","ats:Strike G","ats:Strike V","ats:Armor Crushing Shot","ats:Defend","ats:Defend","ats:Emotion Absorption","ats:Hammer On+1","ats:Neurotoxin","ats:Spore Proliferation","ats:Poison Spread","ats:Assault Order","ats:Consecutive Shot Auto","ats:Directed Diagnosis+1","ats:Ignite","ats:Soul Rend","ats:Nebulous Foxfire","ats:Leaping Hammer+1","ats:Poison Spread+1","ats:Chain Hook+1","ats:Apocalypse","ats:Blood Oath+1","ats:Shell Defense","ats:Volcano","ats:Dogmatic Field","ats:Hammer On+1","ats:Defend Order+1","ats:Song Of Battle+1"],"relics":["ats:Sanity","NeowsBlessing","ats:Originium","Toy Ornithopter","Pen Nib","Lantern","Happy Flower","Astrolabe","Potion Belt","Centennial Puzzle","Calipers","ats:Berate","ats:Omniscience","Red Mask","Bronze Scales"],"acts_visited":["Exordium","TheCity","TheBeyond"],"potions_floor_usage":[12,16,18,19,23,23,33,38,41,41],"damage_taken":[{"damage":0.0,"enemies":"Jaw Worm","floor":1.0,"turns":1.0},{"damage":0.0,"enemies":"Cultist","floor":2.0,"turns":1.0},{"damage":0.0,"enemies":"2 Louse","floor":3.0,"turns":1.0},{"damage":16.0,"enemies":"Blue Slaver","floor":4.0,"turns":4.0},{"damage":40.0,"enemies":"3 Sentries","floor":6.0,"turns":6.0},{"damage":21.0,"enemies":"Lagavulin","floor":8.0,"turns":5.0},{"damage":12.0,"enemies":"Large Slime","floor":11.0,"turns":4.0},{"damage":13,"enemies":"3 Sentries","floor":12,"turns":5},{"damage":49,"enemies":"Slime Boss","floor":16,"turns":10},{"damage":15,"enemies":"3 Byrds","floor":18,"turns":4},{"damage":10,"enemies":"Shell Parasite","floor":19,"turns":3},{"damage":54,"enemies":"Gremlin Leader","floor":23,"turns":6},{"damage":12,"enemies":"Cultist and Chosen","floor":24,"turns":4},{"damage":6,"enemies":"Snecko","floor":27,"turns":3},{"damage":18,"enemies":"Shelled Parasite and Fungi","floor":31,"turns":4},{"damage":102,"enemies":"Champ","floor":33,"turns":15},{"damage":56,"enemies":"3 Darklings","floor":35,"turns":6},{"damage":11,"enemies":"3 Shapes","floor":37,"turns":5},{"damage":45,"enemies":"Writhing Mass","floor":38,"turns":6},{"damage":81,"enemies":"Reptomancer","floor":41,"turns":2}],"seed_played":"-6760610452019011213","potions_obtained":[{"floor":2.0,"key":"SpeedPotion"},{"floor":3.0,"key":"Strength Potion"},{"floor":8.0,"key":"Weak Potion"},{"floor":11.0,"key":"ColorlessPotion"},{"floor":16,"key":"EntropicBrew"},{"floor":19,"key":"Explosive Potion"},{"floor":24,"key":"LiquidBronze"},{"floor":35,"key":"LiquidBronze"},{"floor":38,"key":"Energy Potion"}],"is_trial":false,"path_per_floor":["M","M","M","M","?","E","R","E","T","R","M","E","?","$","R","B",null,"M","M","?","?","$","E","M","R","T","M","$","?","R","M","R","B",null,"M","?","M","M","T","R","E"],"character_chosen":"DOCTOR_CLASS","items_purchased":["ats:Soul Rend","Potion Belt","ats:Blood Oath","ats:Berate"],"campfire_rested":6,"item_purchase_floors":[14,22,22,28],"current_hp_per_floor":[72,72,72,56,56,16,37,21,21,42,35,27,27,27,48,8,72,64,62,62,62,62,38,35,35,35,38,38,25,48,45,68,12,77,34,34,41,23,23,46,0,0],"gold":82,"neow_bonus":"THREE_ENEMY_KILL","is_daily":false,"chose_seed":false,"campfire_upgraded":1,"win_rate":0.0,"timestamp":1610121393,"path_taken":["M","M","M","M","?","E","R","E","T","R","M","E","?","$","R","BOSS","M","?","?","?","$","E","M","R","T","M","?","?","R","M","R","BOSS","M","?","M","M","?","R","E"],"items_purchased_type":["Card","Relic","Card","Relic"],"build_version":"2020-12-22","purchased_purges":0,"victory":false,"max_hp_per_floor":[72,72,72,72,72,72,72,72,72,72,72,72,72,72,72,72,72,72,72,72,72,72,72,72,72,72,72,72,77,77,77,77,77,77,77,77,77,77,77,77,77,77],"card_choices":[{"not_picked":["ats:Apocalypse","ats:Powerful Strike"],"picked":"ats:Hammer On","floor":1.0},{"not_picked":["ats:Consecutive Shot Auto","ats:Assault Order"],"picked":"ats:Neurotoxin","floor":2.0},{"not_picked":["ats:Guardian Obelisk","ats:Chain Hook"],"picked":"ats:Spore Proliferation","floor":3.0},{"not_picked":["ats:Revitalization","ats:Assault Order"],"picked":"ats:Poison Spread","floor":4.0},{"not_picked":["ats:Revitalization","ats:Charging Defense"],"picked":"ats:Assault Order","floor":6.0},{"not_picked":["ats:Neurotoxin","ats:Chain Hook"],"picked":"ats:Consecutive Shot Auto","floor":8.0},{"not_picked":["ats:Hammer On","ats:Leaping Hammer"],"picked":"ats:Directed Diagnosis","floor":11.0},{"not_picked":["ats:Flexible Camouflage","ats:Cat Scratch"],"picked":"ats:Ignite","floor":12},{"not_picked":["ats:Disruption Kick","ats:Calcification"],"picked":"ats:Nebulous Foxfire","floor":16},{"not_picked":["ats:Assault Order","ats:Powerful Strike","ats:Leaping Hammer"],"picked":"SKIP","floor":18},{"not_picked":["ats:Hammer On","ats:Soul Absorption"],"picked":"ats:Apocalypse","floor":19},{"not_picked":["ats:Flexible Camouflage","ats:Hook Shot+1","ats:Childhood Dance"],"picked":"SKIP","floor":23},{"not_picked":["ats:Consecutive Shot Auto+1","ats:Revitalization"],"picked":"ats:Shell Defense","floor":24},{"not_picked":["ats:Shell Defense","ats:Song Of Battle","ats:Automatic Cover"],"picked":"SKIP","floor":27},{"not_picked":["ats:Ignite","ats:Powerful Strike"],"picked":"ats:Volcano","floor":31},{"not_picked":["ats:Wolf Pack","ats:Shadow Assault"],"picked":"ats:Dogmatic Field","floor":33},{"not_picked":["ats:Ignite+1","ats:Curse Doll"],"picked":"ats:Hammer On+1","floor":35},{"not_picked":["ats:Shell Defense+1","ats:Curse Doll+1"],"picked":"ats:Defend Order+1","floor":37},{"not_picked":["ats:Explosion Area Strengthen+1","ats:Beaten Up"],"picked":"ats:Song Of Battle+1","floor":38}],"player_experience":298799,"relics_obtained":[{"floor":6.0,"key":"ats:Originium"},{"floor":6.0,"key":"Toy Ornithopter"},{"floor":8.0,"key":"ats:Originium"},{"floor":8.0,"key":"Pen Nib"},{"floor":9.0,"key":"Lantern"},{"floor":12,"key":"ats:Originium"},{"floor":12,"key":"Happy Flower"},{"floor":23,"key":"Centennial Puzzle"},{"floor":26,"key":"Calipers"},{"floor":39,"key":"Bronze Scales"}],"event_choices":[{"damage_healed":0.0,"max_hp_gain":0.0,"max_hp_loss":0.0,"gold_gain":0.0,"event_name":"Living Wall","player_choice":"Grow","floor":5.0,"gold_loss":0.0,"damage_taken":0.0,"cards_upgraded":["ats:Hammer On"]},{"damage_healed":0,"gold_gain":0,"player_choice":"Upgraded","damage_taken":0,"max_hp_gain":0,"max_hp_loss":0,"event_name":"Upgrade Shrine","floor":13,"gold_loss":0,"cards_upgraded":["ats:Directed Diagnosis"]},{"damage_healed":0,"gold_gain":0,"player_choice":"Ignored","damage_taken":0,"max_hp_gain":0,"max_hp_loss":0,"event_name":"Beggar","floor":20,"gold_loss":0},{"damage_healed":0,"gold_gain":99,"player_choice":"Steal","damage_taken":0,"max_hp_gain":0,"max_hp_loss":0,"event_name":"betterThird:BetterNest","floor":21,"gold_loss":0},{"damage_healed":0,"gold_gain":0,"player_choice":"Shed Blood","damage_taken":18,"max_hp_gain":5,"max_hp_loss":0,"event_name":"Forgotten Altar","floor":29,"gold_loss":0},{"damage_healed":0,"gold_gain":0,"player_choice":"Paid","damage_taken":0,"relics_obtained":["Red Mask"],"max_hp_gain":0,"max_hp_loss":0,"event_name":"Tomb of Lord Red Mask","floor":36,"gold_loss":156}],"is_beta":false,"boss_relics":[{"not_picked":["Cursed Key","Empty Cage"],"picked":"Astrolabe"},{"not_picked":["Runic Dome","Velvet Choker"],"picked":"ats:Omniscience"}],"items_purged_floors":[],"is_endless":false,"potions_floor_spawned":[2,3,8,11,16,18,19,24,35,38],"killed_by":"Reptomancer","ascension_level":0}}