{"host":"w5ovz9boloi14a0g","time":1610088043,"event":{"mods":["BaseMod","Downfall","Googly Eyes","Minty Spire (QoL Compilation)","StSLib","SuperFastMode"],"gold_per_floor":[99,116,216,216,234,246,246,246,3,3,20,30,30,51,69,169,169,169,169,169,188,288,288,288,288,318,318,328,328,328,328],"floor_reached":29,"playtime":1003,"items_purged":["Pain"],"score":231,"play_id":"822640cd-7357-4b05-8313-6af18b19a3e5","local_time":"20210108004043","is_ascension_mode":false,"campfire_choices":[{"data":"hexamod:Sear","floor":1,"key":"SMITH"},{"data":"hexamod:Incineration","floor":13,"key":"SMITH"},{"data":"hexamod:AdvancingGuard","floor":18,"key":"SMITH"},{"floor":25,"key":"REST"},{"floor":27,"key":"REST"}],"circlet_count":0,"master_deck":["hexamod:Strike","hexamod:Strike","hexamod:Strike","hexamod:Strike","hexamod:Defend","hexamod:Defend","hexamod:Defend","hexamod:Defend","hexamod:Sear+1","hexamod:Float","hexamod:Incineration+1","hexamod:AdvancingGuard+1","hexamod:SwordOfDarkness","hexamod:ThermalTransfer","hexamod:SoulSteal","hexamod:HeatMetal","Shame","hexamod:FirstSeal","hexamod:GhostflameBarrier+1"],"relics":["hexamod:SpiritBrand","InkBottle","WarpedTongs","Happy Flower","Juzu Bracelet","Odd Mushroom","hexamod:IceCube","Omamori","Dead Branch","HornCleat","StrikeDummy","Toxic Egg 2"],"acts_visited":["Exordium","TheCity"],"potions_floor_usage":[],"damage_taken":[{"damage":0,"enemies":"Small Slimes","floor":2,"turns":3},{"damage":7,"enemies":"2 Louse","floor":5,"turns":3},{"damage":0,"enemies":"Cultist","floor":6,"turns":3},{"damage":1,"enemies":"downfall:FleeingMerchant","floor":9,"turns":4},{"damage":5,"enemies":"Exordium Thugs","floor":11,"turns":5},{"damage":0,"enemies":"2 Fungi Beasts","floor":12,"turns":3},{"damage":6,"enemies":"The Mushroom Lair","floor":14,"turns":3},{"damage":1,"enemies":"Blue Slaver","floor":15,"turns":3},{"damage":7,"enemies":"downfall:Ironclad","floor":16,"turns":9},{"damage":0,"enemies":"3 Byrds","floor":21,"turns":5},{"damage":45,"enemies":"downfall:Defect","floor":22,"turns":8},{"damage":50,"enemies":"Gremlin Leader","floor":26,"turns":8},{"damage":3,"enemies":"Shell Parasite","floor":28,"turns":4},{"damage":33,"enemies":"Slavers","floor":29,"turns":3}],"seed_played":"85014402612429390","potions_obtained":[{"floor":0,"key":"ColorlessPotion"},{"floor":0,"key":"GamblersBrew"},{"floor":0,"key":"BlessingOfTheForge"},{"floor":23,"key":"downfall:CursedFountainPotion"}],"is_trial":false,"path_per_floor":["R","M","?","?","M","M","T","?","$","T","M","M","R","?","M","B",null,"R","?","?","M","?","?","T","R","E","R","M","E"],"character_chosen":"THE_SPIRIT","items_purchased":["Happy Flower"],"campfire_rested":2,"item_purchase_floors":[9],"current_hp_per_floor":[70,70,70,70,63,63,63,63,62,62,57,57,57,51,50,43,70,70,70,63,70,32,32,32,53,10,31,28,0,0,0],"gold":328,"neow_bonus":"THREE_SMALL_POTIONS","is_daily":false,"chose_seed":false,"campfire_upgraded":3,"win_rate":0.0,"timestamp":1610088043,"path_taken":["R","M","?","?","M","?","T","?","$","?","M","M","R","?","M","BOSS","R","?","?","M","?","?","T","R","E","R","M","E"],"items_purchased_type":["Relic"],"build_version":"2020-12-22","purchased_purges":1,"victory":false,"max_hp_per_floor":[70,70,70,70,70,70,70,70,70,70,70,70,70,70,70,70,70,70,70,70,70,70,70,70,70,70,70,70,70,70,70],"card_choices":[{"not_picked":["hexamod:FlamesFromBeyond","hexamod:Firestarter"],"picked":"hexamod:Incineration","floor":2},{"not_picked":["hexamod:SpectersWail","hexamod:NecessarySacrifice"],"picked":"hexamod:AdvancingGuard","floor":5},{"not_picked":["hexamod:Rewind","hexamod:GhostOfSpirePast"],"picked":"hexamod:SwordOfDarkness","floor":6},{"not_picked":["hexamod:Haunt","hexamod:AdvancingGuard","hexamod:SkipABeat"],"picked":"SKIP","floor":9},{"not_picked":["hexamod:Incineration","hexamod:EtherealExpedition"],"picked":"hexamod:ThermalTransfer","floor":11},{"not_picked":["hexamod:BacktrackSmack","hexamod:SwordOfDarkness","hexamod:PhantomCloak"],"picked":"SKIP","floor":12},{"not_picked":["hexamod:SpectralAdrenaline","hexamod:DynamicBlow"],"picked":"hexamod:SoulSteal","floor":14},{"not_picked":["hexamod:GhostShield","hexamod:SwordOfDarkness"],"picked":"hexamod:HeatMetal","floor":15},{"not_picked":["hexamod:GhostOfSpirePresent+1","hexamod:GhostOfSpirePast","hexamod:SkipABeat"],"picked":"SKIP","floor":21},{"not_picked":["hexamod:Hexaguard+1","hexamod:NightmareGuise+1","hexamod:GhostOfSpirePast"],"picked":"SKIP","floor":26},{"not_picked":["hexamod:NightmareStrike","hexamod:ThermalTransfer"],"picked":"hexamod:GhostflameBarrier+1","floor":28}],"player_experience":77390,"relics_obtained":[{"floor":7,"key":"InkBottle"},{"floor":10,"key":"Juzu Bracelet"},{"floor":14,"key":"Odd Mushroom"},{"floor":22,"key":"Dead Branch"},{"floor":22,"key":"HornCleat"},{"floor":24,"key":"StrikeDummy"},{"floor":26,"key":"Toxic Egg 2"}],"event_choices":[{"damage_healed":0,"gold_gain":0,"player_choice":"Got Potions","damage_taken":0,"max_hp_gain":0,"max_hp_loss":0,"event_name":"Lab","floor":4,"gold_loss":0},{"damage_healed":0,"gold_gain":0,"player_choice":"Rummage","damage_taken":0,"relics_obtained":["WarpedTongs"],"max_hp_gain":0,"max_hp_loss":0,"event_name":"Accursed Blacksmith","floor":8,"gold_loss":0,"cards_obtained":["Pain"]},{"damage_healed":0,"gold_gain":0,"player_choice":"Fought Mushrooms","damage_taken":0,"max_hp_gain":0,"max_hp_loss":0,"event_name":"Mushrooms","floor":14,"gold_loss":0},{"damage_healed":0,"gold_gain":0,"player_choice":"Stole Relic","damage_taken":0,"relics_obtained":["Omamori"],"max_hp_gain":0,"max_hp_loss":0,"event_name":"Addict","floor":19,"gold_loss":0,"cards_obtained":["Shame"]}],"is_beta":false,"boss_relics":[{"not_picked":["Astrolabe","Empty Cage"],"picked":"hexamod:IceCube"}],"items_purged_floors":[9],"is_endless":false,"potions_floor_spawned":[6,11,14,15,16,22,26],"killed_by":"Slavers","ascension_level":0}}