{"host":"zjc1tzo4ovig5lll","time":1610126471,"event":{"mods":["AchievementEnabler","Aspiration","BaseMod","Beaked The Cultist","Better Altar","Better Match","Better Note","Better Sensory Stone","Colored Map","Colored Powertips","Conspire","Energized Spire","Friendly Minions","GifTheSpireLib","Halation","Hermit","Hubris","Minty Spire (QoL Compilation)","Rare Cards Sparkle","Replay The Spire","StSLib","The Blue Laboratory","The Bug Knight","The Construct","The Jungle","everything is the same but u backflip on backflip","vexMod"],"gold_per_floor":[116,130,130,59,69,69,96,96,96,96,109,136,136,136,136,239,239,255,39,44,44,44,44,69,69,92,92,109,109,121,140,140,238,238,250,440,440,293,293,148,148,158,158,158,171,184,184,219,219,219,219,219,167,194,194],"floor_reached":56,"playtime":2769,"items_purged":[],"score":1806,"play_id":"cf5110c9-8a40-4084-a480-906da7e129d4","local_time":"20210108192111","is_ascension_mode":true,"campfire_choices":[{"data":"construct:Enhance","floor":6.0,"key":"SMITH"},{"data":"construct:Enhance+1","floor":10.0,"key":"SMITH"},{"data":"construct:Autoturret","floor":13.0,"key":"SMITH"},{"floor":15.0,"key":"RECALL"},{"data":"construct:GuardCore","floor":23.0,"key":"SMITH"},{"data":"construct:GuardCore+1","floor":25.0,"key":"SMITH"},{"data":"construct:Analyze","floor":27.0,"key":"SMITH"},{"data":"construct:Analyze+1","floor":29.0,"key":"SMITH"},{"data":"construct:Autoturret+1","floor":32.0,"key":"SMITH"},{"data":"construct:Enhance","floor":41.0,"key":"SMITH"},{"data":"construct:DefenseMode","floor":44.0,"key":"SMITH"},{"floor":47.0,"key":"REST"},{"floor":49.0,"key":"REST"},{"data":"construct:Failsafe","floor":52.0,"key":"SMITH"}],"circlet_count":0,"master_deck":["construct:Strike_Gold","construct:Strike_Gold","construct:Strike_Gold","construct:Strike_Gold","construct:Strike_Gold","construct:Defend_Gold","construct:Defend_Gold","construct:Defend_Gold","construct:Defend_Gold","construct:Defend_Gold","construct:DefenseMode+1","construct:Autoturret+2","construct:GuardCore+2","construct:Enhance+2","construct:ShiftGuard","construct:Analyze+2","construct:LaserCore","construct:FlameCore","construct:Analyze","Master of Strategy","construct:Reinforce","construct:Synchronize","construct:LaserCore","construct:Enhance+2","construct:Enhance+2","construct:GuardCore","construct:Enhance+1","construct:GuardCore","construct:Anticipate+1","construct:Failsafe+1","Pot Of Greed","Pot Of Greed","Pot Of Greed"],"relics":["construct:ClockworkPhoenix","NeowsBlessing","halation:EternalFortune","halation:KoshaPiece","hubris:Towel","aspiration:HummingbirdHeart","hubris:ClockworkCow","Ring of Chaos","halation:PinkSoulGem","Gremlin Horn","halation:LettersToHer","DollysMirror","Bottled Lightning","Lantern","Grinning Jar"],"acts_visited":["Exordium","TheCity","TheBeyond","TheEnding"],"potions_floor_usage":[],"damage_taken":[{"damage":0.0,"enemies":"Small Slimes","floor":1.0,"turns":2.0},{"damage":0.0,"enemies":"Jaw Worm","floor":2.0,"turns":1.0},{"damage":0.0,"enemies":"2 Louse","floor":5.0,"turns":1.0},{"damage":0.0,"enemies":"Lagavulin","floor":7.0,"turns":17.0},{"damage":13.0,"enemies":"Exordium Thugs","floor":11.0,"turns":12.0},{"damage":1.0,"enemies":"3 Sentries","floor":12.0,"turns":24.0},{"damage":2.0,"enemies":"Hexaghost","floor":16.0,"turns":13.0},{"damage":13.0,"enemies":"3 Byrds","floor":18.0,"turns":6.0},{"damage":5.0,"enemies":"2 Thieves","floor":20.0,"turns":4.0},{"damage":0.0,"enemies":"Book of Stabbing","floor":24.0,"turns":7.0},{"damage":4.0,"enemies":"Snecko","floor":28.0,"turns":10.0},{"damage":2.0,"enemies":"Shelled Parasite and Fungi","floor":30.0,"turns":5.0},{"damage":0.0,"enemies":"Centurion and Healer","floor":31.0,"turns":8.0},{"damage":30.0,"enemies":"Pondfish","floor":33.0,"turns":9.0},{"damage":0.0,"enemies":"3 Darklings","floor":35.0,"turns":6.0},{"damage":9.0,"enemies":"Orb Walker","floor":42.0,"turns":7.0},{"damage":36.0,"enemies":"Sphere and 2 Shapes","floor":45.0,"turns":6.0},{"damage":1.0,"enemies":"Jaw Worm Horde","floor":46.0,"turns":6.0},{"damage":0.0,"enemies":"Nemesis","floor":48.0,"turns":7.0},{"damage":24.0,"enemies":"Replay:Hell Engine","floor":50.0,"turns":9.0},{"damage":5.0,"enemies":"Shield and Spear","floor":54.0,"turns":6.0},{"damage":67,"enemies":"The Heart","floor":55,"turns":8}],"seed_played":"6476061872313699499","potions_obtained":[{"floor":30.0,"key":"blueLaboratory:BubblePotion"},{"floor":45.0,"key":"blueLaboratory:FrostheartPotion"},{"floor":46.0,"key":"blueLaboratory:NullPotion"}],"is_trial":false,"path_per_floor":["M","M","?","$","M","R","E","?","T","R","M","E","R","?","R","B",null,"M","$","M","?","T","R","E","R","T","R","M","R","M","M","R","B",null,"M","?","?","$","?","$","R","M","T","R","M","M","R","E","R","B",null,"R","$","E","B",null],"character_chosen":"THE_CONSTRUCT_MOD","items_purchased":["construct:Enhance","construct:Analyze","Master of Strategy","DollysMirror","construct:GuardCore","construct:Enhance","Adrenaline Potion"],"campfire_rested":2,"item_purchase_floors":[4,19,19,38,40,40,53],"current_hp_per_floor":[77,77,80,80,80,80,80,80,80,80,67,66,66,66,66,64,82,69,69,67,67,67,67,67,67,67,67,63,63,61,61,61,31,76,76,54,63,63,63,63,63,54,54,54,18,17,44,44,71,47,80,80,80,75,8],"gold":194,"neow_bonus":"THREE_ENEMY_KILL","is_daily":false,"chose_seed":false,"campfire_upgraded":11,"win_rate":0.0,"timestamp":1610126471,"path_taken":["M","M","?","$","M","R","E","?","T","R","M","E","R","?","R","BOSS","M","$","M","?","?","R","E","R","T","R","M","R","M","?","R","BOSS","M","?","?","$","?","$","R","M","T","R","M","M","R","E","R","BOSS","R","$","E","BOSS"],"items_purchased_type":["Card","Card","Card","Relic","Card","Card","Potion"],"build_version":"2020-12-22","purchased_purges":0,"victory":true,"max_hp_per_floor":[85,85,88,88,88,88,88,88,88,88,88,88,88,88,88,88,88,88,88,91,91,91,91,91,91,91,91,91,91,91,91,91,91,91,91,91,91,91,91,91,91,91,91,91,91,91,91,91,91,91,91,91,91,91,91],"card_choices":[{"not_picked":["construct:Electrocute","construct:FocusedBeam"],"picked":"construct:Autoturret","floor":1.0},{"not_picked":["construct:SyphonStrike","construct:QuickAttack"],"picked":"construct:GuardCore","floor":2.0},{"not_picked":["construct:Isolate","construct:SaveState"],"picked":"construct:ShiftGuard","floor":5.0},{"not_picked":["construct:Anticipate","construct:Autoturret"],"picked":"construct:Analyze","floor":7.0},{"not_picked":["construct:ShiftStrike","construct:HardReboot","construct:VentSteam"],"picked":"SKIP","floor":11.0},{"not_picked":["construct:Antimatter","construct:LongRangeLance"],"picked":"construct:LaserCore","floor":12.0},{"not_picked":["construct:FocusedBeam","construct:VentSteam"],"picked":"construct:FlameCore","floor":18.0},{"not_picked":["construct:OneWayMirror+1","construct:Versatility","construct:Missile"],"picked":"SKIP","floor":20.0},{"not_picked":["construct:Reinforce","construct:Missile","construct:Boost"],"picked":"SKIP","floor":24.0},{"not_picked":["construct:ForceCore+1","construct:Anticipate","construct:UnbalancingBlast"],"picked":"SKIP","floor":28.0},{"not_picked":["construct:Versatility","construct:Disrupt"],"picked":"construct:Reinforce","floor":30.0},{"not_picked":["construct:Backfire","construct:PowerUp","construct:ScopeCore+1"],"picked":"SKIP","floor":31.0},{"not_picked":["construct:Anticipate","construct:Electrocute"],"picked":"construct:Synchronize","floor":35.0},{"not_picked":["construct:Anticipate+1","construct:Stasis"],"picked":"construct:LaserCore","floor":36.0},{"not_picked":["construct:Anticipate","construct:Chainstrike"],"picked":"construct:GuardCore","floor":42.0},{"not_picked":["construct:SyphonStrike","construct:Backfire","construct:Forcefield"],"picked":"SKIP","floor":45.0},{"not_picked":["construct:CripplingShot","construct:ShiftStrike+1"],"picked":"construct:Anticipate+1","floor":46.0},{"not_picked":["construct:SuppressiveFire","construct:ShiftStrike"],"picked":"construct:Failsafe","floor":48.0},{"not_picked":["construct:SweepLaser+1","construct:Multistage","construct:Backfire"],"picked":"SKIP","floor":54.0}],"player_experience":636563,"relics_obtained":[{"floor":7.0,"key":"halation:KoshaPiece"},{"floor":9.0,"key":"aspiration:HummingbirdHeart"},{"floor":12.0,"key":"hubris:ClockworkCow"},{"floor":20.0,"key":"halation:EternalFortune"},{"floor":24.0,"key":"Gremlin Horn"},{"floor":26.0,"key":"halation:LettersToHer"},{"floor":43.0,"key":"halation:LettersToHer"},{"floor":43.0,"key":"Bottled Lightning"},{"floor":48.0,"key":"Lantern"},{"floor":54.0,"key":"Grinning Jar"}],"event_choices":[{"cards_removed":["construct:AttackMode"],"damage_healed":0.0,"max_hp_gain":0.0,"max_hp_loss":0.0,"gold_gain":0.0,"event_name":"Living Wall","player_choice":"Forget","floor":14.0,"gold_loss":0.0,"damage_taken":0.0},{"damage_healed":0.0,"max_hp_gain":0.0,"max_hp_loss":0.0,"gold_gain":0.0,"event_name":"Duplicator","player_choice":"Copied","floor":39.0,"gold_loss":0.0,"damage_taken":0.0,"cards_obtained":["construct:Enhance"]}],"is_beta":false,"boss_relics":[{"not_picked":["Cursed Key","conspire:SlowCooker"],"picked":"Ring of Chaos"},{"not_picked":["Fusion Hammer","Abe\u0027s Treasure","vexMod:DeviousBotling"]}],"items_purged_floors":[],"is_endless":false,"potions_floor_spawned":[1,2,7,16,24,30,31,45,46,48],"ascension_level":8}}