{"host":"q9718omregw4er46","time":1610128904,"event":{"mods":["BaseMod","Bestiary","Colored Powertips","Minty Spire (QoL Compilation)","Quick Restart","Relic Stats"],"gold_per_floor":[116,41,116,2,22,55,65,91,139,139,176,176,186,241,241,348,348,390,433,433,474,474,474,535,535,535,562,574,633,702,762,774,859,871,950,1040,208,279,279,279,339,339],"floor_reached":41,"playtime":1468,"items_purged":["Strike_P"],"score":1238,"play_id":"8658fe36-4fd4-4c3a-85b7-9d6994ed35ad","local_time":"20210108230144","is_ascension_mode":true,"campfire_choices":[{"data":"CrushJoints","floor":10.0,"key":"SMITH"},{"data":"Wallop","floor":12.0,"key":"SMITH"},{"data":"Wish","floor":15.0,"key":"SMITH"},{"data":"Vigilance","floor":23.0,"key":"SMITH"},{"data":"ReachHeaven","floor":25.0,"key":"SMITH"},{"floor":28.0,"key":"REST"},{"data":"TalkToTheHand","floor":32.0,"key":"SMITH"},{"data":"Wish","floor":40,"key":"SMITH"}],"circlet_count":0,"master_deck":["AscendersBane","Strike_P+1","Strike_P+1","Defend_P","Defend_P+1","Defend_P+1","Defend_P+1","Eruption+1","Vigilance+1","CarveReality+1","CrushJoints+1","ReachHeaven+1","BowlingBash+1","Wish+1","Wallop+1","Tantrum","Scrawl","LessonLearned","CutThroughFate","TalkToTheHand+1","WaveOfTheHand","Wish+1","SandsOfTime"],"relics":["HolyWater","NeowsBlessing","Meat on the Bone","PreservedInsect","Whetstone","Thread and Needle","Snecko Eye","Lizard Tail","InkBottle","MawBank","Strawberry","GoldenEye","Mango","TungstenRod"],"acts_visited":["Exordium","TheCity","TheBeyond"],"potions_floor_usage":[36],"damage_taken":[{"damage":0.0,"enemies":"2 Louse","floor":1.0,"turns":1.0},{"damage":0.0,"enemies":"Small Slimes","floor":5.0,"turns":1.0},{"damage":0.0,"enemies":"Lagavulin","floor":6.0,"turns":1.0},{"damage":0.0,"enemies":"Jaw Worm","floor":7.0,"turns":1.0},{"damage":4.0,"enemies":"Gremlin Nob","floor":8.0,"turns":3.0},{"damage":20.0,"enemies":"Exordium Thugs","floor":11.0,"turns":3.0},{"damage":7.0,"enemies":"Blue Slaver","floor":13.0,"turns":5.0},{"damage":0.0,"enemies":"Lagavulin","floor":14.0,"turns":4.0},{"damage":0.0,"enemies":"Slime Boss","floor":16.0,"turns":5.0},{"damage":0.0,"enemies":"2 Thieves","floor":18.0,"turns":3.0},{"damage":0.0,"enemies":"Spheric Guardian","floor":19.0,"turns":2.0},{"damage":20.0,"enemies":"Snake Plant","floor":21.0,"turns":4.0},{"damage":0.0,"enemies":"Gremlin Leader","floor":24.0,"turns":5.0},{"damage":33.0,"enemies":"Slavers","floor":27.0,"turns":4.0},{"damage":5.0,"enemies":"Centurion and Healer","floor":29.0,"turns":4.0},{"damage":19.0,"enemies":"Gremlin Leader","floor":30.0,"turns":4.0},{"damage":12.0,"enemies":"Sentry and Sphere","floor":31.0,"turns":4.0},{"damage":34.0,"enemies":"Automaton","floor":33.0,"turns":7.0},{"damage":0,"enemies":"Orb Walker","floor":35,"turns":2},{"damage":4,"enemies":"2 Orb Walkers","floor":36,"turns":6},{"damage":10,"enemies":"3 Shapes","floor":38,"turns":6},{"damage":17,"enemies":"Nemesis","floor":41,"turns":4}],"seed_played":"7976713784673548103","potions_obtained":[{"floor":5.0,"key":"AttackPotion"},{"floor":11.0,"key":"SkillPotion"},{"floor":18.0,"key":"Ancient Potion"},{"floor":19.0,"key":"PowerPotion"},{"floor":22.0,"key":"LiquidMemories"},{"floor":29.0,"key":"BottledMiracle"},{"floor":30.0,"key":"Ambrosia"},{"floor":35,"key":"LiquidBronze"}],"is_trial":false,"path_per_floor":["M","?","?","$","M","E","M","E","T","R","M","R","M","E","R","B",null,"M","M","?","M","?","R","E","R","T","E","R","M","E","M","R","B",null,"M","?","$","M","?","R","E"],"character_chosen":"WATCHER","items_purchased":["CarveReality","CrushJoints","SandsOfTime","Mango","TungstenRod"],"campfire_rested":1,"item_purchase_floors":[4,4,37,37,37],"current_hp_per_floor":[61,61,50,50,50,50,50,46,46,46,38,38,43,43,43,43,62,62,62,43,35,35,35,47,47,47,26,47,42,42,42,42,20,65,65,61,75,65,65,65,48,48],"gold":339,"neow_bonus":"THREE_ENEMY_KILL","is_daily":false,"chose_seed":false,"campfire_upgraded":7,"win_rate":0.0,"timestamp":1610128904,"path_taken":["M","?","?","?","?","E","M","E","T","R","M","R","M","E","R","BOSS","M","M","?","M","?","R","E","R","T","E","R","?","E","M","R","BOSS","M","?","$","M","?","R","E"],"items_purchased_type":["Card","Card","Card","Relic","Relic"],"build_version":"2020-12-22","purchased_purges":1,"victory":false,"max_hp_per_floor":[68,68,68,68,68,68,68,68,68,68,68,68,68,68,68,68,68,68,68,73,73,73,73,73,73,73,73,73,73,80,80,80,80,80,80,80,94,94,94,94,94,94],"relic_stats":{"Lizard Tail":0,"counters":[22,79],"Snecko Eye":[100,99,101,124],"PreservedInsect":217,"Whetstone":["Eruption","CarveReality"],"MawBank":120,"GoldenEye":[0],"obtain_stats":[{"NeowsBlessing":0,"Thread and Needle":14,"Mango":37,"PreservedInsect":8,"Whetstone":9,"MawBank":27,"GoldenEye":36,"Lizard Tail":24,"Strawberry":30,"Snecko Eye":17,"HolyWater":34,"PureWater":0,"InkBottle":26,"TungstenRod":37,"Meat on the Bone":6},{"NeowsBlessing":0,"Thread and Needle":8,"Mango":20,"PreservedInsect":5,"Whetstone":5,"MawBank":14,"GoldenEye":20,"Lizard Tail":13,"Strawberry":16,"Snecko Eye":9,"HolyWater":18,"PureWater":0,"InkBottle":13,"TungstenRod":20,"Meat on the Bone":3},{"NeowsBlessing":0,"Thread and Needle":19,"Mango":69,"PreservedInsect":7,"Whetstone":7,"MawBank":42,"GoldenEye":69,"Lizard Tail":38,"Strawberry":50,"Snecko Eye":24,"HolyWater":61,"PureWater":0,"InkBottle":38,"TungstenRod":69,"Meat on the Bone":3}],"InkBottle":[15],"TungstenRod":5,"Meat on the Bone":96},"card_choices":[{"not_picked":["Protect","JustLucky","PathToVictory"],"picked":"SKIP","floor":1.0},{"not_picked":["BowlingBash","Collect"],"picked":"ReachHeaven","floor":5.0},{"not_picked":["CrushJoints","Judgement","WreathOfFlame"],"picked":"SKIP","floor":6.0},{"not_picked":["JustLucky","Halt"],"picked":"BowlingBash","floor":7.0},{"not_picked":["Evaluate","Worship"],"picked":"Wish","floor":8.0},{"not_picked":["Crescendo","FlyingSleeves"],"picked":"Wallop","floor":11.0},{"not_picked":["JustLucky","Nirvana"],"picked":"Tantrum","floor":13.0},{"not_picked":["EmptyBody","ThirdEye","Crescendo"],"picked":"SKIP","floor":14.0},{"not_picked":["DeusExMachina","Brilliance"],"picked":"Scrawl","floor":16.0},{"not_picked":["FlyingSleeves+1","JustLucky+1","ThirdEye"],"picked":"SKIP","floor":18.0},{"not_picked":["Consecrate","FollowUp"],"picked":"LessonLearned","floor":19.0},{"not_picked":["FlyingSleeves","EmptyBody","Halt"],"picked":"SKIP","floor":21.0},{"not_picked":["LikeWater","CrushJoints+1","Prostrate"],"picked":"SKIP","floor":24.0},{"not_picked":["MentalFortress","Prostrate"],"picked":"CutThroughFate","floor":27.0},{"not_picked":["CrushJoints","EmptyBody+1"],"picked":"TalkToTheHand","floor":29.0},{"not_picked":["Perseverance","WreathOfFlame","CarveReality"],"picked":"SKIP","floor":30.0},{"not_picked":["Weave","Crescendo+1"],"picked":"WaveOfTheHand","floor":31.0},{"not_picked":["DeusExMachina","Ragnarok"],"picked":"Wish","floor":33.0},{"not_picked":["Tantrum","Pray+1","ForeignInfluence"],"picked":"SKIP","floor":35},{"not_picked":["JustLucky+1","FollowUp","FearNoEvil"],"picked":"SKIP","floor":38}],"player_experience":1192327,"relics_obtained":[{"floor":6.0,"key":"Meat on the Bone"},{"floor":8.0,"key":"PreservedInsect"},{"floor":9.0,"key":"Whetstone"},{"floor":14.0,"key":"Thread and Needle"},{"floor":24.0,"key":"Lizard Tail"},{"floor":26.0,"key":"InkBottle"},{"floor":27.0,"key":"MawBank"},{"floor":30.0,"key":"Strawberry"},{"floor":36,"key":"GoldenEye"}],"event_choices":[{"cards_removed":["Strike_P"],"damage_healed":0.0,"max_hp_gain":0.0,"max_hp_loss":0.0,"gold_gain":0.0,"event_name":"The Cleric","player_choice":"Card Removal","floor":2.0,"gold_loss":75.0,"damage_taken":0.0},{"damage_healed":0.0,"max_hp_gain":0.0,"max_hp_loss":0.0,"gold_gain":75.0,"event_name":"World of Goop","player_choice":"Gather Gold","floor":3.0,"gold_loss":0.0,"damage_taken":11.0},{"damage_healed":0.0,"max_hp_gain":5.0,"max_hp_loss":0.0,"gold_gain":0.0,"event_name":"Forgotten Altar","player_choice":"Shed Blood","floor":20.0,"gold_loss":0.0,"damage_taken":24.0},{"damage_healed":0.0,"max_hp_gain":0.0,"max_hp_loss":0.0,"gold_gain":0.0,"event_name":"Lab","player_choice":"Got Potions","floor":22.0,"gold_loss":0.0,"damage_taken":0.0},{"damage_healed":0,"gold_gain":0,"player_choice":"Fight","damage_taken":0,"max_hp_gain":0,"max_hp_loss":0,"event_name":"Mysterious Sphere","floor":36,"gold_loss":0},{"damage_healed":0,"gold_gain":0,"player_choice":"Ignored","damage_taken":0,"max_hp_gain":0,"max_hp_loss":0,"event_name":"Tomb of Lord Red Mask","floor":39,"gold_loss":0}],"is_beta":false,"boss_relics":[{"not_picked":["Busted Crown","Coffee Dripper"],"picked":"Snecko Eye"},{"not_picked":["Pandora\u0027s Box","Empty Cage"],"picked":"HolyWater"}],"items_purged_floors":[37],"is_endless":false,"potions_floor_spawned":[5,11,18,19,21,29,30,35],"killed_by":"Nemesis","ascension_level":20}}