{"host":"z9grmtg2w0nmz8n1","time":1610118055,"event":{"mods":["Aspiration","Bard","BaseMod","Beaked The Cultist","Better Altar","Better Match","Better Note","Better Sensory Stone","Better Skull","Better Third Choice","BetterRewards","CCEM","Colored Map","Conspire","Downfall","GifTheSpireLib","Googly Eyes","Halation","Hermit","Highlight Path","Hubris","Hunter ??","Jedi Mod","Jorbs\u0027s Wanderer Trilogy","Mad Scientist","Marisa????????","Minty Spire (QoL Compilation)","Permanent Neow","Replay The Spire","Shade Mod","Shop Mod","Spicy Shops","StSLib","Stuff the Spire","The Bug Knight","The Construct","The Necromancer","The Runesmith","The Witch"],"gold_per_floor":[114,133,153,153,263,294,294,294,294,311,344,0,0,28,28,130,130,143,0,20,20,136,136,136,136],"floor_reached":24,"playtime":880,"items_purged":["Strike_B","Strike_B","Strike_B"],"score":332,"play_id":"3660a385-cd3b-4d9b-92e4-84e55f75792f","local_time":"20210108130055","is_ascension_mode":true,"campfire_choices":[{"floor":7,"key":"RECALL"},{"data":"Zap","floor":15,"key":"SMITH"},{"floor":23,"key":"REST"}],"circlet_count":0,"master_deck":["Strike_B","Defend_B","Defend_B","Defend_B","Defend_B","Zap+1","Dualcast","Ball Lightning","hubris:Ukulele","Gash","FTL","Go for the Eyes","Defragment","Go for the Eyes","Leap","Defragment","Leap","Ball Lightning","StuffTheSpire:Plugnplay","Auto Shields"],"relics":["Cracked Core","hubris:Icosahedron","jedi:angrymask","hubris:Towel","Oddly Smooth Stone","Tiny Chest","Replay:Multitool","Replay:Bronze Core","jedi:shrinkray"],"acts_visited":["Exordium","TheCity"],"potions_floor_usage":[5,11],"damage_taken":[{"damage":0,"enemies":"Small Slimes","floor":1,"turns":2},{"damage":1,"enemies":"Jaw Worm","floor":2,"turns":2},{"damage":0,"enemies":"Cultist","floor":3,"turns":2},{"damage":0,"enemies":"Red Slaver","floor":5,"turns":2},{"damage":26,"enemies":"Lagavulin","floor":6,"turns":5},{"damage":0,"enemies":"Large Slime","floor":10,"turns":4},{"damage":9,"enemies":"3 Sentries","floor":11,"turns":4},{"damage":7,"enemies":"Gremlin Nob","floor":14,"turns":3},{"damage":6,"enemies":"The Guardian","floor":16,"turns":10},{"damage":0,"enemies":"Shell Parasite","floor":18,"turns":7},{"damage":13,"enemies":"Spheric Guardian","floor":20,"turns":4},{"damage":42,"enemies":"3 Cultists","floor":22,"turns":6},{"damage":43,"enemies":"Slavers","floor":24,"turns":4}],"seed_played":"1472157070384822786","potions_obtained":[{"floor":1,"key":"Reflective Coating"},{"floor":2,"key":"DistilledChaos"},{"floor":5,"key":"FocusPotion"},{"floor":20,"key":"Elixir"}],"is_trial":false,"path_per_floor":["M","M","M","?","M","E","R","?","T","M","E","$","?","E","R","B",null,"M","$","M","?","M","R","E"],"character_chosen":"DEFECT","items_purchased":["Ball Lightning","Defragment","Leap","jedi:shrinkray"],"campfire_rested":1,"item_purchase_floors":[0,12,12,19],"current_hp_per_floor":[75,74,74,74,74,48,48,48,48,48,39,39,64,57,57,51,75,75,75,62,62,20,42,0,0],"gold":136,"neow_bonus":"","is_daily":false,"chose_seed":false,"campfire_upgraded":1,"win_rate":0.0,"timestamp":1610118055,"path_taken":["M","M","M","?","M","E","R","?","T","M","E","$","?","E","R","BOSS","M","$","M","?","?","R","E"],"items_purchased_type":["Card","Card","Card","Relic"],"build_version":"2020-12-22","purchased_purges":3,"victory":false,"max_hp_per_floor":[75,75,75,75,75,75,75,75,75,75,75,75,75,75,75,75,75,75,75,75,75,75,75,75,75],"card_choices":[{"not_picked":["Crystallizer","Lockon"],"picked":"Gash","floor":1},{"not_picked":["Sweeping Beam","Beam Cell"],"picked":"FTL","floor":2},{"not_picked":["StuffTheSpire:SnapShoot","Fusion"],"picked":"Go for the Eyes","floor":3},{"not_picked":["jedi:BurstFrost","Rip and Tear"],"picked":"Defragment","floor":5},{"not_picked":["Beam Cell","Steam"],"picked":"Go for the Eyes","floor":6},{"not_picked":["Glacier","Sweeping Beam","jedi:BurstFrost"],"picked":"SKIP","floor":10},{"not_picked":["ReplaySolidLightProjector","Cold Snap"],"picked":"Leap","floor":11},{"not_picked":["Beam Cell","StuffTheSpire:ShieldGenerator","Coolheaded"],"picked":"SKIP","floor":14},{"not_picked":["Leap","Panic Button+1"],"picked":"Ball Lightning","floor":18},{"not_picked":["jedi:BurstLightning+1","StuffTheSpire:NuclearReactor"],"picked":"StuffTheSpire:Plugnplay","floor":20},{"not_picked":["Leap","StuffTheSpire:Coldhearted+1"],"picked":"Auto Shields","floor":22}],"player_experience":814055,"relics_obtained":[{"floor":6,"key":"jedi:angrymask"},{"floor":9,"key":"Oddly Smooth Stone"},{"floor":11,"key":"Tiny Chest"},{"floor":14,"key":"Replay:Multitool"}],"event_choices":[{"damage_healed":25,"gold_gain":0,"player_choice":"Banana","damage_taken":0,"max_hp_gain":0,"max_hp_loss":0,"event_name":"Big Fish","floor":13,"gold_loss":0},{"cards_removed":["Strike_B"],"damage_healed":0,"gold_gain":0,"player_choice":"Give","damage_taken":0,"max_hp_gain":0,"max_hp_loss":0,"event_name":"betterNote:BetterNote","floor":21,"gold_loss":0,"cards_obtained":["Strike_B"]}],"is_beta":false,"boss_relics":[{"not_picked":["hubris:VirtuousBlindfold","aspiration:BardSkillbook"],"picked":"Replay:Bronze Core"}],"items_purged_floors":[0,12,12],"is_endless":false,"potions_floor_spawned":[1,2,5,20],"killed_by":"Slavers","ascension_level":1}}