{"host":"xpk7f5wncxr280f7","time":1610134403,"event":{"mods":["AchievementEnabler","Astrologer","BaseMod","Colored Map","Colored Powertips","Highlight Path","Hubris","Ironclad Rager","Luminous","Minty Spire (QoL Compilation)","Permanent Neow","Quick Restart","Rare Cards Sparkle","Relic Stats","Remove Card Discount Mod","Reorder Act Four","StSLib","The Senshi","TheArtist"],"gold_per_floor":[17,28,26,26,45,76,76,90,90,90,116,191,191,204,204,306,306,317,331,348,1,16,48,48,48,48,77,75,90,103,121,121,219,219,235,247,247,258,276,306,306,326,397,426,426,436,453,466,466,466,466,142,142,142,142],"floor_reached":54,"playtime":2694,"items_purged":["Writhe","Dualcast+1","Reboot+1"],"score":856,"play_id":"b9ed81cd-bd6d-4879-a028-0fe67cc4513c","local_time":"20210108113323","is_ascension_mode":true,"campfire_choices":[{"data":"Self Repair","floor":7,"key":"SMITH"},{"data":"Dualcast","floor":10,"key":"SMITH"},{"data":"Compile Driver","floor":13,"key":"SMITH"},{"data":"Zap","floor":15,"key":"SMITH"},{"data":"ICR:ChainLightning","floor":24,"key":"SMITH"},{"data":"ICR:ChainLightning","floor":32,"key":"SMITH"},{"data":"Self Repair","floor":41,"key":"SMITH"},{"floor":45,"key":"RECALL"},{"floor":49,"key":"REST"},{"data":"ICR:FrostFall","floor":53,"key":"SMITH"}],"circlet_count":0,"master_deck":["Ball Lightning","Cold Snap","Ball Lightning","Cold Snap","Leap","Leap+1","Leap","Sweeping Beam","Self Repair+1","Cold Snap","Sweeping Beam","Compile Driver+1","Electrodynamics","Cold Snap+1","Coolheaded+1","Glacier+1","ICR:ChainLightning+1","Redo+1","Self Repair+1","ICR:ChainLightning+1","Hologram+1","Capacitor+1","Recycle+1","Conserve Battery+1","Core Surge","Consume+1","Bandage Up","ICR:FrostFall+1"],"relics":["Cracked Core","hubris:Towel","Mercury Hourglass","FossilizedHelix","Mango","Astrolabe","Ice Cream","TungstenRod","Potion Belt","hubris:RunicObelisk","War Paint","Singing Bowl","hubris:SoftwareUpdate","Nunchaku"],"acts_visited":["Exordium","TheCity","TheBeyond","TheEnding"],"potions_floor_usage":[18,19,22,23,29,35,36,42,46],"damage_taken":[{"damage":10,"enemies":"Small Slimes","floor":1,"turns":2},{"damage":0,"enemies":"Jaw Worm","floor":2,"turns":2},{"damage":0,"enemies":"2 Louse","floor":5,"turns":2},{"damage":4,"enemies":"Lagavulin","floor":6,"turns":5},{"damage":0,"enemies":"Red Slaver","floor":8,"turns":3},{"damage":0,"enemies":"3 Sentries","floor":11,"turns":5},{"damage":0,"enemies":"Exordium Wildlife","floor":14,"turns":2},{"damage":12,"enemies":"Slime Boss","floor":16,"turns":7},{"damage":0,"enemies":"Chosen","floor":18,"turns":3},{"damage":3,"enemies":"2 Thieves","floor":19,"turns":4},{"damage":0,"enemies":"Cultist and Chosen","floor":20,"turns":4},{"damage":8,"enemies":"Snake Plant","floor":22,"turns":3},{"damage":21,"enemies":"Slavers","floor":23,"turns":2},{"damage":22,"enemies":"Gremlin Leader","floor":27,"turns":5},{"damage":10,"enemies":"Snecko","floor":29,"turns":5},{"damage":5,"enemies":"Chosen and Byrds","floor":30,"turns":4},{"damage":22,"enemies":"3 Cultists","floor":31,"turns":4},{"damage":58,"enemies":"hubris:MusketHawk","floor":33,"turns":8},{"damage":21,"enemies":"3 Darklings","floor":35,"turns":4},{"damage":0,"enemies":"Orb Walker","floor":36,"turns":4},{"damage":0,"enemies":"Transient","floor":38,"turns":5},{"damage":0,"enemies":"4 Shapes","floor":39,"turns":3},{"damage":25,"enemies":"Nemesis","floor":40,"turns":5},{"damage":17,"enemies":"Sphere and 2 Shapes","floor":42,"turns":4},{"damage":11,"enemies":"Reptomancer","floor":44,"turns":7},{"damage":0,"enemies":"Writhing Mass","floor":46,"turns":6},{"damage":0,"enemies":"Spire Growth","floor":47,"turns":4},{"damage":19,"enemies":"Transient","floor":48,"turns":5},{"damage":47,"enemies":"Donu and Deca","floor":50,"turns":6},{"damage":0,"enemies":"Shield and Spear","floor":54,"turns":2}],"seed_played":"-1002897899817109167","potions_obtained":[{"floor":6,"key":"EssenceOfSteel"},{"floor":11,"key":"AttackPotion"},{"floor":14,"key":"Fire Potion"},{"floor":18,"key":"FocusPotion"},{"floor":23,"key":"FocusPotion"},{"floor":29,"key":"PowerPotion"},{"floor":31,"key":"Block Potion"},{"floor":36,"key":"Swift Potion"},{"floor":39,"key":"Fire Potion"},{"floor":42,"key":"LiquidBronze"},{"floor":46,"key":"Fire Potion"},{"floor":48,"key":"Dexterity Potion"}],"is_trial":false,"path_per_floor":["M","M","$","?","M","E","R","M","T","R","E","?","R","M","R","B",null,"M","M","M","$","M","E","R","?","T","E","$","M","M","M","R","B",null,"M","M","?","M","M","E","R","M","T","E","R","M","M","M","R","B",null,"$","R","E"],"character_chosen":"DEFECT","items_purchased":["Ice Cream","ICR:ChainLightning","Nunchaku","Weak Potion","Bandage Up","ICR:FrostFall"],"campfire_rested":1,"item_purchase_floors":[21,21,52,52,52,52],"current_hp_per_floor":[40,40,40,40,47,50,50,60,60,60,74,63,63,63,63,61,82,82,82,82,82,82,71,71,71,71,59,59,59,64,59,59,18,82,61,78,78,78,78,53,53,56,56,67,67,69,81,74,90,43,90,90,90,90,90],"gold":142,"neow_bonus":"DEFECT_STORMLORD","is_daily":false,"chose_seed":false,"campfire_upgraded":8,"win_rate":0.0,"timestamp":1610134403,"path_taken":["M","M","$","?","M","E","R","M","T","R","E","?","R","M","R","BOSS","M","M","M","$","M","E","R","?","T","E","$","M","M","M","R","BOSS","M","M","?","M","M","E","R","?","T","E","R","M","M","M","R","BOSS","$","R","E"],"items_purchased_type":["Relic","Card","Relic","Potion","Card","Card"],"build_version":"2020-12-22","purchased_purges":3,"victory":false,"max_hp_per_floor":[68,68,68,68,68,68,68,68,68,68,82,82,82,82,82,82,82,82,82,82,82,82,82,82,82,82,82,82,82,82,82,82,82,82,82,82,82,82,82,82,82,82,82,84,84,86,88,90,90,90,90,90,90,90,90],"relic_stats":{"Nunchaku":[0],"Singing Bowl":8,"counters":[30,120],"Astrolabe":["Cold Snap","Coolheaded","Reboot"],"War Paint":["Leap","Glacier"],"obtain_stats":[{"Ice Cream":21,"Potion Belt":27,"Singing Bowl":43,"hubris:SoftwareUpdate":44,"Astrolabe":17,"Mango":11,"hubris:Towel":4,"hubris:RunicObelisk":34,"War Paint":40,"Mercury Hourglass":6,"Nunchaku":52,"Cracked Core":0,"FossilizedHelix":9,"TungstenRod":23},{"Ice Cream":11,"Potion Belt":14,"Singing Bowl":24,"hubris:SoftwareUpdate":25,"Astrolabe":8,"Mango":6,"hubris:Towel":2,"hubris:RunicObelisk":18,"War Paint":23,"Mercury Hourglass":4,"Nunchaku":29,"Cracked Core":0,"FossilizedHelix":5,"TungstenRod":13},{"Ice Cream":38,"Potion Belt":48,"Singing Bowl":91,"hubris:SoftwareUpdate":98,"Astrolabe":27,"Mango":18,"hubris:Towel":4,"hubris:RunicObelisk":68,"War Paint":87,"Mercury Hourglass":11,"Nunchaku":118,"Cracked Core":0,"FossilizedHelix":14,"TungstenRod":43}],"TungstenRod":26,"Mercury Hourglass":[497]},"card_choices":[{"not_picked":["Stack","Steam"],"picked":"Sweeping Beam","floor":1},{"not_picked":["Conserve Battery","Sweeping Beam"],"picked":"Self Repair","floor":2},{"not_picked":["Reinforced Body","Melter"],"picked":"Chaos","floor":5},{"not_picked":["Aggregate","Undo"],"picked":"Cold Snap","floor":6},{"not_picked":["Streamline","Fusion"],"picked":"Sweeping Beam","floor":8},{"not_picked":["Leap","Reinforced Body"],"picked":"Compile Driver","floor":11},{"not_picked":["Heatsinks","Steam","Conserve Battery"],"picked":"SKIP","floor":14},{"not_picked":["All For One","Hyperbeam"],"picked":"Electrodynamics","floor":16},{"not_picked":["Heatsinks+1","Steam","Cold Snap"],"picked":"SKIP","floor":18},{"not_picked":["Cold Snap","Thunder Strike","Turbo"],"picked":"SKIP","floor":19},{"not_picked":["Conserve Battery","Tempest+1"],"picked":"Glacier","floor":20},{"not_picked":["Leap","Gash","Blizzard+1"],"picked":"SKIP","floor":22},{"not_picked":["Sweeping Beam","Storm","Go for the Eyes"],"picked":"SKIP","floor":23},{"not_picked":["Hello World+1","Gash","White Noise"],"picked":"SKIP","floor":27},{"not_picked":["Go for the Eyes","Turbo"],"picked":"Redo+1","floor":29},{"not_picked":["Sweeping Beam","Hello World+1"],"picked":"Self Repair","floor":30},{"not_picked":["Beam Cell","Consume"],"picked":"ICR:ChainLightning","floor":31},{"not_picked":["Coolheaded+1","Leap+1"],"picked":"Hologram+1","floor":35},{"not_picked":["Turbo","Blizzard"],"picked":"Capacitor","floor":36},{"not_picked":["Steam+1","Barrage"],"picked":"Recycle+1","floor":38},{"not_picked":["Compile Driver+1","Go for the Eyes+1"],"picked":"Conserve Battery+1","floor":39},{"not_picked":["Streamline","Loop"],"picked":"Core Surge","floor":40},{"not_picked":["Turbo+1","Compile Driver"],"picked":"Consume+1","floor":42},{"not_picked":["Chaos+1","Compile Driver","Streamline+1"],"picked":"Singing Bowl","floor":44},{"not_picked":["Ball Lightning+1","Steam+1","Compile Driver"],"picked":"Singing Bowl","floor":46},{"not_picked":["Leap+1","Cold Snap","Chaos+1"],"picked":"Singing Bowl","floor":47},{"not_picked":["Stack","Compile Driver+1","Redo"],"picked":"Singing Bowl","floor":48}],"player_experience":243959,"relics_obtained":[{"floor":6,"key":"Mercury Hourglass"},{"floor":9,"key":"FossilizedHelix"},{"floor":11,"key":"Mango"},{"floor":23,"key":"TungstenRod"},{"floor":27,"key":"Potion Belt"},{"floor":40,"key":"War Paint"},{"floor":43,"key":"Singing Bowl"},{"floor":44,"key":"hubris:SoftwareUpdate"}],"event_choices":[{"damage_healed":0,"gold_gain":75,"player_choice":"Gather Gold","damage_taken":11,"max_hp_gain":0,"max_hp_loss":0,"event_name":"World of Goop","floor":12,"gold_loss":0},{"damage_healed":0,"gold_gain":0,"player_choice":"Ignored","damage_taken":0,"max_hp_gain":0,"max_hp_loss":0,"event_name":"Vampires","floor":25,"gold_loss":0},{"damage_healed":0,"gold_gain":0,"player_choice":"Upgraded","damage_taken":0,"max_hp_gain":0,"max_hp_loss":0,"event_name":"Upgrade Shrine","floor":37,"gold_loss":0,"cards_upgraded":["Capacitor"]}],"is_beta":false,"boss_relics":[{"not_picked":["Busted Crown","Fusion Hammer"],"picked":"Astrolabe"},{"not_picked":["Black Star","Velvet Choker"],"picked":"hubris:RunicObelisk"}],"items_purged_floors":[3,28,52],"is_endless":false,"potions_floor_spawned":[6,11,14,18,23,29,31,36,39,42,46,48],"killed_by":"Shield and Spear","ascension_level":2}}