{"host":"hf26dlu7397s98tc","time":1610118084,"event":{"mods":["Act Like it!","Arknights The Spire","Astrologer","BaseMod","CapriCore","Elementarium","GifTheSpireLib","Hermit","Luminous","Minty Spire (QoL Compilation)","Pale of the Ancients","Pikachu Mod","Quick Restart","Robot Space Explorer","StSLib","The Dragon Tamer","The Gatherer","The Immortal","TheWitcher","UnlockEverythingMod","Yakumo Yukari mod"],"gold_per_floor":[116,41,41,41,54,87,87,98,121,135,135,310,310,310],"floor_reached":13,"playtime":491,"items_purged":["RobotSpaceExplorer:Defend"],"score":108,"play_id":"8ee83c3e-fee0-4ef9-8156-70514eb583c7","local_time":"20210108230124","is_ascension_mode":false,"campfire_choices":[{"floor":7.0,"key":"RECALL"}],"circlet_count":0,"master_deck":["RobotSpaceExplorer:Strike","RobotSpaceExplorer:Strike","RobotSpaceExplorer:Strike","RobotSpaceExplorer:Defend","RobotSpaceExplorer:Defend","RobotSpaceExplorer:Defend","RobotSpaceExplorer:Scan","RobotSpaceExplorer:MiniLasers","RobotSpaceExplorer:LuckyStrike","RobotSpaceExplorer:FranticSearch","RobotSpaceExplorer:FranticSearch","Doubt"],"relics":["RobotSpaceExplorer:RoboCore","NeowsBlessing","Nunchaku"],"acts_visited":["Exordium"],"potions_floor_usage":[],"damage_taken":[{"damage":0.0,"enemies":"2 Louse","floor":1.0,"turns":1.0},{"damage":0.0,"enemies":"Cultist","floor":5.0,"turns":1.0},{"damage":0.0,"enemies":"Lagavulin","floor":6.0,"turns":1.0},{"damage":0.0,"enemies":"Jaw Worm","floor":8.0,"turns":2.0},{"damage":13.0,"enemies":"Large Slime","floor":10.0,"turns":8.0},{"damage":26,"enemies":"3 Sentries","floor":13,"turns":6}],"seed_played":"-7893340839962168685","potions_obtained":[{"floor":6.0,"key":"Ancient Potion"},{"floor":8.0,"key":"GamblersBrew"}],"is_trial":false,"path_per_floor":["M","$","?","$","M","E","R","M","T","M","?","?","E"],"character_chosen":"RobotSpaceExplorer","items_purchased":[],"campfire_rested":0,"item_purchase_floors":[],"current_hp_per_floor":[75,75,75,75,75,75,75,75,75,62,67,67,41,41],"gold":310,"neow_bonus":"THREE_ENEMY_KILL","is_daily":false,"chose_seed":false,"campfire_upgraded":0,"win_rate":0.0,"timestamp":1610118084,"path_taken":["M","$","?","$","?","E","R","M","T","M","?","?","E"],"items_purchased_type":[],"build_version":"2020-12-22","purchased_purges":1,"victory":false,"max_hp_per_floor":[75,75,75,75,75,75,75,75,75,75,80,80,80,80],"card_choices":[{"not_picked":["RobotSpaceExplorer:SlimeMissile","RobotSpaceExplorer:ScrapToss","RobotSpaceExplorer:ExhaustFan"],"picked":"SKIP","floor":1.0},{"not_picked":["RobotSpaceExplorer:Jetpack","RobotSpaceExplorer:JunkDive"],"picked":"RobotSpaceExplorer:LuckyStrike","floor":5.0},{"not_picked":["RobotSpaceExplorer:StunGrenade","RobotSpaceExplorer:Electroshield"],"picked":"RobotSpaceExplorer:FranticSearch","floor":6.0},{"not_picked":["RobotSpaceExplorer:RigExplosive","RobotSpaceExplorer:SurgingShield","RobotSpaceExplorer:MakeshiftVolley"],"picked":"SKIP","floor":8.0},{"not_picked":["RobotSpaceExplorer:DoubleBlock","RobotSpaceExplorer:BigMissile"],"picked":"RobotSpaceExplorer:FranticSearch","floor":10.0}],"player_experience":201385,"relics_obtained":[{"floor":6.0,"key":"Nunchaku"}],"event_choices":[{"cards_removed":["RobotSpaceExplorer:Strike"],"damage_healed":0.0,"max_hp_gain":0.0,"max_hp_loss":0.0,"gold_gain":0.0,"event_name":"Bonfire Elementals","player_choice":"Offered Basic","floor":3.0,"gold_loss":0.0,"damage_taken":0.0},{"damage_healed":0,"gold_gain":0,"player_choice":"Donut","damage_taken":0,"max_hp_gain":5,"max_hp_loss":0,"event_name":"Big Fish","floor":11,"gold_loss":0},{"damage_healed":0,"gold_gain":175,"player_choice":"AGREE","damage_taken":0,"max_hp_gain":0,"max_hp_loss":0,"event_name":"Liars Game","floor":12,"gold_loss":0,"cards_obtained":["Doubt"]}],"is_beta":false,"boss_relics":[],"items_purged_floors":[2],"is_endless":false,"potions_floor_spawned":[6,8],"killed_by":"3 Sentries","ascension_level":0}}