{"host":"j45ucdvl5ntpx4kf","time":1610079122,"event":{"mods":["AchievementEnabler","BaseMod","Colored Map","Colored Powertips","Minty Spire (QoL Compilation)","StSLib"],"gold_per_floor":[144,189,234,9,9,9,54,99,124,283,328,328,418,463,463,763,763,808,853,898,848,893,983,983,1028,1053,1053,1107,1152,350,650,650,959,959,1013,1076,502,652,697,697,787,787,787,832,877,877,922,976,976,976],"floor_reached":51,"playtime":2063,"items_purged":["Shrug It Off","DeceiveReality+1"],"score":757,"play_id":"add37169-30bc-4e44-a64e-76222ab4501d","local_time":"20210107231202","daily_mods":["Draft","Uncertain Future","Midas"],"is_ascension_mode":false,"campfire_choices":[{"floor":12.0,"key":"REST"},{"floor":15.0,"key":"REST"},{"floor":24.0,"key":"REST"},{"floor":27.0,"key":"REST"},{"floor":32.0,"key":"REST"},{"floor":40.0,"key":"REST"},{"floor":46,"key":"REST"},{"floor":49,"key":"REST"}],"circlet_count":0,"master_deck":["Iron Wave","Anger","Clothesline","Clash","Pommel Strike","Disarm","Cleave","Battle Trance","Sever Soul+1","Whirlwind","Metallicize","Reckless Charge","Cleave","Flex+1","Hemokinesis","Rupture","TalkToTheHand","SashWhip","Clash","Unload","Panacea+1","TalkToTheHand","Tantrum+1","Pommel Strike+1","Iron Wave+1","Tantrum+1","Die Die Die+1","Brutality","Swift Strike+1","Pummel+1","Go for the Eyes+1"],"relics":["Burning Blood","PrismaticShard","Boot","Meat on the Bone","Gremlin Horn","Runic Cube","Molten Egg 2","CeramicFish","Vajra","Prayer Wheel","DollysMirror","Torii","White Beast Statue","Philosopher\u0027s Stone","Frozen Eye","Oddly Smooth Stone","Regal Pillow","StoneCalendar","Turnip","Self Forming Clay"],"acts_visited":["Exordium","TheCity","TheBeyond"],"potions_floor_usage":[42,50,50,50],"damage_taken":[{"damage":0.0,"enemies":"2 Louse","floor":1.0,"turns":2.0},{"damage":0.0,"enemies":"Small Slimes","floor":2.0,"turns":2.0},{"damage":3.0,"enemies":"Jaw Worm","floor":3.0,"turns":2.0},{"damage":0.0,"enemies":"Gremlin Gang","floor":7.0,"turns":1.0},{"damage":2.0,"enemies":"2 Fungi Beasts","floor":8.0,"turns":1.0},{"damage":6.0,"enemies":"Lagavulin Event","floor":10.0,"turns":4.0},{"damage":0.0,"enemies":"3 Louse","floor":11.0,"turns":1.0},{"damage":4.0,"enemies":"Gremlin Nob","floor":13.0,"turns":3.0},{"damage":8.0,"enemies":"Blue Slaver","floor":14.0,"turns":2.0},{"damage":12.0,"enemies":"Hexaghost","floor":16.0,"turns":8.0},{"damage":3.0,"enemies":"Chosen","floor":18.0,"turns":3.0},{"damage":5.0,"enemies":"Shell Parasite","floor":19.0,"turns":4.0},{"damage":9.0,"enemies":"Sentry and Sphere","floor":20.0,"turns":3.0},{"damage":22.0,"enemies":"Shelled Parasite and Fungi","floor":22.0,"turns":4.0},{"damage":13.0,"enemies":"Book of Stabbing","floor":23.0,"turns":4.0},{"damage":8.0,"enemies":"Centurion and Healer","floor":25.0,"turns":3.0},{"damage":9.0,"enemies":"Snecko","floor":28.0,"turns":5.0},{"damage":12.0,"enemies":"Snake Plant","floor":29.0,"turns":3.0},{"damage":2.0,"enemies":"Colosseum Slavers","floor":31.0,"turns":2.0},{"damage":3.0,"enemies":"Colosseum Nobs","floor":31.0,"turns":3.0},{"damage":16.0,"enemies":"Collector","floor":33.0,"turns":5.0},{"damage":22.0,"enemies":"3 Darklings","floor":35.0,"turns":2.0},{"damage":12.0,"enemies":"3 Shapes","floor":36.0,"turns":1.0},{"damage":22.0,"enemies":"Mind Bloom Boss Battle","floor":38.0,"turns":4.0},{"damage":6.0,"enemies":"Transient","floor":39.0,"turns":5.0},{"damage":4,"enemies":"Giant Head","floor":41,"turns":5},{"damage":16,"enemies":"Writhing Mass","floor":44,"turns":4},{"damage":55,"enemies":"4 Shapes","floor":45,"turns":2},{"damage":0,"enemies":"Jaw Worm Horde","floor":47,"turns":1},{"damage":4,"enemies":"Maw","floor":48,"turns":4},{"damage":35,"enemies":"Awakened One","floor":50,"turns":4}],"seed_played":"-6062085814737979882","potions_obtained":[{"floor":1.0,"key":"Weak Potion"},{"floor":8.0,"key":"GamblersBrew"},{"floor":10.0,"key":"SteroidPotion"},{"floor":13.0,"key":"ColorlessPotion"},{"floor":16.0,"key":"AttackPotion"},{"floor":28.0,"key":"DuplicationPotion"},{"floor":31.0,"key":"Ancient Potion"},{"floor":33.0,"key":"DistilledChaos"},{"floor":36.0,"key":"EssenceOfSteel"},{"floor":42,"key":"Fruit Juice"},{"floor":42,"key":"LiquidMemories"}],"is_trial":false,"path_per_floor":["M","M","M","$","?","?","M","M","T","?","M","R","E","M","R","B",null,"M","M","M","?","M","E","R","M","T","R","M","M","$","?","R","B",null,"M","M","$","?","M","R","E","?","T","M","M","R","M","M","R","B",null],"character_chosen":"IRONCLAD","items_purchased":["PrismaticShard","Vajra","Iron Wave+1","Prayer Wheel","DollysMirror","Fruit Juice","DuplicationPotion","Frozen Eye","Oddly Smooth Stone","Regal Pillow","Pummel+1"],"campfire_rested":8,"item_purchase_floors":[4,30,30,30,30,30,30,37,37,37,37],"current_hp_per_floor":[80,80,80,80,64,64,70,74,74,74,80,80,80,78,80,74,80,80,80,77,77,61,54,78,76,76,80,77,71,76,83,85,75,85,69,63,63,59,59,85,85,90,90,80,43,85,90,90,90,61],"gold":976,"neow_bonus":"","is_daily":true,"chose_seed":false,"campfire_upgraded":0,"win_rate":0.0,"timestamp":1610079122,"path_taken":["M","M","M","$","?","?","M","M","T","?","M","R","E","M","R","BOSS","M","M","M","?","M","E","R","M","T","R","?","M","$","?","R","BOSS","M","M","$","?","M","R","E","?","T","M","M","R","?","M","R","BOSS"],"items_purchased_type":["Relic","Relic","Card","Relic","Relic","Potion","Potion","Relic","Relic","Relic","Card"],"build_version":"2020-12-22","purchased_purges":2,"victory":true,"max_hp_per_floor":[80,80,80,80,80,80,80,80,80,80,80,80,80,80,80,80,80,80,80,80,80,80,80,80,80,80,80,80,80,85,85,85,85,85,85,85,85,85,85,85,85,90,90,90,90,90,90,90,90,90],"card_choices":[{"not_picked":["Intimidate","Metallicize"],"picked":"Iron Wave","floor":0.0},{"not_picked":["Rampage","Sword Boomerang"],"picked":"Anger","floor":0.0},{"not_picked":["Havoc","Wild Strike"],"picked":"Clothesline","floor":0.0},{"not_picked":["Twin Strike","Anger"],"picked":"Clash","floor":0.0},{"not_picked":["Flame Barrier","Warcry"],"picked":"Pommel Strike","floor":0.0},{"not_picked":["Warcry","Flex"],"picked":"Disarm","floor":0.0},{"not_picked":["Fire Breathing","Armaments"],"picked":"Cleave","floor":0.0},{"not_picked":["Cleave","Rupture"],"picked":"Battle Trance","floor":0.0},{"not_picked":["Sword Boomerang","Dual Wield"],"picked":"Sever Soul","floor":0.0},{"not_picked":["Wild Strike","Combust"],"picked":"Whirlwind","floor":0.0},{"not_picked":["Flex","Reckless Charge"],"picked":"Metallicize","floor":0.0},{"not_picked":["Entrench","Battle Trance"],"picked":"Shrug It Off","floor":0.0},{"not_picked":["True Grit","Seeing Red"],"picked":"Reckless Charge","floor":0.0},{"not_picked":["Clash","Warcry"],"picked":"Cleave","floor":0.0},{"not_picked":["Thunderclap","Disarm"],"picked":"Flex","floor":0.0},{"not_picked":["Armaments","Perfected Strike","True Grit"],"picked":"SKIP","floor":1.0},{"not_picked":["Flex","Ghostly Armor"],"picked":"Hemokinesis","floor":2.0},{"not_picked":["Flame Barrier","Clothesline"],"picked":"Rupture","floor":3.0},{"not_picked":["Cold Snap","Clothesline"],"picked":"TalkToTheHand","floor":7.0},{"not_picked":["Deep Breath","ClearTheMind","Double Tap"],"picked":"SKIP","floor":8.0},{"not_picked":["Combust","Sword Boomerang"],"picked":"SashWhip","floor":10.0},{"not_picked":["Shrug It Off","Bandage Up","FlurryOfBlows"],"picked":"SKIP","floor":11.0},{"not_picked":["SignatureMove","TalkToTheHand","Deflect"],"picked":"SKIP","floor":13.0},{"not_picked":["Beam Cell","Armaments"],"picked":"Clash","floor":14.0},{"not_picked":["Juggernaut","Glass Knife"],"picked":"Unload","floor":16.0},{"not_picked":["LikeWater","Doom and Gloom"],"picked":"Panacea+1","floor":18.0},{"not_picked":["Dodge and Roll","Beam Cell"],"picked":"TalkToTheHand","floor":19.0},{"not_picked":["Recycle","Swivel+1","EmptyBody"],"picked":"SKIP","floor":20.0},{"not_picked":["EmptyFist","Eviscerate","Clothesline+1"],"picked":"SKIP","floor":22.0},{"not_picked":["FlurryOfBlows+1","Hemokinesis+1"],"picked":"Tantrum+1","floor":23.0},{"not_picked":["Bane+1","Exhume","Havoc"],"picked":"SKIP","floor":25.0},{"not_picked":["Headbutt+1","Beam Cell+1"],"picked":"Pommel Strike+1","floor":28.0},{"not_picked":["Beam Cell+1","Flechettes+1","Pommel Strike+1"],"picked":"SKIP","floor":29.0},{"not_picked":["Buffer","Secret Technique"],"picked":"Die Die Die+1","floor":33.0},{"not_picked":["FlurryOfBlows+1","True Grit"],"picked":"Brutality","floor":35.0},{"not_picked":["Underhanded Strike+1","Choke+1","Quick Slash+1"],"picked":"SKIP","floor":35.0},{"not_picked":["Sword Boomerang+1","Auto Shields"],"picked":"DeceiveReality+1","floor":36.0},{"not_picked":["BowlingBash+1","JustLucky+1"],"picked":"Swift Strike+1","floor":36.0},{"not_picked":["Wireheading+1","Prostrate+1","Flechettes+1"],"picked":"SKIP","floor":39.0},{"not_picked":["Concentrate","Body Slam+1","FTL+1"],"picked":"SKIP","floor":39.0},{"not_picked":["Slice+1","Dropkick+1","Dagger Throw+1"],"picked":"SKIP","floor":41},{"not_picked":["Iron Wave+1","Heel Hook+1","Deadly Poison"],"picked":"SKIP","floor":44},{"not_picked":["Scrape+1","Sever Soul+1","Brilliance+1"],"picked":"SKIP","floor":44},{"not_picked":["Perfected Strike+1","EmptyMind+1","Rebound+1"],"picked":"SKIP","floor":45},{"not_picked":["SashWhip+1","Infinite Blades","Combust"],"picked":"SKIP","floor":45},{"not_picked":["Steam","Evaluate","Prostrate+1"],"picked":"SKIP","floor":47},{"not_picked":["Rebound+1","EmptyBody","Study+1"],"picked":"SKIP","floor":47},{"not_picked":["Sword Boomerang+1","Backflip+1"],"picked":"Go for the Eyes+1","floor":48},{"not_picked":["Uppercut+1","Panache","Combust+1"],"picked":"SKIP","floor":48}],"player_experience":138200,"relics_obtained":[{"floor":9.0,"key":"Boot"},{"floor":13.0,"key":"Gremlin Horn"},{"floor":23.0,"key":"Molten Egg 2"},{"floor":26.0,"key":"CeramicFish"},{"floor":31.0,"key":"Torii"},{"floor":31.0,"key":"White Beast Statue"},{"floor":38.0,"key":"StoneCalendar"},{"floor":41,"key":"Turnip"},{"floor":43,"key":"Self Forming Clay"}],"event_choices":[{"damage_healed":0.0,"max_hp_gain":0.0,"max_hp_loss":0.0,"gold_gain":0.0,"event_name":"Shining Light","player_choice":"Entered Light","floor":5.0,"gold_loss":0.0,"damage_taken":16.0,"cards_upgraded":["Flex","Sever Soul"]},{"damage_healed":0.0,"max_hp_gain":0.0,"max_hp_loss":0.0,"gold_gain":0.0,"event_name":"Liars Game","player_choice":"Ignored","floor":6.0,"gold_loss":0.0,"damage_taken":0.0},{"damage_healed":0.0,"max_hp_gain":0.0,"max_hp_loss":0.0,"gold_gain":0.0,"event_name":"Dead Adventurer","player_choice":"Searched \u00272\u0027 times","floor":10.0,"gold_loss":0.0,"damage_taken":0.0,"relics_obtained":["Meat on the Bone"]},{"damage_healed":0.0,"max_hp_gain":0.0,"max_hp_loss":0.0,"gold_gain":0.0,"event_name":"The Joust","player_choice":"Bet on Murderer","floor":21.0,"gold_loss":50.0,"damage_taken":0.0},{"damage_healed":0.0,"max_hp_gain":0.0,"max_hp_loss":0.0,"gold_gain":0.0,"event_name":"Colosseum","player_choice":"Fight","floor":31.0,"gold_loss":0.0,"damage_taken":0.0},{"damage_healed":0.0,"max_hp_gain":0.0,"max_hp_loss":0.0,"gold_gain":0.0,"event_name":"Colosseum","player_choice":"Fought Nobs","floor":31.0,"gold_loss":0.0,"damage_taken":0.0},{"damage_healed":0.0,"max_hp_gain":0.0,"max_hp_loss":0.0,"gold_gain":0.0,"event_name":"MindBloom","player_choice":"Fight","floor":38.0,"gold_loss":0.0,"damage_taken":0.0},{"damage_healed":0,"gold_gain":0,"player_choice":"Got Potions","damage_taken":0,"max_hp_gain":0,"max_hp_loss":0,"event_name":"Lab","floor":42,"gold_loss":0}],"is_beta":false,"boss_relics":[{"not_picked":["Calling Bell","Runic Pyramid"],"picked":"Runic Cube"},{"not_picked":["Sozu","Tiny House"],"picked":"Philosopher\u0027s Stone"}],"items_purged_floors":[4,37],"is_endless":false,"potions_floor_spawned":[1,8,10,13,16,18,22,25,28,31,33,35,36,38,39,41,44,45,47,48],"ascension_level":0}}