{"host":"d66n7ln59ex8canu","time":1610076871,"event":{"mods":["AchievementEnabler","BaseMod","Colored Map","Minty Spire (QoL Compilation)","Quick Restart","StSLib"],"gold_per_floor":[111,111,125,225,236,236,268,268,314,325,336,366,66,76,76,172,172,188,188,204,6,19,19,19,19,19,19,49,49,49,49,49,153,153,163,180,108,128,138,138,148,148,148,176,176,78,0,0,0,0,0],"floor_reached":50,"playtime":1234,"items_purged":[],"score":781,"play_id":"51cd1613-b6d5-414d-bc75-79f202a15ee9","local_time":"20210107223431","is_ascension_mode":true,"campfire_choices":[{"data":"Inflame","floor":6,"key":"SMITH"},{"data":"Inflame","floor":8,"key":"SMITH"},{"data":"Armaments","floor":15,"key":"SMITH"},{"data":"Offering","floor":23,"key":"SMITH"},{"floor":25,"key":"REST"},{"data":"Sword Boomerang","floor":30,"key":"SMITH"},{"data":"J.A.X.","floor":32,"key":"SMITH"},{"floor":40,"key":"RECALL"},{"data":"Inflame","floor":42,"key":"SMITH"},{"floor":49,"key":"REST"}],"circlet_count":0,"master_deck":["AscendersBane","Strike_R","Strike_R","Strike_R","Strike_R","Strike_R","Defend_R","Defend_R","Defend_R","Defend_R","Inflame+1","Ghostly Armor","Armaments+1","Inflame+1","Sword Boomerang+1","Disarm","Offering+1","Cleave","Shrug It Off+1","J.A.X.+1","Reaper","Twin Strike","Power Through+1","Iron Wave+1","Inflame+1","Inflame+1","Discovery+1","Jack Of All Trades+1","Dark Shackles+1"],"relics":["Burning Blood","NeowsBlessing","Bag of Marbles","Juzu Bracelet","Regal Pillow","Red Skull","ClockworkSouvenir","SlaversCollar","Brimstone","Omamori","FossilizedHelix","Calling Bell","Centennial Puzzle","Toxic Egg 2","Peace Pipe","PreservedInsect","Red Mask"],"acts_visited":["Exordium","TheCity","TheBeyond"],"potions_floor_usage":[7,16,28,50,50],"damage_taken":[{"damage":0,"enemies":"2 Louse","floor":1,"turns":1},{"damage":2,"enemies":"Small Slimes","floor":3,"turns":2},{"damage":0,"enemies":"Cultist","floor":5,"turns":1},{"damage":29,"enemies":"3 Sentries","floor":7,"turns":9},{"damage":12,"enemies":"2 Fungi Beasts","floor":10,"turns":4},{"damage":6,"enemies":"Lots of Slimes","floor":11,"turns":4},{"damage":3,"enemies":"Blue Slaver","floor":14,"turns":2},{"damage":20,"enemies":"Slime Boss","floor":16,"turns":8},{"damage":9,"enemies":"Chosen","floor":18,"turns":4},{"damage":37,"enemies":"3 Byrds","floor":20,"turns":7},{"damage":14,"enemies":"Snecko","floor":22,"turns":3},{"damage":29,"enemies":"Slavers","floor":28,"turns":3},{"damage":30,"enemies":"Collector","floor":33,"turns":5},{"damage":40,"enemies":"3 Darklings","floor":35,"turns":3},{"damage":14,"enemies":"Orb Walker","floor":36,"turns":3},{"damage":19,"enemies":"Sphere and 2 Shapes","floor":38,"turns":3},{"damage":54,"enemies":"3 Darklings","floor":39,"turns":3},{"damage":14,"enemies":"Jaw Worm Horde","floor":41,"turns":3},{"damage":37,"enemies":"Reptomancer","floor":44,"turns":4},{"damage":93,"enemies":"Time Eater","floor":50,"turns":5}],"seed_played":"-8515279999656228043","potions_obtained":[{"floor":1,"key":"Fire Potion"},{"floor":5,"key":"Explosive Potion"},{"floor":11,"key":"GamblersBrew"},{"floor":14,"key":"CultistPotion"},{"floor":16,"key":"Explosive Potion"},{"floor":28,"key":"Fire Potion"}],"is_trial":false,"path_per_floor":["M","?","M","?","M","R","E","R","T","M","M","?","$","M","R","B",null,"M","?","M","$","M","R","$","R","T","?","E","$","R","?","R","B",null,"M","M","$","M","M","R","M","R","T","E","?","$","?","?","R","B"],"character_chosen":"IRONCLAD","items_purchased":["Red Skull","ClockworkSouvenir","Brimstone","Strength Potion","Power Through+1","Dark Shackles+1"],"campfire_rested":2,"item_purchase_floors":[13,13,21,21,37,46],"current_hp_per_floor":[78,78,80,80,80,80,57,57,57,51,51,51,51,54,54,40,70,67,67,36,36,28,28,28,67,67,67,44,44,44,44,44,20,65,31,34,34,54,35,35,53,53,53,49,44,44,44,44,76,0,0],"gold":0,"neow_bonus":"THREE_ENEMY_KILL","is_daily":false,"chose_seed":false,"campfire_upgraded":7,"win_rate":0.0,"timestamp":1610076871,"path_taken":["M","?","M","?","?","R","E","R","T","M","M","?","$","M","R","BOSS","M","?","M","$","M","R","$","R","T","?","E","?","R","?","R","BOSS","M","M","$","M","M","R","M","R","T","E","?","$","?","?","R","BOSS"],"items_purchased_type":["Relic","Relic","Relic","Potion","Card","Card"],"build_version":"2020-12-22","purchased_purges":0,"victory":false,"max_hp_per_floor":[80,80,80,80,80,80,80,80,80,80,80,80,80,80,80,80,80,80,80,80,80,80,80,80,80,80,80,80,80,80,80,80,80,80,80,80,80,80,80,80,80,80,80,80,80,80,80,76,76,76,76],"card_choices":[{"not_picked":["Armaments","Twin Strike"],"picked":"Inflame","floor":1},{"not_picked":["Flex","Clothesline"],"picked":"Ghostly Armor","floor":3},{"not_picked":["Metallicize","Feel No Pain"],"picked":"Armaments","floor":5},{"not_picked":["Rampage","Iron Wave"],"picked":"Inflame","floor":7},{"not_picked":["Body Slam","Infernal Blade"],"picked":"Sword Boomerang","floor":10},{"not_picked":["Sever Soul","Clash","Havoc"],"picked":"SKIP","floor":11},{"not_picked":["Dual Wield","Entrench"],"picked":"Disarm","floor":14},{"not_picked":["Bludgeon","Feed"],"picked":"Offering","floor":16},{"not_picked":["Clothesline","Perfected Strike+1","Flex"],"picked":"SKIP","floor":18},{"not_picked":["Whirlwind","Dark Embrace+1"],"picked":"Cleave","floor":20},{"not_picked":["Armaments","Headbutt","Thunderclap"],"picked":"SKIP","floor":22},{"not_picked":["Clothesline","Warcry"],"picked":"Shrug It Off+1","floor":28},{"not_picked":["Exhume","Bludgeon"],"picked":"Reaper","floor":33},{"not_picked":["Sever Soul","Infernal Blade+1","Pommel Strike+1"],"picked":"SKIP","floor":35},{"not_picked":["Hemokinesis","Combust"],"picked":"Twin Strike","floor":36},{"not_picked":["Body Slam+1","Seeing Red+1","Dropkick+1"],"picked":"SKIP","floor":38},{"not_picked":["Sword Boomerang","Armaments+1"],"picked":"Iron Wave+1","floor":39},{"not_picked":["Anger","Armaments+1"],"picked":"Inflame","floor":41},{"not_picked":["Immolate","Flame Barrier+1"],"picked":"Inflame+1","floor":44},{"not_picked":["PanicButton+1","Apotheosis+1"],"picked":"Discovery+1","floor":45},{"not_picked":["Deep Breath+1","Enlightenment+1"],"picked":"Jack Of All Trades+1","floor":45}],"player_experience":309433,"relics_obtained":[{"floor":7,"key":"Bag of Marbles"},{"floor":9,"key":"Juzu Bracelet"},{"floor":26,"key":"Omamori"},{"floor":28,"key":"FossilizedHelix"},{"floor":34,"key":"Centennial Puzzle"},{"floor":34,"key":"Toxic Egg 2"},{"floor":34,"key":"Peace Pipe"},{"floor":44,"key":"PreservedInsect"}],"event_choices":[{"damage_healed":0,"gold_gain":0,"player_choice":"Leave","damage_taken":0,"max_hp_gain":0,"max_hp_loss":0,"event_name":"The Cleric","floor":2,"gold_loss":0},{"damage_healed":0,"gold_gain":100,"player_choice":"Pray","damage_taken":0,"max_hp_gain":0,"max_hp_loss":0,"event_name":"Golden Shrine","floor":4,"gold_loss":0},{"damage_healed":0,"gold_gain":30,"player_choice":"Searched \u00272\u0027 times","damage_taken":0,"relics_obtained":["Regal Pillow"],"max_hp_gain":0,"max_hp_loss":0,"event_name":"Dead Adventurer","floor":12,"gold_loss":0},{"damage_healed":0,"gold_gain":0,"player_choice":"Bought 0 Potions","damage_taken":0,"max_hp_gain":0,"max_hp_loss":0,"event_name":"The Woman in Blue","floor":19,"gold_loss":0},{"cards_removed":["Bash"],"damage_healed":0,"gold_gain":0,"player_choice":"Purged","damage_taken":0,"max_hp_gain":0,"max_hp_loss":0,"event_name":"Purifier","floor":27,"gold_loss":0},{"damage_healed":0,"gold_gain":0,"player_choice":"Obtain J.A.X.","damage_taken":0,"max_hp_gain":0,"max_hp_loss":0,"event_name":"Drug Dealer","floor":31,"gold_loss":0,"cards_obtained":["J.A.X."]},{"damage_healed":0,"gold_gain":0,"player_choice":"Memory 2","damage_taken":5,"max_hp_gain":0,"max_hp_loss":0,"event_name":"SensoryStone","floor":45,"gold_loss":0},{"damage_healed":0,"gold_gain":0,"player_choice":"Paid","damage_taken":0,"relics_obtained":["Red Mask"],"max_hp_gain":0,"max_hp_loss":0,"event_name":"Tomb of Lord Red Mask","floor":47,"gold_loss":78},{"damage_healed":0,"gold_gain":0,"player_choice":"Max HP","damage_taken":0,"max_hp_gain":0,"max_hp_loss":4,"event_name":"Winding Halls","floor":48,"gold_loss":0}],"is_beta":false,"boss_relics":[{"not_picked":["Runic Cube","Snecko Eye"],"picked":"SlaversCollar"},{"not_picked":["Astrolabe","Black Star"],"picked":"Calling Bell"}],"items_purged_floors":[],"is_endless":false,"potions_floor_spawned":[1,5,11,14,16,28,33,35,39,44],"killed_by":"Time Eater","ascension_level":11}}