{"host":"51mqhfpmwwd4kxyt","time":1610132849,"event":{"mods":["BaseMod","Downfall","Googly Eyes","Highlight Path","Minty Spire (QoL Compilation)","READ ME - Guardian Mod","StSLib","The Cursed","The Servant 0.9.4"],"gold_per_floor":[99,99,99,99,274,51,51,85,104,123,123,123,123,8,21,125,125,125,125,125,144,164,179,179,196,228,228,254,254,254,283,296,391,391,391,404,404,455,478,513,538,552,552,552,552,552],"floor_reached":44,"playtime":3198,"items_purged":["Doubt","Regret"],"score":545,"play_id":"4cc7a988-99bd-46e2-b727-3de01a03db03","local_time":"20210108140729","is_ascension_mode":false,"campfire_choices":[{"data":"champ:Taunt","floor":1,"key":"SMITH"},{"data":"champ:GladiatorStyle","floor":11,"key":"SMITH"},{"data":"champ:Lariat","floor":13,"key":"SMITH"},{"data":"champ:Improvising","floor":18,"key":"SMITH"},{"floor":27,"key":"REST"},{"floor":30,"key":"REST"},{"data":"champ:CalledShot","floor":35,"key":"SMITH"}],"circlet_count":0,"master_deck":["champ:Strike","champ:Strike","champ:Strike","champ:Strike","champ:Defend","champ:Defend+1","champ:Defend","champ:Defend","champ:Taunt+1","champ:RisingSlash","champ:FocusedDefense","champ:BringItOn","champ:Lariat+1","champ:GladiatorStyle+1","champ:EnGarde+1","champ:Improvising+1","champ:CrookedStrike+1","champ:SkillfulDodge+1","champ:ArenaPreparation","champ:Circumvent+1","champ:DancingMaster","champ:ViciousMockery+1","champ:CalledShot+1","champ:ShieldThrow","champ:DefensiveStyle","champ:IronFortress","champ:CheapShot","champ:DefensiveStyle","expansioncontent:PrepareCrush","expansioncontent:PrepareCrush","expansioncontent:DecasProtection"],"relics":["champ:ChampionCrown","downfall:HeartsMalice","PreservedInsect","Meat on the Bone","Art of War","InkBottle","Black Star","Peace Pipe","Dream Catcher","Ancient Tea Set","War Paint","Gambling Chip","Torii","Potion Belt","Philosopher\u0027s Stone","Turnip","Bag of Marbles","champ:FightingForDummies","Pen Nib","Anchor"],"acts_visited":["Exordium","TheCity","TheBeyond"],"potions_floor_usage":[21,38,42,44,44,44],"damage_taken":[{"damage":0,"enemies":"Cultist","floor":2,"turns":1},{"damage":0,"enemies":"downfall:FleeingMerchant","floor":6,"turns":1},{"damage":0,"enemies":"Gremlin Nob","floor":8,"turns":1},{"damage":0,"enemies":"2 Louse","floor":9,"turns":2},{"damage":11,"enemies":"Small Slimes","floor":10,"turns":3},{"damage":7,"enemies":"downfall:FleeingMerchant","floor":14,"turns":4},{"damage":16,"enemies":"Large Slime","floor":15,"turns":5},{"damage":48,"enemies":"downfall:Ironclad","floor":16,"turns":9},{"damage":44,"enemies":"3 Byrds","floor":21,"turns":9},{"damage":6,"enemies":"3 Cultists","floor":22,"turns":5},{"damage":20,"enemies":"Shelled Parasite and Fungi","floor":23,"turns":7},{"damage":58,"enemies":"Sentry and Sphere","floor":25,"turns":7},{"damage":40,"enemies":"Slavers","floor":26,"turns":5},{"damage":50,"enemies":"Gremlin Leader","floor":31,"turns":10},{"damage":31,"enemies":"Centurion and Healer","floor":32,"turns":5},{"damage":36,"enemies":"downfall:Silent","floor":33,"turns":9},{"damage":10,"enemies":"3 Shapes","floor":36,"turns":5},{"damage":30,"enemies":"2 Orb Walkers","floor":38,"turns":5},{"damage":43,"enemies":"Reptomancer","floor":40,"turns":6},{"damage":27,"enemies":"3 Darklings","floor":42,"turns":9},{"damage":92,"enemies":"Transient","floor":44,"turns":5}],"seed_played":"2715975876450353898","potions_obtained":[{"floor":10,"key":"Strength Potion"},{"floor":16,"key":"PowerPotion"},{"floor":23,"key":"Dexterity Potion"},{"floor":26,"key":"AttackPotion"},{"floor":31,"key":"Energy Potion"},{"floor":33,"key":"CultistPotion"},{"floor":38,"key":"BlessingOfTheForge"},{"floor":40,"key":"Dexterity Potion"},{"floor":42,"key":"champ:TechniquePotion"}],"is_trial":false,"path_per_floor":["R","M","?","?","?","$","T","E","M","M","R","?","R","$","M","B",null,"R","?","?","M","M","M","T","M","E","R","T","?","R","E","M","B",null,"R","M","?","?","T","E","T","M","?","M"],"character_chosen":"THE_CHAMP","items_purchased":["PreservedInsect"],"campfire_rested":2,"item_purchase_floors":[6],"current_hp_per_floor":[90,90,90,90,90,90,90,90,90,90,90,90,90,88,82,51,90,90,72,72,45,56,53,53,52,29,57,57,57,85,52,63,44,95,95,95,95,80,80,69,69,59,49,0,0,0],"gold":552,"neow_bonus":"THREE_ENEMY_KILL","is_daily":false,"chose_seed":false,"campfire_upgraded":5,"win_rate":0.0,"timestamp":1610132849,"path_taken":["R","M","?","?","?","?","T","E","M","M","R","?","R","$","M","BOSS","R","?","?","M","M","?","T","M","E","R","?","?","R","E","M","BOSS","R","M","?","?","?","E","T","M","?","?"],"items_purchased_type":["Relic"],"build_version":"2020-12-22","purchased_purges":2,"victory":false,"max_hp_per_floor":[90,90,90,90,90,90,90,90,90,90,90,90,90,90,90,90,90,90,95,95,95,95,95,95,95,95,95,95,95,95,95,95,95,95,95,95,95,95,95,95,95,95,95,95,95,95],"card_choices":[{"not_picked":["champ:TornadoPunch","champ:GladiatorsShout"],"picked":"champ:RisingSlash","floor":2},{"not_picked":["champ:FanOfKnives","champ:TornadoPunch"],"picked":"champ:FocusedDefense","floor":6},{"not_picked":["champ:Haymaker","champ:FocusedDefense"],"picked":"champ:BringItOn","floor":8},{"not_picked":["champ:Circumvent","champ:BladeFlurry"],"picked":"champ:Lariat","floor":9},{"not_picked":["champ:TornadoPunch","champ:BerserkersShout"],"picked":"champ:GladiatorStyle","floor":10},{"not_picked":["champ:RecklessLeap","champ:BerserkerStyle","champ:FlashCut"],"picked":"SKIP","floor":14},{"not_picked":["champ:Circumvent","champ:DefensiveShout"],"picked":"champ:EnGarde","floor":15},{"not_picked":["champ:HoldFirm","champ:SteelEdge"],"picked":"champ:Improvising","floor":16},{"not_picked":["champ:PerfectedStrike+1","champ:RapidStrikes"],"picked":"champ:CrookedStrike+1","floor":21},{"not_picked":["champ:FlashCut","champ:BerserkerStyle"],"picked":"champ:SkillfulDodge+1","floor":22},{"not_picked":["champ:DefensiveShout","champ:CrookedStrike"],"picked":"champ:ArenaPreparation","floor":23},{"not_picked":["champ:GladiatorsShout","champ:CrookedStrike","champ:BerserkersShout"],"picked":"SKIP","floor":25},{"not_picked":["champ:EndlessRage","champ:BladeFlurry"],"picked":"champ:Circumvent+1","floor":26},{"not_picked":["champ:EnGarde","champ:BerserkerStyle+1"],"picked":"champ:DancingMaster","floor":27},{"not_picked":["champ:Backstep","champ:Duel"],"picked":"champ:ViciousMockery+1","floor":31},{"not_picked":["champ:EndlessRage","champ:BringItOn+1"],"picked":"champ:CalledShot","floor":32},{"not_picked":["champ:HeavySlash","champ:Devastate"],"picked":"champ:ShieldThrow","floor":33},{"not_picked":["champ:Haymaker+1","champ:PerfectedStrike+1"],"picked":"champ:DefensiveStyle","floor":36},{"not_picked":["champ:StanceDance+1","champ:FanOfKnives"],"picked":"champ:IronFortress","floor":38},{"not_picked":["champ:BringItOn","champ:CrookedStrike"],"picked":"champ:CheapShot","floor":40},{"not_picked":["champ:RapidStrikes","champ:CrookedStrike+1"],"picked":"champ:DefensiveStyle","floor":42},{"not_picked":["expansioncontent:Torchfire","expansioncontent:BronzeBeam"],"picked":"expansioncontent:PrepareCrush","floor":43},{"not_picked":["expansioncontent:Flail","expansioncontent:GuardianWhirl"],"picked":"expansioncontent:PrepareCrush","floor":43},{"not_picked":["expansioncontent:Hexaburn","expansioncontent:FaceSlap"],"picked":"expansioncontent:DecasProtection","floor":43}],"player_experience":356111,"relics_obtained":[{"floor":7,"key":"Meat on the Bone"},{"floor":8,"key":"Art of War"},{"floor":24,"key":"Peace Pipe"},{"floor":26,"key":"Dream Catcher"},{"floor":26,"key":"Ancient Tea Set"},{"floor":28,"key":"War Paint"},{"floor":31,"key":"Torii"},{"floor":31,"key":"Potion Belt"},{"floor":38,"key":"Turnip"},{"floor":39,"key":"Bag of Marbles"},{"floor":40,"key":"champ:FightingForDummies"},{"floor":40,"key":"Pen Nib"},{"floor":41,"key":"Anchor"}],"event_choices":[{"damage_healed":0,"gold_gain":0,"player_choice":"Box","damage_taken":0,"relics_obtained":["InkBottle"],"max_hp_gain":0,"max_hp_loss":0,"event_name":"Big Fish","floor":12,"gold_loss":0,"cards_obtained":["Regret"]},{"damage_healed":0,"gold_gain":0,"player_choice":"Ignored","damage_taken":0,"max_hp_gain":0,"max_hp_loss":0,"event_name":"NoteForYourself","floor":20,"gold_loss":0},{"cards_removed":["champ:Execute"],"damage_healed":0,"gold_gain":0,"player_choice":"Removed Attack","damage_taken":0,"max_hp_gain":0,"max_hp_loss":0,"event_name":"Falling","floor":37,"gold_loss":0},{"damage_healed":0,"gold_gain":0,"player_choice":"Fight","damage_taken":0,"max_hp_gain":0,"max_hp_loss":0,"event_name":"Mysterious Sphere","floor":38,"gold_loss":0}],"is_beta":false,"boss_relics":[{"not_picked":["Velvet Choker","downfall:Hecktoplasm"],"picked":"Black Star"},{"not_picked":["Coffee Dripper","SlaversCollar"],"picked":"Philosopher\u0027s Stone"}],"items_purged_floors":[6,14],"is_endless":false,"potions_floor_spawned":[10,16,23,26,31,33,38,40,42],"killed_by":"Transient","ascension_level":0}}