{"host":"kfzb6d1vwx0oeud7","time":1610073154,"event":{"mods":["BaseMod","Colored Map","Colored Powertips","Downfall","Infinite Spire","Marisa????????","Minty Spire (QoL Compilation)","Remilia??????","Replay The Spire","StSLib","The Cursed","The Disciple","The Servant 0.9.4"],"gold_per_floor":[118,137,151,151,162,187,199,199,199,199,199,210,6,24,199,311,311,346,346,346,346,381,381,381],"floor_reached":23,"playtime":2873,"items_purged":[],"score":218,"play_id":"faa135e5-f146-4b78-b1b7-207e50ca9cb5","local_time":"20210107213234","is_ascension_mode":false,"campfire_choices":[{"floor":10,"key":"REST"}],"circlet_count":0,"master_deck":["Strike_MRS+1","Strike_MRS+1","Strike_MRS+1","Strike_MRS+1","Defend_MRS+1","Defend_MRS+1","Defend_MRS+1","Defend_MRS+1","MasterSpark","UpSweep","EscapeVelocity","GalacticHalo","SporeBomb","AlicesGift","Singularity","GrandCross","CasketOfStar","infinitespire:Execution","ShootingEcho","WitchOfGreed","LuminesStrike","BlazingStar","EarthLightRay","ShootingEcho"],"relics":["MiniHakkero","ReplayTheSpireMod:Ring of Addiction","ReplayTheSpireMod:Ring of Exchange","Chameleon Ring","White Beast Statue","Replay:Accelerometer","Replay:Rubber Ducky","Black Star","Cauldron"],"acts_visited":["Exordium","TheCity"],"potions_floor_usage":[5,6,6,6,12,16,18,22],"damage_taken":[{"damage":3,"enemies":"Cultist","floor":1,"turns":4},{"damage":7,"enemies":"2 Louse","floor":2,"turns":3},{"damage":8,"enemies":"Jaw Worm","floor":3,"turns":4},{"damage":0,"enemies":"Gremlin Gang","floor":5,"turns":3},{"damage":6,"enemies":"Replay:BlueRogue","floor":6,"turns":6},{"damage":16,"enemies":"3 Louse","floor":7,"turns":3},{"damage":5,"enemies":"Looter","floor":12,"turns":4},{"damage":5,"enemies":"Blue Slaver","floor":14,"turns":3},{"damage":13,"enemies":"Fading Forest","floor":16,"turns":11},{"damage":22,"enemies":"Shell Parasite","floor":18,"turns":5},{"damage":5,"enemies":"3 Byrds","floor":22,"turns":5},{"damage":52,"enemies":"Nightmare","floor":23,"turns":6}],"seed_played":"-2452659269724666405","potions_obtained":[{"floor":4,"key":"Explosive Potion"},{"floor":4,"key":"Languid Potion"},{"floor":4,"key":"Adrenaline Potion"},{"floor":5,"key":"Energy Potion"},{"floor":6,"key":"Elixir"},{"floor":7,"key":"AttackPotion"},{"floor":12,"key":"Fire Potion"},{"floor":14,"key":"Reflective Coating"},{"floor":16,"key":"PowerPotion"},{"floor":18,"key":"Explosive Potion"},{"floor":21,"key":"EntropicBrew"},{"floor":21,"key":"StarNLove"},{"floor":22,"key":"Elixir"}],"is_trial":false,"path_per_floor":["M","M","M","?","M","E","M","?","T","R","?","M","$","M","R_BF","B",null,"M","?","?","AVR","M","NM"],"character_chosen":"MARISA","items_purchased":["Replay:Rubber Ducky","WitchOfGreed"],"campfire_rested":1,"item_purchase_floors":[13,13],"current_hp_per_floor":[72,65,57,57,57,51,35,16,16,37,58,53,53,48,48,39,71,49,49,49,49,48,0,0],"gold":381,"neow_bonus":"ONE_RANDOM_RARE_CARD","is_daily":false,"chose_seed":false,"campfire_upgraded":0,"win_rate":0.0,"timestamp":1610073154,"path_taken":["M","?","M","?","M","E","?","?","T","R","?","M","?","?","R_BF","BOSS","M","?","?","AVR","M","NM"],"items_purchased_type":["Relic","Card"],"build_version":"2020-12-22","purchased_purges":0,"victory":false,"max_hp_per_floor":[75,75,75,75,75,75,75,75,75,73,73,73,73,73,73,71,71,71,71,71,71,69,69,69],"card_choices":[{"not_picked":["WitchLeyline","ShootTheMoon"],"picked":"GalacticHalo","floor":1},{"not_picked":["Orbital","PowerUp"],"picked":"SporeBomb","floor":2},{"not_picked":["DarkSpark","IllusionStar"],"picked":"AlicesGift","floor":3},{"not_picked":["ShootingEcho","DragonMeteor"],"picked":"Singularity","floor":5},{"not_picked":["StarBarrage","AsteroidBelt"],"picked":"GrandCross","floor":6},{"not_picked":["IllusionStar","GrandCross"],"picked":"CasketOfStar","floor":7},{"not_picked":["Replay:Fractal Strike","ReplayTheSpireMod:Haul"],"picked":"infinitespire:Execution","floor":8},{"not_picked":["DC","GrandCross"],"picked":"ShootingEcho","floor":12},{"not_picked":["6A","DragonMeteor"],"picked":"LuminesStrike","floor":14},{"not_picked":["ManaRampage","JA"],"picked":"BlazingStar","floor":16},{"not_picked":["MeteoricShower","EnergyFlow"],"picked":"EarthLightRay","floor":18},{"not_picked":["Acceleration","DarkSpark"],"picked":"ShootingEcho","floor":22}],"player_experience":391595,"relics_obtained":[{"floor":4,"key":"ReplayTheSpireMod:Ring of Addiction"},{"floor":4,"key":"ReplayTheSpireMod:Ring of Exchange"},{"floor":4,"key":"Chameleon Ring"},{"floor":4,"key":"White Beast Statue"},{"floor":6,"key":"Replay:Accelerometer"}],"event_choices":[{"damage_healed":0,"gold_gain":175,"player_choice":"AGREE","damage_taken":0,"max_hp_gain":0,"max_hp_loss":0,"event_name":"Liars Game","floor":15,"gold_loss":0,"cards_obtained":["Doubt"]},{"damage_healed":0,"gold_gain":0,"player_choice":"Simplicity","damage_taken":0,"max_hp_gain":0,"max_hp_loss":0,"event_name":"Back to Basics","floor":19,"gold_loss":0,"cards_upgraded":["Strike_MRS","Strike_MRS","Strike_MRS","Strike_MRS","Defend_MRS","Defend_MRS","Defend_MRS","Defend_MRS"]},{"cards_removed":["Doubt","Injury"],"damage_healed":0,"gold_gain":0,"player_choice":"Removed Curses","damage_taken":0,"max_hp_gain":0,"max_hp_loss":0,"event_name":"Fountain of Cleansing","floor":20,"gold_loss":0}],"is_beta":false,"boss_relics":[{"not_picked":["Empty Cage","Toolbox"],"picked":"Black Star"}],"items_purged_floors":[],"is_endless":false,"potions_floor_spawned":[5,6,7,12,14,16,18,22],"killed_by":"Nightmare","ascension_level":0}}