{"host":"01t6jpmmvexppwnf","time":1610090961,"event":{"mods":["AchievementEnabler","Act Like it!","BaseMod","Better-Laid Plans","BetterRewards","Colored Map","Colored Powertips","Conspire","Hallownest","Minty Spire (QoL Compilation)","Permanent Neow","Quick Restart","Rare Cards Sparkle","Remove Card Discount Mod","Replay The Spire","Shop Mod","StSLib","Transform Curses","óô»ðÖ¸ÄÏ"],"gold_per_floor":[118,118,118,136,155,183,183,183,209,238,238,251,277,293,293,293,293],"floor_reached":16,"playtime":777,"items_purged":["Strike_B","Defend_B","Strike_B","Defend_B"],"score":205,"play_id":"b43dfa75-d101-4cae-b1f2-9bd964da1c5d","local_time":"20210108152921","is_ascension_mode":true,"campfire_choices":[{"data":"Double Energy","floor":7.0,"key":"SMITH"},{"floor":11.0,"key":"RECALL"},{"data":"Double Energy","floor":15.0,"key":"SMITH"}],"circlet_count":1,"master_deck":["Strike_B","Strike_B","Defend_B","Defend_B","Zap+1","Dualcast","Coolheaded","Redo+1","Time Bomb","Double Energy+1","Hello World","Rip and Tear","Double Energy+1","Leap"],"relics":["Cracked Core","OrangePellets","Nunchaku","Hallownest:SalubrasBlessingRelic","Hallownest:DreamNailRelic","conspire:TopHat","Circlet","War Paint","Snack Pack","Prayer Wheel","conspire:GlowingRock"],"acts_visited":["Hallownest:Greenpath"],"potions_floor_usage":[16],"damage_taken":[{"damage":2.0,"enemies":"Hallownest:monsterHuskGuard","floor":1.0,"turns":4.0},{"damage":1.0,"enemies":"Hallownest:2_Baldur","floor":4.0,"turns":3.0},{"damage":2.0,"enemies":"Hallownest:monsterHuskWarrior","floor":5.0,"turns":4.0},{"damage":7.0,"enemies":"Hallownest:eliteCrystalGuardian","floor":6.0,"turns":5.0},{"damage":16.0,"enemies":"Hallownest:eliteMossKnight","floor":10.0,"turns":7.0},{"damage":9.0,"enemies":"Hallownest:1_Baldur_1_Crawlid_1_Warrior","floor":12.0,"turns":3.0},{"damage":17.0,"enemies":"Hallownest:eliteCrystalGuardian","floor":13.0,"turns":4.0},{"damage":0.0,"enemies":"Hallownest:monsterAspidMother","floor":14.0,"turns":4.0},{"damage":21,"enemies":"Hallownest:BossHornet","floor":16,"turns":2}],"seed_played":"-3562335100076135268","potions_obtained":[{"floor":1.0,"key":"ColorlessPotion"},{"floor":5.0,"key":"SkillPotion"},{"floor":12.0,"key":"PotionOfCapacity"}],"is_trial":false,"path_per_floor":["M","?","?","M","M","E","R","?","T","E","R","M","E","M","R","B"],"character_chosen":"DEFECT","items_purchased":["OrangePellets","Nunchaku"],"campfire_rested":0,"item_purchase_floors":[0,0],"current_hp_per_floor":[73,73,73,72,70,63,63,63,63,47,47,38,21,21,21,0,0],"gold":293,"neow_bonus":"","is_daily":false,"chose_seed":false,"campfire_upgraded":2,"win_rate":0.0,"timestamp":1610090961,"path_taken":["M","?","?","M","M","E","R","?","T","E","R","M","E","M","R","BOSS"],"items_purchased_type":["Relic","Relic"],"build_version":"2020-12-22","purchased_purges":4,"victory":false,"max_hp_per_floor":[75,75,75,75,75,75,75,75,75,75,75,75,75,75,75,75,75],"card_choices":[{"not_picked":["Rebound","Hologram"],"picked":"Coolheaded","floor":1.0},{"not_picked":["ReplayTheSpireMod:Dual Polarity","Go for the Eyes"],"picked":"Redo","floor":4.0},{"not_picked":["Stack","Compile Driver"],"picked":"Time Bomb","floor":5.0},{"not_picked":["Genetic Algorithm","Undo"],"picked":"Double Energy","floor":6.0},{"not_picked":["Barrage","Rebound"],"picked":"Hello World","floor":10.0},{"not_picked":["Reinforced Body","Time Bomb"],"picked":"ReplayTheSpireMod:Fabricate Wheel","floor":12.0},{"not_picked":["Darkness","ReplayTheSpireMod:System Scan"],"picked":"Rip and Tear","floor":13.0},{"not_picked":["Chill","Sweeping Beam"],"picked":"Double Energy","floor":14.0},{"not_picked":["Glacier","Gash"],"picked":"Leap","floor":14.0}],"player_experience":165201,"relics_obtained":[{"floor":6.0,"key":"conspire:TopHat"},{"floor":9.0,"key":"War Paint"},{"floor":10.0,"key":"Snack Pack"},{"floor":13.0,"key":"conspire:GlowingRock"}],"event_choices":[],"is_beta":false,"boss_relics":[],"items_purged_floors":[0,0,0,0],"is_endless":false,"potions_floor_spawned":[1,5,12],"killed_by":"Hallownest:BossHornet","ascension_level":5}}