{"host":"kn32u0f2pym5bozc","time":1610108176,"event":{"mods":["2.2 Compatiblity","BaseMod","Better Third Choice","Minty Spire (QoL Compilation)","Permanent Neow","Relic Stats","StSLib","The Animator"],"gold_per_floor":[125,200,105,115,127,161,161,185,185,185,212,229,239,239,239,239,239],"floor_reached":16,"playtime":1206,"items_purged":[],"score":207,"play_id":"214acee4-8bb3-4365-ad35-43561ad011db","local_time":"20210108071616","is_ascension_mode":true,"campfire_choices":[{"floor":7.0,"key":"REST"},{"data":"animator:Alexander","floor":10.0,"key":"SMITH"},{"floor":15,"key":"REST"}],"circlet_count":0,"master_deck":["AscendersBane","animator:Strike_Katanagatari","animator:Defend_Katanagatari","animator:Azekura","animator:Emonzaemon","animator:ZankiKiguchi","animator:Shichika","animator:Strike_NoGameNoLife","animator:Strike_OwariNoSeraph","animator:Strike_Overlord","animator:Defend_TenSura","animator:Defend_AccelWorld","animator:Defend_Fate","animator:Cocytus","animator:Alexander+1","animator:RinTohsaka","animator:Kuribayashi","animator:Sebas","animator:Sebas"],"relics":["animator:LivingPicture","animator:TheMissingPiece","animator:PurgingStone","Akabeko","Shuriken","Darkstone Periapt","Golden Idol"],"acts_visited":["Exordium"],"potions_floor_usage":[13,13],"damage_taken":[{"damage":8.0,"enemies":"Small Slimes","floor":1.0,"turns":8.0},{"damage":4.0,"enemies":"2 Louse","floor":4.0,"turns":3.0},{"damage":0.0,"enemies":"Jaw Worm","floor":5.0,"turns":4.0},{"damage":14.0,"enemies":"Lagavulin","floor":6.0,"turns":5.0},{"damage":1.0,"enemies":"Blue Slaver","floor":8.0,"turns":3.0},{"damage":13.0,"enemies":"Gremlin Nob","floor":11.0,"turns":3.0},{"damage":0.0,"enemies":"3 Louse","floor":12.0,"turns":1.0},{"damage":5,"enemies":"Exordium Thugs","floor":13,"turns":4},{"damage":36,"enemies":"The Guardian","floor":16,"turns":2}],"seed_played":"3054286189915938721","potions_obtained":[{"floor":4.0,"key":"Strength Potion"},{"floor":8.0,"key":"GamblersBrew"},{"floor":12.0,"key":"SteroidPotion"}],"is_trial":false,"path_per_floor":["M","?","?","M","M","E","R","M","T","R","E","M","M","?","R","B"],"character_chosen":"THE_ANIMATOR","items_purchased":[],"campfire_rested":2,"item_purchase_floors":[],"current_hp_per_floor":[47,36,36,32,32,18,36,35,35,35,22,22,17,17,33,0,0],"gold":239,"neow_bonus":"THREE_CARDS","is_daily":false,"chose_seed":false,"campfire_upgraded":1,"win_rate":0.0,"timestamp":1610108176,"path_taken":["M","?","?","M","M","E","R","M","T","R","E","M","M","?","R","BOSS"],"items_purchased_type":[],"build_version":"2020-12-22","purchased_purges":0,"victory":false,"max_hp_per_floor":[61,61,61,61,61,61,61,61,61,61,61,61,61,55,55,55,55],"relic_stats":{"Darkstone Periapt":0,"counters":[9,33],"Shuriken":[3],"Golden Idol":0,"obtain_stats":[{"Darkstone Periapt":11,"animator:PurgingStone":0,"Shuriken":9,"Golden Idol":14,"animator:TheMissingPiece":0,"animator:LivingPicture":0,"Akabeko":6},{"Darkstone Periapt":6,"animator:PurgingStone":0,"Shuriken":5,"Golden Idol":8,"animator:TheMissingPiece":0,"animator:LivingPicture":0,"Akabeko":4},{"Darkstone Periapt":26,"animator:PurgingStone":0,"Shuriken":23,"Golden Idol":31,"animator:TheMissingPiece":0,"animator:LivingPicture":0,"Akabeko":20}]},"card_choices":[{"not_picked":["animator:YuiTsuruno","animator:Geryuganshoop"],"picked":"animator:ZankiKiguchi","floor":0.0},{"not_picked":["animator:Hakurou","animator:Spearman"],"picked":"animator:Shichika","floor":1.0},{"not_picked":["animator:Raven","animator:UneriGinkaku"],"picked":"animator:Cocytus","floor":4.0},{"not_picked":["animator:DolaCouronne","animator:RoryMercury"],"picked":"animator:Alexander","floor":5.0},{"not_picked":["animator:Rider","animator:Illya"],"picked":"animator:RinTohsaka","floor":6.0},{"not_picked":["animator:Hitei","animator:Alexander"],"picked":"animator:Kuribayashi","floor":8.0},{"not_picked":["animator:NarberalGamma","animator:GazelDwargon"],"picked":"animator:Sebas","floor":11.0},{"not_picked":["animator:Geryuganshoop","animator:Togame","animator:Mitsuba"],"picked":"SKIP","floor":12.0},{"not_picked":["animator:Evileye","animator:NarberalGamma"],"picked":"animator:Sebas","floor":13}],"player_experience":808403,"relics_obtained":[{"floor":6.0,"key":"Akabeko"},{"floor":9.0,"key":"Shuriken"},{"floor":11.0,"key":"Darkstone Periapt"}],"event_choices":[{"damage_healed":0.0,"max_hp_gain":0.0,"max_hp_loss":0.0,"gold_gain":75.0,"event_name":"betterThird:BetterGoop","player_choice":"Gold","floor":2.0,"gold_loss":0.0,"damage_taken":11.0},{"damage_healed":0,"gold_gain":0,"player_choice":"Lose Max HP","damage_taken":0,"relics_obtained":["Golden Idol"],"max_hp_gain":0,"max_hp_loss":6,"event_name":"Golden Idol","floor":14,"gold_loss":0}],"is_beta":false,"boss_relics":[],"items_purged_floors":[],"is_endless":false,"potions_floor_spawned":[4,8,12],"killed_by":"The Guardian","ascension_level":17}}