{"host":"ilxricga2547gmyy","time":1610130258,"event":{"mods":["AchievementEnabler","BaseMod","Minty Spire (QoL Compilation)","Quick Restart","Replay The Spire","StSLib"],"gold_per_floor":[115,132,143,163,17,49,49,80,105,55,76,108,108,135,135,135,135],"floor_reached":16,"playtime":582,"items_purged":["Strike_R"],"score":206,"play_id":"0b459c76-9504-44fb-9298-dc013007bbc2","local_time":"20210108192418","is_ascension_mode":true,"campfire_choices":[{"floor":7,"key":"REST"},{"floor":15,"key":"REST"}],"circlet_count":0,"master_deck":["AscendersBane","Strike_R","Strike_R","Strike_R","Strike_R","Defend_R","Defend_R","Defend_R","Defend_R","Bash","CurseOfTheBell","Shrug It Off","ReplayTheSpireMod:Stacked","Cleave","Offering","ReplayTheSpireMod:Corrosion Curse","Thunderclap","Headbutt","Pommel Strike","Disarm"],"relics":["Calling Bell","Oddly Smooth Stone","Chameleon Ring","Ginger","Chemical X","Pen Nib","Smiling Mask","CeramicFish","Odd Mushroom","CultistMask"],"acts_visited":[],"potions_floor_usage":[6,6,8,16],"damage_taken":[{"damage":6,"enemies":"2 Louse","floor":1,"turns":3},{"damage":0,"enemies":"Small Slimes","floor":2,"turns":5},{"damage":9,"enemies":"Cultist","floor":3,"turns":5},{"damage":1,"enemies":"Blue Slaver","floor":4,"turns":6},{"damage":39,"enemies":"Lagavulin","floor":6,"turns":11},{"damage":6,"enemies":"Gremlin Nob","floor":8,"turns":3},{"damage":6,"enemies":"2 Fungi Beasts","floor":11,"turns":4},{"damage":16,"enemies":"The Mushroom Lair","floor":12,"turns":5},{"damage":6,"enemies":"3 Louse","floor":14,"turns":2},{"damage":49,"enemies":"Fading Forest","floor":16,"turns":7}],"seed_played":"927055237003194576","potions_obtained":[{"floor":1,"key":"SpeedPotion"},{"floor":4,"key":"Weak Potion"},{"floor":6,"key":"DuplicationPotion"},{"floor":14,"key":"PowerPotion"}],"is_trial":false,"path_per_floor":["M","M","M","M","$","E","R","E","T","$","M","?","?","M","R","B"],"character_chosen":"IRONCLAD","items_purchased":["Chemical X"],"campfire_rested":2,"item_purchase_floors":[5],"current_hp_per_floor":[66,66,57,56,56,17,41,35,35,35,29,13,13,7,31,0,0],"gold":135,"neow_bonus":"BOSS_RELIC","is_daily":false,"chose_seed":false,"campfire_upgraded":0,"win_rate":0.0,"timestamp":1610130258,"path_taken":["M","M","M","M","$","E","R","E","T","$","M","?","?","M","R","BOSS"],"items_purchased_type":["Relic"],"build_version":"2020-12-22","purchased_purges":1,"victory":false,"max_hp_per_floor":[80,80,80,80,80,80,80,80,80,80,80,80,80,80,80,80,80],"card_choices":[{"not_picked":["True Grit","Combust"],"picked":"Shrug It Off","floor":1},{"not_picked":["Anger","Flex"],"picked":"ReplayTheSpireMod:Stacked","floor":2},{"not_picked":["Havoc","Armaments"],"picked":"Cleave","floor":3},{"not_picked":["Iron Wave","Wild Strike"],"picked":"Offering","floor":4},{"not_picked":["Pummel","Headbutt"],"picked":"ReplayTheSpireMod:Corrosion Curse","floor":6},{"not_picked":["Feel No Pain","Searing Blow"],"picked":"Thunderclap","floor":8},{"not_picked":["Run Through","Flex"],"picked":"Headbutt","floor":11},{"not_picked":["Fire Breathing","Body Slam"],"picked":"Pommel Strike","floor":12},{"not_picked":["Shrug It Off","Anger"],"picked":"Disarm","floor":14}],"player_experience":276911,"relics_obtained":[{"floor":0,"key":"Oddly Smooth Stone"},{"floor":0,"key":"Chameleon Ring"},{"floor":0,"key":"Ginger"},{"floor":6,"key":"Pen Nib"},{"floor":8,"key":"Smiling Mask"},{"floor":9,"key":"CeramicFish"},{"floor":12,"key":"Odd Mushroom"}],"event_choices":[{"damage_healed":0,"gold_gain":0,"player_choice":"Fought Mushrooms","damage_taken":0,"max_hp_gain":0,"max_hp_loss":0,"event_name":"Mushrooms","floor":12,"gold_loss":0},{"damage_healed":0,"gold_gain":0,"player_choice":"Trade","damage_taken":0,"relics_obtained":["CultistMask"],"max_hp_gain":0,"max_hp_loss":0,"event_name":"FaceTrader","floor":13,"gold_loss":0}],"is_beta":false,"boss_relics":[],"items_purged_floors":[10],"is_endless":false,"potions_floor_spawned":[1,4,6,14],"killed_by":"Fading Forest","ascension_level":10}}