{"host":"6749gst1gzuv21qf","time":1610123145,"event":{"mods":["Aspiration","BaseMod","Better Altar","Better Match","Better Note","Better Sensory Stone","Better Skull","Better Third Choice","BetterRewards","Colored Map","Colored Powertips","Downfall","Highlight Path","Minty Spire (QoL Compilation)","Permanent Neow","Replay The Spire","Shop Mod","Spicy Shops","StSLib","The Cursed","Wandering Minibosses"],"gold_per_floor":[116,127,127,181,35,35,56,56,124,157,107,107,147,167,167,286,286,304,317,25,50,66,99,99,99,99,124,145,145,145],"floor_reached":29,"playtime":1711,"items_purged":[],"score":280,"play_id":"22ba40c2-e553-4304-b492-7a1aae29fba2","local_time":"20210108112545","is_ascension_mode":false,"campfire_choices":[{"floor":6,"key":"RECALL"},{"data":"ReplayTheSpireMod:The Works","floor":8,"key":"SMITH"},{"data":"Apotheosis","floor":24,"key":"SMITH"}],"circlet_count":0,"master_deck":["Strike_G","Strike_G","Strike_G","Defend_G","Defend_G","Defend_G","Defend_G","Survivor","Neutralize","Unload","ReplayTheSpireMod:The Works+1","Outmaneuver","Terror+1","Blade Dance","Accuracy","Dagger Throw","Doppelganger","Blade Dance","aspiration:Lunge","Dagger Throw+1","ReplayTheSpireMod:Speed Training","Apotheosis+1","Acrobatics+1","ReplayTheSpireMod:Scrap Shanks+1","Pot Of Greed","Pot Of Greed","Pot Of Greed","Crippling Poison","Footwork+1","Blade Dance"],"relics":["Ring of the Snake","Golden Idol","Thread and Needle","Darkstone Periapt","aspiration:HatOfInfinitePower","Letter Opener","Painkiller Herb","Mummified Hand","Grinning Jar","Ice Cream"],"acts_visited":["Exordium","TheCity"],"potions_floor_usage":[16,29,29],"damage_taken":[{"damage":1,"enemies":"Jaw Worm","floor":1,"turns":3},{"damage":0,"enemies":"2 Louse","floor":2,"turns":2},{"damage":0,"enemies":"Small Slimes","floor":7,"turns":4},{"damage":9,"enemies":"Lagavulin","floor":10,"turns":6},{"damage":9,"enemies":"3 Sentries","floor":13,"turns":10},{"damage":1,"enemies":"Red Slaver","floor":14,"turns":3},{"damage":3,"enemies":"Hexaghost","floor":16,"turns":8},{"damage":1,"enemies":"3 Byrds","floor":18,"turns":3},{"damage":38,"enemies":"Chosen","floor":19,"turns":5},{"damage":6,"enemies":"Shelled Parasite and Fungi","floor":21,"turns":3},{"damage":0,"enemies":"3 Cultists","floor":22,"turns":3},{"damage":0,"enemies":"Book of Stabbing","floor":23,"turns":3},{"damage":16,"enemies":"Snake Plant","floor":27,"turns":3},{"damage":8,"enemies":"Centurion and Healer","floor":28,"turns":3},{"damage":13,"enemies":"3 Cultists","floor":29,"turns":4}],"seed_played":"4006785903884781870","potions_obtained":[{"floor":14,"key":"Dexterity Potion"},{"floor":16,"key":"FearPotion"},{"floor":22,"key":"AttackPotion"},{"floor":23,"key":"Adrenaline Potion"}],"is_trial":false,"path_per_floor":["M","M","?","T","$","R","M","R","T","E","?","?","E","M","R_BF","B",null,"?","?","T","?","?","E","T","?","T","?","?","?"],"character_chosen":"THE_SILENT","items_purchased":["Thread and Needle","Terror+1","Apotheosis","Mummified Hand"],"campfire_rested":0,"item_purchase_floors":[5,5,20,20],"current_hp_per_floor":[69,69,52,52,52,52,52,52,52,43,43,43,34,33,33,30,70,69,31,31,25,25,25,25,25,25,9,1,0,0],"gold":145,"neow_bonus":"ONE_RANDOM_RARE_CARD","is_daily":false,"chose_seed":false,"campfire_upgraded":2,"win_rate":0.0,"timestamp":1610123145,"path_taken":["M","M","?","?","?","R","M","R","T","E","?","?","E","M","R_BF","BOSS","?","?","T","?","?","E","T","?","T","?","?","?"],"items_purchased_type":["Relic","Card","Card","Relic"],"build_version":"2020-12-22","purchased_purges":0,"victory":false,"max_hp_per_floor":[70,70,70,70,70,70,70,70,70,70,70,70,70,70,70,70,70,70,70,70,70,70,70,70,70,70,70,70,70,70],"card_choices":[{"not_picked":["Dodge and Roll","Outmaneuver"],"picked":"ReplayTheSpireMod:The Works","floor":1},{"not_picked":["Bane","Dagger Spray"],"picked":"Outmaneuver","floor":2},{"not_picked":["Poisoned Stab","Cloak And Dagger"],"picked":"Blade Dance","floor":7},{"not_picked":["PiercingWail","Blade Dance"],"picked":"Accuracy","floor":10},{"not_picked":["Acrobatics","Distraction"],"picked":"Doppelganger","floor":13},{"not_picked":["Caltrops","Prepared"],"picked":"Blade Dance","floor":14},{"not_picked":["After Image","Doppelganger"],"picked":"aspiration:Lunge","floor":16},{"not_picked":["Sucker Punch","Deflect"],"picked":"Dagger Throw+1","floor":18},{"not_picked":["Poisoned Stab+1","Underhanded Strike"],"picked":"ReplayTheSpireMod:Speed Training","floor":19},{"not_picked":["Distraction","Dagger Spray+1"],"picked":"Acrobatics+1","floor":21},{"not_picked":["Dagger Throw","Backflip+1"],"picked":"ReplayTheSpireMod:Scrap Shanks+1","floor":22},{"not_picked":["Dash+1","Bane+1"],"picked":"Crippling Poison","floor":23},{"not_picked":["Choke+1","Underhanded Strike"],"picked":"Footwork+1","floor":27},{"not_picked":["Fluid Movement","Slice"],"picked":"Blade Dance","floor":28}],"player_experience":552982,"relics_obtained":[{"floor":9,"key":"Darkstone Periapt"},{"floor":10,"key":"aspiration:HatOfInfinitePower"},{"floor":13,"key":"Letter Opener"},{"floor":23,"key":"Grinning Jar"},{"floor":26,"key":"Ice Cream"}],"event_choices":[{"damage_healed":0,"gold_gain":0,"player_choice":"Take Damage","damage_taken":17,"relics_obtained":["Golden Idol"],"max_hp_gain":0,"max_hp_loss":0,"event_name":"Golden Idol","floor":3,"gold_loss":0},{"cards_removed":["Strike_G"],"damage_healed":0,"gold_gain":0,"player_choice":"Card Removal","damage_taken":0,"max_hp_gain":0,"max_hp_loss":0,"event_name":"The Cleric","floor":11,"gold_loss":50},{"damage_healed":0,"gold_gain":0,"cards_transformed":["Defend_G"],"player_choice":"Transformed","damage_taken":0,"max_hp_gain":0,"max_hp_loss":0,"event_name":"Transmorgrifier","floor":12,"gold_loss":0,"cards_obtained":["Dagger Throw"]},{"cards_removed":["Strike_G"],"damage_healed":0,"gold_gain":0,"player_choice":"Purged","damage_taken":0,"max_hp_gain":0,"max_hp_loss":0,"event_name":"Purifier","floor":15,"gold_loss":0},{"damage_healed":0,"gold_gain":0,"player_choice":"Ignored","damage_taken":0,"max_hp_gain":0,"max_hp_loss":0,"event_name":"betterNote:BetterNote","floor":25,"gold_loss":0,"cards_obtained":["Defend_R"]}],"is_beta":false,"boss_relics":[{"not_picked":["Philosopher\u0027s Stone","Runic Pyramid"],"picked":"Painkiller Herb"}],"items_purged_floors":[],"is_endless":false,"potions_floor_spawned":[14,16,22,23,27],"killed_by":"3 Cultists","ascension_level":0}}