{"host":"7qmclr78zvlntuh5","time":1610148517,"event":{"mods":["BaseMod","Downfall","Minty Spire (QoL Compilation)","StSLib"],"gold_per_floor":[99,114,134,144,144,159,159,185,185,208,232,271,271,280,302,416,416,416,434,434,461,461,497,549,254,277,177,196,206,36,70,83,188,188,88,100,200,214,227,239,239,139,95,120,140,155,181,281,294,294,294,323,23,23,23,23],"floor_reached":55,"playtime":6261,"items_purged":["Normality","bronze:Defend","bronze:Defend","bronze:Strike"],"score":870,"play_id":"af9b4bc5-ca0f-4065-81b6-41608d5a0bd5","local_time":"20210108182837","is_ascension_mode":true,"campfire_choices":[{"data":"bronze:Replicate","floor":1.0,"key":"SMITH"},{"data":"bronze:InfiniteLoop","floor":9.0,"key":"SMITH"},{"data":"bronze:Virus","floor":13.0,"key":"SMITH"},{"data":"bronze:BuggyMess","floor":18.0,"key":"SMITH"},{"floor":27.0,"key":"RECALL"},{"floor":35.0,"key":"REST"},{"floor":42.0,"key":"REST"},{"floor":54,"key":"REST"}],"circlet_count":0,"master_deck":["bronze:Defend","bronze:Defend","bronze:Replicate+1","bronze:Goto","bronze:WhirlingStrike","bronze:Virus+1","bronze:BuggyMess+1","bronze:InfiniteLoop+1","bronze:BronzeOrb","bronze:BronzeArmor","bronze:CloningBeam","bronze:Repulsor+1","bronze:Format","bronze:MaxOutput+1","bronze:Constructor+1","bronze:InfiniteBeams+1","bronze:BronzeOrb+1","bronze:Allocate","bronze:MaxOutput+1","bronze:Turbo","bronze:Verify+1","bronze:Turbo","bronze:BuggyMess"],"relics":["bronze:BronzeCore","Frozen Egg 2","Gremlin Horn","CeramicFish","Odd Mushroom","PreservedInsect","Runic Pyramid","Bronze Scales","Bag of Preparation","Lee\u0027s Waffle","downfall:HeartBlessingGreen","Toy Ornithopter","Fusion Hammer","downfall:HeartBlessingRed","Potion Belt","downfall:HeartBlessingBlue","Mercury Hourglass","Vajra","Anchor","Akabeko","Guardian:BottledAnomaly"],"acts_visited":["Exordium","TheCity","TheBeyond","TheEnding"],"potions_floor_usage":[55],"damage_taken":[{"damage":1.0,"enemies":"Cultist","floor":2.0,"turns":4.0},{"damage":3.0,"enemies":"Jaw Worm","floor":3.0,"turns":3.0},{"damage":5.0,"enemies":"Small Slimes","floor":4.0,"turns":2.0},{"damage":0.0,"enemies":"3 Louse","floor":6.0,"turns":1.0},{"damage":13.0,"enemies":"3 Sentries","floor":8.0,"turns":5.0},{"damage":1.0,"enemies":"The Mushroom Lair","floor":11.0,"turns":3.0},{"damage":0.0,"enemies":"Lagavulin","floor":12.0,"turns":3.0},{"damage":5.0,"enemies":"Red Slaver","floor":15.0,"turns":3.0},{"damage":19.0,"enemies":"downfall:Silent","floor":16.0,"turns":7.0},{"damage":0.0,"enemies":"Spheric Guardian","floor":19.0,"turns":3.0},{"damage":4.0,"enemies":"Chosen","floor":21.0,"turns":4.0},{"damage":49.0,"enemies":"Slavers","floor":23.0,"turns":4.0},{"damage":0.0,"enemies":"downfall:FleeingMerchant","floor":25.0,"turns":4.0},{"damage":12.0,"enemies":"Centurion and Healer","floor":26.0,"turns":2.0},{"damage":7.0,"enemies":"Snake Plant","floor":28.0,"turns":4.0},{"damage":0.0,"enemies":"Shelled Parasite and Fungi","floor":29.0,"turns":3.0},{"damage":0.0,"enemies":"downfall:FleeingMerchant","floor":30.0,"turns":4.0},{"damage":6.0,"enemies":"Book of Stabbing","floor":31.0,"turns":3.0},{"damage":0.0,"enemies":"Chosen and Byrds","floor":32.0,"turns":4.0},{"damage":18.0,"enemies":"downfall:Defect","floor":33.0,"turns":5.0},{"damage":20.0,"enemies":"3 Shapes","floor":36.0,"turns":4.0},{"damage":3.0,"enemies":"downfall:LadyInBlue","floor":37.0,"turns":4.0},{"damage":0.0,"enemies":"3 Darklings","floor":38.0,"turns":3.0},{"damage":0.0,"enemies":"Spire Growth","floor":39.0,"turns":2.0},{"damage":11.0,"enemies":"4 Shapes","floor":40.0,"turns":3.0},{"damage":1.0,"enemies":"downfall:FleeingMerchant","floor":43.0,"turns":3.0},{"damage":0.0,"enemies":"Reptomancer","floor":44.0,"turns":2.0},{"damage":1.0,"enemies":"Sphere and 2 Shapes","floor":45.0,"turns":3.0},{"damage":0.0,"enemies":"Jaw Worm Horde","floor":46.0,"turns":2.0},{"damage":12.0,"enemies":"Nemesis","floor":47.0,"turns":3.0},{"damage":15.0,"enemies":"Writhing Mass","floor":49.0,"turns":4.0},{"damage":4.0,"enemies":"ArchetypeAct3BlockNewAge","floor":50.0,"turns":6.0},{"damage":45,"enemies":"downfall:CharBossMerchant","floor":52,"turns":5},{"damage":92,"enemies":"downfall:NeowBoss","floor":55,"turns":10}],"seed_played":"7378543948923340212","potions_obtained":[{"floor":3.0,"key":"SmokeBomb"},{"floor":4.0,"key":"Guardian:BlockOnCardUsePotion"},{"floor":6.0,"key":"EssenceOfSteel"},{"floor":15.0,"key":"Dexterity Potion"},{"floor":21.0,"key":"PowerPotion"},{"floor":23.0,"key":"Regen Potion"},{"floor":26.0,"key":"Energy Potion"},{"floor":31.0,"key":"Guardian:BlockOnCardUsePotion"},{"floor":32.0,"key":"Strength Potion"},{"floor":33.0,"key":"Explosive Potion"},{"floor":37.0,"key":"bronze:FreeFunctionsPotion"},{"floor":37.0,"key":"Explosive Potion"},{"floor":44.0,"key":"Energy Potion"},{"floor":47.0,"key":"Fire Potion"}],"is_trial":false,"path_per_floor":["R","M","M","M","?","M","T","E","R","T","?","E","R","?","M","B",null,"R","M","?","M","?","E","T","$","M","R","M","M","$","E","M","B",null,"R","M","?","M","M","M","T","R","$","E","M","M","E","?","M","B",null,"E","$","R","B"],"character_chosen":"THE_AUTOMATON","items_purchased":["Lee\u0027s Waffle","bronze:InfiniteBeams+1","bronze:MaxOutput+1","Mercury Hourglass","Guardian:BottledAnomaly"],"campfire_rested":3,"item_purchase_floors":[25,25,30,43,53],"current_hp_per_floor":[77,76,73,68,68,68,68,55,55,55,54,54,54,54,49,30,77,77,77,63,59,59,10,10,89,77,77,70,70,70,64,64,51,89,89,69,66,66,66,55,55,94,98,98,97,97,85,85,70,71,99,54,54,83,0,0],"gold":23,"neow_bonus":"TEN_PERCENT_HP_BONUS","is_daily":false,"chose_seed":false,"campfire_upgraded":4,"win_rate":0.0,"timestamp":1610148517,"path_taken":["R","M","M","M","?","M","T","E","R","?","?","E","R","?","M","BOSS","R","M","?","M","?","E","T","$","?","R","M","?","$","E","M","BOSS","R","M","?","M","M","M","T","R","$","E","M","?","E","?","M","BOSS","E","$","R","BOSS"],"items_purchased_type":["Relic","Card","Card","Relic","Relic"],"build_version":"2020-12-22","purchased_purges":4,"victory":false,"max_hp_per_floor":[77,77,77,77,77,77,77,77,77,77,77,77,77,77,77,77,77,77,77,82,82,82,82,82,89,89,89,89,89,89,89,89,89,89,89,89,89,89,89,89,89,99,99,99,99,99,99,99,99,99,99,99,99,99,99,99],"card_choices":[{"not_picked":["bronze:DelayedSlice","bronze:Repair"],"picked":"bronze:WhirlingStrike","floor":2.0},{"not_picked":["bronze:DelayedGuard","bronze:WhirlingStrike"],"picked":"bronze:Virus","floor":3.0},{"not_picked":["bronze:BitShift","bronze:Iterate"],"picked":"bronze:BuggyMess","floor":4.0},{"not_picked":["bronze:DelayedGuard","bronze:BuggyMess"],"picked":"bronze:BronzeOrb","floor":6.0},{"not_picked":["bronze:WhirlingStrike","bronze:Terminator"],"picked":"bronze:BronzeArmor","floor":8.0},{"not_picked":["bronze:Terminator","bronze:OilSpill"],"picked":"bronze:CloningBeam","floor":12.0},{"not_picked":["bronze:WildBeam","bronze:Shell"],"picked":"bronze:Repulsor+1","floor":15.0},{"not_picked":["bronze:FindAndReplace","bronze:AlphaBuild"],"picked":"bronze:Format","floor":16.0},{"not_picked":["bronze:Shell","bronze:WildBeam","bronze:Repair+1"],"picked":"SKIP","floor":19.0},{"not_picked":["bronze:ChosenStrike+1","bronze:Refactor"],"picked":"bronze:MaxOutput+1","floor":21.0},{"not_picked":["bronze:Deprecate+1","bronze:Return"],"picked":"bronze:Constructor+1","floor":23.0},{"not_picked":["bronze:Return","bronze:Deprecate+1","bronze:Overheat+1"],"picked":"SKIP","floor":25.0},{"not_picked":["bronze:ItsAFeature+1","bronze:Shield"],"picked":"bronze:BronzeOrb+1","floor":26.0},{"not_picked":["bronze:Iterate","bronze:Virus","bronze:BronzeArmor"],"picked":"SKIP","floor":28.0},{"not_picked":["bronze:WildBeam","bronze:Overload","bronze:RecursiveStrike"],"picked":"SKIP","floor":29.0},{"not_picked":["bronze:BugBarrage+1","bronze:DelayedSlice"],"picked":"bronze:Allocate","floor":30.0},{"not_picked":["bronze:DelayedSlice","bronze:RecursiveStrike"],"picked":"bronze:Turbo","floor":31.0},{"not_picked":["bronze:Overload+1","bronze:BugBarrage","bronze:OilSpill"],"picked":"SKIP","floor":32.0},{"not_picked":["bronze:Format","bronze:Assembly"],"picked":"bronze:Verify+1","floor":33.0},{"not_picked":["bronze:DelayedSlice","bronze:NullPointer+1","bronze:WildBeam"],"picked":"SKIP","floor":36.0},{"not_picked":["bronze:OilSpill+1","bronze:BurnOut","bronze:FineTuning+1"],"picked":"SKIP","floor":38.0},{"not_picked":["bronze:Deprecate","bronze:BronzeOrb","bronze:ClassDefault+1"],"picked":"SKIP","floor":39.0},{"not_picked":["bronze:Frontload+1","bronze:ForceShield","bronze:WhirlingStrike"],"picked":"SKIP","floor":40.0},{"not_picked":["bronze:BugBarrage","bronze:Separator"],"picked":"bronze:Turbo","floor":43.0},{"not_picked":["bronze:MaxOutput+1","bronze:WildBeam+1","bronze:InfiniteBeams+1"],"picked":"SKIP","floor":44.0},{"not_picked":["bronze:MaxOutput+1","bronze:WildBeam+1","bronze:InfiniteBeams+1"],"picked":"SKIP","floor":44.0},{"not_picked":["bronze:WhirlingStrike","bronze:MaxOutput+1"],"picked":"bronze:BuggyMess","floor":45.0},{"not_picked":["bronze:Shield+1","bronze:Iterate","bronze:BugBarrage"],"picked":"SKIP","floor":46.0},{"not_picked":["bronze:Iterate+1","bronze:ItsAFeature+1","bronze:Break"],"picked":"SKIP","floor":47.0},{"not_picked":["bronze:Backtrace","bronze:Virus","bronze:WildBeam"],"picked":"SKIP","floor":49.0},{"not_picked":["bronze:DelayedGuard","bronze:Shell","bronze:BuggyMess"],"picked":"SKIP","floor":52}],"player_experience":224147,"relics_obtained":[{"floor":7.0,"key":"Frozen Egg 2"},{"floor":8.0,"key":"Gremlin Horn"},{"floor":10.0,"key":"CeramicFish"},{"floor":11.0,"key":"Odd Mushroom"},{"floor":12.0,"key":"PreservedInsect"},{"floor":23.0,"key":"Bronze Scales"},{"floor":24.0,"key":"Bag of Preparation"},{"floor":31.0,"key":"Toy Ornithopter"},{"floor":37.0,"key":"Potion Belt"},{"floor":44.0,"key":"Vajra"},{"floor":47.0,"key":"Anchor"},{"floor":52,"key":"Akabeko"}],"event_choices":[{"damage_healed":0.0,"max_hp_gain":0.0,"max_hp_loss":0.0,"gold_gain":0.0,"event_name":"Mushrooms","player_choice":"Fought Mushrooms","floor":11.0,"gold_loss":0.0,"damage_taken":0.0}],"is_beta":false,"boss_relics":[{"not_picked":["Black Star","Empty Cage"],"picked":"Runic Pyramid"},{"not_picked":["Velvet Choker","Astrolabe"],"picked":"Fusion Hammer"}],"items_purged_floors":[25,30,43,53],"is_endless":false,"potions_floor_spawned":[3,4,6,15,21,23,26,31,32,33,37,38,39,44,47,49],"killed_by":"downfall:NeowBoss","ascension_level":1}}