{"host":"08nxni9rwzvm98vp","time":1610110268,"event":{"mods":["AchievementEnabler","BaseMod","Card Forge","Colored Powertips","Gold Saver","Googly Eyes","Highlight Path","Marisa£¨Ùöéë¡¡Øª×âÞÞ£©","Minty Spire (QoL Compilation)","Quick Restart","Rare Cards Sparkle","Shop Mod","StSLib","SuperFastMode"],"gold_per_floor":[1081,1057,283,283,299,299,327,346,419,40,63,88,88,106,106,209,209,219,235,82,82,181,181,181,181],"floor_reached":24,"playtime":673,"items_purged":["Strike_MRS","Strike_MRS"],"score":265,"play_id":"a0a12a4c-90c0-471c-83d9-162d3be4e61b","local_time":"20210108215108","is_ascension_mode":true,"campfire_choices":[{"data":"Singularity","floor":6,"key":"SMITH"},{"data":"PowerUp","floor":13,"key":"SMITH"},{"data":"PropBag","floor":15,"key":"SMITH"},{"data":"Good Instincts","floor":23,"key":"SMITH"}],"circlet_count":0,"master_deck":["Strike_MRS+1","Strike_MRS+1","Defend_MRS","Defend_MRS","Defend_MRS","MasterSpark","UpSweep","Good Instincts+1","Singularity+1","PowerUp+1","Singularity+1","PropBag+1","Parasite","Parasite"],"relics":["MiniHakkero","Hammer of Thor","Seething Fire","Anvil of the Gods","MerchantsRug","Lantern","StoneCalendar","Meat on the Bone","Orichalcum","DollysMirror","Ancient Tea Set","Whetstone","Black Star","ShroomBag","Boot","Mercury Hourglass"],"acts_visited":["Exordium","TheCity"],"potions_floor_usage":[24,24,24],"damage_taken":[{"damage":1,"enemies":"Jaw Worm","floor":1,"turns":3},{"damage":0,"enemies":"2 Louse","floor":5,"turns":3},{"damage":15,"enemies":"3 Sentries","floor":7,"turns":7},{"damage":0,"enemies":"Cultist","floor":8,"turns":3},{"damage":10,"enemies":"Gremlin Nob","floor":12,"turns":3},{"damage":2,"enemies":"2 Fungi Beasts","floor":14,"turns":2},{"damage":0,"enemies":"Slime Boss","floor":16,"turns":6},{"damage":53,"enemies":"3 Byrds","floor":18,"turns":6},{"damage":5,"enemies":"Chosen","floor":19,"turns":4},{"damage":65,"enemies":"Slavers","floor":24,"turns":5}],"seed_played":"-6024731293582355551","potions_obtained":[{"floor":8,"key":"AttackPotion"},{"floor":12,"key":"Regen Potion"},{"floor":16,"key":"BlessingOfTheForge"}],"is_trial":false,"path_per_floor":["M","?","$","?","M","R","E","M","T","$","T","E","R","M","R","B",null,"M","M","$","?","?","R","E"],"character_chosen":"MARISA","items_purchased":["MerchantsRug","Lantern","StoneCalendar","Good Instincts","Orichalcum","PowerUp","DollysMirror","ShroomBag"],"campfire_rested":0,"item_purchase_floors":[3,3,3,3,10,10,10,20],"current_hp_per_floor":[74,74,74,67,67,67,59,59,59,59,59,49,49,47,47,47,82,41,48,48,48,48,48,0,0],"gold":181,"neow_bonus":"TWO_FIFTY_GOLD","is_daily":false,"chose_seed":false,"campfire_upgraded":4,"win_rate":0.0,"timestamp":1610110268,"path_taken":["M","?","$","?","M","R","E","M","T","$","?","E","R","M","R","BOSS","M","M","$","?","?","R","E"],"items_purchased_type":["Relic","Relic","Relic","Card","Relic","Card","Relic","Relic"],"build_version":"2020-12-22","purchased_purges":2,"victory":false,"max_hp_per_floor":[75,75,75,75,75,75,82,82,82,82,82,82,82,82,82,82,82,82,82,82,82,82,82,82,82],"card_choices":[{"not_picked":["NonDirectionalLaser","6A","Robbery"],"picked":"SKIP","floor":1},{"not_picked":["OrrerysSun","SporeBomb"],"picked":"Singularity","floor":5},{"not_picked":["ManaConvection","GrandCross","SprinkleStarSeal"],"picked":"SKIP","floor":7},{"not_picked":["6A","AlicesGift","IllusionStar"],"picked":"SKIP","floor":8},{"not_picked":["MagicAbsorber","LuminesStrike","UnstableBomb"],"picked":"SKIP","floor":12},{"not_picked":["GalacticHalo","Robbery"],"picked":"PropBag","floor":14},{"not_picked":["AsteroidBelt+1","GalacticHalo","UnstableBomb"],"picked":"SKIP","floor":18},{"not_picked":["NonDirectionalLaser+1","MeteoricShower","MysteriousBeam"],"picked":"SKIP","floor":19}],"player_experience":660659,"relics_obtained":[{"floor":7,"key":"Strawberry"},{"floor":9,"key":"Meat on the Bone"},{"floor":11,"key":"Ancient Tea Set"},{"floor":12,"key":"Whetstone"}],"event_choices":[{"damage_healed":0,"gold_gain":0,"player_choice":"Left Gold","damage_taken":0,"max_hp_gain":0,"max_hp_loss":0,"event_name":"World of Goop","floor":2,"gold_loss":24},{"cards_removed":["Defend_MRS"],"damage_healed":0,"gold_gain":0,"player_choice":"Card Removal","damage_taken":7,"max_hp_gain":0,"max_hp_loss":0,"event_name":"Golden Wing","floor":4,"gold_loss":0},{"damage_healed":0,"gold_gain":0,"player_choice":"Stole Relic","damage_taken":0,"relics_obtained":["Boot"],"max_hp_gain":0,"max_hp_loss":0,"event_name":"Addict","floor":21,"gold_loss":0,"cards_obtained":["Shame"]},{"damage_healed":0,"gold_gain":99,"player_choice":"Stole From Cult","damage_taken":0,"max_hp_gain":0,"max_hp_loss":0,"event_name":"Nest","floor":22,"gold_loss":0}],"is_beta":false,"boss_relics":[{"not_picked":["Cursed Key","Calling Bell"],"picked":"Black Star"}],"items_purged_floors":[3,10],"is_endless":false,"potions_floor_spawned":[8,12,16],"killed_by":"Slavers","ascension_level":1}}