{"host":"qhn6g0owdgjb77rz","time":1610092445,"event":{"mods":["BaseMod","BetterRewards","Colored Map","Minty Spire (QoL Compilation)","Relic Sorter","Replay The Spire","StSLib"],"gold_per_floor":[115,164,175,175,18,48,48,80,104,120,120,120,147,158,158,231,231,245,245,258,258,38,38,71,71,71,99,99,114,148,148,148,227,227,239,239,0,20,68,94,94,129,155,177,191,191,223,241,241,243],"floor_reached":51,"playtime":3494,"items_purged":["Defend_B"],"score":2385,"play_id":"ea3baa9d-ea6d-4974-969d-117629646ee1","local_time":"20210108165405","is_ascension_mode":true,"campfire_choices":[{"data":"ReplayTheSpireMod:Brewmster","floor":7.0,"key":"SMITH"},{"data":"Buffer","floor":12.0,"key":"SMITH"},{"data":"Defragment","floor":15,"key":"SMITH"},{"data":"Defragment","floor":23,"key":"SMITH"},{"data":"White Noise","floor":25,"key":"SMITH"},{"data":"Zap","floor":28,"key":"SMITH"},{"data":"Strike_B","floor":32,"key":"PURGE"},{"data":"Consume","floor":41,"key":"SMITH"},{"data":"Echo Form","floor":49,"key":"SMITH"}],"circlet_count":0,"master_deck":["AscendersBane","Strike_B","Defend_B","Defend_B","Defend_B","Zap+1","Dualcast","ReplayTheSpireMod:Brewmster+1","Genetic Algorithm+1","Discovery+1","FTL","White Noise+1","Ball Lightning","Conserve Battery+1","Buffer+1","Defragment+1","ReplayTheSpireMod:System Scan","BootSequence+1","Defragment+1","FTL+1","Beam Cell","Electrodynamics","Mirror Shield","Consume+1","Echo Form+1","Capacitor","ReplayTheSpireMod:Calculation Training","BasicCrystalCard+1"],"relics":["Cracked Core","Replay:Accelerometer","Potion Belt","Oddly Smooth Stone","Sling","Divine Protection","Replay:Antivirus Software","Juzu Bracelet","Garlic","Replay:Mystery Machine","Matryoshka","Runic Pyramid","Prayer Wheel","Toy Ornithopter","Smiling Mask","Replay:Baseball","ReplayFunnel","Geode","War Paint","Ring of Peace","Ring of Fury","Velvet Choker","Red Mask","Gambling Chip","Prayer Wheel","PreservedInsect","Replay:Bandana","Nunchaku","Blue Doll","Replay:Ringing Soul"],"acts_visited":["Exordium","TheCity","TheBeyond"],"potions_floor_usage":[13,13,13,16,16,16,16,16,18,20,20,24,24,24,24,27,27,27,29,29,29,30,30,30,33,33,33,33,35,40,40,40,40,40,42,42,42,42,42,44,44,44,44,45,48,50,50,50,50,50,50,50,50,50,50],"damage_taken":[{"damage":0.0,"enemies":"2 Louse","floor":1.0,"turns":3.0},{"damage":0.0,"enemies":"Jaw Worm","floor":3.0,"turns":2.0},{"damage":7.0,"enemies":"3 Sentries","floor":6.0,"turns":7.0},{"damage":0.0,"enemies":"Gremlin Nob","floor":8.0,"turns":3.0},{"damage":0.0,"enemies":"Small Slimes","floor":10.0,"turns":4.0},{"damage":0,"enemies":"Lagavulin","floor":13,"turns":4},{"damage":0,"enemies":"Exordium Thugs","floor":14,"turns":4},{"damage":0,"enemies":"Hexaghost","floor":16,"turns":9},{"damage":1,"enemies":"Chosen","floor":18,"turns":6},{"damage":0,"enemies":"3 Byrds","floor":20,"turns":6},{"damage":0,"enemies":"Slavers","floor":24,"turns":5},{"damage":0,"enemies":"Book of Stabbing","floor":27,"turns":5},{"damage":0,"enemies":"Snake Plant","floor":29,"turns":4},{"damage":0,"enemies":"Gremlin Leader","floor":30,"turns":6},{"damage":0,"enemies":"Champ","floor":33,"turns":8},{"damage":0,"enemies":"3 Shapes","floor":35,"turns":2},{"damage":0,"enemies":"3 Darklings","floor":38,"turns":4},{"damage":0,"enemies":"2 Orb Walkers","floor":39,"turns":5},{"damage":0,"enemies":"R_Hoarder","floor":40,"turns":6},{"damage":0,"enemies":"Giant Head","floor":42,"turns":7},{"damage":0,"enemies":"Spire Growth","floor":44,"turns":5},{"damage":0,"enemies":"Writhing Mass","floor":45,"turns":6},{"damage":0,"enemies":"Reptomancer","floor":47,"turns":4},{"damage":0,"enemies":"Maw","floor":48,"turns":8},{"damage":0,"enemies":"Donu and Deca","floor":50,"turns":6}],"seed_played":"-1865070415782414803","potions_obtained":[{"floor":1.0,"key":"SkillPotion"},{"floor":6.0,"key":"AttackPotion"},{"floor":24,"key":"Toxic Potion"},{"floor":38,"key":"Fire Potion"},{"floor":40,"key":"EntropicBrew"}],"is_trial":false,"path_per_floor":["M","?","M","?","$","E","R","E","T","M","?","R","E","M","R","B",null,"M","?","M","?","$","R","E","R","T","E","R","M","E","?","R_BF","B",null,"M","?","?","M","?","E","R","E","T","M","M","?","E","M","R","B",null],"character_chosen":"DEFECT","items_purchased":["ReplayTheSpireMod:Brewmster","Potion Belt","Oddly Smooth Stone","Genetic Algorithm+1","Discovery","Sling","Fire Potion","Replay:Antivirus Software","Toy Ornithopter"],"campfire_rested":0,"item_purchase_floors":[0,0,0,0,0,0,0,5,22],"current_hp_per_floor":[64,47,47,47,47,40,40,40,40,40,40,40,40,40,40,40,63,62,62,62,62,62,62,71,71,71,71,71,71,71,71,71,71,71,71,71,71,71,71,71,71,71,71,71,71,71,71,74,74,74],"gold":243,"neow_bonus":"","is_daily":false,"chose_seed":false,"campfire_upgraded":8,"win_rate":0.0,"timestamp":1610092445,"path_taken":["M","?","M","?","$","E","R","E","T","M","?","R","E","M","R","BOSS","M","?","M","?","$","R","E","R","T","E","R","M","E","?","R_BF","BOSS","M","?","?","M","?","E","R","E","T","M","M","?","E","M","R","BOSS"],"items_purchased_type":["Card","Relic","Relic","Card","Card","Relic","Potion","Relic","Relic"],"build_version":"2020-12-22","purchased_purges":1,"victory":true,"max_hp_per_floor":[71,71,71,71,71,71,71,71,71,71,71,71,71,71,71,71,71,71,71,71,71,71,71,71,71,71,71,71,71,71,71,71,71,71,71,71,71,71,71,71,71,71,71,71,71,71,71,74,74,74],"card_choices":[{"not_picked":["Cold Snap","Stack"],"picked":"FTL","floor":1.0},{"not_picked":["Turbo","Redo"],"picked":"White Noise","floor":2.0},{"not_picked":["Gash","Compile Driver"],"picked":"Ball Lightning","floor":2.0},{"not_picked":["Melter","Chill"],"picked":"Conserve Battery","floor":3.0},{"not_picked":["Crystallizer","Double Energy"],"picked":"Buffer","floor":6.0},{"not_picked":["ReplayGash","Turbo","Fusion"],"picked":"SKIP","floor":8.0},{"not_picked":["Lockon","ReplayTheSpireMod:GoodbyeWorld","Redo"],"picked":"SKIP","floor":10.0},{"not_picked":["Coolheaded","Storm"],"picked":"Defragment","floor":13},{"not_picked":["Turbo","Chaos"],"picked":"ReplayTheSpireMod:System Scan","floor":14},{"not_picked":["Thunder Strike","All For One"],"picked":"ReplayTheSpireMod:Fabricate Wheel","floor":16},{"not_picked":["BasicCrystalCard","Leap","Go for the Eyes"],"picked":"SKIP","floor":18},{"not_picked":["Go for the Eyes+1","Coolheaded","Reprogram"],"picked":"SKIP","floor":18},{"not_picked":["Skim","Force Field"],"picked":"Defragment","floor":20},{"not_picked":["Go for the Eyes","Barrage"],"picked":"FTL+1","floor":20},{"not_picked":["Rebound","Hologram","Time Bomb"],"picked":"SKIP","floor":24},{"not_picked":["Rebound","Hologram","Time Bomb"],"picked":"SKIP","floor":24},{"not_picked":["Steam","Compile Driver+1","Undo"],"picked":"SKIP","floor":27},{"not_picked":["Leap","Cold Snap"],"picked":"Beam Cell","floor":29},{"not_picked":["Blizzard","Coolheaded","Glacier"],"picked":"SKIP","floor":29},{"not_picked":["Coolheaded","Capacitor"],"picked":"Electrodynamics","floor":30},{"not_picked":["ReplayTheSpireMod:Fabricate Wheel","Electrodynamics"],"picked":"Mirror Shield","floor":33},{"not_picked":["BasicCrystalCard","Ball Lightning+1"],"picked":"Consume","floor":35},{"not_picked":["Coolheaded","Skim","Conserve Battery"],"picked":"SKIP","floor":35},{"not_picked":["Steam","Recycle"],"picked":"Echo Form","floor":38},{"not_picked":["Coolheaded","Stack","Heatsinks"],"picked":"SKIP","floor":38},{"not_picked":["Doom and Gloom","Barrage"],"picked":"Capacitor","floor":40},{"not_picked":["Streamline","Barrage+1"],"picked":"ReplayTheSpireMod:Calculation Training","floor":42},{"not_picked":["ReplayTheSpireMod:System Scan+1","Barrage","Force Field"],"picked":"SKIP","floor":44},{"not_picked":["Chill","Rip and Tear","Hello World"],"picked":"SKIP","floor":44},{"not_picked":["Redo","BasicCrystalCard","Conserve Battery"],"picked":"SKIP","floor":44},{"not_picked":["ReplayTheSpireMod:System Scan+1","Barrage","Force Field"],"picked":"SKIP","floor":44},{"not_picked":["Chill","Rip and Tear","Hello World"],"picked":"SKIP","floor":44},{"not_picked":["Redo","BasicCrystalCard","Conserve Battery"],"picked":"SKIP","floor":44},{"not_picked":["ReplayTheSpireMod:Repulse","Hologram+1","Beam Cell"],"picked":"SKIP","floor":45},{"not_picked":["Streamline","Ball Lightning","BasicCrystalCard"],"picked":"SKIP","floor":45},{"not_picked":["Reinforced Body+1","Glacier","Time Bomb"],"picked":"SKIP","floor":45},{"not_picked":["Sweeping Beam+1","Double Energy+1","Multi-Cast"],"picked":"SKIP","floor":47},{"not_picked":["Conserve Battery","Steam+1"],"picked":"BasicCrystalCard+1","floor":48},{"not_picked":["Barrage","Undo","Panic Button"],"picked":"SKIP","floor":48},{"not_picked":["Hologram+1","Steam","BootSequence"],"picked":"SKIP","floor":48}],"player_experience":426765,"relics_obtained":[{"floor":2.0,"key":"Divine Protection"},{"floor":6.0,"key":"Juzu Bracelet"},{"floor":8.0,"key":"Garlic"},{"floor":9.0,"key":"Replay:Mystery Machine"},{"floor":13,"key":"Matryoshka"},{"floor":24,"key":"Smiling Mask"},{"floor":26,"key":"Replay:Baseball"},{"floor":26,"key":"ReplayFunnel"},{"floor":27,"key":"Geode"},{"floor":30,"key":"War Paint"},{"floor":31,"key":"Ring of Peace"},{"floor":31,"key":"Ring of Fury"},{"floor":39,"key":"Gambling Chip"},{"floor":40,"key":"PreservedInsect"},{"floor":42,"key":"Replay:Accelerometer"},{"floor":43,"key":"Replay:Bandana"},{"floor":43,"key":"Nunchaku"},{"floor":47,"key":"Replay:Ringing Soul"}],"event_choices":[{"cards_removed":["Strike_B"],"damage_healed":0.0,"max_hp_gain":0.0,"max_hp_loss":0.0,"gold_gain":0.0,"event_name":"Purifier","player_choice":"Purged","floor":4.0,"gold_loss":0.0,"damage_taken":0.0},{"damage_healed":0.0,"max_hp_gain":0.0,"max_hp_loss":0.0,"gold_gain":0.0,"event_name":"Living Wall","player_choice":"Grow","floor":11.0,"gold_loss":0.0,"damage_taken":0.0,"cards_upgraded":["Discovery"]},{"damage_healed":0,"gold_gain":0,"player_choice":"Read","damage_taken":0,"max_hp_gain":0,"max_hp_loss":0,"event_name":"The Library","floor":19,"gold_loss":0,"cards_obtained":["BootSequence"]},{"damage_healed":0,"gold_gain":0,"player_choice":"Ignored","damage_taken":0,"max_hp_gain":0,"max_hp_loss":0,"event_name":"Ghosts","floor":21,"gold_loss":0},{"cards_removed":["Strike_B"],"damage_healed":0,"gold_gain":0,"player_choice":"Purged","damage_taken":0,"max_hp_gain":0,"max_hp_loss":0,"event_name":"Purifier","floor":36,"gold_loss":0},{"damage_healed":0,"gold_gain":0,"player_choice":"Paid","damage_taken":0,"relics_obtained":["Red Mask"],"max_hp_gain":0,"max_hp_loss":0,"event_name":"Tomb of Lord Red Mask","floor":37,"gold_loss":239},{"damage_healed":0,"gold_gain":0,"player_choice":"Fight","damage_taken":0,"max_hp_gain":0,"max_hp_loss":0,"event_name":"Mysterious Sphere","floor":39,"gold_loss":0},{"damage_healed":0,"gold_gain":0,"player_choice":"Gave Potion","damage_taken":0,"relics_obtained":["Blue Doll"],"max_hp_gain":0,"max_hp_loss":0,"event_name":"WeMeetAgain","floor":46,"gold_loss":0}],"is_beta":false,"boss_relics":[{"not_picked":["FrozenCore","Ring of Chaos"],"picked":"Runic Pyramid"},{"not_picked":["Replay:Ancient Bell","SlaversCollar"],"picked":"Velvet Choker"}],"items_purged_floors":[22],"is_endless":false,"potions_floor_spawned":[1,6,13,16,18,24,38,39,40,42],"ascension_level":14}}