{"host":"ueaobptuyu87ouwy","time":1610092999,"event":{"mods":["Aspiration","Bard","BaseMod","Better Altar","Better Match","Better Note","Better Sensory Stone","Better Skull","Better Third Choice","BetterRewards","CCEM","Colored Map","Conspire","Downfall","GifTheSpireLib","GungeonMod","Halation","Hermit","Highlight Path","Hubris","Infinite Spire","Jedi Mod","Jorbs\u0027s Wanderer Trilogy","Marisa????????","Marked Mod","Mimic Mod","Minty Spire (QoL Compilation)","Permanent Neow","Replay The Spire","Shop Mod","Small Relic Pack","StSLib","Stuff the Spire","The Runesmith","Unceasing Turn Reminder","everything is the same but u backflip on backflip","slay the spire mod where everything is the same but ironclad has a cowboy hat"],"gold_per_floor":[114,125,125,225,243,243,273,298,329,329,291,303,303,316,316,316,316],"floor_reached":16,"playtime":1148,"items_purged":[],"score":102,"play_id":"bc5f9db6-93d5-4a7c-a95f-dcdd948d4a7a","local_time":"20210108160319","is_ascension_mode":false,"campfire_choices":[{"data":"DemoMod:ConditionalReflex","floor":6,"key":"SMITH"},{"floor":10,"key":"REST"},{"data":"DemoMod:Unmoved","floor":13,"key":"SMITH"},{"floor":15,"key":"REST"}],"circlet_count":0,"master_deck":["DemoMod:Strike_Huntress","DemoMod:Strike_Huntress","DemoMod:Strike_Huntress","DemoMod:Defend_Huntress","DemoMod:Defend_Huntress","DemoMod:Defend_Huntress","DemoMod:Defend_Huntress","DemoMod:Roll","DemoMod:ManualReload","DemoMod:RustySidearm","DemoMod:CrossBow","DemoMod:JK47","DemoMod:ConditionalReflex+1","DemoMod:Unmoved+1","DemoMod:AWP","DemoMod:GunslingerForm+1","DemoMod:CombinedRifle","DemoMod:BlankBullets+1"],"relics":["DemoMod:Dog","aspiration:Nostalgia","Guardian:ModeShifter","Frozen Egg 2","jedi:arcanewood"],"acts_visited":["Exordium"],"potions_floor_usage":[12,12,16],"damage_taken":[{"damage":7,"enemies":"Jaw Worm","floor":1,"turns":4},{"damage":0,"enemies":"Cultist","floor":2,"turns":5},{"damage":1,"enemies":"2 Louse","floor":5,"turns":3},{"damage":51,"enemies":"Lagavulin","floor":7,"turns":12},{"damage":0,"enemies":"Looter","floor":8,"turns":4},{"damage":4,"enemies":"Large Slime","floor":9,"turns":8},{"damage":8,"enemies":"Large Slime","floor":12,"turns":7},{"damage":7,"enemies":"Blue Slaver","floor":14,"turns":3},{"damage":37,"enemies":"Hexaghost","floor":16,"turns":15}],"seed_played":"3738213355563778317","potions_obtained":[{"floor":5,"key":"DemoMod:LeadSkinPotion"},{"floor":7,"key":"SkillPotion"},{"floor":8,"key":"Energy Potion"},{"floor":12,"key":"SkillPotion"},{"floor":14,"key":"sneckomod:MuddlingPotion"}],"is_trial":false,"path_per_floor":["M","M","?","?","M","R","E","M","MIM","R","?","M","R","M","R","B"],"character_chosen":"HUNTRESS","items_purchased":[],"campfire_rested":2,"item_purchase_floors":[],"current_hp_per_floor":[63,63,63,63,62,62,11,11,7,28,28,20,20,13,34,0,0],"gold":316,"neow_bonus":"NOSTALGIA","is_daily":false,"chose_seed":false,"campfire_upgraded":2,"win_rate":0.0,"timestamp":1610092999,"path_taken":["M","M","?","?","?","R","E","M","MIM","R","?","M","R","M","R","BOSS"],"items_purchased_type":[],"build_version":"2020-12-13","purchased_purges":0,"victory":false,"max_hp_per_floor":[70,70,70,70,70,70,70,70,70,70,70,70,70,70,70,70,70],"card_choices":[{"not_picked":["DemoMod:EasyReloadBullets","DemoMod:AC15"],"picked":"DemoMod:JK47","floor":1},{"not_picked":["DemoMod:Polaris","DemoMod:FastSwitch"],"picked":"DemoMod:ConditionalReflex","floor":2},{"not_picked":["DemoMod:Rummage","DemoMod:HardPowerCard"],"picked":"DemoMod:Unmoved","floor":5},{"not_picked":["DemoMod:FastSwitch","DemoMod:DoubleSwitch"],"picked":"DemoMod:AWP","floor":7},{"not_picked":["DemoMod:MegaHand","DemoMod:AC15"],"picked":"DemoMod:GunslingerForm+1","floor":8},{"not_picked":["DemoMod:SAA","DemoMod:DirectionalPad"],"picked":"DemoMod:CombinedRifle","floor":9},{"not_picked":["DemoMod:CombinedRifle","DemoMod:AC15"],"picked":"DemoMod:BlankBullets+1","floor":12},{"not_picked":["DemoMod:ProbeStrike","DemoMod:PracticeMakesPerfect","DemoMod:GunstockTap"],"picked":"SKIP","floor":14}],"player_experience":64171,"relics_obtained":[{"floor":7,"key":"Frozen Egg 2"},{"floor":9,"key":"jedi:arcanewood"}],"event_choices":[{"damage_healed":0,"gold_gain":0,"player_choice":"Ignored","damage_taken":125,"max_hp_gain":0,"max_hp_loss":0,"event_name":"betterThird:BetterSerpent","floor":3,"gold_loss":0},{"damage_healed":0,"gold_gain":100,"player_choice":"Pray","damage_taken":0,"max_hp_gain":0,"max_hp_loss":0,"event_name":"Golden Shrine","floor":4,"gold_loss":0},{"damage_healed":0,"gold_gain":0,"player_choice":"Left","damage_taken":0,"max_hp_gain":0,"max_hp_loss":0,"event_name":"betterThird:BetterGoop","floor":11,"gold_loss":38}],"is_beta":false,"boss_relics":[],"items_purged_floors":[],"is_endless":false,"potions_floor_spawned":[5,7,8,12,14],"killed_by":"Hexaghost","ascension_level":0}}