{"host":"7k7fhzlbqzyu5ijh","time":1610080112,"event":{"mods":["AchievementEnabler","BaseMod","Bestiary","Colored Powertips","Filter the Spire","Highlight Path","Minty Spire (QoL Compilation)","Potion Indicator Mod","RNG Fix","Relic Stats"],"gold_per_floor":[116,134,134,9,34,34,65,81,81,81,121,121,121,142,142,261,261,286,286,211,230,230,230,265,265,265,285,26,45,45,45,45,176,176,192,255,255,269,269,269,287,326,353,392,412,412,50,66,66,66],"floor_reached":51,"playtime":4578,"items_purged":["Strike_P","Pain","LessonLearned+1"],"score":879,"play_id":"e39170a8-6b5c-49a1-be60-821333392759","local_time":"20210107232832","is_ascension_mode":true,"campfire_choices":[{"data":"PathToVictory","floor":6.0,"key":"SMITH"},{"floor":10.0,"key":"REST"},{"data":"EmptyFist","floor":12.0,"key":"SMITH"},{"data":"Eruption","floor":15.0,"key":"SMITH"},{"data":"LikeWater","floor":23,"key":"SMITH"},{"data":"DeusExMachina","floor":25,"key":"SMITH"},{"floor":32,"key":"REST"},{"data":"Decay","floor":40,"key":"PURGE"},{"data":"Judgement+1","floor":49,"key":"PURGE"}],"circlet_count":0,"master_deck":["Eruption+1","Vigilance","Impatience+1","PathToVictory+1","CutThroughFate","EmptyFist+1","Evaluate","LikeWater","WindmillStrike","ThirdEye","DeusExMachina+1","FollowUp","Meditate","Wireheading+1","Evaluate","LikeWater+1","CutThroughFate+1","Ragnarok+1","PathToVictory+1","WaveOfTheHand","Master of Strategy","Dark Shackles","Thinking Ahead","Perseverance","Meditate","PathToVictory","Sanctity+1","ThirdEye"],"relics":["PureWater","Golden Idol","Orichalcum","Eternal Feather","Juzu Bracelet","Pandora\u0027s Box","WarpedTongs","Singing Bowl","The Courier","Bottled Tornado","Astrolabe","Peace Pipe","TungstenRod","Vajra","Mercury Hourglass","Orrery"],"acts_visited":["Exordium","TheCity","TheBeyond"],"potions_floor_usage":[24,29,33,42,50],"damage_taken":[{"damage":4.0,"enemies":"Small Slimes","floor":1.0,"turns":4.0},{"damage":0.0,"enemies":"2 Louse","floor":2.0,"turns":2.0},{"damage":1.0,"enemies":"Cultist","floor":5.0,"turns":3.0},{"damage":15.0,"enemies":"3 Sentries","floor":7.0,"turns":7.0},{"damage":8.0,"enemies":"Red Slaver","floor":8.0,"turns":2.0},{"damage":2.0,"enemies":"Gremlin Nob","floor":11.0,"turns":3.0},{"damage":0.0,"enemies":"3 Louse","floor":14.0,"turns":2.0},{"damage":5.0,"enemies":"The Guardian","floor":16.0,"turns":10.0},{"damage":6,"enemies":"Chosen","floor":18,"turns":4},{"damage":14,"enemies":"Shell Parasite","floor":21,"turns":5},{"damage":43,"enemies":"Slavers","floor":24,"turns":7},{"damage":24,"enemies":"3 Cultists","floor":27,"turns":6},{"damage":0,"enemies":"Snecko","floor":29,"turns":4},{"damage":30,"enemies":"Automaton","floor":33,"turns":12},{"damage":16,"enemies":"3 Shapes","floor":35,"turns":5},{"damage":0,"enemies":"Mind Bloom Boss Battle","floor":36,"turns":7},{"damage":13,"enemies":"3 Darklings","floor":38,"turns":5},{"damage":14,"enemies":"Spire Growth","floor":41,"turns":5},{"damage":19,"enemies":"Nemesis","floor":42,"turns":7},{"damage":40,"enemies":"Reptomancer","floor":44,"turns":6},{"damage":0,"enemies":"Transient","floor":45,"turns":5},{"damage":12,"enemies":"Maw","floor":48,"turns":6},{"damage":41,"enemies":"Awakened One","floor":50,"turns":14}],"seed_played":"191311448474894933","potions_obtained":[{"floor":1.0,"key":"BottledMiracle"},{"floor":5.0,"key":"GamblersBrew"},{"floor":7.0,"key":"ColorlessPotion"},{"floor":8.0,"key":"SkillPotion"},{"floor":11.0,"key":"Energy Potion"},{"floor":21,"key":"Swift Potion"},{"floor":29,"key":"Fruit Juice"},{"floor":38,"key":"DistilledChaos"},{"floor":44,"key":"Swift Potion"}],"is_trial":false,"path_per_floor":["M","M","?","$","M","R","E","M","T","R","E","R","?","M","R","B",null,"M","?","?","M","?","R","E","R","T","M","$","M","T","?","R","B",null,"M","?","?","M","?","R","M","E","T","E","M","?","$","M","R","B",null],"character_chosen":"WATCHER","items_purchased":["EmptyFist","FairyPotion","Dexterity Potion","LiquidBronze","Orrery","ThirdEye","StancePotion","ColorlessPotion"],"campfire_rested":2,"item_purchase_floors":[4,28,28,28,47,47,47,47],"current_hp_per_floor":[68,68,50,50,49,49,34,26,26,47,45,54,51,51,60,55,68,62,62,62,48,48,60,19,31,31,9,9,16,16,16,52,24,70,54,56,56,43,33,48,34,15,15,5,7,78,86,76,88,47],"gold":66,"neow_bonus":"RANDOM_COLORLESS","is_daily":false,"chose_seed":false,"campfire_upgraded":5,"win_rate":0.0,"timestamp":1610080112,"path_taken":["M","M","?","$","M","R","E","M","T","R","E","R","?","M","R","BOSS","M","?","?","M","?","R","E","R","T","M","$","M","?","?","R","BOSS","M","?","?","M","?","R","M","E","T","E","M","?","$","M","R","BOSS"],"items_purchased_type":["Card","Potion","Potion","Potion","Relic","Card","Potion","Potion"],"build_version":"2020-12-22","purchased_purges":3,"victory":true,"max_hp_per_floor":[72,72,72,72,72,72,72,72,72,72,72,72,72,72,72,72,72,72,72,72,72,72,72,74,74,74,76,76,83,83,83,83,85,85,85,87,87,87,87,87,87,87,87,87,89,78,86,88,88,88],"relic_stats":{"Singing Bowl":22,"counters":[23,131],"Golden Idol":170,"Astrolabe":["Ragnarok","Judgement","LessonLearned"],"Eternal Feather":81,"Juzu Bracelet":2,"Orichalcum":[216],"WarpedTongs":[89],"Mercury Hourglass":[93],"Peace Pipe":2,"Pandora\u0027s Box":["Establishment","ClearTheMind","FollowUp","Meditate","Wireheading","Nirvana","Establishment"],"obtain_stats":[{"Singing Bowl":24,"Golden Idol":3,"Astrolabe":34,"Vajra":43,"Eternal Feather":11,"The Courier":26,"Juzu Bracelet":13,"Orichalcum":7,"Bottled Tornado":30,"WarpedTongs":22,"Mercury Hourglass":44,"Peace Pipe":36,"Orrery":47,"Pandora\u0027s Box":17,"PureWater":0,"TungstenRod":42},{"Singing Bowl":11,"Golden Idol":2,"Astrolabe":14,"Vajra":19,"Eternal Feather":6,"The Courier":11,"Juzu Bracelet":6,"Orichalcum":4,"Bottled Tornado":13,"WarpedTongs":10,"Mercury Hourglass":20,"Peace Pipe":16,"Orrery":21,"Pandora\u0027s Box":8,"PureWater":0,"TungstenRod":19},{"Singing Bowl":49,"Golden Idol":6,"Astrolabe":71,"Vajra":100,"Eternal Feather":21,"The Courier":49,"Juzu Bracelet":21,"Orichalcum":16,"Bottled Tornado":59,"WarpedTongs":42,"Mercury Hourglass":106,"Peace Pipe":83,"Orrery":111,"Pandora\u0027s Box":33,"PureWater":0,"TungstenRod":100}],"TungstenRod":14},"card_choices":[{"not_picked":["Blind","Forethought"],"picked":"Impatience","floor":0.0},{"not_picked":["BowlingBash","Vengeance"],"picked":"PathToVictory","floor":1.0},{"not_picked":["Consecrate","Prostrate"],"picked":"CutThroughFate","floor":2.0},{"not_picked":["EmptyMind","EmptyFist"],"picked":"Evaluate","floor":5.0},{"not_picked":["Weave","Blasphemy","ForeignInfluence"],"picked":"SKIP","floor":7.0},{"not_picked":["FlurryOfBlows","BowlingBash"],"picked":"LikeWater","floor":8.0},{"not_picked":["Pray","Evaluate"],"picked":"WindmillStrike","floor":11.0},{"not_picked":["Crescendo","Evaluate"],"picked":"ThirdEye","floor":14.0},{"not_picked":["Blasphemy","Wish"],"picked":"DeusExMachina","floor":16.0},{"not_picked":["EmptyBody","Tantrum"],"picked":"Evaluate","floor":18},{"not_picked":["Evaluate","EmptyFist+1"],"picked":"CutThroughFate+1","floor":21},{"not_picked":["Consecrate","FlyingSleeves","JustLucky"],"picked":"Singing Bowl","floor":24},{"not_picked":["CutThroughFate","Nirvana","Tantrum"],"picked":"Singing Bowl","floor":27},{"not_picked":["FlurryOfBlows","Prostrate+1","Pray"],"picked":"Singing Bowl","floor":29},{"not_picked":["Brilliance","Omniscience","DeusExMachina"],"picked":"Singing Bowl","floor":33},{"not_picked":["FlurryOfBlows","Tantrum"],"picked":"PathToVictory+1","floor":35},{"not_picked":["CarveReality","Conclude+1","Evaluate"],"picked":"Singing Bowl","floor":36},{"not_picked":["WreathOfFlame","SashWhip+1"],"picked":"WaveOfTheHand","floor":38},{"not_picked":["Bandage Up","Dramatic Entrance"],"picked":"Master of Strategy","floor":39},{"not_picked":["Dramatic Entrance","Discovery"],"picked":"Dark Shackles","floor":39},{"not_picked":["Panacea","Swift Strike"],"picked":"Thinking Ahead","floor":39},{"not_picked":["Weave","Tantrum"],"picked":"Perseverance","floor":41},{"not_picked":["ReachHeaven+1","FlyingSleeves+1"],"picked":"Meditate","floor":42},{"not_picked":["FlyingSleeves+1","Prostrate+1"],"picked":"PathToVictory","floor":44},{"not_picked":["DeceiveReality","EmptyBody+1","Protect+1"],"picked":"Singing Bowl","floor":45},{"not_picked":["Wallop","BowlingBash+1","FlyingSleeves+1"],"picked":"Singing Bowl","floor":47},{"not_picked":["FlurryOfBlows+1","MasterReality"],"picked":"Sanctity+1","floor":47},{"not_picked":["Vengeance+1","FlurryOfBlows","EmptyBody+1"],"picked":"Singing Bowl","floor":47},{"not_picked":["DeceiveReality","Protect+1","ClearTheMind+1"],"picked":"Singing Bowl","floor":47},{"not_picked":["FlurryOfBlows","WaveOfTheHand+1","Wallop+1"],"picked":"Singing Bowl","floor":47},{"not_picked":["Tantrum","SashWhip+1","Perseverance"],"picked":"Singing Bowl","floor":48}],"player_experience":386054,"relics_obtained":[{"floor":7.0,"key":"Orichalcum"},{"floor":11.0,"key":"Eternal Feather"},{"floor":24,"key":"Singing Bowl"},{"floor":26,"key":"The Courier"},{"floor":30,"key":"Bottled Tornado"},{"floor":36,"key":"Peace Pipe"},{"floor":42,"key":"TungstenRod"},{"floor":43,"key":"Vajra"},{"floor":44,"key":"Mercury Hourglass"}],"event_choices":[{"damage_healed":0.0,"max_hp_gain":0.0,"max_hp_loss":0.0,"gold_gain":0.0,"event_name":"Golden Idol","player_choice":"Take Damage","floor":3.0,"gold_loss":0.0,"damage_taken":18.0,"relics_obtained":["Golden Idol"]},{"damage_healed":0.0,"max_hp_gain":0.0,"max_hp_loss":0.0,"gold_gain":0.0,"event_name":"Scrap Ooze","player_choice":"Success","floor":13.0,"gold_loss":0.0,"damage_taken":3.0,"relics_obtained":["Juzu Bracelet"]},{"damage_healed":0,"gold_gain":0,"player_choice":"Read","damage_taken":0,"max_hp_gain":0,"max_hp_loss":0,"event_name":"The Library","floor":19,"gold_loss":0,"cards_obtained":["LikeWater"]},{"cards_removed":["Nirvana"],"damage_healed":0,"gold_gain":0,"player_choice":"Gave Gold","damage_taken":0,"max_hp_gain":0,"max_hp_loss":0,"event_name":"Beggar","floor":20,"gold_loss":75},{"damage_healed":0,"gold_gain":0,"player_choice":"Rummage","damage_taken":0,"relics_obtained":["WarpedTongs"],"max_hp_gain":0,"max_hp_loss":0,"event_name":"Accursed Blacksmith","floor":22,"gold_loss":0,"cards_obtained":["Pain"]},{"damage_healed":0,"gold_gain":0,"player_choice":"Cursed","damage_taken":0,"max_hp_gain":0,"max_hp_loss":0,"event_name":"Wheel of Change","floor":31,"gold_loss":0,"cards_obtained":["Decay"]},{"damage_healed":0,"gold_gain":0,"player_choice":"Fight","damage_taken":0,"max_hp_gain":0,"max_hp_loss":0,"event_name":"MindBloom","floor":36,"gold_loss":0},{"damage_healed":0,"gold_gain":0,"player_choice":"Upgraded","damage_taken":0,"max_hp_gain":0,"max_hp_loss":0,"event_name":"Upgrade Shrine","floor":37,"gold_loss":0,"cards_upgraded":["Wireheading"]},{"damage_healed":0,"gold_gain":0,"player_choice":"Memory 3","damage_taken":10,"max_hp_gain":0,"max_hp_loss":0,"event_name":"SensoryStone","floor":39,"gold_loss":0},{"damage_healed":78,"gold_gain":0,"player_choice":"Heal","damage_taken":0,"max_hp_gain":0,"max_hp_loss":11,"event_name":"The Moai Head","floor":46,"gold_loss":0}],"is_beta":false,"boss_relics":[{"not_picked":["Busted Crown","Runic Dome"],"picked":"Pandora\u0027s Box"},{"not_picked":["Philosopher\u0027s Stone","Black Star"],"picked":"Astrolabe"}],"items_purged_floors":[4,28,47],"is_endless":false,"potions_floor_spawned":[1,5,7,8,11,21,29,38,44,48],"ascension_level":5}}