{"host":"Sean","time":1610127260,"event":{"mods":["BaseMod","Block Reminder","Colored Map","Colored Powertips","Highlight Path","Minty Spire (QoL Compilation)","Relic Stats"],"gold_per_floor":[211,229,229,248,25,51,51,68,68,103,73,99,19,39,39,143,143,159,159,159,179,51,51,85,85,110,138,138,169,185,185,185,280,280,294,57,72,109,59,91,0,30,30,30,30],"floor_reached":44,"playtime":4883,"items_purged":["Defend_P","Strike_P","Defend_P","EmptyBody"],"score":800,"play_id":"ab27b893-98db-4126-bf06-5347b56be8b6","local_time":"20210108173420","is_ascension_mode":true,"campfire_choices":[{"data":"Wallop","floor":7.0,"key":"SMITH"},{"data":"TalkToTheHand","floor":15.0,"key":"SMITH"},{"data":"DevaForm","floor":23.0,"key":"SMITH"},{"data":"Fasting2","floor":25.0,"key":"SMITH"},{"floor":28,"key":"REST"},{"floor":32,"key":"REST"}],"circlet_count":0,"master_deck":["Defend_P+1","Eruption","Vigilance+1","TalkToTheHand+1","Wallop+1","Protect","JustLucky","Collect","TalkToTheHand+1","CutThroughFate","DevaForm+1","Vault+1","Conclude+1","WindmillStrike+1","Fasting2+1","Wireheading","Sanctity+1","FearNoEvil+1","ConjureBlade","Evaluate+1","Wish","ClearTheMind+1","Nirvana+1","Apotheosis","Nirvana+1","Prostrate+1","CutThroughFate+1","ThirdEye+1","Writhe"],"relics":["PureWater","ClockworkSouvenir","War Paint","The Courier","Calipers","Art of War","Astrolabe","Ancient Tea Set","Frozen Egg 2","Damaru","Pen Nib","Smiling Mask","Cursed Key","Juzu Bracelet","Red Mask","Potion Belt"],"acts_visited":["Exordium","TheCity","TheBeyond"],"potions_floor_usage":[27,33,33,40,44],"damage_taken":[{"damage":0.0,"enemies":"Small Slimes","floor":1.0,"turns":2.0},{"damage":0.0,"enemies":"Cultist","floor":2.0,"turns":2.0},{"damage":0.0,"enemies":"Jaw Worm","floor":4.0,"turns":2.0},{"damage":2.0,"enemies":"Gremlin Nob","floor":6.0,"turns":5.0},{"damage":0.0,"enemies":"Large Slime","floor":8.0,"turns":3.0},{"damage":4.0,"enemies":"3 Sentries","floor":10.0,"turns":9.0},{"damage":7.0,"enemies":"Gremlin Nob","floor":12.0,"turns":6.0},{"damage":3.0,"enemies":"Lots of Slimes","floor":14.0,"turns":6.0},{"damage":0.0,"enemies":"Slime Boss","floor":16.0,"turns":8.0},{"damage":1.0,"enemies":"3 Byrds","floor":18.0,"turns":5.0},{"damage":15.0,"enemies":"2 Thieves","floor":21.0,"turns":5.0},{"damage":17.0,"enemies":"Gremlin Leader","floor":24.0,"turns":9.0},{"damage":27,"enemies":"Slavers","floor":27,"turns":8},{"damage":0,"enemies":"Gremlin Leader","floor":29,"turns":5},{"damage":6,"enemies":"Cultist and Chosen","floor":30,"turns":6},{"damage":6,"enemies":"Automaton","floor":33,"turns":6},{"damage":0,"enemies":"3 Shapes","floor":35,"turns":3},{"damage":15,"enemies":"3 Darklings","floor":37,"turns":6},{"damage":21,"enemies":"Jaw Worm Horde","floor":38,"turns":5},{"damage":0,"enemies":"Giant Head","floor":40,"turns":8},{"damage":20,"enemies":"Reptomancer","floor":42,"turns":5},{"damage":18,"enemies":"Transient","floor":44,"turns":5}],"seed_played":"2508201112258610201","potions_obtained":[{"floor":1.0,"key":"EssenceOfSteel"},{"floor":2.0,"key":"Weak Potion"},{"floor":8.0,"key":"Energy Potion"},{"floor":11.0,"key":"SteroidPotion"},{"floor":11.0,"key":"Swift Potion"},{"floor":16.0,"key":"Strength Potion"},{"floor":24.0,"key":"StancePotion"},{"floor":29,"key":"BlessingOfTheForge"},{"floor":37,"key":"Ambrosia"}],"is_trial":false,"path_per_floor":["M","M","?","M","$","E","R","M","T","E","?","E","$","M","R","B",null,"M","?","?","M","$","R","E","R","T","E","R","E","M","?","R","B",null,"M","$","M","M","$","E","?","E","T","M"],"character_chosen":"WATCHER","items_purchased":["ClockworkSouvenir","Wireheading","Nirvana+1","SkillPotion","BlessingOfTheForge","Apotheosis"],"campfire_rested":2,"item_purchase_floors":[5,22,36,36,36,36],"current_hp_per_floor":[72,72,72,72,72,70,70,70,70,66,66,59,59,56,56,56,72,71,71,71,56,56,56,39,39,39,12,33,33,27,27,48,42,72,72,72,57,36,36,36,36,16,16,0,0],"gold":30,"neow_bonus":"HUNDRED_GOLD","is_daily":false,"chose_seed":false,"campfire_upgraded":4,"win_rate":0.0,"timestamp":1610127260,"path_taken":["M","M","?","M","$","E","R","M","T","E","?","E","$","?","R","BOSS","M","?","?","M","$","R","E","R","T","E","R","E","M","?","R","BOSS","M","?","M","?","$","E","?","E","T","M"],"items_purchased_type":["Relic","Card","Card","Potion","Potion","Card"],"build_version":"2020-12-18","purchased_purges":4,"victory":false,"max_hp_per_floor":[72,72,72,72,72,72,72,72,72,72,72,72,72,72,72,72,72,72,72,72,72,72,72,72,72,72,72,72,72,72,72,72,72,72,72,72,72,72,72,72,72,72,72,72,72],"relic_stats":{"counters":[22,119],"Astrolabe":["Vault","Conclude","WindmillStrike"],"Pen Nib":[8],"Art of War":[10],"Juzu Bracelet":1,"War Paint":["Vigilance","Defend_P"],"Smiling Mask":70,"Cursed Key":1,"obtain_stats":[{"Potion Belt":42,"Calipers":10,"Astrolabe":17,"Damaru":26,"The Courier":9,"Pen Nib":27,"Juzu Bracelet":40,"War Paint":6,"Frozen Egg 2":24,"Ancient Tea Set":19,"Smiling Mask":29,"Cursed Key":34,"ClockworkSouvenir":5,"Art of War":12,"Red Mask":41,"PureWater":0},{"Potion Belt":21,"Calipers":6,"Astrolabe":9,"Damaru":12,"The Courier":5,"Pen Nib":13,"Juzu Bracelet":20,"War Paint":4,"Frozen Egg 2":12,"Ancient Tea Set":10,"Smiling Mask":14,"Cursed Key":16,"ClockworkSouvenir":3,"Art of War":7,"Red Mask":20,"PureWater":0},{"Potion Belt":114,"Calipers":23,"Astrolabe":43,"Damaru":62,"The Courier":14,"Pen Nib":70,"Juzu Bracelet":109,"War Paint":11,"Frozen Egg 2":62,"Ancient Tea Set":48,"Smiling Mask":75,"Cursed Key":87,"ClockworkSouvenir":6,"Art of War":29,"Red Mask":109,"PureWater":0}]},"card_choices":[{"not_picked":["Protect","SandsOfTime"],"picked":"TalkToTheHand","floor":1.0},{"not_picked":["FollowUp","Evaluate"],"picked":"Wallop","floor":2.0},{"not_picked":["PathToVictory","WheelKick"],"picked":"EmptyBody","floor":4.0},{"not_picked":["Omniscience","SandsOfTime"],"picked":"Protect","floor":6.0},{"not_picked":["CrushJoints","FollowUp"],"picked":"JustLucky","floor":8.0},{"not_picked":["JustLucky","FollowUp"],"picked":"Collect","floor":10.0},{"not_picked":["CrushJoints","Evaluate"],"picked":"TalkToTheHand","floor":12.0},{"not_picked":["ForeignInfluence","Wallop"],"picked":"CutThroughFate","floor":14.0},{"not_picked":["SpiritShield","Brilliance"],"picked":"DevaForm","floor":16.0},{"not_picked":["FollowUp","CrushJoints","Swivel"],"picked":"SKIP","floor":18.0},{"not_picked":["Evaluate+1","Swivel+1"],"picked":"Fasting2","floor":21.0},{"not_picked":["PathToVictory","FollowUp"],"picked":"Sanctity+1","floor":24.0},{"not_picked":["Protect","DevaForm+1"],"picked":"FearNoEvil+1","floor":27},{"not_picked":["SashWhip","FlyingSleeves"],"picked":"ConjureBlade","floor":29},{"not_picked":["ClearTheMind","Sanctity"],"picked":"Evaluate+1","floor":30},{"not_picked":["Judgement","LessonLearned"],"picked":"Wish","floor":33},{"not_picked":["Collect","Prostrate+1"],"picked":"ClearTheMind+1","floor":35},{"not_picked":["FollowUp+1","Consecrate"],"picked":"Nirvana+1","floor":37},{"not_picked":["Protect","MentalFortress+1"],"picked":"Prostrate+1","floor":38},{"not_picked":["Pray","DeceiveReality+1"],"picked":"CutThroughFate+1","floor":40},{"not_picked":["FlyingSleeves+1","SashWhip+1"],"picked":"ThirdEye+1","floor":42}],"player_experience":408619,"relics_obtained":[{"floor":6.0,"key":"War Paint"},{"floor":9.0,"key":"The Courier"},{"floor":10.0,"key":"Calipers"},{"floor":12.0,"key":"Art of War"},{"floor":24.0,"key":"Frozen Egg 2"},{"floor":26.0,"key":"Damaru"},{"floor":27,"key":"Pen Nib"},{"floor":29,"key":"Smiling Mask"},{"floor":40,"key":"Juzu Bracelet"},{"floor":42,"key":"Potion Belt"}],"event_choices":[{"damage_healed":0.0,"max_hp_gain":0.0,"max_hp_loss":0.0,"gold_gain":0.0,"event_name":"Living Wall","player_choice":"Grow","floor":3.0,"gold_loss":0.0,"damage_taken":0.0,"cards_upgraded":["TalkToTheHand"]},{"damage_healed":0.0,"max_hp_gain":0.0,"max_hp_loss":0.0,"gold_gain":0.0,"event_name":"The Woman in Blue","player_choice":"Bought 2 Potions","floor":11.0,"gold_loss":0.0,"damage_taken":0.0},{"damage_healed":0.0,"max_hp_gain":0.0,"max_hp_loss":0.0,"gold_gain":0.0,"event_name":"The Mausoleum","player_choice":"Opened","floor":19.0,"gold_loss":0.0,"damage_taken":0.0,"relics_obtained":["Ancient Tea Set"],"cards_obtained":["Writhe"]},{"cards_removed":["Writhe"],"damage_healed":0.0,"max_hp_gain":0.0,"max_hp_loss":0.0,"gold_gain":0.0,"event_name":"Back to Basics","player_choice":"Elegance","floor":20.0,"gold_loss":0.0,"damage_taken":0.0},{"cards_removed":["Strike_P"],"damage_healed":0,"gold_gain":0,"player_choice":"Purged","damage_taken":0,"max_hp_gain":0,"max_hp_loss":0,"event_name":"Purifier","floor":31,"gold_loss":0},{"damage_healed":0,"gold_gain":0,"player_choice":"Paid","damage_taken":0,"relics_obtained":["Red Mask"],"max_hp_gain":0,"max_hp_loss":0,"event_name":"Tomb of Lord Red Mask","floor":41,"gold_loss":91}],"is_beta":true,"boss_relics":[{"not_picked":["VioletLotus","Empty Cage"],"picked":"Astrolabe"},{"not_picked":["SlaversCollar","Pandora\u0027s Box"],"picked":"Cursed Key"}],"items_purged_floors":[5,13,22,39],"is_endless":false,"potions_floor_spawned":[1,2,8,16,24,29,30,37,38],"killed_by":"Transient","ascension_level":4}}