{"host":"duxoyu97j36znyap","time":1610087843,"event":{"mods":["AlwaysNeverKeys","BaseMod","Bestiary","BetterRewards","Colored Map","DeckTracker","Filter the Spire","Googly Eyes","Minty Spire (QoL Compilation)","Permanent Neow","Rare Cards Sparkle","Relic Stats","StSLib"],"gold_per_floor":[110,121,121,121,140,140,172,172,172,192,203,203,203],"floor_reached":12,"playtime":401,"items_purged":[],"score":104,"play_id":"7c6337f9-4151-46cd-a1db-e16311cf4a50","local_time":"20210108013723","is_ascension_mode":true,"campfire_choices":[{"data":"Eruption","floor":6,"key":"SMITH"},{"floor":8,"key":"REST"}],"circlet_count":0,"master_deck":["Strike_P","Strike_P","Strike_P","Strike_P","Defend_P","Defend_P","Defend_P","Defend_P","Eruption+1","Vigilance","Meditate","Consecrate","Regret","Wireheading","FearNoEvil","Halt","Conclude"],"relics":["Black Star","CloakClasp","Gambling Chip","Happy Flower","Bottled Flame","Singing Bowl"],"acts_visited":["Exordium"],"potions_floor_usage":[11,11],"damage_taken":[{"damage":5,"enemies":"2 Louse","floor":1,"turns":4},{"damage":5,"enemies":"Jaw Worm","floor":2,"turns":4},{"damage":3,"enemies":"Cultist","floor":5,"turns":2},{"damage":27,"enemies":"3 Sentries","floor":7,"turns":6},{"damage":11,"enemies":"Blue Slaver","floor":10,"turns":6},{"damage":22,"enemies":"Exordium Thugs","floor":11,"turns":4},{"damage":31,"enemies":"Gremlin Nob","floor":12,"turns":2}],"seed_played":"7342997869266726250","potions_obtained":[{"floor":1,"key":"Regen Potion"},{"floor":7,"key":"DistilledChaos"}],"is_trial":false,"path_per_floor":["M","M","?","?","M","R","E","R","T","M","M","E"],"character_chosen":"WATCHER","items_purchased":[],"campfire_rested":1,"item_purchase_floors":[],"current_hp_per_floor":[60,55,43,43,40,40,13,34,34,23,13,0,0],"gold":203,"neow_bonus":"BOSS_RELIC","is_daily":false,"chose_seed":false,"campfire_upgraded":1,"win_rate":0.0,"timestamp":1610087843,"path_taken":["M","M","?","?","M","R","E","R","T","?","M","E"],"items_purchased_type":[],"build_version":"2020-12-22","purchased_purges":0,"victory":false,"max_hp_per_floor":[72,72,72,72,72,72,72,72,72,72,72,72,72],"relic_stats":{"Happy Flower":[4],"Singing Bowl":0,"counters":[7,28],"Gambling Chip":[14],"Black Star":1,"CloakClasp":[35],"obtain_stats":[{"Bottled Flame":7,"Happy Flower":7,"Singing Bowl":9,"Gambling Chip":4,"Black Star":0,"CloakClasp":3,"PureWater":0},{"Bottled Flame":4,"Happy Flower":4,"Singing Bowl":4,"Gambling Chip":2,"Black Star":0,"CloakClasp":2,"PureWater":0},{"Bottled Flame":16,"Happy Flower":16,"Singing Bowl":16,"Gambling Chip":8,"Black Star":0,"CloakClasp":8,"PureWater":0}]},"card_choices":[{"not_picked":["FlurryOfBlows","Indignation"],"picked":"Meditate","floor":1},{"not_picked":["EmptyFist","CrushJoints"],"picked":"Consecrate","floor":2},{"not_picked":["EmptyBody","FlurryOfBlows"],"picked":"Wireheading","floor":5},{"not_picked":["WreathOfFlame","FlyingSleeves"],"picked":"FearNoEvil","floor":7},{"not_picked":["EmptyFist","InnerPeace"],"picked":"Halt","floor":10},{"not_picked":["EmptyBody","InnerPeace"],"picked":"Conclude","floor":11}],"player_experience":557075,"relics_obtained":[{"floor":7,"key":"Happy Flower"},{"floor":7,"key":"Bottled Flame"},{"floor":9,"key":"Singing Bowl"}],"event_choices":[{"damage_healed":0,"gold_gain":0,"player_choice":"Success","damage_taken":12,"relics_obtained":["CloakClasp"],"max_hp_gain":0,"max_hp_loss":0,"event_name":"Scrap Ooze","floor":3,"gold_loss":0},{"damage_healed":0,"gold_gain":0,"player_choice":"Box","damage_taken":0,"relics_obtained":["Gambling Chip"],"max_hp_gain":0,"max_hp_loss":0,"event_name":"Big Fish","floor":4,"gold_loss":0,"cards_obtained":["Regret"]}],"is_beta":false,"boss_relics":[],"items_purged_floors":[],"is_endless":false,"potions_floor_spawned":[1,7],"killed_by":"Gremlin Nob","ascension_level":6}}