{"host":"ul7yvwhigba0nw36","time":1610123311,"event":{"mods":["AchievementEnabler","Act Like it!","Aspiration","BaseMod","Colored Map","Colored Powertips","Downfall","Gensokyo","Hermit","Highlight Path","Hubris","Infinite Spire","Minty Spire (QoL Compilation)","Random Character Button","Replay The Spire","StSLib","The Construct","The Cursed","The Disciple","The Necromancer"],"gold_per_floor":[111,111,111,111,111,111,57,57,89,89,89,101,101,119,152,170,170,269,269,285,300,190,190,90,90,90,102,178,178,178],"floor_reached":29,"playtime":1897,"items_purged":["Defend_Br","Strike_Br"],"score":279,"play_id":"50e02e26-ca84-4bc9-8176-44934cf88012","local_time":"20210108162831","is_ascension_mode":false,"campfire_choices":[{"data":"Keepsakes","floor":8.0,"key":"SMITH"},{"data":"SecondHand","floor":10.0,"key":"SMITH"},{"data":"BeatsPerMinute","floor":17.0,"key":"SMITH"},{"floor":26.0,"key":"REST"}],"circlet_count":0,"master_deck":["Vivace+1","Accelerando+1","Defend_Br","Defend_Br","SecondHand+1","PatternShift","Keepsakes+1","DaylightSavings","ExoVibe","LockedMercury","BeatsPerMinute+1","Accelerando","MasterKey","Analog+1","AlternateTimeline","Stagnate","Chronoelasticity","Accruing","Gensokyo:GapWoman","hubris:DuctTapeCard","Echoward+1","LockedAnchor+1"],"relics":["Chronometer","NeowsBlessing","hubris:Towel","Pet Ghost","Replay:PocketPolymizer","infinitespire:PuzzleCube","Prayer Wheel","SlaversCollar","hubris:DuctTape","Pantograph"],"acts_visited":["Exordium","Gensokyo:Gensokyo"],"potions_floor_usage":[29],"damage_taken":[{"damage":0.0,"enemies":"Gensokyo:Python","floor":1.0,"turns":1.0},{"damage":0.0,"enemies":"Gensokyo:Cirno","floor":9.0,"turns":2.0},{"damage":0.0,"enemies":"Gensokyo:2_Kodama","floor":12.0,"turns":1.0},{"damage":0.0,"enemies":"Gensokyo:3_Fairies","floor":14.0,"turns":4.0},{"damage":0.0,"enemies":"Gensokyo:Mamizou","floor":15.0,"turns":7.0},{"damage":0.0,"enemies":"Gensokyo:LivingMonolith","floor":16.0,"turns":3.0},{"damage":23.0,"enemies":"Gensokyo:Kokoro","floor":18.0,"turns":17.0},{"damage":42.0,"enemies":"Gensokyo:3_Dogs","floor":20.0,"turns":7.0},{"damage":21.0,"enemies":"Gensokyo:Chomper","floor":21.0,"turns":6.0},{"damage":18,"enemies":"Gensokyo:Wraith","floor":27,"turns":6},{"damage":8,"enemies":"Gensokyo:Mirror_and_Dog","floor":29,"turns":2}],"seed_played":"5539199170625835473","potions_obtained":[{"floor":9.0,"key":"CultistPotion"},{"floor":12.0,"key":"FearPotion"},{"floor":15.0,"key":"LiquidMemories"},{"floor":16.0,"key":"Strength Potion"}],"is_trial":false,"path_per_floor":["M","?","?","?","PTL","PTL","COS","R","E","R","T","M","?","M","E","M","R","B",null,"M","M","$","?","$","?","R","M","T","M"],"character_chosen":"CHRONO_CLASS","items_purchased":["Accruing"],"campfire_rested":1,"item_purchase_floors":[22],"current_hp_per_floor":[65,39,39,39,39,39,39,39,39,39,39,39,45,45,45,45,45,22,71,29,8,8,8,8,8,26,8,8,0,0],"gold":178,"neow_bonus":"THREE_ENEMY_KILL","is_daily":false,"chose_seed":false,"campfire_upgraded":3,"win_rate":0.0,"timestamp":1610123311,"path_taken":["M","?","?","?","PTL","PTL","COS","R","E","R","T","M","?","M","E","M","R","BOSS","M","M","$","?","?","?","R","?","T","M"],"items_purchased_type":["Card"],"build_version":"2020-12-22","purchased_purges":2,"victory":false,"max_hp_per_floor":[65,65,65,65,65,65,65,65,65,65,65,65,71,71,71,71,71,71,71,71,71,71,66,66,60,60,60,60,60,60],"card_choices":[{"not_picked":["Tempo","LockedScales"],"picked":"Keepsakes","floor":1.0},{"not_picked":["FormalWear","Analog"],"picked":"WindUp","floor":9.0},{"not_picked":["ResonantCall","Break"],"picked":"DaylightSavings","floor":12.0},{"not_picked":["Facsimile","Parity"],"picked":"ExoVibe","floor":14.0},{"not_picked":["Facsimile","Tempo"],"picked":"RageCommand","floor":15.0},{"not_picked":["LockedOrichalcum","LockedMedicine"],"picked":"Tempo","floor":16.0},{"not_picked":["Parity","WindUp"],"picked":"LockedMercury","floor":16.0},{"not_picked":["Echonomics","BackFourSeconds"],"picked":"MasterKey","floor":18.0},{"not_picked":["LockedMawBank","WindUp"],"picked":"Analog+1","floor":20.0},{"not_picked":["Tempo+1","LockedThread+1"],"picked":"AlternateTimeline","floor":20.0},{"not_picked":["BiteCommand","Backlash"],"picked":"Stagnate","floor":21.0},{"not_picked":["Backlash","Tempo+1"],"picked":"Chronoelasticity","floor":21.0},{"not_picked":["Gensokyo:SevenSchoolMysteries","Gensokyo:Doppelganger"],"picked":"Gensokyo:GapWoman","floor":25.0},{"not_picked":["HandsUpC+1","Backlash"],"picked":"Echoward+1","floor":27},{"not_picked":["Break","LockedAnchor+1","WindUp"],"picked":"SKIP","floor":27},{"not_picked":["Break","WindUp"],"picked":"LockedAnchor+1","floor":27}],"player_experience":429259,"relics_obtained":[{"floor":9.0,"key":"Pet Ghost"},{"floor":11.0,"key":"Replay:PocketPolymizer"},{"floor":15.0,"key":"Prayer Wheel"},{"floor":28,"key":"Pantograph"}],"event_choices":[],"is_beta":false,"boss_relics":[{"not_picked":["Replay:Bronze Core","Runic Pyramid"],"picked":"SlaversCollar"}],"items_purged_floors":[22,24],"is_endless":false,"potions_floor_spawned":[9,12,15,16],"killed_by":"Gensokyo:Mirror_and_Dog","ascension_level":0}}