{"host":"1vqon1dbpr5c1qll","time":1610112035,"event":{"mods":["2.2 Compatiblity","AchievementEnabler","BaseMod","BetterRewards","Colored Map","DeckTracker","GungeonMod","Hermit","Highlight Path","Lobotomy","Minty Spire (QoL Compilation)","Permanent Neow","Quick Restart","Random Character Button","Replay The Spire","StSLib","SuperFastMode","The Cursed","The Dragon Tamer","The Servant 0.9.4","everything is the same but u backflip on backflip"],"gold_per_floor":[144,189,234,279,324,414,459,459,459,549,594,684,975,975,975,1275,1275,1320,1365,1410,1455,906,906,996,996,996,1086,686,686,686,736,736,1086,1086,1159,1159,1246,1246,1315,1429,1498,1498,1523,1590,1290,1290,579,703,703,721],"floor_reached":51,"playtime":2854,"items_purged":[],"score":1042,"play_id":"502de184-bb40-4e11-9c4b-24c21e679bc9","local_time":"20210108222035","daily_mods":["Draft","ControlledChaos","Midas"],"is_ascension_mode":false,"campfire_choices":[{"floor":15,"key":"REST"},{"floor":23,"key":"REST"},{"floor":25,"key":"REST"},{"floor":32,"key":"REST"},{"floor":46,"key":"REST"},{"floor":49,"key":"REST"}],"circlet_count":0,"master_deck":["Sunder","Conserve Battery","Ball Lightning","Streamline","Gash","Gash","Sweeping Beam","FTL","Self Repair","Undo","White Noise","Auto Shields","Double Energy","Gash","Beam Cell","Go for the Eyes","Steam","Ball Lightning","Ball Lightning","Reinforced Body","Double Energy","Glacier","Cold Snap","Barricade+1","Aggregate","Stack","ReplayTheSpireMod:Omega Cannon+1","Beam Cell+1","Hologram+1","Stack+1","Compile Driver","Turbo","Core Surge+1","Sweeping Beam","Creative AI+1","Undo","FIFO Queue","Conserve Battery","DemoMod:Invincible+1","FTL+1","Secret Technique+1","Fusion"],"relics":["Frozen Eye","Question Card","Iron Core","DemoMod:SerJunkan","DemoMod:Junk","Golden Egg","Oddly Smooth Stone","Busted Crown","Shuriken","InkBottle","Unceasing Top","Replay:Ringing Soul","DemoMod:BlueGuonStone","Pet Ghost","Replay:Bandana","Ring of Chaos","Ring of Hypnosis","Ring of Panic","Quantum Egg","Replay:Baseball","Akabeko","Magic Flower","ReplayTheSpireMod:ShopPack","Molten Egg 2"],"acts_visited":["Exordium","TheCity","TheBeyond"],"potions_floor_usage":[12,21,48,48,50,50],"damage_taken":[{"damage":0.0,"enemies":"2 Louse","floor":1.0,"turns":2.0},{"damage":0.0,"enemies":"Small Slimes","floor":2.0,"turns":1.0},{"damage":0.0,"enemies":"Jaw Worm","floor":3.0,"turns":2.0},{"damage":4.0,"enemies":"Gremlin Gang","floor":4.0,"turns":3.0},{"damage":0.0,"enemies":"2 Fungi Beasts","floor":5.0,"turns":3.0},{"damage":11.0,"enemies":"Replay:BlueRogue","floor":6.0,"turns":4.0},{"damage":4.0,"enemies":"3 Louse","floor":7.0,"turns":3.0},{"damage":14,"enemies":"Lagavulin","floor":10,"turns":7},{"damage":0,"enemies":"Blue Slaver","floor":11,"turns":1},{"damage":0,"enemies":"Replay:BlueRogue","floor":12,"turns":3},{"damage":8,"enemies":"The Guardian","floor":16,"turns":9},{"damage":0,"enemies":"Chosen","floor":18,"turns":3},{"damage":6,"enemies":"Shell Parasite","floor":19,"turns":3},{"damage":0,"enemies":"Sentry and Sphere","floor":20,"turns":5},{"damage":0,"enemies":"Shelled Parasite and Fungi","floor":21,"turns":1},{"damage":5,"enemies":"Slavers","floor":24,"turns":4},{"damage":0,"enemies":"Gremlin Leader","floor":27,"turns":3},{"damage":0,"enemies":"Automaton","floor":33,"turns":6},{"damage":1,"enemies":"3 Shapes","floor":35,"turns":2},{"damage":0,"enemies":"3 Darklings","floor":37,"turns":2},{"damage":0,"enemies":"Writhing Mass","floor":39,"turns":3},{"damage":0,"enemies":"Giant Head","floor":40,"turns":8},{"damage":0,"enemies":"4 Shapes","floor":41,"turns":3},{"damage":11,"enemies":"Jaw Worm Horde","floor":44,"turns":5},{"damage":0,"enemies":"Reptomancer","floor":48,"turns":4},{"damage":3,"enemies":"Time Eater","floor":50,"turns":9}],"seed_played":"-6062085814737979882","potions_obtained":[{"floor":1.0,"key":"Weak Potion"},{"floor":7.0,"key":"DistilledChaos"},{"floor":10,"key":"Ancient Potion"},{"floor":16,"key":"SteroidPotion"},{"floor":35,"key":"SteroidPotion"},{"floor":39,"key":"FearPotion"},{"floor":48,"key":"LiquidMemories"}],"is_trial":false,"path_per_floor":["M","M","M","M","M","E","M","?","T","E","M","E","?","?","R","B",null,"M","M","M","M","$","R","E","R","T","E","$","?","?","T","R","B",null,"M","?","M","?","M","E","M","?","T","M","$","R","$","E","R","B",null],"character_chosen":"DEFECT","items_purchased":["Shuriken","InkBottle","Stack","DemoMod:BlueGuonStone","Pet Ghost","Replay:Baseball","Akabeko","Magic Flower","ReplayTheSpireMod:ShopPack","Molten Egg 2","FTL+1"],"campfire_rested":6,"item_purchase_floors":[22,22,22,28,28,45,45,47,47,47,47],"current_hp_per_floor":[75,75,75,75,75,71,74,74,74,67,67,74,44,49,71,70,75,75,69,75,75,75,75,75,75,75,78,78,78,78,78,78,81,81,83,86,89,89,92,95,98,101,101,90,90,102,105,108,108,105],"gold":721,"neow_bonus":"","is_daily":true,"chose_seed":false,"campfire_upgraded":0,"win_rate":0.0,"timestamp":1610112035,"path_taken":["M","M","M","M","M","E","M","?","T","E","M","E","?","?","R","BOSS","M","?","M","M","$","R","E","R","T","E","$","?","?","?","R","BOSS","M","?","M","?","?","E","M","?","T","M","$","R","$","E","R","BOSS"],"items_purchased_type":["Relic","Relic","Card","Relic","Relic","Relic","Relic","Relic","Relic","Relic","Card"],"build_version":"2020-12-22","purchased_purges":0,"victory":true,"max_hp_per_floor":[75,75,75,75,75,75,75,75,75,75,75,75,75,75,75,75,75,75,75,75,75,75,75,75,75,75,78,78,78,78,78,78,81,81,84,87,90,90,93,96,99,102,102,102,102,102,105,108,108,108],"card_choices":[{"not_picked":["Fusion","Turbo"],"picked":"Sunder","floor":0.0},{"not_picked":["Hello World","Rebound"],"picked":"Conserve Battery","floor":0.0},{"not_picked":["Cold Snap","BasicCrystalCard"],"picked":"Ball Lightning","floor":0.0},{"not_picked":["Hologram","Rebound"],"picked":"Streamline","floor":0.0},{"not_picked":["Hello World","Leap"],"picked":"Gash","floor":0.0},{"not_picked":["Coolheaded","Auto Shields"],"picked":"Gash","floor":0.0},{"not_picked":["Consume","Panic Button"],"picked":"Sweeping Beam","floor":0.0},{"not_picked":["Panic Button","ReplayTheSpireMod:GoodbyeWorld"],"picked":"FTL","floor":0.0},{"not_picked":["Conserve Battery","Chaos"],"picked":"Self Repair","floor":0.0},{"not_picked":["Ball Lightning","Hello World"],"picked":"Undo","floor":0.0},{"not_picked":["Coolheaded","Consume"],"picked":"White Noise","floor":0.0},{"not_picked":["Barrage","Scrape"],"picked":"Auto Shields","floor":0.0},{"not_picked":["Compile Driver","Chill"],"picked":"Double Energy","floor":0.0},{"not_picked":["Hologram","Panic Button"],"picked":"Gash","floor":0.0},{"not_picked":["Reprogram","Coolheaded"],"picked":"Beam Cell","floor":0.0},{"not_picked":["Static Discharge","Chaos"],"picked":"Coolheaded","floor":1.0},{"not_picked":["Redo","Steam Power"],"picked":"Go for the Eyes","floor":2.0},{"not_picked":["Panic Button","Consume"],"picked":"Steam","floor":3.0},{"not_picked":["Barrage","Streamline"],"picked":"Ball Lightning","floor":4.0},{"not_picked":["ReplaySort","ReplaySolidLightProjector"],"picked":"Ball Lightning","floor":5.0},{"not_picked":["Barrage","Reprogram"],"picked":"Reinforced Body","floor":6.0},{"not_picked":["Barrage","Echo Form","Cold Snap"],"picked":"Double Energy","floor":7.0},{"not_picked":["Anger","ReplayTheSpireMod:Fabricate Wheel","Mirror Shield"],"picked":"Glacier","floor":10},{"not_picked":["Rebound","Hello World","Warcry"],"picked":"Cold Snap","floor":11},{"not_picked":["Compile Driver","Sweeping Beam","Defragment"],"picked":"Barricade","floor":12},{"not_picked":["Inflame","Cold Snap","ReplayTheSpireMod:Calculation Training"],"picked":"Aggregate","floor":13},{"not_picked":["Compile Driver","Glacier","Hello World"],"picked":"Stack","floor":13},{"not_picked":["Mirror Shield","Fission","Rainbow"],"picked":"ReplayTheSpireMod:Omega Cannon","floor":16},{"not_picked":["Steam Power"],"picked":"Beam Cell+1","floor":18},{"not_picked":["ReplaySort"],"picked":"Hologram+1","floor":19},{"not_picked":["ReplayTheSpireMod:System Scan","Barrage"],"picked":"SKIP","floor":20},{"not_picked":["Lockon","Ball Lightning"],"picked":"SKIP","floor":21},{"not_picked":["Streamline"],"picked":"Compile Driver","floor":24},{"not_picked":["Redo"],"picked":"Turbo","floor":27},{"not_picked":["Rainbow"],"picked":"Core Surge","floor":33},{"not_picked":["Conserve Battery"],"picked":"Sweeping Beam","floor":35},{"not_picked":["ReplaySort"],"picked":"Creative AI","floor":37},{"not_picked":["Chill+1"],"picked":"Undo","floor":39},{"not_picked":["Beam Cell+1"],"picked":"FIFO Queue","floor":40},{"not_picked":["Crystallizer+1"],"picked":"Conserve Battery","floor":41},{"not_picked":["Replay:Sssssssssstrike"],"picked":"DemoMod:Invincible","floor":42},{"not_picked":["Cold Snap","Compile Driver"],"picked":"SKIP","floor":44},{"not_picked":["Good Instincts"],"picked":"Secret Technique","floor":47},{"not_picked":["BasicCrystalCard+1"],"picked":"Fusion","floor":48}],"player_experience":956228,"relics_obtained":[{"floor":6.0,"key":"Question Card"},{"floor":9,"key":"DemoMod:SerJunkan"},{"floor":10,"key":"DemoMod:Junk"},{"floor":12,"key":"Golden Egg"},{"floor":13,"key":"Oddly Smooth Stone"},{"floor":24,"key":"Unceasing Top"},{"floor":26,"key":"Replay:Ringing Soul"},{"floor":27,"key":"DemoMod:Junk"},{"floor":31,"key":"Replay:Bandana"},{"floor":36,"key":"Ring of Hypnosis"},{"floor":36,"key":"Ring of Panic"},{"floor":40,"key":"Quantum Egg"},{"floor":43,"key":"DemoMod:Junk"},{"floor":48,"key":"DemoMod:Junk"}],"event_choices":[{"cards_removed":["Coolheaded"],"damage_healed":5,"gold_gain":0,"player_choice":"Offered Common","damage_taken":0,"max_hp_gain":0,"max_hp_loss":0,"event_name":"Bonfire Elementals","floor":14,"gold_loss":0},{"cards_removed":["Coolheaded"],"damage_healed":5,"gold_gain":0,"player_choice":"Offered Special","damage_taken":0,"max_hp_gain":0,"max_hp_loss":0,"event_name":"Bonfire Elementals","floor":14,"gold_loss":0},{"damage_healed":0,"gold_gain":0,"player_choice":"Ignored","damage_taken":0,"max_hp_gain":0,"max_hp_loss":0,"event_name":"Vampires","floor":29,"gold_loss":0},{"damage_healed":0,"gold_gain":0,"player_choice":"Ignored","damage_taken":0,"max_hp_gain":0,"max_hp_loss":0,"event_name":"Ghosts","floor":30,"gold_loss":0},{"cards_removed":["Looming Evil"],"damage_healed":0,"gold_gain":0,"player_choice":"Card Removal","damage_taken":0,"max_hp_gain":0,"max_hp_loss":0,"event_name":"Wheel of Change","floor":38,"gold_loss":0},{"damage_healed":0,"gold_gain":0,"player_choice":"Memory 1","damage_taken":0,"max_hp_gain":0,"max_hp_loss":0,"event_name":"SensoryStone","floor":42,"gold_loss":0}],"is_beta":false,"boss_relics":[{"not_picked":["Tiny House","Philosopher\u0027s Stone"],"picked":"Busted Crown"},{"not_picked":["ChewingGum","Cursed Key"],"picked":"Ring of Chaos"}],"items_purged_floors":[],"is_endless":false,"potions_floor_spawned":[1,7,10,11,16,19,20,35,39,41,48],"ascension_level":0}}