{"host":"65aqouwnlnzlnyrz","time":1610097055,"event":{"mods":["10 clothes from DAL","ATMod(阿瑾Mod)","BaseMod","Colored Powertips","Conspire","KinomotoSakuraMod(木之本樱)","Marisa（F雨　魔理沙）","Marked Mod","Minty Spire (QoL Compilation)","READ ME - Guardian Mod","Reimu（博丽灵梦）","StSLib","TestMod","The Construct","The Runesmith","Youmu（魂魄妖梦）","[IsaacMod]以撒尖塔","vexMod","【功能Mod】Neow奖励","【功能Mod】混沌之环修复补丁","【功能Mod】聪明的最终Boss","【遗物Mod】死灵法师NEW","【遗物Mod】简单游戏","【遗物卡牌】REMEMod","没有小屋子和绿帽子啦"],"gold_per_floor":[129,156,106,31,59,94,94,94,172,226,267,267,298,23,23,114,114],"floor_reached":16,"playtime":1675,"items_purged":["Defend_YM"],"score":225,"play_id":"7ebbcb5c-8cf8-4a06-aa1e-ae69fd5e90cb","local_time":"20210108171055","is_ascension_mode":false,"campfire_choices":[{"floor":7,"key":"REST"},{"floor":12,"key":"REST"},{"floor":15,"key":"RECALL"}],"circlet_count":0,"master_deck":["Strike_YM","Strike_YM","Strike_YM","Strike_YM","Defend_YM","Defend_YM","Defend_YM+1","SlashOfPresentWorld+1","WheelOfPainOfLivingAndDead","testmod-FightingIntention","AT_FamilyPortrait","conspire:SpireCoStock","SwordOfBindingDesires","SpiritMediumsBind","Bullet Time"],"relics":["EasyRelic","AT_ATBox","REME_ComplimentaryCards","HushsDoor","testmod-TestBox","testmod-BlackFramedGlasses","BelialBook","ChampionBelt","Potion Belt","Eternal Feather","Orichalcum","testmod-HeartOfDaVinci","REME_HourglassOfDeath","SharpPlug","White Beast Statue","Ring of the Snake","Runesmith:Nanobots"],"acts_visited":["Exordium"],"potions_floor_usage":[16,16,16],"damage_taken":[{"damage":13,"enemies":"Lagavulin","floor":1,"turns":4},{"damage":10,"enemies":"3 Sentries","floor":2,"turns":11},{"damage":30,"enemies":"Lagavulin","floor":5,"turns":5},{"damage":24,"enemies":"Gremlin Nob","floor":6,"turns":4},{"damage":3,"enemies":"Lagavulin","floor":10,"turns":5},{"damage":4,"enemies":"3 Sentries","floor":11,"turns":5},{"damage":0,"enemies":"Gremlin Nob","floor":13,"turns":3},{"damage":25,"enemies":"The Guardian","floor":16,"turns":7}],"seed_played":"-2946256941695982709","potions_obtained":[{"floor":1,"key":"BlessingOfTheForge"},{"floor":10,"key":"ColorlessPotion"},{"floor":13,"key":"ZuzhouPotion:ReiMu"},{"floor":16,"key":"Regen Potion"}],"is_trial":false,"path_per_floor":["M","M","?","$","M","E","R","?","T","M","M","R","M","$","R","B"],"character_chosen":"YOUMU","items_purchased":["Runesmith:Nanobots"],"campfire_rested":2,"item_purchase_floors":[14],"current_hp_per_floor":[64,65,65,65,40,20,48,25,25,27,28,56,59,59,68,50,50],"gold":114,"neow_bonus":"BOSS_RELIC","is_daily":false,"chose_seed":false,"campfire_upgraded":0,"win_rate":0.0,"timestamp":1610097055,"path_taken":["M","M","?","$","M","E","R","?","T","M","M","R","M","$","R","BOSS"],"items_purchased_type":["Relic"],"build_version":"2020-12-22","purchased_purges":1,"victory":false,"max_hp_per_floor":[75,75,75,75,75,75,75,75,75,75,75,75,75,75,75,75,75],"card_choices":[{"not_picked":[],"picked":"Bomb","floor":0},{"not_picked":["CrescentMoonSlash","FlashingScatteredFlowers","ThreeKonsSevenHakus"],"picked":"SKIP","floor":1},{"not_picked":["HesitationCuttingSword","ThreeKonsSevenHakus","KarmicPunishmentOfTheIdleAndUnfocused"],"picked":"SKIP","floor":2},{"not_picked":["CherryBlossomFlashing","ThreeKonsSevenHakus"],"picked":"SwordOfBindingDesires","floor":5},{"not_picked":["ConstancyOfTheConventionalTruth","SlashOfDepartureFromHesitation","CherryBlossomFlashing"],"picked":"SKIP","floor":6},{"not_picked":["BizarrenessOfSixRealms","RapidSlash","FlashingScatteredFlowers"],"picked":"SKIP","floor":10},{"not_picked":["FastingOfTheYoungPreta","TenKingsRetributionOnThePreta"],"picked":"SpiritMediumsBind","floor":11},{"not_picked":["SwordOfBindingDesires","FlashingScatteredFlowers","SpiderLilyBurial"],"picked":"SKIP","floor":13}],"player_experience":65071,"relics_obtained":[{"floor":1,"key":"Potion Belt"},{"floor":2,"key":"Eternal Feather"},{"floor":5,"key":"Orichalcum"},{"floor":6,"key":"testmod-HeartOfDaVinci"},{"floor":9,"key":"REME_HourglassOfDeath"},{"floor":10,"key":"SharpPlug"},{"floor":11,"key":"White Beast Statue"},{"floor":13,"key":"Ring of the Snake"}],"event_choices":[{"damage_healed":0,"gold_gain":0,"player_choice":"Invest 1","damage_taken":0,"max_hp_gain":0,"max_hp_loss":0,"event_name":"conspire:Investor","floor":3,"gold_loss":0},{"damage_healed":0,"gold_gain":0,"player_choice":"Entered Light","damage_taken":23,"max_hp_gain":0,"max_hp_loss":0,"event_name":"Shining Light","floor":8,"gold_loss":0,"cards_upgraded":["SlashOfPresentWorld","Defend_YM"]}],"is_beta":false,"boss_relics":[],"items_purged_floors":[4],"is_endless":false,"potions_floor_spawned":[1,10,13,16],"killed_by":"The Guardian","ascension_level":20}}