{"host":"anox4050deqdcqoh","time":1610119991,"event":{"mods":["BaseMod","Colored Map","Highlight Path","Minty Spire (QoL Compilation)","Quick Restart","Rare Cards Sparkle","everything is the same but u backflip on backflip"],"gold_per_floor":[117,132,201,201,201,201,212,244,244,272,40,51,51,64,64,64,64],"floor_reached":16,"playtime":622,"items_purged":["Decay"],"score":121,"play_id":"81d103d9-7742-46fb-ae19-5eebbe24bdac","local_time":"20210108103311","is_ascension_mode":true,"campfire_choices":[{"data":"Dropkick","floor":6,"key":"SMITH"},{"floor":13,"key":"REST"},{"floor":15,"key":"REST"}],"circlet_count":0,"master_deck":["Strike_R","Strike_R","Strike_R","Strike_R","Strike_R","Defend_R","Defend_R","Defend_R","Bash","Dropkick+1","Dual Wield","Intimidate","Rupture","True Grit","Intimidate"],"relics":["Burning Blood","Pantograph","Incense Burner","Darkstone Periapt","Happy Flower","Frozen Eye"],"acts_visited":["Exordium"],"potions_floor_usage":[8,8],"damage_taken":[{"damage":0,"enemies":"Cultist","floor":1,"turns":2},{"damage":8,"enemies":"2 Louse","floor":2,"turns":2},{"damage":9,"enemies":"Jaw Worm","floor":7,"turns":3},{"damage":33,"enemies":"Lagavulin","floor":8,"turns":7},{"damage":24,"enemies":"Gremlin Nob","floor":10,"turns":4},{"damage":23,"enemies":"Lots of Slimes","floor":12,"turns":6},{"damage":11,"enemies":"Looter","floor":14,"turns":3},{"damage":85,"enemies":"Hexaghost","floor":16,"turns":9}],"seed_played":"8682533448347154191","potions_obtained":[{"floor":1,"key":"SneckoOil"},{"floor":7,"key":"DistilledChaos"}],"is_trial":false,"path_per_floor":["M","M","T","?","?","R","M","E","T","E","$","M","R","M","R","B"],"character_chosen":"IRONCLAD","items_purchased":["Frozen Eye"],"campfire_rested":2,"item_purchase_floors":[11],"current_hp_per_floor":[80,78,78,83,83,83,80,53,53,35,35,18,43,38,63,0,0],"gold":64,"neow_bonus":"TRANSFORM_CARD","is_daily":false,"chose_seed":false,"campfire_upgraded":1,"win_rate":0.0,"timestamp":1610119991,"path_taken":["M","M","?","?","?","R","?","E","T","E","$","M","R","M","R","BOSS"],"items_purchased_type":["Relic"],"build_version":"2020-12-22","purchased_purges":1,"victory":false,"max_hp_per_floor":[80,80,80,85,85,85,85,85,85,85,85,85,85,85,85,85,85],"card_choices":[{"not_picked":["Twin Strike","Sentinel"],"picked":"Dual Wield","floor":1},{"not_picked":["Anger","Havoc","Whirlwind"],"picked":"SKIP","floor":2},{"not_picked":["Brutality","Warcry"],"picked":"Intimidate","floor":7},{"not_picked":["Iron Wave","Fiend Fire"],"picked":"Rupture","floor":8},{"not_picked":["Twin Strike","Clash"],"picked":"True Grit","floor":10},{"not_picked":["Clothesline","Perfected Strike","Warcry"],"picked":"SKIP","floor":12},{"not_picked":["Headbutt","Power Through"],"picked":"Intimidate","floor":14}],"player_experience":310386,"relics_obtained":[{"floor":3,"key":"Pantograph"},{"floor":8,"key":"Incense Burner"},{"floor":9,"key":"Darkstone Periapt"},{"floor":10,"key":"Happy Flower"}],"event_choices":[{"damage_healed":0,"gold_gain":0,"player_choice":"Donut","damage_taken":0,"max_hp_gain":5,"max_hp_loss":0,"event_name":"Big Fish","floor":4,"gold_loss":0},{"damage_healed":0,"gold_gain":0,"player_choice":"Cursed","damage_taken":0,"max_hp_gain":0,"max_hp_loss":0,"event_name":"Wheel of Change","floor":5,"gold_loss":0,"cards_obtained":["Decay"]}],"is_beta":false,"boss_relics":[],"items_purged_floors":[11],"is_endless":false,"potions_floor_spawned":[1,7],"killed_by":"Hexaghost","ascension_level":2}}