{"host":"z9811rt50ti81n54","time":1610129356,"event":{"mods":["BaseMod","Minty Spire (QoL Compilation)","Random Character Button","SuperFastMode"],"gold_per_floor":[111,111,111,125,145,145,155,155,155,155,183,183,33,33,33,129,129,145,157,176,101,101,101,115,115,166,177,196,208,208,39,39,144,144,159,159,159,34,51,51,65,76,103,150,3,3,38,14,14,14],"floor_reached":51,"playtime":1963,"items_purged":["Strike_P","Strike_P","Pain"],"score":725,"play_id":"ae7190fe-bcc9-4133-b76b-62b6a16dda91","local_time":"20210109030916","is_ascension_mode":false,"campfire_choices":[{"data":"Eruption","floor":6,"key":"SMITH"},{"data":"Adaptation","floor":8,"key":"SMITH"},{"data":"WheelKick","floor":10,"key":"SMITH"},{"data":"Wireheading","floor":15,"key":"SMITH"},{"data":"Blasphemy","floor":23,"key":"SMITH"},{"data":"MasterReality","floor":30,"key":"SMITH"},{"floor":32,"key":"REST"},{"floor":49,"key":"REST"}],"circlet_count":0,"master_deck":["Strike_P+1","Defend_P","Defend_P+1","Defend_P","Defend_P+1","Eruption+1","Vigilance+1","Adaptation+1","TalkToTheHand+1","CutThroughFate","WheelKick+1","Wireheading+1","Conclude","TalkToTheHand+1","Blasphemy+1","InnerPeace+1","Meditate+1","LessonLearned+1","BowlingBash+1","Protect","Scrawl+1","DeceiveReality","Infinite Blades","Tantrum+1","SashWhip+1","PanicButton","Apotheosis","Flash of Steel+1","Wallop+1","FlyingSleeves+1"],"relics":["PureWater","NeowsBlessing","Du-Vu Doll","Thread and Needle","Boot","Runic Dome","Tiny Chest","Sozu","WarpedTongs","Molten Egg 2","Damaru","Whetstone","Medical Kit","Prayer Wheel"],"acts_visited":["Exordium","TheCity","TheBeyond"],"potions_floor_usage":[16,33],"damage_taken":[{"damage":0,"enemies":"Cultist","floor":1,"turns":1},{"damage":0,"enemies":"Small Slimes","floor":4,"turns":2},{"damage":0,"enemies":"Jaw Worm","floor":5,"turns":1},{"damage":0,"enemies":"Looter","floor":7,"turns":3},{"damage":4,"enemies":"Lagavulin","floor":11,"turns":4},{"damage":10,"enemies":"Hexaghost","floor":16,"turns":8},{"damage":0,"enemies":"Spheric Guardian","floor":18,"turns":3},{"damage":0,"enemies":"Chosen","floor":19,"turns":1},{"damage":0,"enemies":"Centurion and Healer","floor":20,"turns":6},{"damage":6,"enemies":"Chosen and Byrds","floor":24,"turns":4},{"damage":6,"enemies":"Snecko","floor":27,"turns":3},{"damage":7,"enemies":"Cultist and Chosen","floor":28,"turns":6},{"damage":7,"enemies":"Snake Plant","floor":29,"turns":4},{"damage":37,"enemies":"Collector","floor":33,"turns":6},{"damage":0,"enemies":"3 Darklings","floor":35,"turns":2},{"damage":14,"enemies":"3 Shapes","floor":39,"turns":4},{"damage":1,"enemies":"Transient","floor":41,"turns":5},{"damage":2,"enemies":"4 Shapes","floor":42,"turns":5},{"damage":0,"enemies":"Giant Head","floor":47,"turns":7},{"damage":58,"enemies":"Awakened One","floor":50,"turns":12}],"seed_played":"2230616224093630349","potions_obtained":[{"floor":5,"key":"Ambrosia"},{"floor":14,"key":"FairyPotion"},{"floor":14,"key":"LiquidBronze"},{"floor":16,"key":"ColorlessPotion"}],"is_trial":false,"path_per_floor":["M","?","?","M","M","R","M","R","T","R","E","?","$","?","R","B",null,"M","M","M","$","?","R","M","?","T","M","M","M","R","$","R","B",null,"M","?","T","$","M","?","M","M","T","T","$","?","E","$","R","B",null],"character_chosen":"WATCHER","items_purchased":["Conclude","TalkToTheHand","BowlingBash","Protect","Medical Kit","FlyingSleeves+1"],"campfire_rested":2,"item_purchase_floors":[13,13,31,31,45,48],"current_hp_per_floor":[72,65,51,51,51,51,51,51,51,51,47,47,47,47,47,37,72,72,72,72,72,72,72,66,66,66,60,53,46,46,46,67,30,72,72,72,72,72,58,58,57,55,55,55,55,45,45,45,66,8],"gold":14,"neow_bonus":"THREE_ENEMY_KILL","is_daily":false,"chose_seed":false,"campfire_upgraded":6,"win_rate":0.0,"timestamp":1610129356,"path_taken":["M","?","?","?","M","R","M","R","T","R","E","?","$","?","R","BOSS","M","?","M","$","?","R","M","?","T","?","M","M","R","?","R","BOSS","M","?","?","$","?","?","?","M","T","?","?","?","E","$","R","BOSS"],"items_purchased_type":["Card","Card","Card","Card","Relic","Card"],"build_version":"2020-12-22","purchased_purges":3,"victory":true,"max_hp_per_floor":[72,72,72,72,72,72,72,72,72,72,72,72,72,72,72,72,72,72,72,72,72,72,72,72,72,72,72,72,72,72,72,72,72,72,72,72,72,72,72,72,72,72,72,72,72,72,72,72,72,72],"card_choices":[{"not_picked":["BowlingBash","FollowUp"],"picked":"Adaptation","floor":1},{"not_picked":["EmptyBody","Sanctity"],"picked":"TalkToTheHand","floor":4},{"not_picked":["SashWhip","JustLucky"],"picked":"CutThroughFate","floor":5},{"not_picked":["SashWhip","DeceiveReality"],"picked":"WheelKick","floor":7},{"not_picked":["SignatureMove","EmptyFist"],"picked":"Wireheading","floor":11},{"not_picked":["Scrawl","Omniscience"],"picked":"Blasphemy","floor":16},{"not_picked":["ClearTheMind","FlurryOfBlows","WreathOfFlame"],"picked":"SKIP","floor":18},{"not_picked":["EmptyBody+1","Perseverance+1"],"picked":"InnerPeace+1","floor":19},{"not_picked":["ThirdEye","Protect","EmptyFist"],"picked":"SKIP","floor":20},{"not_picked":["EmptyFist+1","Nirvana"],"picked":"Meditate","floor":24},{"not_picked":["PathToVictory+1","EmptyBody+1"],"picked":"LessonLearned","floor":27},{"not_picked":["Nirvana","FlyingSleeves","ForeignInfluence"],"picked":"SKIP","floor":28},{"not_picked":["Nirvana","FlyingSleeves","ForeignInfluence"],"picked":"SKIP","floor":28},{"not_picked":["Nirvana","FlyingSleeves","ForeignInfluence"],"picked":"SKIP","floor":28},{"not_picked":["CutThroughFate","Evaluate","PathToVictory"],"picked":"SKIP","floor":29},{"not_picked":["DeusExMachina","MasterReality"],"picked":"Scrawl","floor":33},{"not_picked":["FlyingSleeves+1","Prostrate+1"],"picked":"DeceiveReality","floor":35},{"not_picked":["CutThroughFate+1","Halt+1","Protect+1"],"picked":"SKIP","floor":39},{"not_picked":["MentalFortress","SashWhip+1"],"picked":"Tantrum+1","floor":41},{"not_picked":["MentalFortress+1","LikeWater+1"],"picked":"SashWhip+1","floor":42},{"not_picked":["Secret Weapon","Thinking Ahead"],"picked":"PanicButton","floor":46},{"not_picked":["Deep Breath","Impatience"],"picked":"Apotheosis","floor":46},{"not_picked":["Panacea","Discovery"],"picked":"Flash of Steel+1","floor":46},{"not_picked":["ClearTheMind","SandsOfTime+1"],"picked":"Wallop+1","floor":47}],"player_experience":331305,"relics_obtained":[{"floor":9,"key":"Du-Vu Doll"},{"floor":11,"key":"Thread and Needle"},{"floor":26,"key":"Tiny Chest"},{"floor":37,"key":"Molten Egg 2"},{"floor":43,"key":"Damaru"},{"floor":44,"key":"Whetstone"},{"floor":47,"key":"Prayer Wheel"}],"event_choices":[{"cards_removed":["Strike_P"],"damage_healed":0,"gold_gain":0,"player_choice":"Card Removal","damage_taken":7,"max_hp_gain":0,"max_hp_loss":0,"event_name":"Golden Wing","floor":2,"gold_loss":0},{"damage_healed":0,"gold_gain":0,"player_choice":"Entered Light","damage_taken":14,"max_hp_gain":0,"max_hp_loss":0,"event_name":"Shining Light","floor":3,"gold_loss":0,"cards_upgraded":["Strike_P","Vigilance"]},{"damage_healed":0,"gold_gain":0,"player_choice":"Searched \u00271\u0027 times","damage_taken":0,"relics_obtained":["Boot"],"max_hp_gain":0,"max_hp_loss":0,"event_name":"Dead Adventurer","floor":12,"gold_loss":0},{"damage_healed":0,"gold_gain":0,"player_choice":"Got Potions","damage_taken":0,"max_hp_gain":0,"max_hp_loss":0,"event_name":"Lab","floor":14,"gold_loss":0},{"damage_healed":0,"gold_gain":0,"player_choice":"Ignored","damage_taken":0,"max_hp_gain":0,"max_hp_loss":0,"event_name":"Ghosts","floor":22,"gold_loss":0},{"damage_healed":0,"gold_gain":0,"player_choice":"1 cards matched","damage_taken":0,"max_hp_gain":0,"max_hp_loss":0,"event_name":"Match and Keep!","floor":25,"gold_loss":0,"cards_obtained":["MasterReality"]},{"damage_healed":0,"gold_gain":0,"player_choice":"Rummage","damage_taken":0,"relics_obtained":["WarpedTongs"],"max_hp_gain":0,"max_hp_loss":0,"event_name":"Accursed Blacksmith","floor":36,"gold_loss":0,"cards_obtained":["Pain"]},{"cards_removed":["MasterReality"],"damage_healed":0,"gold_gain":0,"player_choice":"Took Card","damage_taken":0,"max_hp_gain":0,"max_hp_loss":0,"event_name":"NoteForYourself","floor":40,"gold_loss":0,"cards_obtained":["Infinite Blades"]},{"damage_healed":0,"gold_gain":0,"player_choice":"Memory 3","damage_taken":10,"max_hp_gain":0,"max_hp_loss":0,"event_name":"SensoryStone","floor":46,"gold_loss":0}],"is_beta":false,"boss_relics":[{"not_picked":["Empty Cage","Tiny House"],"picked":"Runic Dome"},{"not_picked":["VioletLotus","Calling Bell"],"picked":"Sozu"}],"items_purged_floors":[21,31,38],"is_endless":false,"potions_floor_spawned":[5,16,20,24,29,39],"ascension_level":0}}