{"host":"cbabs5wvj1yqiyjm","time":1610072258,"event":{"mods":["AchievementEnabler","Act Like it!","Bartender","BaseMod","Bestiary","Better Third Choice","BetterRewards","Colored Powertips","Downfall","Friendly Minions","Hallownest","Hermit","Infinite Spire","Kratos Character Expansion","Marisa????????","Minty Spire (QoL Compilation)","Rare Cards Sparkle","Replay The Spire","SOS???????","Spicy Shops","StSLib","Td1madao Mod","The Bladedancer","The Bug Knight","The Cursed","The Disciple","The Forsaken","The Marked","The Necromancer","The Servant 0.9.4","Wandering Minibosses","???Mod??????Boss"],"gold_per_floor":[145,162,181,224,240,240,240,240,266,266,39,53,53,10,10,112,112,124,124,144,199,199,199,227,245,272,272,272,284,284,299,299,397,397,443,491,491,121,121,121],"floor_reached":39,"playtime":1335,"items_purged":[],"score":641,"play_id":"bb9b6bfd-c506-466d-a2a4-181fc9cc82b7","local_time":"20210107211738","is_ascension_mode":true,"campfire_choices":[{"floor":6,"key":"REST"},{"floor":8,"key":"REST"},{"floor":10,"key":"REST"},{"data":"KratosMod:BladeWhip","floor":13,"key":"SMITH"},{"floor":23,"key":"REST"},{"floor":28,"key":"REST"},{"data":"KratosMod:blades","floor":30,"key":"SMITH"}],"circlet_count":0,"master_deck":["KratosMod:Strike_K","KratosMod:Strike_K","KratosMod:Strike_K","KratosMod:Defend_K","KratosMod:Defend_K+1","KratosMod:Defend_K","KratosMod:Defend_K+1","KratosMod:cyclone+1","KratosMod:AthenaBane","KratosMod:BladeWhip+1","KratosMod:clawsofhades","KratosMod:Endure","KratosMod:Tempor+1","KratosMod:Endure","KratosMod:kBerserk","KratosMod:BladeWhip+1","KratosMod:clawsofhades","KratosMod:Tempor+1","KratosMod:clawsofhades","KratosMod:BladeWhip","KratosMod:blades+1","KratosMod:settle+1","KratosMod:Endure+1","KratosMod:clawsofhades","KratosMod:Tempor","KratosMod:Endure+1","KratosMod:BladeWhip","KratosMod:blades","KratosMod:settle","KratosMod:Endure"],"relics":["KratosMod:eagle","Lizard Tail","Shuriken","Simple Rune","Membership Card","ChewingGum","Anchor","Replay:Mystery Machine","War Paint","Gremlin Food","infinitespire:EvilPickle","Busted Crown","Strawberry","Sling","Juzu Bracelet","Strange Spoon","theForsaken:Lifeblossom"],"acts_visited":["Exordium","TheCity","TheBeyond"],"potions_floor_usage":[],"damage_taken":[{"damage":9,"enemies":"Cultist","floor":1,"turns":4},{"damage":10,"enemies":"Small Slimes","floor":2,"turns":2},{"damage":11,"enemies":"Jaw Worm","floor":3,"turns":2},{"damage":26,"enemies":"Lots of Slimes","floor":5,"turns":4},{"damage":8,"enemies":"Looter","floor":12,"turns":3},{"damage":28,"enemies":"Slime Boss","floor":16,"turns":5},{"damage":0,"enemies":"Spheric Guardian","floor":18,"turns":2},{"damage":24,"enemies":"2 Thieves","floor":20,"turns":3},{"damage":19,"enemies":"Gremlin Leader","floor":24,"turns":4},{"damage":3,"enemies":"Centurion and Healer","floor":25,"turns":4},{"damage":0,"enemies":"Snecko","floor":29,"turns":3},{"damage":0,"enemies":"3 Cultists","floor":31,"turns":3},{"damage":60,"enemies":"Pondfish","floor":33,"turns":7},{"damage":18,"enemies":"3 Shapes","floor":35,"turns":3},{"damage":9,"enemies":"Orb Walker","floor":36,"turns":3},{"damage":28,"enemies":"infinitespire:Three Voidlings","floor":39,"turns":4},{"damage":96,"enemies":"Nightmare_Alpha","floor":39,"turns":6}],"seed_played":"-1860697982633261986","potions_obtained":[{"floor":1,"key":"SpeedPotion"},{"floor":3,"key":"Explosive Potion"},{"floor":4,"key":"Adrenaline Potion"}],"is_trial":false,"path_per_floor":["M","M","M","?","M","R","?","R","T","R","$","M","R","$","R","B",null,"M","?","M","T","?","R","E","M","T","T","R","M","R","M","R","B",null,"M","M","?","$","?"],"character_chosen":"KRATOS","items_purchased":["KratosMod:BladeWhip+1","Membership Card","KratosMod:clawsofhades","KratosMod:clawsofhades","KratosMod:BladeWhip","Strawberry","Sling","Juzu Bracelet","Strange Spoon","theForsaken:Lifeblossom"],"campfire_rested":5,"item_purchase_floors":[11,11,11,14,14,38,38,38,38,38],"current_hp_per_floor":[33,23,25,1,13,31,31,49,49,60,60,60,60,60,60,32,60,60,60,45,45,45,60,60,60,60,60,60,60,60,60,60,22,60,45,48,48,55,0,0],"gold":121,"neow_bonus":"ONE_RARE_RELIC","is_daily":false,"chose_seed":false,"campfire_upgraded":2,"win_rate":0.0,"timestamp":1610072258,"path_taken":["M","M","M","?","M","R","?","R","T","R","$","?","R","$","R","BOSS","M","?","M","?","?","R","E","M","T","?","R","?","R","M","R","BOSS","M","M","?","$","?"],"items_purchased_type":["Card","Relic","Card","Card","Card","Relic","Relic","Relic","Relic","Relic"],"build_version":"2020-12-22","purchased_purges":0,"victory":false,"max_hp_per_floor":[60,60,60,60,60,60,60,60,60,60,60,60,60,60,60,60,60,60,60,60,60,60,60,60,60,60,60,60,60,60,60,60,60,60,60,60,57,64,64,64],"card_choices":[{"not_picked":["KratosMod:settle","KratosMod:SmashStone"],"picked":"KratosMod:BladeWhip","floor":1},{"not_picked":["KratosMod:BladeWhip","KratosMod:ShieldBash"],"picked":"KratosMod:clawsofhades","floor":2},{"not_picked":["KratosMod:BladeWhip","KratosMod:Roll"],"picked":"KratosMod:Endure","floor":3},{"not_picked":["KratosMod:BladeWhip","KratosMod:Roll"],"picked":"KratosMod:Tempor","floor":4},{"not_picked":["KratosMod:rattle","KratosMod:ablockalypse"],"picked":"KratosMod:Endure","floor":5},{"not_picked":["KratosMod:Roll","KratosMod:SmashStone"],"picked":"KratosMod:Tempor","floor":12},{"not_picked":["KratosMod:tartarusrage","KratosMod:styx"],"picked":"KratosMod:blades","floor":16},{"not_picked":["KratosMod:Endure+1","KratosMod:BladeWhip+1"],"picked":"KratosMod:settle+1","floor":18},{"not_picked":["KratosMod:settle+1","KratosMod:rattle+1"],"picked":"KratosMod:Endure+1","floor":20},{"not_picked":["KratosMod:Endure","KratosMod:SmashStone"],"picked":"KratosMod:clawsofhades","floor":24},{"not_picked":["KratosMod:SmashStone","KratosMod:conjuresoul"],"picked":"KratosMod:Tempor","floor":25},{"not_picked":["KratosMod:kBerserk","KratosMod:SmashStone"],"picked":"KratosMod:Endure+1","floor":29},{"not_picked":["KratosMod:Tempor","KratosMod:conjuresoul"],"picked":"KratosMod:BladeWhip","floor":31},{"not_picked":["KratosMod:tartarusrage","KratosMod:ablockalypse"],"picked":"KratosMod:blades","floor":33},{"not_picked":[],"picked":"KratosMod:settle","floor":35},{"not_picked":[],"picked":"KratosMod:Endure","floor":36}],"player_experience":70558,"relics_obtained":[{"floor":4,"key":"Shuriken"},{"floor":9,"key":"Simple Rune"},{"floor":21,"key":"Anchor"},{"floor":24,"key":"Replay:Mystery Machine"},{"floor":26,"key":"War Paint"},{"floor":27,"key":"Gremlin Food"}],"event_choices":[{"damage_healed":0,"gold_gain":0,"cards_transformed":["KratosMod:Strike_K"],"player_choice":"Transformed","damage_taken":0,"max_hp_gain":0,"max_hp_loss":0,"event_name":"Transmorgrifier","floor":7,"gold_loss":0,"cards_obtained":["KratosMod:kBerserk"]},{"damage_healed":0,"gold_gain":0,"player_choice":"Ignored","damage_taken":0,"max_hp_gain":0,"max_hp_loss":0,"event_name":"Cursed Tome","floor":22,"gold_loss":0},{"damage_healed":0,"gold_gain":0,"player_choice":"Ignored","damage_taken":0,"max_hp_gain":0,"max_hp_loss":0,"event_name":"Ghosts","floor":32,"gold_loss":0},{"damage_healed":0,"gold_gain":0,"player_choice":"Max HP","damage_taken":0,"max_hp_gain":0,"max_hp_loss":3,"event_name":"Winding Halls","floor":37,"gold_loss":0}],"is_beta":false,"boss_relics":[{"not_picked":["Replay:Drink Me","Coffee Dripper"],"picked":"ChewingGum"},{"not_picked":["Abe\u0027s Treasure","Replay:Wanted Poster"],"picked":"Busted Crown"}],"items_purged_floors":[],"is_endless":false,"potions_floor_spawned":[1,3,16,18,25,36],"killed_by":"Nightmare_Alpha","ascension_level":1}}