{"host":"jkgg7n5hn1slsm35","time":1610099363,"event":{"mods":["Aspiration","BaseMod","BetterRewards","Conspire","Googly Eyes","Gremlin Skip","Halation","Highlight Path","Hubris","Infinite Spire","Minty Spire (QoL Compilation)","Permanent Neow","StSLib","SuperFastMode","vexMod"],"gold_per_floor":[116,116,127,127,142,142,167,10,33,45,45,45,45,55,55,55,55],"floor_reached":16,"playtime":389,"items_purged":[],"score":170,"play_id":"31c1b55d-d1ae-4487-bc33-17d8c576a3d5","local_time":"20210108104923","is_ascension_mode":true,"campfire_choices":[{"data":"Body Slam","floor":6,"key":"SMITH"},{"data":"Dramatic Entrance","floor":12,"key":"SMITH"},{"data":"Rampage","floor":15,"key":"SMITH"}],"circlet_count":0,"master_deck":["AscendersBane","Strike_R","Strike_R","Strike_R","Strike_R","Defend_R","Defend_R","Defend_R","Defend_R","Bash","Dramatic Entrance+1","Body Slam+1","Clash+1","Parasite","Rampage+1"],"relics":["Burning Blood","vexMod:ScavengeHelm","halation:PromiseList","vexMod:MemoryStick"],"acts_visited":["Exordium"],"potions_floor_usage":[5,16],"damage_taken":[{"damage":16,"enemies":"Jaw Worm","floor":1,"turns":5},{"damage":5,"enemies":"Cultist","floor":3,"turns":5},{"damage":3,"enemies":"conspire:RoseBush","floor":5,"turns":3},{"damage":32,"enemies":"Gremlin Nob","floor":7,"turns":4},{"damage":6,"enemies":"Lots of Slimes","floor":10,"turns":2},{"damage":11,"enemies":"Looter","floor":14,"turns":2},{"damage":58,"enemies":"Hexaghost","floor":16,"turns":10}],"seed_played":"1167370734617541832","potions_obtained":[{"floor":5,"key":"Fruit Juice"},{"floor":10,"key":"FearPotion"}],"is_trial":false,"path_per_floor":["M","?","M","?","M","R","E","$","T","M","?","R","?","M","R","B"],"character_chosen":"IRONCLAD","items_purchased":["halation:PromiseList"],"campfire_rested":0,"item_purchase_floors":[8],"current_hp_per_floor":[58,58,59,59,67,67,41,41,41,41,61,61,61,56,56,0,0],"gold":55,"neow_bonus":"RANDOM_COLORLESS","is_daily":false,"chose_seed":false,"campfire_upgraded":3,"win_rate":0.0,"timestamp":1610099363,"path_taken":["M","?","?","?","M","R","E","$","T","?","?","R","?","M","R","BOSS"],"items_purchased_type":["Relic"],"build_version":"2020-12-22","purchased_purges":0,"victory":false,"max_hp_per_floor":[75,75,75,75,80,80,80,80,80,80,80,80,80,80,80,80,80],"card_choices":[{"not_picked":["Dark Shackles","Good Instincts"],"picked":"Dramatic Entrance","floor":0},{"not_picked":["Clothesline","Uppercut"],"picked":"Body Slam","floor":1},{"not_picked":["Anger","Armaments"],"picked":"Clash","floor":3},{"not_picked":["Corruption","Thunderclap","Flex"],"picked":"SKIP","floor":5},{"not_picked":["True Grit","Hemokinesis","Pommel Strike"],"picked":"SKIP","floor":7},{"not_picked":["Flex","Heavy Blade","True Grit"],"picked":"SKIP","floor":10},{"not_picked":["Flex","Pommel Strike"],"picked":"Rampage","floor":14}],"player_experience":1824367,"relics_obtained":[{"floor":7,"key":"vexMod:ScavengeHelm"},{"floor":9,"key":"vexMod:MemoryStick"}],"event_choices":[{"cards_removed":["Strike_R"],"damage_healed":0,"gold_gain":0,"player_choice":"Purged","damage_taken":0,"max_hp_gain":0,"max_hp_loss":0,"event_name":"Purifier","floor":2,"gold_loss":0},{"damage_healed":0,"gold_gain":0,"player_choice":"Ignored","damage_taken":0,"max_hp_gain":0,"max_hp_loss":0,"event_name":"Transmorgrifier","floor":4,"gold_loss":0},{"damage_healed":20,"gold_gain":0,"player_choice":"Healed and dodged fight","damage_taken":0,"max_hp_gain":0,"max_hp_loss":0,"event_name":"Mushrooms","floor":11,"gold_loss":0,"cards_obtained":["Parasite"]},{"damage_healed":0,"gold_gain":0,"player_choice":"Upgraded","damage_taken":0,"max_hp_gain":0,"max_hp_loss":0,"event_name":"Upgrade Shrine","floor":13,"gold_loss":0,"cards_upgraded":["Clash"]}],"is_beta":false,"boss_relics":[],"items_purged_floors":[],"is_endless":false,"potions_floor_spawned":[5,10],"killed_by":"Hexaghost","ascension_level":14}}