{"host":"1a3cjta80tad0aqj","time":1610067920,"event":{"mods":["2.2 Compatiblity","AchievementEnabler","BaseMod","Colored Map","DeckTracker","KOR Keyword Fix","Keyboard Shortcuts","Minty Spire (QoL Compilation)","Permanent Neow","Quick Restart","Random Character Button","StSLib","SuperFastMode","everything is the same but u backflip on backflip"],"gold_per_floor":[112,124,49,49,49,49,76,76,76,90,110,10,85,101,101,201,201,221,146,161,36,51,51,71,98,98,98,116,116,131,32,32,127,127,142,242,260,274,124,124,124],"floor_reached":40,"playtime":2282,"items_purged":["Pray+1","Defend_P","Strike_P","BowlingBash"],"score":488,"play_id":"b3727d16-29ce-4b46-923c-7306764ca245","local_time":"20210108100520","is_ascension_mode":false,"campfire_choices":[{"data":"Eruption","floor":6.0,"key":"SMITH"},{"data":"FlurryOfBlows","floor":8.0,"key":"SMITH"},{"data":"Vigilance","floor":15.0,"key":"SMITH"},{"floor":23.0,"key":"REST"},{"floor":32.0,"key":"REST"}],"circlet_count":0,"master_deck":["Eruption+1","Vigilance+1","SashWhip+1","Crescendo+1","Halt","FlurryOfBlows+1","Blasphemy","Adaptation+1","CutThroughFate+1","Tantrum","BowlingBash+1"],"relics":["Astrolabe"],"acts_visited":["Exordium","TheCity","TheBeyond"],"potions_floor_usage":[],"damage_taken":[{"damage":0.0,"enemies":"Jaw Worm","floor":1.0,"turns":3.0},{"damage":0.0,"enemies":"2 Louse","floor":2.0,"turns":2.0},{"damage":11.0,"enemies":"Gremlin Nob","floor":7.0,"turns":4.0},{"damage":0.0,"enemies":"Cultist","floor":10.0,"turns":2.0},{"damage":0.0,"enemies":"Looter","floor":11.0,"turns":2.0},{"damage":0.0,"enemies":"3 Louse","floor":14.0,"turns":2.0},{"damage":0.0,"enemies":"Slime Boss","floor":16.0,"turns":5.0},{"damage":10.0,"enemies":"Shell Parasite","floor":18.0,"turns":3.0},{"damage":14.0,"enemies":"2 Thieves","floor":20.0,"turns":3.0},{"damage":16.0,"enemies":"3 Cultists","floor":22.0,"turns":4.0},{"damage":17.0,"enemies":"Sentry and Sphere","floor":24.0,"turns":4.0},{"damage":7.0,"enemies":"Masked Bandits","floor":25.0,"turns":3.0},{"damage":9.0,"enemies":"Snake Plant","floor":28.0,"turns":2.0},{"damage":0.0,"enemies":"3 Cultists","floor":30.0,"turns":4.0},{"damage":0.0,"enemies":"Collector","floor":33.0,"turns":2.0},{"damage":0.0,"enemies":"3 Shapes","floor":35.0,"turns":3.0},{"damage":20,"enemies":"3 Darklings","floor":37,"turns":4},{"damage":42,"enemies":"4 Shapes","floor":38,"turns":4},{"damage":0,"enemies":"Maw","floor":40,"turns":2}],"seed_played":"2422888770204025981","potions_obtained":[{"floor":7.0,"key":"Weak Potion"},{"floor":11.0,"key":"Energy Potion"},{"floor":16.0,"key":"Strength Potion"},{"floor":22.0,"key":"StancePotion"},{"floor":25.0,"key":"FearPotion"},{"floor":35.0,"key":"Weak Potion"},{"floor":38,"key":"FearPotion"}],"is_trial":false,"path_per_floor":["M","M","$","?","?","R","E","R","T","M","M","$","?","M","R","B",null,"M","?","M","$","M","R","M","?","T","$","M","?","M","$","R","B",null,"M","?","M","M","$","M"],"character_chosen":"WATCHER","items_purchased":["Ambrosia"],"campfire_rested":2,"item_purchase_floors":[31],"current_hp_per_floor":[72,72,72,72,72,72,61,61,61,61,61,61,50,50,50,50,72,62,62,48,48,32,53,36,29,29,29,20,20,20,20,41,41,72,72,72,52,10,10,10,10],"gold":124,"neow_bonus":"BOSS_RELIC","is_daily":false,"chose_seed":true,"campfire_upgraded":3,"win_rate":0.0,"timestamp":1610067920,"path_taken":["M","M","$","?","?","R","E","R","T","M","?","$","?","M","R","BOSS","M","?","M","$","M","R","M","?","T","$","M","?","?","$","R","BOSS","M","?","M","M","$","M"],"items_purchased_type":["Potion"],"build_version":"2020-12-22","purchased_purges":4,"victory":false,"max_hp_per_floor":[72,72,72,72,72,72,72,72,72,72,72,72,72,72,72,72,72,72,72,72,72,72,72,72,72,72,72,72,72,72,72,72,72,72,72,72,72,72,72,72,72],"card_choices":[{"not_picked":["SashWhip","BattleHymn"],"picked":"Halt","floor":1.0},{"not_picked":["LikeWater","CrushJoints"],"picked":"FlurryOfBlows","floor":2.0},{"not_picked":["WheelKick","Judgement","JustLucky"],"picked":"SKIP","floor":7.0},{"not_picked":["Halt","FlurryOfBlows","Indignation"],"picked":"SKIP","floor":10.0},{"not_picked":["Halt","FlurryOfBlows","Indignation"],"picked":"SKIP","floor":10.0},{"not_picked":["Evaluate","Protect","EmptyFist"],"picked":"SKIP","floor":11.0},{"not_picked":["SandsOfTime","Consecrate","Collect"],"picked":"SKIP","floor":14.0},{"not_picked":["Scrawl","Vault"],"picked":"Blasphemy","floor":16.0},{"not_picked":["Evaluate","Protect"],"picked":"BowlingBash","floor":18.0},{"not_picked":["Halt","JustLucky"],"picked":"Adaptation+1","floor":20.0},{"not_picked":["ReachHeaven+1","FlyingSleeves","SashWhip+1"],"picked":"SKIP","floor":22.0},{"not_picked":["EmptyBody","Swivel","Evaluate"],"picked":"SKIP","floor":24.0},{"not_picked":["Adaptation","FlurryOfBlows+1"],"picked":"CutThroughFate+1","floor":25.0},{"not_picked":["FollowUp+1","DeceiveReality","CrushJoints"],"picked":"SKIP","floor":28.0},{"not_picked":["FlyingSleeves","Crescendo"],"picked":"Tantrum","floor":30.0},{"not_picked":["Vengeance","JustLucky","Sanctity+1"],"picked":"SKIP","floor":35.0},{"not_picked":["EmptyBody","CutThroughFate"],"picked":"BowlingBash+1","floor":37},{"not_picked":["Swivel+1","FollowUp+1","Halt+1"],"picked":"SKIP","floor":38}],"player_experience":192795,"relics_obtained":[],"event_choices":[{"damage_healed":0.0,"max_hp_gain":0.0,"max_hp_loss":0.0,"gold_gain":0.0,"event_name":"Scrap Ooze","player_choice":"Fled","floor":4.0,"gold_loss":0.0,"damage_taken":0.0},{"cards_removed":["Strike_P"],"damage_healed":0.0,"max_hp_gain":0.0,"max_hp_loss":0.0,"gold_gain":0.0,"event_name":"Bonfire Elementals","player_choice":"Offered Basic","floor":5.0,"gold_loss":0.0,"damage_taken":0.0},{"damage_healed":0.0,"max_hp_gain":0.0,"max_hp_loss":0.0,"gold_gain":75.0,"event_name":"World of Goop","player_choice":"Gather Gold","floor":13.0,"gold_loss":0.0,"damage_taken":11.0},{"cards_removed":["Strike_P"],"damage_healed":0.0,"max_hp_gain":0.0,"max_hp_loss":0.0,"gold_gain":0.0,"event_name":"Beggar","player_choice":"Gave Gold","floor":19.0,"gold_loss":75.0,"damage_taken":0.0},{"damage_healed":0.0,"max_hp_gain":0.0,"max_hp_loss":0.0,"gold_gain":0.0,"event_name":"Masked Bandits","player_choice":"Fought Bandits","floor":25.0,"gold_loss":0.0,"damage_taken":0.0},{"cards_removed":["Defend_P"],"damage_healed":0.0,"max_hp_gain":0.0,"max_hp_loss":0.0,"gold_gain":0.0,"event_name":"Purifier","player_choice":"Purged","floor":29.0,"gold_loss":0.0,"damage_taken":0.0},{"damage_healed":0.0,"max_hp_gain":0.0,"max_hp_loss":0.0,"gold_gain":100.0,"event_name":"Golden Shrine","player_choice":"Pray","floor":36.0,"gold_loss":0.0,"damage_taken":0.0}],"is_beta":false,"boss_relics":[{"not_picked":["Sozu","Snecko Eye","Calling Bell"]},{"not_picked":["Pandora\u0027s Box","SlaversCollar","Velvet Choker"]}],"items_purged_floors":[3,12,21,39],"is_endless":false,"potions_floor_spawned":[7,11,16,22,25,35,38],"killed_by":"Maw","ascension_level":0}}