{"host":"t4bl6qmmsws2mq4o","time":1610077345,"event":{"mods":["AchievementEnabler","BaseMod","Better Note","Downfall","GifTheSpireLib","Hermit","Minty Spire (QoL Compilation)","Replay The Spire","StSLib","The Alterego","The Jungle","The Marked"],"gold_per_floor":[117,129,149,149,3,3,33,33,33,53,53,125,125,50,50,150,150,165,165,165,165,181,206,221,233,233,32,46,61,61,91,91,186,186,196,206,186,236,250,250,278,278,350,362,387,400,400,400,400,400],"floor_reached":51,"playtime":3229,"items_purged":["Normality","Guardian:TwinSlam"],"score":795,"play_id":"61039a9e-5f82-4e68-8284-1feb4dfe24db","local_time":"20210107194225","is_ascension_mode":false,"campfire_choices":[{"data":"alterego_mod:BigMeatyClaws","floor":6,"key":"SMITH"},{"data":"alterego_mod:Impale","floor":8,"key":"SMITH"},{"data":"alterego_mod:BrynhildrsRune","floor":15,"key":"SMITH"},{"data":"Storm of Steel","floor":32,"key":"SMITH"},{"data":"Devotion","floor":40,"key":"SMITH"},{"data":"Slimebound:SamplingLick","floor":47,"key":"SMITH"},{"floor":49,"key":"REST"}],"circlet_count":0,"master_deck":["alterego_mod:Defend","alterego_mod:Defend","alterego_mod:Defend","alterego_mod:Defend+1","alterego_mod:Impale+1","alterego_mod:BigMeatyClaws+1","alterego_mod:BrynhildrsRune+1","Slimebound:Split","alterego_mod:DeftHands","alterego_mod:Rip+1","alterego_mod:GoddessCore+1","Slimebound:SamplingLick+1","Storm of Steel+1","Infinite Blades+1","Bite","Bite","Bite+1","Bite","theMarked:ElementalBlade","Hidden Blade","alterego_mod:Birthday","alterego_mod:Bounce","expansioncontent:Hexaburn","Slimebound:SamplingLick+1","Spreading Infection","Devotion+1","Replay:SS_fish_3"],"relics":["alterego_mod:MasochisticConstitution","Replay:Kaleidoscope","PrismaticShard","Iron Hammer","Lantern","ReplayTheSpireMod:Ring of Collecting","Ring of Hypnosis","Busted Crown","ReplayTheSpireMod:TigerMarble","Ring of Searing","Juzu Bracelet","BargainBundle","Bag of Preparation","Strawberry","Pondfish Scales","Mummified Hand","Ring of Peace","Mercury Hourglass","Whetstone"],"acts_visited":["Exordium","TheCity","TheBeyond"],"potions_floor_usage":[24,50,50,50],"damage_taken":[{"damage":7,"enemies":"Cultist","floor":1,"turns":4},{"damage":6,"enemies":"Small Slimes","floor":2,"turns":4},{"damage":5,"enemies":"2 Louse","floor":3,"turns":4},{"damage":22,"enemies":"3 Sentries","floor":7,"turns":8},{"damage":0,"enemies":"Blue Slaver","floor":10,"turns":2},{"damage":25,"enemies":"Fading Forest","floor":16,"turns":11},{"damage":8,"enemies":"Spheric Guardian","floor":18,"turns":3},{"damage":13,"enemies":"Shell Parasite","floor":22,"turns":4},{"damage":29,"enemies":"Gremlin Leader","floor":23,"turns":5},{"damage":38,"enemies":"Snake Plant","floor":24,"turns":5},{"damage":9,"enemies":"Snecko","floor":25,"turns":4},{"damage":51,"enemies":"Centurion and Healer","floor":28,"turns":6},{"damage":9,"enemies":"3 Cultists","floor":29,"turns":4},{"damage":10,"enemies":"Replay:Snechameleon","floor":31,"turns":3},{"damage":35,"enemies":"Champ","floor":33,"turns":6},{"damage":35,"enemies":"3 Darklings","floor":35,"turns":4},{"damage":21,"enemies":"Orb Walker","floor":36,"turns":3},{"damage":54,"enemies":"Mind Bloom Boss Battle","floor":38,"turns":8},{"damage":33,"enemies":"3 Darklings","floor":39,"turns":3},{"damage":8,"enemies":"R_Hoarder","floor":41,"turns":5},{"damage":28,"enemies":"Jaw Worm Horde","floor":44,"turns":5},{"damage":50,"enemies":"Nemesis","floor":45,"turns":5},{"damage":10,"enemies":"4 Shapes","floor":46,"turns":4},{"damage":60,"enemies":"Donu and Deca","floor":50,"turns":6}],"seed_played":"-4396578439138458375","potions_obtained":[{"floor":10,"key":"Dexterity Potion"},{"floor":16,"key":"hexamod:EctoCoolerPotion"},{"floor":19,"key":"Cursed Concoction"},{"floor":25,"key":"SpeedPotion"},{"floor":31,"key":"Elixir"}],"is_trial":false,"path_per_floor":["M","M","M","?","$","R","E","R","T","M","?","?","?","$","R","B",null,"M","?","?","?","M","E","M","M","T","$","M","M","?","E","R","B",null,"M","M","?","?","M","R","E","?","T","M","E","M","R","?","R","B",null],"character_chosen":"The_Alterego","items_purchased":["PrismaticShard","BargainBundle","alterego_mod:Birthday","alterego_mod:Bounce","expansioncontent:Hexaburn"],"campfire_rested":1,"item_purchase_floors":[5,27,27,27,27],"current_hp_per_floor":[71,70,73,58,58,58,44,44,44,44,44,44,44,44,44,58,75,76,76,76,53,54,54,46,56,56,56,31,59,59,59,59,47,68,63,55,55,60,46,46,56,56,56,65,39,62,62,62,76,30],"gold":400,"neow_bonus":"ONE_RARE_RELIC","is_daily":false,"chose_seed":false,"campfire_upgraded":6,"win_rate":0.0,"timestamp":1610077345,"path_taken":["M","?","M","?","$","R","E","R","T","M","?","?","?","$","R","BOSS","M","?","?","?","M","E","M","M","T","?","M","M","?","E","R","BOSS","M","M","?","?","M","R","E","?","T","M","E","M","R","?","R","BOSS"],"items_purchased_type":["Relic","Relic","Card","Card","Card"],"build_version":"2020-12-22","purchased_purges":2,"victory":true,"max_hp_per_floor":[71,72,73,73,73,73,74,74,74,74,74,74,74,74,74,75,75,76,76,76,53,54,55,56,57,57,57,58,59,59,67,67,68,68,69,70,70,71,72,72,73,73,73,74,75,76,76,76,76,77],"card_choices":[{"not_picked":["alterego_mod:HighServant","alterego_mod:SuperDuperMasochism"],"picked":"alterego_mod:DeftHands","floor":1},{"not_picked":["alterego_mod:Cushion","alterego_mod:1TonWallop"],"picked":"alterego_mod:Rip","floor":2},{"not_picked":["alterego_mod:1TonWallop","alterego_mod:Belts"],"picked":"alterego_mod:GoddessCore","floor":3},{"not_picked":["Nirvana","Slimebound:TongueLash"],"picked":"Slimebound:SamplingLick","floor":7},{"not_picked":["alterego_mod:MagicResistance","Guardian:RefractedBeam","hexamod:FourthSeal"],"picked":"SKIP","floor":10},{"not_picked":["Juggernaut","hexamod:WildfireWeapon"],"picked":"Storm of Steel","floor":16},{"not_picked":["theMarked:Frustration"],"picked":"SKIP","floor":18},{"not_picked":["Slimebound:SplitAcid+1"],"picked":"SKIP","floor":22},{"not_picked":[],"picked":"theMarked:ElementalBlade","floor":23},{"not_picked":[],"picked":"Hidden Blade","floor":24},{"not_picked":["alterego_mod:BustOut+1"],"picked":"SKIP","floor":25},{"not_picked":["Coolheaded"],"picked":"SKIP","floor":28},{"not_picked":[],"picked":"Slimebound:SamplingLick","floor":29},{"not_picked":["Wild Strike+1"],"picked":"SKIP","floor":31},{"not_picked":[],"picked":"Devotion","floor":33},{"not_picked":["Replay:ManipulateFuture"],"picked":"SKIP","floor":35},{"not_picked":["True Grit+1"],"picked":"SKIP","floor":36},{"not_picked":["Guardian:Gem_Green"],"picked":"SKIP","floor":39},{"not_picked":["hexamod:HauntingEcho+1"],"picked":"SKIP","floor":41},{"not_picked":[],"picked":"Replay:SS_fish_3","floor":42},{"not_picked":["hexamod:HauntingEcho"],"picked":"SKIP","floor":44},{"not_picked":["alterego_mod:Swimsuit"],"picked":"SKIP","floor":45},{"not_picked":["Clothesline"],"picked":"SKIP","floor":46}],"player_experience":463292,"relics_obtained":[{"floor":7,"key":"Iron Hammer"},{"floor":9,"key":"Lantern"},{"floor":11,"key":"ReplayTheSpireMod:Ring of Collecting"},{"floor":11,"key":"Ring of Hypnosis"},{"floor":23,"key":"ReplayTheSpireMod:TigerMarble"},{"floor":26,"key":"Ring of Searing"},{"floor":26,"key":"Juzu Bracelet"},{"floor":31,"key":"Strawberry"},{"floor":38,"key":"Pondfish Scales"},{"floor":41,"key":"Mummified Hand"},{"floor":43,"key":"Ring of Peace"},{"floor":43,"key":"Mercury Hourglass"},{"floor":45,"key":"Whetstone"}],"event_choices":[{"damage_healed":0,"gold_gain":0,"player_choice":"Entered Light","damage_taken":15,"max_hp_gain":0,"max_hp_loss":0,"event_name":"Shining Light","floor":4,"gold_loss":0,"cards_upgraded":["alterego_mod:Defend","alterego_mod:Rip"]},{"damage_healed":0,"gold_gain":72,"player_choice":"Gained Gold","damage_taken":0,"max_hp_gain":0,"max_hp_loss":0,"event_name":"Golden Wing","floor":12,"gold_loss":0},{"damage_healed":0,"gold_gain":0,"player_choice":"Got Potions","damage_taken":0,"max_hp_gain":0,"max_hp_loss":0,"event_name":"Lab","floor":19,"gold_loss":0},{"cards_removed":["Storm of Steel"],"damage_healed":0,"gold_gain":0,"player_choice":"Take \u0026 Give","damage_taken":0,"max_hp_gain":0,"max_hp_loss":0,"event_name":"betterNote:BetterNote","floor":20,"gold_loss":0,"cards_obtained":["Infinite Blades"]},{"damage_healed":0,"gold_gain":0,"player_choice":"Became a vampire","damage_taken":0,"max_hp_gain":0,"max_hp_loss":23,"event_name":"Vampires","floor":21,"gold_loss":0,"cards_obtained":["Bite","Bite","Bite","Bite","Bite"]},{"damage_healed":0,"gold_gain":0,"player_choice":"Bought 1 Potion","damage_taken":0,"max_hp_gain":0,"max_hp_loss":0,"event_name":"The Woman in Blue","floor":37,"gold_loss":0},{"damage_healed":0,"gold_gain":0,"player_choice":"Fight","damage_taken":0,"max_hp_gain":0,"max_hp_loss":0,"event_name":"MindBloom","floor":38,"gold_loss":0},{"damage_healed":0,"gold_gain":0,"player_choice":"Memory 1","damage_taken":0,"max_hp_gain":0,"max_hp_loss":0,"event_name":"SensoryStone","floor":42,"gold_loss":0},{"cards_removed":["Bite"],"damage_healed":0,"gold_gain":0,"player_choice":"Removed Attack","damage_taken":0,"max_hp_gain":0,"max_hp_loss":0,"event_name":"Falling","floor":48,"gold_loss":0}],"is_beta":false,"boss_relics":[{"not_picked":["Empty Cage","Painkiller Herb"],"picked":"Busted Crown"},{"not_picked":["Replay:Drink Me","Pandora\u0027s Box","Replay:Fungal Core"]}],"items_purged_floors":[14,27],"is_endless":false,"potions_floor_spawned":[10,16,23,25,28,31,33,35,39,41,45],"ascension_level":0}}