{"host":"test","time":1610105146,"event":{"mods":["BaseMod","Colored Map","Colored Powertips","Minty Spire (QoL Compilation)","Relic Stats","Slay the Relics Exporter","StSLib","ojb\u0027s Better Paths Mod","ojb\u0027s Info Mod"],"gold_per_floor":[114,389,402,415,415,449,492,527,527,527,527],"floor_reached":10,"playtime":440,"items_purged":[],"score":86,"play_id":"4d84d1af-3244-4d06-b479-12219b89537b","local_time":"20210108202546","daily_mods":["Heirloom","Flight","Elite Swarm"],"is_ascension_mode":false,"campfire_choices":[],"circlet_count":0,"master_deck":["Strike_G","Strike_G","Strike_G","Strike_G","Strike_G","Defend_G","Defend_G","Defend_G","Defend_G","Defend_G","Survivor","Neutralize","Terror","Regret","Blade Dance","Blade Dance","Glass Knife","A Thousand Cuts","Storm of Steel"],"relics":["Ring of the Snake","Turnip","Golden Idol","TungstenRod","Bag of Marbles","Calipers","Blood Vial"],"acts_visited":["Exordium"],"potions_floor_usage":[6,7,10],"damage_taken":[{"damage":0.0,"enemies":"2 Louse","floor":1.0,"turns":4.0},{"damage":5.0,"enemies":"Jaw Worm","floor":3.0,"turns":6.0},{"damage":0.0,"enemies":"Small Slimes","floor":4.0,"turns":4.0},{"damage":18,"enemies":"Gremlin Nob","floor":6,"turns":4},{"damage":11,"enemies":"3 Sentries","floor":7,"turns":9},{"damage":23,"enemies":"Gremlin Nob","floor":8,"turns":4},{"damage":15,"enemies":"Lagavulin","floor":10,"turns":5}],"seed_played":"-604175348213949187","potions_obtained":[{"floor":1.0,"key":"Block Potion"},{"floor":4.0,"key":"ColorlessPotion"},{"floor":6,"key":"SkillPotion"}],"is_trial":true,"path_per_floor":["M","?","M","M","?","E","E","E","T","E"],"character_chosen":"THE_SILENT","items_purchased":[],"campfire_rested":0,"item_purchase_floors":[],"current_hp_per_floor":[70,70,65,65,65,47,36,13,13,0,0],"gold":527,"neow_bonus":"","is_daily":false,"chose_seed":false,"campfire_upgraded":0,"win_rate":0.0,"timestamp":1610105146,"path_taken":["M","?","M","?","?","E","E","E","T","E"],"items_purchased_type":[],"build_version":"2020-12-18","purchased_purges":0,"victory":false,"max_hp_per_floor":[70,70,70,70,65,65,65,65,65,65,65],"relic_stats":{"Blood Vial":2,"counters":[7,36],"Golden Idol":23,"Turnip":[0],"obtain_stats":[{"Blood Vial":9,"Calipers":8,"Golden Idol":5,"Turnip":0,"Bag of Marbles":7,"TungstenRod":6,"Ring of the Snake":0},{"Blood Vial":6,"Calipers":6,"Golden Idol":3,"Turnip":0,"Bag of Marbles":5,"TungstenRod":4,"Ring of the Snake":0},{"Blood Vial":31,"Calipers":31,"Golden Idol":14,"Turnip":0,"Bag of Marbles":27,"TungstenRod":18,"Ring of the Snake":0}],"TungstenRod":9,"Ring of the Snake":[14]},"card_choices":[{"not_picked":["Finisher","Bane"],"picked":"Terror","floor":1.0},{"not_picked":["Deadly Poison","All Out Attack"],"picked":"Blade Dance","floor":3.0},{"not_picked":["Noxious Fumes","Dagger Throw"],"picked":"Blade Dance","floor":4.0},{"not_picked":["Adrenaline","Grand Finale"],"picked":"Glass Knife","floor":6},{"not_picked":["Night Terror","Burst"],"picked":"A Thousand Cuts","floor":7},{"not_picked":["Grand Finale","Venomology"],"picked":"Storm of Steel","floor":8}],"player_experience":1928991,"relics_obtained":[{"floor":6,"key":"TungstenRod"},{"floor":7,"key":"Bag of Marbles"},{"floor":8,"key":"Calipers"},{"floor":9,"key":"Blood Vial"}],"event_choices":[{"damage_healed":0.0,"max_hp_gain":0.0,"max_hp_loss":0.0,"gold_gain":275.0,"event_name":"Golden Shrine","player_choice":"Desecrate","floor":2.0,"gold_loss":0.0,"damage_taken":0.0,"cards_obtained":["Regret"]},{"damage_healed":0,"gold_gain":0,"player_choice":"Lose Max HP","damage_taken":0,"relics_obtained":["Golden Idol"],"max_hp_gain":0,"max_hp_loss":5,"event_name":"Golden Idol","floor":5,"gold_loss":0}],"is_beta":true,"boss_relics":[],"items_purged_floors":[],"is_endless":false,"potions_floor_spawned":[1,4,6],"killed_by":"Lagavulin","ascension_level":0}}