{"host":"amk01rs45492rldv","time":1610114029,"event":{"mods":["Act Like it!","Arknights The Spire","BaseMod","Gensokyo","GifTheSpireLib","KinomotoSakuraMod(ƒæ÷Æ±æ”£)","Marisa£®ÏF”Í°°ƒß¿Ì…≥£©","Minty Spire (QoL Compilation)","Quick Restart","Reimu£®≤©¿ˆ¡È√Œ£©","Remilia£®¿Ÿ√◊¿Ú—«£©","Replay The Spire","StSLib","The Administrix","The Servant 0.9.4","vexMod"],"gold_per_floor":[114,129,129,129,147,147,117,83,83,83,30,30,49,66,66,66,66],"floor_reached":16,"playtime":602,"items_purged":[],"score":92,"play_id":"ac26e286-dbae-480c-a0d8-7e23f091c97a","local_time":"20210108215349","is_ascension_mode":false,"campfire_choices":[{"data":"ats:Roar Of Ursus","floor":6,"key":"SMITH"},{"data":"ats:Emotion Absorption","floor":10,"key":"SMITH"},{"floor":12,"key":"REST"},{"floor":15,"key":"REST"}],"circlet_count":0,"master_deck":["ats:Strike C","ats:Strike G","ats:Strike V","ats:Armor Crushing Shot","ats:Defend","ats:Defend","ats:Defend","ats:Defend","ats:Emotion Absorption+1","ats:Explosion Area Strengthen","ats:Burning Ground","Looming Evil","ats:Roar Of Ursus+1","ats:Apocalypse","ats:Cat Scratch","ats:True Silver Slash","ats:Consecutive Shot Auto"],"relics":["ats:Sanity","NeowsBlessing","ReplayTheSpireMod:Ring of Exchange","Ring of Fangs","Replay:Accelerometer","Replay:Bottled Steam"],"acts_visited":["Exordium"],"potions_floor_usage":[14,14],"damage_taken":[{"damage":0,"enemies":"Cultist","floor":1,"turns":1},{"damage":0,"enemies":"2 Louse","floor":2,"turns":1},{"damage":0,"enemies":"Small Slimes","floor":5,"turns":1},{"damage":10,"enemies":"Looter","floor":7,"turns":4},{"damage":29,"enemies":"Exordium Thugs","floor":8,"turns":6},{"damage":16,"enemies":"3 Louse","floor":13,"turns":2},{"damage":12,"enemies":"Looter","floor":14,"turns":4},{"damage":65,"enemies":"The Guardian","floor":16,"turns":6}],"seed_played":"3027432967364848456","potions_obtained":[{"floor":2,"key":"SmokeBomb"},{"floor":5,"key":"GamblersBrew"},{"floor":8,"key":"ZuzhouPotion:ReiMu"}],"is_trial":false,"path_per_floor":["M","M","?","?","M","R","M","M","T","R","?","R","M","M","R","B"],"character_chosen":"DOCTOR_CLASS","items_purchased":[],"campfire_rested":2,"item_purchase_floors":[],"current_hp_per_floor":[72,72,72,72,72,72,62,41,41,41,41,62,46,38,59,0,0],"gold":66,"neow_bonus":"THREE_ENEMY_KILL","is_daily":false,"chose_seed":false,"campfire_upgraded":2,"win_rate":0.0,"timestamp":1610114029,"path_taken":["M","?","?","?","M","R","M","M","T","R","?","R","M","M","R","BOSS"],"items_purchased_type":[],"build_version":"2020-12-22","purchased_purges":0,"victory":false,"max_hp_per_floor":[72,72,72,72,72,72,72,72,72,72,72,72,72,72,72,72,72],"card_choices":[{"not_picked":["ats:Cat Scratch","ats:Shell Defense"],"picked":"ats:Explosion Area Strengthen","floor":1},{"not_picked":["ats:Shell Defense","ats:Flexible Camouflage"],"picked":"ats:Burning Ground","floor":2},{"not_picked":["ats:Leaping Hammer","ats:Powerful Strike"],"picked":"ats:Roar Of Ursus","floor":5},{"not_picked":["ats:Composite Medical Shells","ats:Spore Proliferation"],"picked":"ats:Apocalypse","floor":7},{"not_picked":["ats:Ignite","ats:Childhood Dance"],"picked":"ats:Cat Scratch","floor":8},{"not_picked":["ats:Hammer On","ats:Ignite"],"picked":"ats:True Silver Slash","floor":13},{"not_picked":["ats:Powerful Strike","ats:Curse Doll"],"picked":"ats:Consecutive Shot Auto","floor":14}],"player_experience":933138,"relics_obtained":[{"floor":3,"key":"ReplayTheSpireMod:Ring of Exchange"},{"floor":3,"key":"Ring of Fangs"},{"floor":9,"key":"Replay:Accelerometer"}],"event_choices":[{"damage_healed":0,"gold_gain":0,"player_choice":"Paid Gold","damage_taken":0,"relics_obtained":["Replay:Bottled Steam"],"max_hp_gain":0,"max_hp_loss":0,"event_name":"WeMeetAgain","floor":11,"gold_loss":53}],"is_beta":false,"boss_relics":[],"items_purged_floors":[],"is_endless":false,"potions_floor_spawned":[2,5,8,13],"killed_by":"The Guardian","ascension_level":0}}