{"host":"we0tvcz4okyzqurd","time":1610087096,"event":{"mods":["BaseMod","Colored Powertips","Downfall","Hermit","Hubris","Infinite Spire","Minty Spire (QoL Compilation)","Replay The Spire","StSLib","The Cursed","The IronCluck","The Jungle","The Runesmith"],"gold_per_floor":[118,118,172,183,30,56,70,97,97,111,111,127,0,0,0,100,100,111,111,71,170,184,219,234,234,234,234,7,7,20,39,39,39,39],"floor_reached":33,"playtime":1737,"items_purged":["Runesmith:Strike_RS"],"score":300,"play_id":"d7d90bee-c0f3-433c-bc75-01a775f36435","local_time":"20210107222456","is_ascension_mode":false,"campfire_choices":[{"floor":11,"key":"REST"},{"data":"Runesmith:GrandSlam","floor":15,"key":"SMITH"},{"floor":25,"key":"REST"},{"floor":27,"key":"REST"},{"floor":32,"key":"REST"}],"circlet_count":0,"master_deck":["Runesmith:Strike_RS","Runesmith:Strike_RS","Runesmith:Defend_RS","Runesmith:Defend_RS","Runesmith:Defend_RS","Runesmith:CraftFirestone+1","Runesmith:Fortify+1","Runesmith:HammerThrow+1","Runesmith:HeatExchange","Runesmith:Retool","Runesmith:HammerTime","Runesmith:GrandSlam+1","Runesmith:CreatorForm","Runesmith:Reinforce","Runesmith:ShiftingStrike+1","Runesmith:Retool","Runesmith:HeatedChisel+1","Runesmith:PoweredAnvil"],"relics":["Runesmith:BrokenRuby","NeowsBlessing","Simple Rune","PreservedInsect","Replay:Kaleidoscope","War Paint","CaptainsWheel","Runesmith:UraniumAnvil","Replay:Bottled Flurry","Smiling Mask","ClockworkSouvenir"],"acts_visited":["Exordium","TheCity"],"potions_floor_usage":[16,16,16,23,33,33],"damage_taken":[{"damage":0,"enemies":"Small Slimes","floor":1,"turns":1},{"damage":0,"enemies":"Cultist","floor":4,"turns":1},{"damage":0,"enemies":"Gremlin Nob","floor":6,"turns":1},{"damage":5,"enemies":"Jaw Worm","floor":7,"turns":2},{"damage":12,"enemies":"3 Sentries","floor":8,"turns":4},{"damage":6,"enemies":"2 Fungi Beasts","floor":10,"turns":3},{"damage":5,"enemies":"Exordium Thugs","floor":12,"turns":3},{"damage":23,"enemies":"Fading Forest","floor":16,"turns":11},{"damage":5,"enemies":"Shell Parasite","floor":18,"turns":4},{"damage":0,"enemies":"Chosen","floor":22,"turns":3},{"damage":15,"enemies":"Gremlin Leader","floor":23,"turns":4},{"damage":28,"enemies":"Centurion and Healer","floor":24,"turns":5},{"damage":10,"enemies":"Shelled Parasite and Fungi","floor":30,"turns":4},{"damage":15,"enemies":"Cultist and Chosen","floor":31,"turns":5},{"damage":70,"enemies":"hubris:MusketHawk","floor":33,"turns":6}],"seed_played":"9179667764724843940","potions_obtained":[{"floor":8,"key":"SkillPotion"},{"floor":10,"key":"hexamod:EctoCoolerPotion"},{"floor":16,"key":"Milkshake"},{"floor":18,"key":"Weak Potion"},{"floor":30,"key":"Swift Potion"},{"floor":31,"key":"Adrenaline Potion"}],"is_trial":false,"path_per_floor":["M","?","T","M","$","E","M","E","T","M","R","M","$","?","R","B",null,"M","?","$","?","M","E","M","R","T","R","$","?","M","M","R","B"],"character_chosen":"RUNESMITH_CLASS","items_purchased":["PreservedInsect","Fire Potion","Runesmith:ShiftingStrike+1","Runesmith:PoweredAnvil","ClockworkSouvenir"],"campfire_rested":4,"item_purchase_floors":[5,13,20,28,28],"current_hp_per_floor":[70,63,63,63,63,63,58,46,46,40,61,56,56,56,56,43,70,65,65,65,65,65,50,22,43,43,64,64,64,54,39,60,0,0],"gold":39,"neow_bonus":"THREE_ENEMY_KILL","is_daily":false,"chose_seed":false,"campfire_upgraded":1,"win_rate":0.0,"timestamp":1610087096,"path_taken":["M","?","?","M","$","E","M","E","T","M","R","M","?","?","R","BOSS","M","?","$","?","M","E","M","R","T","R","?","?","M","M","R","BOSS"],"items_purchased_type":["Relic","Potion","Card","Card","Relic"],"build_version":"2020-12-22","purchased_purges":1,"victory":false,"max_hp_per_floor":[70,70,70,70,70,70,70,70,70,70,70,70,70,70,70,70,70,70,70,70,70,70,70,70,70,70,70,70,70,70,70,70,70,70],"card_choices":[{"not_picked":["Runesmith:LithiumIon","Runesmith:EarthShield"],"picked":"Runesmith:HammerThrow","floor":1},{"not_picked":["Runesmith:RuneHurl","Runesmith:UnstableHammer"],"picked":"Runesmith:HeatExchange","floor":4},{"not_picked":["Runesmith:RuneHurl","Runesmith:Overpower"],"picked":"Runesmith:Retool","floor":6},{"not_picked":["Runesmith:ChiselStab","Runesmith:HammerThrow"],"picked":"Runesmith:HammerTime","floor":7},{"not_picked":["Runesmith:Accelerate","Runesmith:Attraction","Runesmith:BackupBattery"],"picked":"SKIP","floor":8},{"not_picked":["Runesmith:Overpower","Runesmith:ChiselStab"],"picked":"Runesmith:GrandSlam","floor":10},{"not_picked":["Runesmith:MakeshiftArmor","Runesmith:EnergizedChisel","Runesmith:CraftProtectio"],"picked":"SKIP","floor":12},{"not_picked":["Runesmith:UnlimitedPower","Runesmith:LastStand"],"picked":"Runesmith:CreatorForm","floor":16},{"not_picked":["Runesmith:Augment+1","Runesmith:CraftObretio"],"picked":"Runesmith:Reinforce","floor":18},{"not_picked":["Runesmith:Grindstone","Runesmith:HeatExchange"],"picked":"Runesmith:Retool","floor":22},{"not_picked":["Runesmith:Terraform","Runesmith:CraftSpiculum","Runesmith:Discharge+1"],"picked":"SKIP","floor":23},{"not_picked":["Runesmith:NanitesCloud","Runesmith:WhiteBalance+1"],"picked":"Runesmith:HeatedChisel+1","floor":24},{"not_picked":["Runesmith:RuneHurl","Runesmith:StaticCage","Runesmith:Empowerment+1"],"picked":"SKIP","floor":30},{"not_picked":["Runesmith:Supernova","Runesmith:FieryHammer+1","Runesmith:CraftMagma"],"picked":"SKIP","floor":31}],"player_experience":462874,"relics_obtained":[{"floor":3,"key":"Simple Rune"},{"floor":6,"key":"Replay:Kaleidoscope"},{"floor":8,"key":"War Paint"},{"floor":9,"key":"CaptainsWheel"},{"floor":23,"key":"Replay:Bottled Flurry"},{"floor":26,"key":"Smiling Mask"}],"event_choices":[{"cards_removed":["Runesmith:Defend_RS"],"damage_healed":0,"gold_gain":0,"player_choice":"Card Removal","damage_taken":7,"max_hp_gain":0,"max_hp_loss":0,"event_name":"Golden Wing","floor":2,"gold_loss":0},{"cards_removed":["Runesmith:Strike_RS"],"damage_healed":0,"gold_gain":0,"player_choice":"Card Removal","damage_taken":0,"max_hp_gain":0,"max_hp_loss":0,"event_name":"Wheel of Change","floor":14,"gold_loss":0},{"damage_healed":0,"gold_gain":0,"player_choice":"Ignored","damage_taken":0,"max_hp_gain":0,"max_hp_loss":0,"event_name":"Ghosts","floor":19,"gold_loss":0},{"damage_healed":0,"gold_gain":99,"player_choice":"Stole From Cult","damage_taken":0,"max_hp_gain":0,"max_hp_loss":0,"event_name":"Nest","floor":21,"gold_loss":0},{"damage_healed":0,"gold_gain":0,"player_choice":"Upgraded","damage_taken":0,"max_hp_gain":0,"max_hp_loss":0,"event_name":"Upgrade Shrine","floor":29,"gold_loss":0,"cards_upgraded":["Runesmith:HammerThrow"]}],"is_beta":false,"boss_relics":[{"not_picked":["Calling Bell","Runesmith:PocketReactor"],"picked":"Runesmith:UraniumAnvil"}],"items_purged_floors":[13],"is_endless":false,"potions_floor_spawned":[8,10,16,18,30,31],"killed_by":"hubris:MusketHawk","ascension_level":0}}