{"host":"hg77cm6lvslg446i","time":1610102917,"event":{"mods":["BaseMod","BetterRewards","Minty Spire (QoL Compilation)","Say the Spire","StSLib"],"gold_per_floor":[144,189,234,84,259,259,304,349,374,533,578,578,668,713,713,1013,1013,1067,1112,1157,1157,1202,1202,1202],"floor_reached":23,"playtime":1434,"items_purged":[],"score":222,"play_id":"d5bb0923-3cd8-4670-8160-2ba5767da756","local_time":"20210108114837","daily_mods":["Draft","Uncertain Future","Midas"],"is_ascension_mode":false,"campfire_choices":[{"floor":12,"key":"REST"},{"floor":15,"key":"REST"}],"circlet_count":0,"master_deck":["Metallicize","Rampage","Clothesline","Clash","Flame Barrier","Flex","Cleave","Rupture","Sever Soul","Combust","Metallicize","Shrug It Off","Seeing Red+1","Clash","Thunderclap","Perfected Strike","Ghostly Armor","Doubt","Cold Snap","Double Tap","Combust","Bandage Up","Clash","Juggernaut","CurseOfTheBell","Doom and Gloom+1"],"relics":["Burning Blood","PrismaticShard","Boot","Meat on the Bone","Gremlin Horn","Calling Bell","CeramicFish","Molten Egg 2","Torii"],"acts_visited":["Exordium","TheCity"],"potions_floor_usage":[19,19],"damage_taken":[{"damage":2,"enemies":"2 Louse","floor":1,"turns":3},{"damage":1,"enemies":"Small Slimes","floor":2,"turns":3},{"damage":0,"enemies":"Jaw Worm","floor":3,"turns":3},{"damage":7,"enemies":"Gremlin Gang","floor":7,"turns":3},{"damage":0,"enemies":"2 Fungi Beasts","floor":8,"turns":2},{"damage":20,"enemies":"Lagavulin Event","floor":10,"turns":5},{"damage":12,"enemies":"3 Louse","floor":11,"turns":2},{"damage":16,"enemies":"Gremlin Nob","floor":13,"turns":5},{"damage":13,"enemies":"Blue Slaver","floor":14,"turns":2},{"damage":49,"enemies":"Hexaghost","floor":16,"turns":8},{"damage":6,"enemies":"Chosen","floor":18,"turns":3},{"damage":10,"enemies":"Shell Parasite","floor":19,"turns":4},{"damage":28,"enemies":"Sentry and Sphere","floor":20,"turns":6},{"damage":31,"enemies":"Shelled Parasite and Fungi","floor":22,"turns":6},{"damage":43,"enemies":"Book of Stabbing","floor":23,"turns":4}],"seed_played":"-6062085814737979882","potions_obtained":[{"floor":1,"key":"Weak Potion"},{"floor":8,"key":"GamblersBrew"},{"floor":10,"key":"SteroidPotion"},{"floor":13,"key":"ColorlessPotion"},{"floor":16,"key":"AttackPotion"},{"floor":22,"key":"SmokeBomb"}],"is_trial":false,"path_per_floor":["M","M","M","$","?","?","M","M","T","?","M","R","E","M","R","B",null,"M","M","M","?","M","E"],"character_chosen":"IRONCLAD","items_purchased":["PrismaticShard"],"campfire_rested":2,"item_purchase_floors":[4],"current_hp_per_floor":[80,80,80,80,80,80,79,80,80,66,60,80,74,71,80,53,80,80,78,60,52,43,0,0],"gold":1202,"neow_bonus":"","is_daily":true,"chose_seed":false,"campfire_upgraded":0,"win_rate":0.0,"timestamp":1610102917,"path_taken":["M","M","M","$","?","?","M","M","T","?","M","R","E","M","R","BOSS","M","M","M","?","M","E"],"items_purchased_type":["Relic"],"build_version":"2020-12-22","purchased_purges":0,"victory":false,"max_hp_per_floor":[80,80,80,80,80,80,80,80,80,80,80,80,80,80,80,80,80,80,80,80,80,80,80,80],"card_choices":[{"not_picked":["Intimidate","Iron Wave"],"picked":"Metallicize","floor":0},{"not_picked":["Sword Boomerang","Anger"],"picked":"Rampage","floor":0},{"not_picked":["Havoc","Wild Strike"],"picked":"Clothesline","floor":0},{"not_picked":["Twin Strike","Anger"],"picked":"Clash","floor":0},{"not_picked":["Pommel Strike","Warcry"],"picked":"Flame Barrier","floor":0},{"not_picked":["Warcry","Disarm"],"picked":"Flex","floor":0},{"not_picked":["Fire Breathing","Armaments"],"picked":"Cleave","floor":0},{"not_picked":["Cleave","Battle Trance"],"picked":"Rupture","floor":0},{"not_picked":["Sword Boomerang","Dual Wield"],"picked":"Sever Soul","floor":0},{"not_picked":["Whirlwind","Wild Strike"],"picked":"Combust","floor":0},{"not_picked":["Flex","Reckless Charge"],"picked":"Metallicize","floor":0},{"not_picked":["Entrench","Battle Trance"],"picked":"Shrug It Off","floor":0},{"not_picked":["True Grit","Reckless Charge"],"picked":"Seeing Red","floor":0},{"not_picked":["Warcry","Cleave"],"picked":"Clash","floor":0},{"not_picked":["Disarm","Flex"],"picked":"Thunderclap","floor":0},{"not_picked":["Armaments","True Grit"],"picked":"Perfected Strike","floor":1},{"not_picked":["Hemokinesis","Flex"],"picked":"Ghostly Armor","floor":2},{"not_picked":["Flame Barrier","Clothesline","Rupture"],"picked":"SKIP","floor":3},{"not_picked":["Clothesline","TalkToTheHand"],"picked":"Cold Snap","floor":7},{"not_picked":["Deep Breath","ClearTheMind"],"picked":"Double Tap","floor":8},{"not_picked":["Sword Boomerang","SashWhip"],"picked":"Combust","floor":10},{"not_picked":["Shrug It Off","FlurryOfBlows"],"picked":"Bandage Up","floor":11},{"not_picked":["SignatureMove","TalkToTheHand","Deflect"],"picked":"SKIP","floor":13},{"not_picked":["Beam Cell","Armaments"],"picked":"Clash","floor":14},{"not_picked":["Unload","Glass Knife"],"picked":"Juggernaut","floor":16},{"not_picked":["LikeWater","Panacea+1"],"picked":"Doom and Gloom+1","floor":18},{"not_picked":["Dodge and Roll","TalkToTheHand+1","EmptyMind"],"picked":"SKIP","floor":19},{"not_picked":["Recycle","Swivel+1","EmptyBody"],"picked":"SKIP","floor":20},{"not_picked":["EmptyFist+1","Eviscerate+1","Clothesline+1"],"picked":"SKIP","floor":22}],"player_experience":117482,"relics_obtained":[{"floor":9,"key":"Boot"},{"floor":13,"key":"Gremlin Horn"},{"floor":17,"key":"CeramicFish"},{"floor":17,"key":"Molten Egg 2"},{"floor":17,"key":"Torii"}],"event_choices":[{"damage_healed":0,"gold_gain":175,"player_choice":"AGREE","damage_taken":0,"max_hp_gain":0,"max_hp_loss":0,"event_name":"Liars Game","floor":5,"gold_loss":0,"cards_obtained":["Doubt"]},{"damage_healed":0,"gold_gain":0,"player_choice":"Grow","damage_taken":0,"max_hp_gain":0,"max_hp_loss":0,"event_name":"Living Wall","floor":6,"gold_loss":0,"cards_upgraded":["Seeing Red"]},{"damage_healed":0,"gold_gain":0,"player_choice":"Searched \u00272\u0027 times","damage_taken":0,"relics_obtained":["Meat on the Bone"],"max_hp_gain":0,"max_hp_loss":0,"event_name":"Dead Adventurer","floor":10,"gold_loss":0},{"damage_healed":0,"gold_gain":0,"player_choice":"Damaged","damage_taken":8,"max_hp_gain":0,"max_hp_loss":0,"event_name":"Wheel of Change","floor":21,"gold_loss":0}],"is_beta":false,"boss_relics":[{"not_picked":["Runic Cube","Runic Pyramid"],"picked":"Calling Bell"}],"items_purged_floors":[],"is_endless":false,"potions_floor_spawned":[1,8,10,13,16,18,22],"killed_by":"Book of Stabbing","ascension_level":0}}