{"host":"ln76an1o32p2wxtf","time":1610130704,"event":{"mods":["AchievementEnabler","Act Like it!","BaseMod","BetterRewards","Colored Powertips","Energized Spire","GifTheSpireLib","Infinite Spire","Minty Spire (QoL Compilation)","Shop Mod","StSLib"],"gold_per_floor":[99,99,99,99,99,99,99,99,99,99,99,99,23,23,23,23,23,23,23,23,23,23,23,23,23,23,23,23,23,23,23,23,23,23,23,23],"floor_reached":35,"playtime":2133,"items_purged":[],"score":450,"play_id":"14ff085b-0838-4d63-a5c8-7aefc64e9911","local_time":"20210109023144","is_ascension_mode":true,"campfire_choices":[{"floor":6,"key":"RECALL"},{"floor":15,"key":"REST"},{"floor":23,"key":"REST"},{"data":"After Image","floor":25,"key":"SMITH"},{"data":"Accuracy","floor":27,"key":"SMITH"},{"floor":32,"key":"REST"}],"circlet_count":0,"master_deck":["Strike_G","Strike_G","Strike_G+1","Strike_G","Strike_G","Defend_G","Defend_G","Defend_G","Defend_G","Defend_G","Survivor+1","Neutralize","Cloak And Dagger","Backflip","Dodge and Roll","Choke","Accuracy+1","After Image+1","Blade Dance","Caltrops","Doppelganger","RitualDagger","Blade Dance","Finisher","Finisher","Envenom"],"relics":["Ectoplasm","Meat on the Bone","Juzu Bracelet","Vajra","energizedSpire:NeverEndingSparkler","Bottled Flame","Ornamental Fan","WingedGreaves","energizedSpire:RedRose"],"acts_visited":["Exordium","TheCity","TheBeyond"],"potions_floor_usage":[7,10,11,11,24,24,29],"damage_taken":[{"damage":0,"enemies":"Cultist","floor":1,"turns":5},{"damage":0,"enemies":"Small Slimes","floor":2,"turns":4},{"damage":0,"enemies":"2 Louse","floor":3,"turns":3},{"damage":12,"enemies":"Large Slime","floor":5,"turns":8},{"damage":67,"enemies":"Gremlin Nob","floor":7,"turns":7},{"damage":0,"enemies":"Exordium Wildlife","floor":8,"turns":4},{"damage":1,"enemies":"2 Fungi Beasts","floor":10,"turns":5},{"damage":8,"enemies":"3 Sentries","floor":11,"turns":12},{"damage":0,"enemies":"3 Louse","floor":12,"turns":4},{"damage":17,"enemies":"The Guardian","floor":16,"turns":12},{"damage":0,"enemies":"Shell Parasite","floor":18,"turns":5},{"damage":12,"enemies":"Chosen","floor":19,"turns":5},{"damage":19,"enemies":"Snecko","floor":21,"turns":7},{"damage":17,"enemies":"Centurion and Healer","floor":22,"turns":8},{"damage":6,"enemies":"Book of Stabbing","floor":24,"turns":5},{"damage":6,"enemies":"Cultist and Chosen","floor":28,"turns":5},{"damage":25,"enemies":"Slavers","floor":29,"turns":5},{"damage":4,"enemies":"Book of Stabbing","floor":31,"turns":5},{"damage":26,"enemies":"Champ","floor":33,"turns":10}],"seed_played":"8109808943666991204","potions_obtained":[{"floor":1,"key":"infinitespire:BlackPotion"},{"floor":7,"key":"DistilledChaos"},{"floor":8,"key":"Explosive Potion"},{"floor":10,"key":"AttackPotion"},{"floor":12,"key":"LiquidMemories"},{"floor":18,"key":"Explosive Potion"},{"floor":21,"key":"Block Potion"},{"floor":33,"key":"Block Potion"}],"is_trial":false,"path_per_floor":["M","M","M","?","M","R","E","M","T","M","E","M","$","?","R","B",null,"M","M","?","M","M","R","E","R","T","R","M","E","$","E","R","B",null,"M"],"character_chosen":"THE_SILENT","items_purchased":["Caltrops"],"campfire_rested":3,"item_purchase_floors":[13],"current_hp_per_floor":[70,70,70,70,58,58,1,13,13,24,28,40,40,26,47,42,70,70,58,52,45,40,61,55,55,55,55,49,36,36,44,65,39,70,0,0],"gold":23,"neow_bonus":"BOSS_RELIC","is_daily":false,"chose_seed":false,"campfire_upgraded":2,"win_rate":0.0,"timestamp":1610130704,"path_taken":["M","M","?","?","M","R","E","M","T","M","E","M","?","?","R","BOSS","M","M","?","M","M","R","E","R","T","R","M","E","$","E","R","BOSS","M"],"items_purchased_type":["Card"],"build_version":"2020-12-22","purchased_purges":0,"victory":false,"max_hp_per_floor":[70,70,70,70,70,70,70,70,70,70,70,70,70,70,70,70,70,70,70,70,70,70,70,70,70,70,70,70,70,70,70,70,70,70,70,70],"card_choices":[{"not_picked":["Dodge and Roll","Quick Slash"],"picked":"Cloak And Dagger","floor":1},{"not_picked":["Noxious Fumes","Calculated Gamble","Endless Agony"],"picked":"SKIP","floor":2},{"not_picked":["Acrobatics","Deflect"],"picked":"Backflip","floor":3},{"not_picked":["Acrobatics","Deflect"],"picked":"Dodge and Roll","floor":5},{"not_picked":["Acrobatics","Outmaneuver"],"picked":"Choke","floor":7},{"not_picked":["Dagger Throw","Quick Slash"],"picked":"Accuracy","floor":8},{"not_picked":["Slice","Skewer"],"picked":"After Image","floor":10},{"not_picked":["Dodge and Roll","Flechettes","Poisoned Stab"],"picked":"SKIP","floor":11},{"not_picked":["Outmaneuver","Calculated Gamble"],"picked":"Blade Dance","floor":12},{"not_picked":["Corpse Explosion","Wraith Form v2"],"picked":"Doppelganger","floor":16},{"not_picked":["Poisoned Stab","Acrobatics","Catalyst"],"picked":"SKIP","floor":18},{"not_picked":["Escape Plan","Acrobatics","Well Laid Plans"],"picked":"SKIP","floor":19},{"not_picked":["Dagger Spray","Crippling Poison","Acrobatics"],"picked":"SKIP","floor":21},{"not_picked":["Calculated Gamble","Escape Plan+1"],"picked":"Blade Dance","floor":22},{"not_picked":["PiercingWail+1","Bane"],"picked":"Finisher","floor":24},{"not_picked":["Noxious Fumes","Prepared"],"picked":"Finisher","floor":28},{"not_picked":["Terror","Noxious Fumes","Acrobatics"],"picked":"SKIP","floor":29},{"not_picked":["Calculated Gamble","Quick Slash","Poisoned Stab"],"picked":"SKIP","floor":31},{"not_picked":["Corpse Explosion","Wraith Form v2"],"picked":"Envenom","floor":33}],"player_experience":713935,"relics_obtained":[{"floor":7,"key":"Meat on the Bone"},{"floor":9,"key":"Juzu Bracelet"},{"floor":11,"key":"Vajra"},{"floor":24,"key":"Bottled Flame"},{"floor":29,"key":"Ornamental Fan"},{"floor":31,"key":"WingedGreaves"}],"event_choices":[{"damage_healed":0,"gold_gain":0,"player_choice":"Ignored","damage_taken":0,"max_hp_gain":0,"max_hp_loss":0,"event_name":"NoteForYourself","floor":4,"gold_loss":0},{"damage_healed":0,"gold_gain":0,"player_choice":"Entered Light","damage_taken":14,"max_hp_gain":0,"max_hp_loss":0,"event_name":"Shining Light","floor":14,"gold_loss":0,"cards_upgraded":["Survivor","Strike_G"]},{"damage_healed":0,"gold_gain":0,"player_choice":"Joined the Cult","damage_taken":6,"max_hp_gain":0,"max_hp_loss":0,"event_name":"Nest","floor":20,"gold_loss":0,"cards_obtained":["RitualDagger"]}],"is_beta":false,"boss_relics":[{"not_picked":["Tiny House","energizedSpire:OgreHead"],"picked":"energizedSpire:NeverEndingSparkler"},{"not_picked":["Coffee Dripper","Velvet Choker"],"picked":"energizedSpire:RedRose"}],"items_purged_floors":[],"is_endless":false,"potions_floor_spawned":[1,7,8,10,12,18,21,33],"killed_by":"3 Shapes","ascension_level":1}}