{"host":"i09pxcjttd31eh4q","time":1610084377,"event":{"mods":["AchievementEnabler","BaseMod","Colored Map","Keyboard Shortcuts","Minty Spire (QoL Compilation)","StSLib","SuperFastMode"],"gold_per_floor":[109,129,139,156,168,168,168,182,205,55,85,10,10,28,28,28,28],"floor_reached":16,"playtime":473,"items_purged":["Strike_G"],"score":208,"play_id":"3f2ba3b7-9d57-49d1-82ff-1ffb56024736","local_time":"20210108143937","is_ascension_mode":true,"campfire_choices":[{"data":"Riddle With Holes","floor":6.0,"key":"SMITH"},{"data":"Calculated Gamble","floor":13.0,"key":"SMITH"},{"floor":15.0,"key":"REST"}],"circlet_count":0,"master_deck":["AscendersBane","Strike_G","Strike_G","Strike_G","Strike_G","Defend_G","Defend_G","Defend_G","Defend_G","Defend_G","Survivor","Neutralize","Quick Slash","Acrobatics","Leg Sweep","Riddle With Holes+1","Backflip","Calculated Gamble+1","Bouncing Flask","Backflip","Escape Plan"],"relics":["Ring of the Snake","Centennial Puzzle","Happy Flower","FossilizedHelix"],"acts_visited":["Exordium"],"potions_floor_usage":[16],"damage_taken":[{"damage":0.0,"enemies":"Jaw Worm","floor":1.0,"turns":7.0},{"damage":0.0,"enemies":"Cultist","floor":2.0,"turns":5.0},{"damage":4.0,"enemies":"2 Louse","floor":3.0,"turns":3.0},{"damage":35.0,"enemies":"Gremlin Gang","floor":4.0,"turns":8.0},{"damage":15.0,"enemies":"3 Louse","floor":5.0,"turns":5.0},{"damage":2.0,"enemies":"Blue Slaver","floor":8.0,"turns":6.0},{"damage":12.0,"enemies":"3 Sentries","floor":11.0,"turns":9.0},{"damage":0.0,"enemies":"2 Fungi Beasts","floor":14.0,"turns":4.0},{"damage":25,"enemies":"Slime Boss","floor":16,"turns":8}],"seed_played":"-2610564039666334449","potions_obtained":[{"floor":2.0,"key":"Regen Potion"},{"floor":4.0,"key":"PowerPotion"},{"floor":7.0,"key":"Weak Potion"},{"floor":7.0,"key":"Energy Potion"},{"floor":8.0,"key":"AttackPotion"}],"is_trial":false,"path_per_floor":["M","M","M","M","M","R","?","M","T","$","E","$","R","M","R","B"],"character_chosen":"THE_SILENT","items_purchased":["Bouncing Flask","Escape Plan"],"campfire_rested":1,"item_purchase_floors":[10,12],"current_hp_per_floor":[59,59,55,20,19,19,19,17,17,17,5,5,5,5,24,0,0],"gold":28,"neow_bonus":"RANDOM_COMMON_RELIC","is_daily":false,"chose_seed":false,"campfire_upgraded":2,"win_rate":0.0,"timestamp":1610084377,"path_taken":["M","M","M","M","M","R","?","M","T","$","E","?","R","M","R","BOSS"],"items_purchased_type":["Card","Card"],"build_version":"2020-12-22","purchased_purges":1,"victory":false,"max_hp_per_floor":[66,66,66,66,66,66,66,66,66,66,66,66,66,66,66,66,66],"card_choices":[{"not_picked":["Backflip","Expertise"],"picked":"Quick Slash","floor":1.0},{"not_picked":["Distraction","Prepared"],"picked":"Acrobatics","floor":2.0},{"not_picked":["Deflect","PiercingWail"],"picked":"Leg Sweep","floor":3.0},{"not_picked":["Dodge and Roll","Distraction"],"picked":"Riddle With Holes","floor":4.0},{"not_picked":["Flying Knee","Cloak And Dagger"],"picked":"Backflip","floor":5.0},{"not_picked":["Flechettes","Blade Dance"],"picked":"Calculated Gamble","floor":8.0},{"not_picked":["Footwork","Bullet Time"],"picked":"Backflip","floor":11.0},{"not_picked":["Prepared","Predator","Sucker Punch"],"picked":"SKIP","floor":14.0}],"player_experience":839457,"relics_obtained":[{"floor":9.0,"key":"Happy Flower"},{"floor":11.0,"key":"FossilizedHelix"}],"event_choices":[{"damage_healed":0.0,"max_hp_gain":0.0,"max_hp_loss":0.0,"gold_gain":0.0,"event_name":"Lab","player_choice":"Got Potions","floor":7.0,"gold_loss":0.0,"damage_taken":0.0}],"is_beta":false,"boss_relics":[],"items_purged_floors":[10],"is_endless":false,"potions_floor_spawned":[2,4,8],"killed_by":"Slime Boss","ascension_level":20}}