{"host":"ya062ahhhuj9au1o","time":1610075389,"event":{"mods":["BaseMod","Better Third Choice","Downfall","Filter the Spire","Hermit","Minty Spire (QoL Compilation)","Random Character Button","Robot Space Explorer","Somnambulant","StSLib","The Bug Knight","The Cursed","The Marked","The Servant 0.9.4"],"gold_per_floor":[109,109,109,109,125,125,165,180,248,261,37,37,61,81,81,209,209,209,209],"floor_reached":18,"playtime":2299,"items_purged":["somnambulantmod: Defend_Somnambulant"],"score":243,"play_id":"af44f5d5-457d-4000-b3b0-11ca8433a4c1","local_time":"20210107220949","is_ascension_mode":true,"campfire_choices":[{"floor":6,"key":"REST"},{"floor":12,"key":"REST"},{"floor":15,"key":"REST"}],"circlet_count":0,"master_deck":["AscendersBane","somnambulantmod: SomnambulantStrike","somnambulantmod: SomnambulantStrike","somnambulantmod: SomnambulantStrike+1","somnambulantmod: SomnambulantStrike+1","somnambulantmod: SomnambulantStrike","somnambulantmod: Defend_Somnambulant","somnambulantmod: Defend_Somnambulant","somnambulantmod: Defend_Somnambulant","somnambulantmod: QuickNap","somnambulantmod: PrimingPunch+1","Mayhem","somnambulantmod: Bruise+1","somnambulantmod: Repression","somnambulantmod: Lucidity+1","somnambulantmod: Cower","somnambulantmod: Mindlessness"],"relics":["somnambulantmod: DreamJournal","Golden Idol","Boot","StrikeDummy","somnambulantmod: DementingVeil","Black Star"],"acts_visited":["Exordium","TheCity"],"potions_floor_usage":[],"damage_taken":[{"damage":2,"enemies":"Jaw Worm","floor":1,"turns":6},{"damage":9,"enemies":"2 Louse","floor":5,"turns":2},{"damage":25,"enemies":"Lagavulin","floor":7,"turns":6},{"damage":0,"enemies":"Cultist","floor":8,"turns":3},{"damage":0,"enemies":"3 Louse","floor":10,"turns":3},{"damage":7,"enemies":"Gremlin Gang","floor":13,"turns":3},{"damage":3,"enemies":"Looter","floor":14,"turns":4},{"damage":14,"enemies":"Slime Boss","floor":16,"turns":8},{"damage":7,"enemies":"Shell Parasite","floor":18,"turns":5}],"seed_played":"-8724916885240478083","potions_obtained":[{"floor":5,"key":"sneckomod:MuddlingPotion"},{"floor":8,"key":"Regen Potion"},{"floor":10,"key":"FearPotion"},{"floor":16,"key":"Weak Potion"}],"is_trial":false,"path_per_floor":["M","?","?","?","M","R","E","M","T","M","$","R","M","M","R","B",null,"M"],"character_chosen":"THE_SOMNAMBULANT","items_purchased":["somnambulantmod: DementingVeil"],"campfire_rested":3,"item_purchase_floors":[11],"current_hp_per_floor":[43,36,22,22,13,34,9,9,9,9,9,31,24,21,43,29,61,54,54],"gold":209,"neow_bonus":"RANDOM_COLORLESS_2","is_daily":false,"chose_seed":false,"campfire_upgraded":0,"win_rate":0.0,"timestamp":1610075389,"path_taken":["M","?","?","?","M","R","E","M","T","M","?","R","M","?","R","BOSS","M"],"items_purchased_type":["Relic"],"build_version":"2020-12-22","purchased_purges":1,"victory":false,"max_hp_per_floor":[70,70,70,65,65,67,67,67,67,67,67,69,69,69,71,71,71,71,71],"card_choices":[{"not_picked":["Sadistic Nature","expansioncontent:QuickStudy"],"picked":"Mayhem","floor":0},{"not_picked":["somnambulantmod: Sleepyhead","somnambulantmod: ViralIdea"],"picked":"somnambulantmod: Bruise","floor":1},{"not_picked":["somnambulantmod: Wake","somnambulantmod: RecurringDream","somnambulantmod: SleepParalysis"],"picked":"SKIP","floor":5},{"not_picked":["somnambulantmod: Unmake","somnambulantmod: RacingThoughts","somnambulantmod: Sleepyhead"],"picked":"SKIP","floor":7},{"not_picked":["somnambulantmod: ViralIdea","somnambulantmod: Unmake"],"picked":"somnambulantmod: Repression","floor":8},{"not_picked":["somnambulantmod: Unmake","somnambulantmod: LeechFears"],"picked":"somnambulantmod: Lucidity","floor":10},{"not_picked":["somnambulantmod: Pinch","somnambulantmod: BadIdea","somnambulantmod: RecurringDream"],"picked":"SKIP","floor":13},{"not_picked":["somnambulantmod: LeechFears","somnambulantmod: ShimmeringVeil"],"picked":"somnambulantmod: Cower","floor":14},{"not_picked":["somnambulantmod: NewDawn","somnambulantmod: Inspiration"],"picked":"somnambulantmod: Mindlessness","floor":16}],"player_experience":1780671,"relics_obtained":[{"floor":7,"key":"Boot"},{"floor":9,"key":"StrikeDummy"}],"event_choices":[{"cards_removed":["somnambulantmod: Defend_Somnambulant"],"damage_healed":0,"gold_gain":0,"player_choice":"Card Removal","damage_taken":7,"max_hp_gain":0,"max_hp_loss":0,"event_name":"Golden Wing","floor":2,"gold_loss":0},{"damage_healed":36,"gold_gain":0,"player_choice":"Upgrade","damage_taken":14,"max_hp_gain":0,"max_hp_loss":70,"event_name":"betterThird:BetterShining","floor":3,"gold_loss":0,"cards_upgraded":["somnambulantmod: Bruise","somnambulantmod: SomnambulantStrike"]},{"damage_healed":0,"gold_gain":0,"player_choice":"Lose Max HP","damage_taken":0,"relics_obtained":["Golden Idol"],"max_hp_gain":0,"max_hp_loss":5,"event_name":"Golden Idol","floor":4,"gold_loss":0}],"is_beta":false,"boss_relics":[{"not_picked":["Astrolabe","Runic Pyramid"],"picked":"Black Star"}],"items_purged_floors":[11],"is_endless":false,"potions_floor_spawned":[5,8,10,16],"killed_by":"Shell Parasite","ascension_level":10}}