{"host":"ur3jhul21nnc6809","time":1610097280,"event":{"mods":["Act Like it!","BaseMod","Better Vampires","Dota2Spire","Downfall","Friendly Minions","Gensokyo","Marisa£®ÏF”Í°°ƒß¿Ì…≥£©","Minty Spire (QoL Compilation)","Prisma Mod","Remilia£®¿Ÿ√◊¿Ú—«£©","Replay The Spire","StSLib","[IsaacMod]“‘»ˆº‚À˛"],"gold_per_floor":[116,116,391,402,417,448,448,116,194,42,42,85,85,134,134,251,251,262,262,312,386,432,432,454,454,454,496,269,297,68,87,87,191,191,202,202,214,227,227,256,48,48,48,48,73,114,114,150,150,172],"floor_reached":51,"playtime":2439,"items_purged":["Regret","Amnesia","BloodyBrimstone","Robbery"],"score":1010,"play_id":"1fed5cf6-9246-4b45-9dca-109de501e31e","local_time":"20210108171440","is_ascension_mode":true,"campfire_choices":[{"floor":7.0,"key":"REST"},{"data":"MillisecondPulsars","floor":11.0,"key":"SMITH"},{"floor":15.0,"key":"REST"},{"data":"CasketOfStar","floor":23.0,"key":"SMITH"},{"data":"DeepEcoloBomb","floor":25.0,"key":"SMITH"},{"floor":32,"key":"REST"},{"floor":42,"key":"REST"},{"data":"Replay:SS_forest_2","floor":44,"key":"SMITH"},{"data":"MysteriousBeam","floor":47,"key":"SMITH"},{"floor":49,"key":"REST"}],"circlet_count":0,"master_deck":["Defend_MRS+1","MasterSpark","UpSweep","DarkMatter","OrrerysSun","GrandCross+1","MillisecondPulsars+1","PropBag+1","MagicAbsorber+1","OortCloud","CasketOfStar+1","DeepEcoloBomb+1","EnergyFlow+1","Orbital","MysteriousBeam+1","Panache","Replay:SS_forest_2+1","expansioncontent:DefensiveStance","Thinking Ahead","SprinkleStarSeal+1"],"relics":["MiniHakkero","HushsDoor","RampagingMagicTools","Kintsugi","DeathBook","Art of War","Membership Card","Omamori","Dota2Spire:BattleFury","Orrery","Dota2Spire:MagicBottle","War Paint","Empty Cage","Singing Bowl","Dota2Spire:HeartOfTarrasque","BloodDonationMachine","BargainBundle","ReplayTheSpireMod:Ninjato","Dota2Spire:BladeMail","Toolbox","Sozu","SatanicBible","BelialBook","Pet Ghost","Lantern","ReplayTheSpireMod:ShopPack","Oddly Smooth Stone","Onion Ring","Replay:Bandana","Pocketwatch"],"acts_visited":["Exordium","TheCity","TheBeyond"],"potions_floor_usage":[29,33,33],"damage_taken":[{"damage":13.0,"enemies":"Small Slimes","floor":1.0,"turns":3.0},{"damage":11.0,"enemies":"2 Louse","floor":4.0,"turns":2.0},{"damage":0.0,"enemies":"Cultist","floor":5.0,"turns":3.0},{"damage":25.0,"enemies":"Lagavulin","floor":6.0,"turns":3.0},{"damage":9.0,"enemies":"Gremlin Nob","floor":12.0,"turns":4.0},{"damage":7.0,"enemies":"3 Sentries","floor":14.0,"turns":6.0},{"damage":32.0,"enemies":"Hexaghost","floor":16.0,"turns":10.0},{"damage":2.0,"enemies":"Spheric Guardian","floor":18.0,"turns":4.0},{"damage":12.0,"enemies":"Shell Parasite","floor":22.0,"turns":4.0},{"damage":10.0,"enemies":"Chosen and Byrds","floor":24.0,"turns":6.0},{"damage":15.0,"enemies":"Book of Stabbing","floor":27.0,"turns":5.0},{"damage":5,"enemies":"Snecko","floor":29,"turns":4},{"damage":35,"enemies":"Centurion and Healer","floor":31,"turns":4},{"damage":1,"enemies":"Collector","floor":33,"turns":3},{"damage":14,"enemies":"Orb Walker","floor":35,"turns":3},{"damage":8,"enemies":"3 Shapes","floor":37,"turns":3},{"damage":15,"enemies":"Jaw Worm Horde","floor":38,"turns":4},{"damage":14,"enemies":"Giant Head","floor":40,"turns":5},{"damage":5,"enemies":"Nemesis","floor":45,"turns":3},{"damage":12,"enemies":"Writhing Mass","floor":46,"turns":3},{"damage":20,"enemies":"Time Eater","floor":50,"turns":3}],"seed_played":"-8068455176721684194","potions_obtained":[{"floor":6.0,"key":"LifebloodPotion"},{"floor":12.0,"key":"Swift Potion"},{"floor":14.0,"key":"Swift Potion"},{"floor":22.0,"key":"Strength Potion"},{"floor":29,"key":"champ:CounterPotion"}],"is_trial":false,"path_per_floor":["M","?","?","M","M","E","R","$","T","$","R","E","?","E","R","B",null,"M","?","?","T","M","R","M","R","T","E","$","M","$","M","R","B",null,"M","?","M","M","?","E","$","R","T","R","E","M","R","?","R","B",null],"character_chosen":"MARISA","items_purchased":["Membership Card","MillisecondPulsars","Omamori","Robbery","PropBag+1","Orrery","BargainBundle","ReplayTheSpireMod:Ninjato","Orbital","MysteriousBeam","Panache","Dota2Spire:BladeMail","Toolbox","Replay:SS_forest_2","SatanicBible","BelialBook","Lantern","ReplayTheSpireMod:ShopPack","Oddly Smooth Stone"],"campfire_rested":5,"item_purchase_floors":[8,8,8,8,10,10,28,28,28,28,28,30,30,34,34,34,41,41,41],"current_hp_per_floor":[62,62,62,51,51,26,47,47,47,47,47,38,38,31,52,29,72,70,70,70,70,58,58,50,50,58,54,54,57,57,24,50,57,68,56,56,50,40,40,32,36,60,60,60,57,47,47,14,39,25],"gold":172,"neow_bonus":"DOUBLE_BOSS_RELIC","is_daily":false,"chose_seed":false,"campfire_upgraded":5,"win_rate":0.0,"timestamp":1610097280,"path_taken":["M","?","?","?","M","E","R","$","T","?","R","E","?","E","R","BOSS","M","?","?","?","?","R","M","R","T","E","$","M","$","M","R","BOSS","M","?","?","M","?","E","$","R","T","R","E","?","R","?","R","BOSS"],"items_purchased_type":["Relic","Card","Relic","Card","Card","Relic","Relic","Relic","Card","Card","Card","Relic","Relic","Card","Relic","Relic","Relic","Relic","Relic"],"build_version":"2020-12-22","purchased_purges":4,"victory":true,"max_hp_per_floor":[75,75,75,75,75,72,72,72,72,72,72,72,72,72,72,72,72,72,72,72,72,72,72,74,74,82,84,84,86,86,88,88,90,68,70,70,72,74,74,76,80,80,80,80,82,84,84,84,84,84],"card_choices":[{"not_picked":[],"picked":"BloodyBrimstone","floor":0.0},{"not_picked":["LuminesStrike","GravityBeat"],"picked":"DarkMatter","floor":1.0},{"not_picked":["IllusionStar","ShootingEcho"],"picked":"OrrerysSun","floor":4.0},{"not_picked":["PowerUp","Acceleration"],"picked":"GrandCross","floor":5.0},{"not_picked":["PowerUp","WitchOfGreed","DC"],"picked":"SKIP","floor":6.0},{"not_picked":["6A","OpenUniverse"],"picked":"MagicAbsorber","floor":10.0},{"not_picked":["Singularity","ShootingEcho","RefractionSpark"],"picked":"SKIP","floor":12.0},{"not_picked":["SatelliteIllusion","EnergyRecoil"],"picked":"OortCloud","floor":14.0},{"not_picked":["AbsoluteMagnitude","BlazingStar"],"picked":"CasketOfStar","floor":16.0},{"not_picked":["AsteroidBelt","Robbery"],"picked":"DeepEcoloBomb","floor":18.0},{"not_picked":["PowerUp","Acceleration"],"picked":"EnergyFlow+1","floor":22.0},{"not_picked":["AsteroidBelt+1","Robbery","DragonMeteor"],"picked":"Singing Bowl","floor":24.0},{"not_picked":["DarkSpark","ManaConvection+1","6A"],"picked":"Singing Bowl","floor":27.0},{"not_picked":["EnergyFlow","6A","ShootTheMoon"],"picked":"Singing Bowl","floor":29},{"not_picked":["PulseMagic","DC+1","OrrerysSun"],"picked":"Singing Bowl","floor":31},{"not_picked":["EscapeVelocity","BlazingStar","MaximisePower"],"picked":"Singing Bowl","floor":33},{"not_picked":["EnergyRecoil","NonDirectionalLaser","Occultation+1"],"picked":"Singing Bowl","floor":35},{"not_picked":["expansioncontent:DarkVoid","Battery"],"picked":"expansioncontent:DefensiveStance","floor":36},{"not_picked":["BlazeAway","EventHorizon+1","IllusionStar+1"],"picked":"Singing Bowl","floor":37},{"not_picked":["FairyDestructionRay+1","GrandCross+1","ChargingUp+1"],"picked":"Singing Bowl","floor":38},{"not_picked":["SporeBomb+1","DC","UnstableBomb+1"],"picked":"Singing Bowl","floor":40},{"not_picked":["Secret Technique","EpicFetus"],"picked":"Thinking Ahead","floor":41},{"not_picked":["expansioncontent:DonusPower","Replay:BasicMightCard","expansioncontent:GoopSpray"],"picked":"Singing Bowl","floor":41},{"not_picked":["DoctorFetus","expansioncontent:DefensiveStance","Chrysalis"],"picked":"Singing Bowl","floor":41},{"not_picked":["IllusionStar","WitchOfGreed+1","EnergyFlow"],"picked":"Singing Bowl","floor":45},{"not_picked":["6A+1","MysteriousBeam+1","EventHorizon"],"picked":"Singing Bowl","floor":46},{"not_picked":["Acceleration","ShootingEcho"],"picked":"SprinkleStarSeal+1","floor":48}],"player_experience":549792,"relics_obtained":[{"floor":6.0,"key":"Art of War"},{"floor":9.0,"key":"Dota2Spire:BattleFury"},{"floor":12.0,"key":"Dota2Spire:MagicBottle"},{"floor":14.0,"key":"War Paint"},{"floor":21.0,"key":"Singing Bowl"},{"floor":26.0,"key":"Dota2Spire:HeartOfTarrasque"},{"floor":27.0,"key":"BloodDonationMachine"},{"floor":40,"key":"Pet Ghost"},{"floor":43,"key":"Onion Ring"},{"floor":45,"key":"Replay:Bandana"},{"floor":48,"key":"Pocketwatch"}],"event_choices":[{"cards_removed":["Doubt"],"damage_healed":0.0,"max_hp_gain":0.0,"max_hp_loss":0.0,"gold_gain":0.0,"event_name":"Living Wall","player_choice":"Forget","floor":2.0,"gold_loss":0.0,"damage_taken":0.0},{"damage_healed":0.0,"max_hp_gain":0.0,"max_hp_loss":0.0,"gold_gain":275.0,"event_name":"Golden Shrine","player_choice":"Desecrate","floor":3.0,"gold_loss":0.0,"damage_taken":0.0,"cards_obtained":["Regret"]},{"damage_healed":0.0,"max_hp_gain":0.0,"max_hp_loss":0.0,"gold_gain":0.0,"event_name":"Ghosts","player_choice":"Ignored","floor":19.0,"gold_loss":0.0,"damage_taken":0.0},{"damage_healed":0.0,"max_hp_gain":0.0,"max_hp_loss":0.0,"gold_gain":100.0,"event_name":"The Joust","player_choice":"Bet on Murderer","floor":20.0,"gold_loss":50.0,"damage_taken":0.0},{"damage_healed":0,"gold_gain":0,"player_choice":"Memory 1","damage_taken":0,"max_hp_gain":0,"max_hp_loss":0,"event_name":"SensoryStone","floor":36,"gold_loss":0},{"damage_healed":0,"gold_gain":0,"player_choice":"Ignored","damage_taken":0,"max_hp_gain":0,"max_hp_loss":0,"event_name":"OrinTheCat","floor":39,"gold_loss":0}],"is_beta":false,"boss_relics":[{"not_picked":["Fusion Hammer","Tiny House"],"picked":"Empty Cage"},{"not_picked":[]},{"not_picked":["ChewingGum","Replay:Bronze Core"],"picked":"Sozu"},{"not_picked":[]}],"items_purged_floors":[8,10,28,30],"is_endless":false,"potions_floor_spawned":[6,12,14,22,27,29,38,40],"ascension_level":2}}