{"host":"bgq1kh73gni2z7sn","time":1610137140,"event":{"mods":["BaseMod","Block Reminder","Highlight Path","Infinite Spire","Minty Spire (QoL Compilation)","Quick Restart","StSLib"],"gold_per_floor":[114,114,114,130,143,143,162,193,238,313,348,348,386,41,41,169,169,188,105,285,285,285,285,285,285,285,298,298,298,318,347,347,451,451,468,518,535,535,552,578,94,94,94,114,148,108,119,119,119,119,119],"floor_reached":50,"playtime":2076,"items_purged":[],"score":746,"play_id":"7a3a35ed-f00f-4366-a4f8-e32fd4da0916","local_time":"20210108211900","is_ascension_mode":true,"campfire_choices":[{"floor":6,"key":"REST"},{"floor":15,"key":"REST"},{"floor":23,"key":"REST"},{"data":"Enlightenment","floor":25,"key":"SMITH"},{"floor":32,"key":"REST"},{"floor":42,"key":"REST"},{"floor":49,"key":"REST"}],"circlet_count":0,"master_deck":["Strike_R","Strike_R","Strike_R","Strike_R","Strike_R","Defend_R","Defend_R","Defend_R+1","Bash","Wild Strike","Cleave","Flex+1","Iron Wave","Twin Strike","Flex","Rampage","Thunderclap","Juggernaut","Heavy Blade","Inflame+1","Armaments","Enlightenment+1","Flash of Steel+1","Inflame+1","Pain","Spot Weakness","Blood for Blood+1","Offering","Perfected Strike+1","Dropkick+1","Cleave","Fire Breathing+1","Bloodletting+1","Dark Embrace","Headbutt+1","Anger+1","Perfected Strike","Regret","Doubt","infinitespire:NeuralNetwork"],"relics":["Burning Blood","MealTicket","Bloody Idol","Sundial","Juzu Bracelet","infinitespire:Lucky Rock","War Paint","Thread and Needle","Mark of Pain","Blue Candle","WarpedTongs","Enchiridion","Gremlin Horn","Philosopher\u0027s Stone","Calipers","StoneCalendar","Happy Flower","TheAbacus","Blood Vial","Whetstone"],"acts_visited":["Exordium","TheCity","TheBeyond"],"potions_floor_usage":[7,11,16,30,33,36,37,39,44,44,45,50],"damage_taken":[{"damage":7,"enemies":"Small Slimes","floor":1,"turns":3},{"damage":10,"enemies":"2 Louse","floor":4,"turns":3},{"damage":1,"enemies":"Cultist","floor":5,"turns":3},{"damage":32,"enemies":"Exordium Wildlife","floor":7,"turns":6},{"damage":24,"enemies":"Gremlin Nob","floor":8,"turns":4},{"damage":20,"enemies":"3 Sentries","floor":11,"turns":7},{"damage":13,"enemies":"Gremlin Nob","floor":13,"turns":3},{"damage":31,"enemies":"The Guardian","floor":16,"turns":8},{"damage":24,"enemies":"2 Thieves","floor":18,"turns":4},{"damage":7,"enemies":"Chosen","floor":27,"turns":4},{"damage":20,"enemies":"Snake Plant","floor":30,"turns":3},{"damage":42,"enemies":"Book of Stabbing","floor":31,"turns":4},{"damage":21,"enemies":"Collector","floor":33,"turns":6},{"damage":32,"enemies":"3 Darklings","floor":35,"turns":4},{"damage":45,"enemies":"2 Orb Walkers","floor":36,"turns":3},{"damage":12,"enemies":"Orb Walker","floor":37,"turns":3},{"damage":17,"enemies":"Spire Growth","floor":39,"turns":4},{"damage":7,"enemies":"Reptomancer","floor":40,"turns":2},{"damage":19,"enemies":"Jaw Worm Horde","floor":44,"turns":3},{"damage":38,"enemies":"Nemesis","floor":45,"turns":3},{"damage":24,"enemies":"Maw","floor":47,"turns":5},{"damage":45,"enemies":"infinitespire:MassOfShapes","floor":50,"turns":2}],"seed_played":"4659126611733361610","potions_obtained":[{"floor":4,"key":"SkillPotion"},{"floor":8,"key":"FearPotion"},{"floor":13,"key":"DuplicationPotion"},{"floor":16,"key":"Strength Potion"},{"floor":18,"key":"GamblersBrew"},{"floor":31,"key":"Strength Potion"},{"floor":36,"key":"LiquidMemories"},{"floor":37,"key":"SneckoOil"},{"floor":39,"key":"SneckoOil"},{"floor":47,"key":"ColorlessPotion"}],"is_trial":false,"path_per_floor":["M","?","?","M","M","R","M","E","T","?","E","?","E","$","R","B",null,"M","$","?","?","?","R","?","R","T","M","?","?","M","E","R","B",null,"M","?","M","?","M","E","$","R","T","M","E","?","M","?","R","B"],"character_chosen":"IRONCLAD","items_purchased":["Thread and Needle","Thunderclap","Inflame","Armaments","Happy Flower","Dark Embrace","Swift Potion","Swift Potion","TheAbacus"],"campfire_rested":6,"item_purchase_floors":[14,14,19,19,41,41,41,41,41],"current_hp_per_floor":[79,59,51,47,52,76,50,32,32,21,7,31,24,39,63,38,80,62,77,45,45,45,69,69,69,69,73,73,57,48,17,41,31,80,59,25,24,24,18,22,37,61,61,55,30,30,19,19,43,0,0],"gold":119,"neow_bonus":"RANDOM_COMMON_RELIC","is_daily":false,"chose_seed":false,"campfire_upgraded":1,"win_rate":0.0,"timestamp":1610137140,"path_taken":["M","?","?","?","M","R","M","E","T","?","E","?","E","?","R","BOSS","M","$","?","?","?","R","?","R","T","M","?","?","M","E","R","BOSS","M","?","M","?","M","E","$","R","T","M","E","?","M","?","R","BOSS"],"items_purchased_type":["Relic","Card","Card","Card","Relic","Card","Potion","Potion","Relic"],"build_version":"2020-12-22","purchased_purges":0,"victory":false,"max_hp_per_floor":[80,80,80,80,80,80,80,80,80,80,80,80,80,80,80,80,80,80,80,80,80,80,80,80,80,80,80,80,80,80,80,80,80,80,80,80,80,80,80,80,80,80,80,80,80,80,80,80,80,80,80],"card_choices":[{"not_picked":["Pummel","Headbutt"],"picked":"Wild Strike","floor":1},{"not_picked":["Wild Strike","Flex"],"picked":"Cleave","floor":4},{"not_picked":["Clothesline","Searing Blow"],"picked":"Flex","floor":5},{"not_picked":["Sword Boomerang","Warcry"],"picked":"Iron Wave","floor":7},{"not_picked":["Rupture","Evolve"],"picked":"Twin Strike","floor":8},{"not_picked":["Power Through","Rampage"],"picked":"Flex","floor":11},{"not_picked":["Havoc","Bludgeon"],"picked":"Rampage","floor":13},{"not_picked":["Fiend Fire","Double Tap"],"picked":"Juggernaut","floor":16},{"not_picked":["Havoc+1","Warcry"],"picked":"Heavy Blade","floor":18},{"not_picked":["Cleave","Iron Wave"],"picked":"Inflame+1","floor":27},{"not_picked":["Flex+1","Battle Trance"],"picked":"Spot Weakness","floor":30},{"not_picked":["Armaments","Warcry"],"picked":"Blood for Blood+1","floor":31},{"not_picked":["Juggernaut","Exhume"],"picked":"Offering","floor":33},{"not_picked":["Pummel+1","Warcry"],"picked":"Perfected Strike+1","floor":35},{"not_picked":["Reckless Charge","Havoc"],"picked":"Dropkick","floor":36},{"not_picked":["Perfected Strike","True Grit+1"],"picked":"Cleave","floor":37},{"not_picked":["Warcry","Battle Trance+1"],"picked":"Fire Breathing+1","floor":39},{"not_picked":["Combust","Warcry"],"picked":"Bloodletting+1","floor":40},{"not_picked":["Warcry+1","Clash"],"picked":"Headbutt+1","floor":44},{"not_picked":["Rage+1","Battle Trance+1"],"picked":"Anger+1","floor":45},{"not_picked":["Blood for Blood","Body Slam"],"picked":"Perfected Strike","floor":47},{"not_picked":["infinitespire:TheBestDefense","infinitespire:Collect"],"picked":"infinitespire:NeuralNetwork","floor":48}],"player_experience":94424,"relics_obtained":[{"floor":8,"key":"Sundial"},{"floor":9,"key":"Juzu Bracelet"},{"floor":11,"key":"infinitespire:Lucky Rock"},{"floor":13,"key":"War Paint"},{"floor":26,"key":"Blue Candle"},{"floor":29,"key":"Enchiridion"},{"floor":31,"key":"Gremlin Horn"},{"floor":36,"key":"Calipers"},{"floor":40,"key":"StoneCalendar"},{"floor":43,"key":"Blood Vial"},{"floor":45,"key":"Whetstone"}],"event_choices":[{"damage_healed":0,"gold_gain":0,"player_choice":"Take Damage","damage_taken":20,"relics_obtained":["Golden Idol"],"max_hp_gain":0,"max_hp_loss":0,"event_name":"Golden Idol","floor":2,"gold_loss":0},{"damage_healed":0,"gold_gain":0,"player_choice":"Damaged","damage_taken":8,"max_hp_gain":0,"max_hp_loss":0,"event_name":"Wheel of Change","floor":3,"gold_loss":0},{"damage_healed":0,"gold_gain":75,"player_choice":"Gather Gold","damage_taken":11,"max_hp_gain":0,"max_hp_loss":0,"event_name":"World of Goop","floor":10,"gold_loss":0},{"damage_healed":0,"gold_gain":180,"player_choice":"CARD CARD GOLD GOLD ","damage_taken":32,"max_hp_gain":0,"max_hp_loss":0,"event_name":"Knowing Skull","floor":20,"potions_obtained":[],"gold_loss":0,"cards_obtained":["Enlightenment","Flash of Steel"]},{"damage_healed":0,"gold_gain":0,"player_choice":"Ignored","damage_taken":0,"max_hp_gain":0,"max_hp_loss":0,"event_name":"Beggar","floor":21,"gold_loss":0},{"damage_healed":0,"gold_gain":0,"player_choice":"Gave Idol","damage_taken":0,"relics_obtained":["Bloody Idol"],"max_hp_gain":0,"max_hp_loss":0,"event_name":"Forgotten Altar","floor":22,"relics_lost":["Golden Idol"],"gold_loss":0},{"damage_healed":0,"gold_gain":0,"player_choice":"Ignored","damage_taken":0,"max_hp_gain":0,"max_hp_loss":0,"event_name":"Ghosts","floor":24,"gold_loss":0},{"damage_healed":0,"gold_gain":0,"player_choice":"Rummage","damage_taken":0,"relics_obtained":["WarpedTongs"],"max_hp_gain":0,"max_hp_loss":0,"event_name":"Accursed Blacksmith","floor":28,"gold_loss":0,"cards_obtained":["Pain"]},{"damage_healed":0,"gold_gain":0,"player_choice":"Obtained Book","damage_taken":16,"max_hp_gain":0,"max_hp_loss":0,"event_name":"Cursed Tome","floor":29,"gold_loss":0},{"damage_healed":0,"gold_gain":0,"player_choice":"Fight","damage_taken":0,"max_hp_gain":0,"max_hp_loss":0,"event_name":"Mysterious Sphere","floor":36,"gold_loss":0},{"cards_removed":["Defend_R"],"damage_healed":0,"gold_gain":0,"player_choice":"Removed Skill","damage_taken":0,"max_hp_gain":0,"max_hp_loss":0,"event_name":"Falling","floor":38,"gold_loss":0},{"damage_healed":0,"gold_gain":0,"player_choice":"Upgrade","damage_taken":0,"max_hp_gain":0,"max_hp_loss":0,"event_name":"Designer","floor":46,"gold_loss":40,"cards_upgraded":["Inflame"]}],"is_beta":false,"boss_relics":[{"not_picked":["Busted Crown","Black Blood"],"picked":"Mark of Pain"},{"not_picked":["Velvet Choker","Snecko Eye"],"picked":"Philosopher\u0027s Stone"}],"items_purged_floors":[],"is_endless":false,"potions_floor_spawned":[4,8,13,16,18,31,36,37,39,47],"killed_by":"infinitespire:MassOfShapes","ascension_level":4}}