{"host":"56ghxnzsglgdq727","time":1610113601,"event":{"mods":["AchievementEnabler","BaseMod","Downfall","Duelist Mod","Hermit","Minty Spire (QoL Compilation)","Rare Cards Sparkle","SOS???????","StSLib","The Bug Knight","The Senshi","The Servant 0.9.4","The Wild Card","Yuri Mod"],"gold_per_floor":[113,128,303,378,45,78,90,90,90,90,100,100,134,147,147,250,250,263,263,274,42,61,71,71,71,71],"floor_reached":25,"playtime":964,"items_purged":["Doubt"],"score":263,"play_id":"79c4566a-a110-4171-971f-d6e6e914b78c","local_time":"20210108084641","is_ascension_mode":false,"campfire_choices":[{"data":"yuri:Oolong","floor":8,"key":"SMITH"},{"data":"yuri:HoldBack","floor":12,"key":"SMITH"},{"data":"1","floor":15,"key":"LIFT"}],"circlet_count":0,"master_deck":["yuri:yuriStrike","yuri:yuriStrike","yuri:yuriStrike","yuri:yuriStrike","yuri:yuriStrike","yuri:yuriDefend","yuri:yuriDefend","yuri:yuriDefend","yuri:yuriDefend","yuri:Oolong+1","yuri:yuriStab","yuri:HoldBack+1","yuri:TeaSet","yuri:SelfHarm","yuri:DistillInsanity","yuri:yuriStab","yuri:GrowingInsanity","yuri:HeavierStrike"],"relics":["yuri:yuriKnife","NeowsBlessing","yuri:GlassOfWater","Gremlin Horn","StrikeDummy","Girya","Fusion Hammer","DollysMirror"],"acts_visited":["Exordium","TheCity"],"potions_floor_usage":[13,16,20,23,25],"damage_taken":[{"damage":0,"enemies":"Jaw Worm","floor":1,"turns":1},{"damage":0,"enemies":"2 Louse","floor":2,"turns":1},{"damage":0,"enemies":"Gremlin Nob","floor":6,"turns":1},{"damage":2,"enemies":"Cultist","floor":7,"turns":4},{"damage":0,"enemies":"Exordium Wildlife","floor":11,"turns":4},{"damage":0,"enemies":"3 Sentries","floor":13,"turns":6},{"damage":9,"enemies":"3 Louse","floor":14,"turns":2},{"damage":26,"enemies":"The Guardian","floor":16,"turns":8},{"damage":28,"enemies":"3 Byrds","floor":18,"turns":5},{"damage":8,"enemies":"Chosen","floor":20,"turns":4},{"damage":41,"enemies":"Shelled Parasite and Fungi","floor":22,"turns":7},{"damage":22,"enemies":"Centurion and Healer","floor":23,"turns":6},{"damage":56,"enemies":"Snecko","floor":25,"turns":7}],"seed_played":"-7527473721833286134","potions_obtained":[{"floor":2,"key":"CultistPotion"},{"floor":6,"key":"Weak Potion"},{"floor":11,"key":"SkillPotion"},{"floor":13,"key":"Energy Potion"},{"floor":22,"key":"champ:CounterPotion"},{"floor":23,"key":"SteroidPotion"}],"is_trial":false,"path_per_floor":["M","M","?","?","$","E","M","R","T","?","M","R","E","M","R","B",null,"M","?","M","$","M","M","?","M"],"character_chosen":"YURI","items_purchased":["yuri:GlassOfWater","yuri:DistillInsanity","DollysMirror"],"campfire_rested":0,"item_purchase_floors":[5,21,21],"current_hp_per_floor":[80,80,80,69,69,69,71,71,71,64,71,71,78,71,71,52,80,59,90,86,86,52,37,37,0,0],"gold":71,"neow_bonus":"THREE_ENEMY_KILL","is_daily":false,"chose_seed":false,"campfire_upgraded":2,"win_rate":0.0,"timestamp":1610113601,"path_taken":["M","M","?","?","$","E","M","R","T","?","M","R","E","M","R","BOSS","M","?","?","$","M","M","?","M"],"items_purchased_type":["Relic","Card","Relic"],"build_version":"2020-12-22","purchased_purges":1,"victory":false,"max_hp_per_floor":[80,80,80,80,80,80,80,80,80,80,80,80,80,80,80,80,80,80,90,90,90,90,90,90,90,90],"card_choices":[{"not_picked":["yuri:WickedSlash","yuri:HeavierStrike"],"picked":"yuri:HoldBack","floor":1},{"not_picked":["yuri:RepairCode","yuri:BookBlue"],"picked":"yuri:TeaSet","floor":2},{"not_picked":["yuri:Stare","yuri:yuriQuickStrike","yuri:InduceGlitch"],"picked":"SKIP","floor":6},{"not_picked":["yuri:yuriQuickStrike","yuri:HeavierStrike","yuri:GlitchedStrike"],"picked":"SKIP","floor":7},{"not_picked":["yuri:Stare","yuri:DeepBreathing","yuri:ArmBrace"],"picked":"SKIP","floor":11},{"not_picked":["yuri:Stalk","yuri:ExploitStrike","yuri:GreenTea"],"picked":"SKIP","floor":13},{"not_picked":["yuri:Spin","yuri:BrokenCode"],"picked":"yuri:SelfHarm","floor":14},{"not_picked":["yuri:ExploitStrike","yuri:BlackTea"],"picked":"yuri:DuplicateCode","floor":16},{"not_picked":["yuri:ThrowBook","yuri:WickedSlash","yuri:StealPen"],"picked":"SKIP","floor":18},{"not_picked":["yuri:Spin+1","yuri:InsanityDefense","yuri:Skip"],"picked":"SKIP","floor":20},{"not_picked":["yuri:GlitchedStrike+1","yuri:StealPen"],"picked":"yuri:GrowingInsanity","floor":22},{"not_picked":["yuri:yuriHeavyStrike","yuri:TPose"],"picked":"yuri:HeavierStrike","floor":23}],"player_experience":193321,"relics_obtained":[{"floor":6,"key":"Gremlin Horn"},{"floor":9,"key":"StrikeDummy"},{"floor":13,"key":"Girya"}],"event_choices":[{"damage_healed":0,"gold_gain":175,"player_choice":"AGREE","damage_taken":0,"max_hp_gain":0,"max_hp_loss":0,"event_name":"Liars Game","floor":3,"gold_loss":0,"cards_obtained":["Doubt"]},{"damage_healed":0,"gold_gain":75,"player_choice":"Gather Gold","damage_taken":11,"max_hp_gain":0,"max_hp_loss":0,"event_name":"World of Goop","floor":4,"gold_loss":0},{"cards_removed":["yuri:yuriDefend"],"damage_healed":0,"gold_gain":0,"player_choice":"Card Removal","damage_taken":7,"max_hp_gain":0,"max_hp_loss":0,"event_name":"Golden Wing","floor":10,"gold_loss":0},{"cards_removed":["yuri:DuplicateCode"],"damage_healed":21,"gold_gain":0,"player_choice":"Offered Rare","damage_taken":0,"max_hp_gain":10,"max_hp_loss":0,"event_name":"Bonfire Elementals","floor":19,"gold_loss":0},{"damage_healed":0,"gold_gain":0,"player_choice":"Ignored","damage_taken":0,"max_hp_gain":0,"max_hp_loss":0,"event_name":"Ghosts","floor":24,"gold_loss":0}],"is_beta":false,"boss_relics":[{"not_picked":["Ectoplasm","Runic Dome"],"picked":"Fusion Hammer"}],"items_purged_floors":[5],"is_endless":false,"potions_floor_spawned":[2,6,11,13,22,23],"killed_by":"Snecko","ascension_level":0}}