{"host":"bxn2em57qlx5u4i0","time":1610149185,"event":{"mods":["BaseMod","Colored Map","Colored Powertips","Highlight Path","Minty Spire (QoL Compilation)","Random Character Button","Relic Sorter","Relic Stats","StSLib","SuperFastMode"],"gold_per_floor":[117,117,129,146,158,158,158,189,189,216,230,265,265,265,290,290,367,367,379,379,294,312,328,359,359,359,359],"floor_reached":26,"playtime":587,"items_purged":[],"score":472,"play_id":"b9edc20a-9a1a-4768-b056-b5c2f93d5a01","local_time":"20210108183945","is_ascension_mode":true,"campfire_choices":[{"data":"Dagger Spray","floor":7.0,"key":"SMITH"},{"data":"Deadly Poison","floor":9.0,"key":"SMITH"},{"data":"Bouncing Flask","floor":14.0,"key":"SMITH"},{"data":"Noxious Fumes","floor":16.0,"key":"SMITH"},{"floor":25,"key":"REST"}],"circlet_count":0,"master_deck":["AscendersBane","Strike_G+1","Strike_G","Strike_G","Strike_G","Strike_G","Defend_G","Defend_G","Defend_G","Defend_G","Defend_G","Survivor","Neutralize+1","Dagger Spray+1","Deadly Poison+1","Calculated Gamble","Backflip","Bouncing Flask+1","Backflip","Noxious Fumes+1","Bullet Time","Noxious Fumes+1"],"relics":["Ring of the Snake","Torii","FaceOfCleric","Blood Vial","MealTicket","PreservedInsect","Odd Mushroom","Black Star","Vajra","Oddly Smooth Stone","Whetstone"],"acts_visited":["Exordium","TheCity"],"potions_floor_usage":[24],"damage_taken":[{"damage":0.0,"enemies":"2 Louse","floor":1.0,"turns":5.0},{"damage":3.0,"enemies":"Cultist","floor":3.0,"turns":5.0},{"damage":4.0,"enemies":"Jaw Worm","floor":4.0,"turns":6.0},{"damage":0.0,"enemies":"2 Fungi Beasts","floor":5.0,"turns":3.0},{"damage":24.0,"enemies":"Gremlin Nob","floor":8.0,"turns":4.0},{"damage":12.0,"enemies":"3 Louse","floor":11.0,"turns":2.0},{"damage":12.0,"enemies":"Lagavulin","floor":12.0,"turns":6.0},{"damage":1.0,"enemies":"The Mushroom Lair","floor":15.0,"turns":5.0},{"damage":10.0,"enemies":"The Guardian","floor":17.0,"turns":8.0},{"damage":19.0,"enemies":"Spheric Guardian","floor":19.0,"turns":4.0},{"damage":6.0,"enemies":"Chosen","floor":22.0,"turns":4.0},{"damage":21.0,"enemies":"Snake Plant","floor":23.0,"turns":5.0},{"damage":31,"enemies":"Book of Stabbing","floor":24,"turns":4},{"damage":34,"enemies":"Gremlin Leader","floor":26,"turns":2}],"seed_played":"-1208189548283229744","potions_obtained":[{"floor":4.0,"key":"SpeedPotion"},{"floor":5.0,"key":"Dexterity Potion"},{"floor":23.0,"key":"Fire Potion"}],"is_trial":false,"path_per_floor":["M","?","M","M","M","M","R","E","R","T","M","E","?","R","?","R","B",null,"M","?","?","M","M","E","R","E"],"character_chosen":"THE_SILENT","items_purchased":[],"campfire_rested":1,"item_purchase_floors":[],"current_hp_per_floor":[59,59,57,54,55,55,55,32,32,32,23,14,14,14,16,16,9,53,37,51,51,48,30,2,23,0,0],"gold":359,"neow_bonus":"ONE_RARE_RELIC","is_daily":false,"chose_seed":false,"campfire_upgraded":4,"win_rate":0.0,"timestamp":1610149185,"path_taken":["M","?","M","?","M","M","R","E","R","T","M","E","?","R","?","R","BOSS","M","?","?","M","M","E","R","E"],"items_purchased_type":[],"build_version":"2020-12-22","purchased_purges":0,"victory":false,"max_hp_per_floor":[60,60,61,62,63,63,63,64,64,64,65,66,66,66,67,67,68,68,69,69,69,70,71,72,72,72,72],"relic_stats":{"Blood Vial":18,"Torii":28,"FaceOfCleric":12,"counters":[14,63],"MealTicket":0,"PreservedInsect":95,"Black Star":1,"Whetstone":["Neutralize","Strike_G"],"obtain_stats":[{"Blood Vial":8,"Torii":0,"FaceOfCleric":2,"Vajra":21,"Oddly Smooth Stone":24,"MealTicket":10,"PreservedInsect":12,"Black Star":18,"Whetstone":24,"Odd Mushroom":15,"Ring of the Snake":0},{"Blood Vial":5,"Torii":0,"FaceOfCleric":1,"Vajra":10,"Oddly Smooth Stone":13,"MealTicket":5,"PreservedInsect":7,"Black Star":9,"Whetstone":13,"Odd Mushroom":8,"Ring of the Snake":0},{"Blood Vial":23,"Torii":0,"FaceOfCleric":5,"Vajra":48,"Oddly Smooth Stone":61,"MealTicket":23,"PreservedInsect":31,"Black Star":44,"Whetstone":61,"Odd Mushroom":36,"Ring of the Snake":0}],"Ring of the Snake":[28]},"card_choices":[{"not_picked":["Deflect","Outmaneuver","Dodge and Roll"],"picked":"SKIP","floor":1.0},{"not_picked":["Catalyst","Acrobatics"],"picked":"Dagger Spray","floor":3.0},{"not_picked":["Sucker Punch","Dagger Spray"],"picked":"Deadly Poison","floor":4.0},{"not_picked":["Deflect","Finisher"],"picked":"Calculated Gamble","floor":5.0},{"not_picked":["Flying Knee","Prepared"],"picked":"Backflip","floor":8.0},{"not_picked":["PiercingWail","Dagger Throw"],"picked":"Bouncing Flask","floor":11.0},{"not_picked":["Setup","PiercingWail"],"picked":"Backflip","floor":12.0},{"not_picked":["Deflect","Poisoned Stab"],"picked":"Noxious Fumes","floor":15.0},{"not_picked":["Night Terror","Unload"],"picked":"Bullet Time","floor":17.0},{"not_picked":["Poisoned Stab","Masterful Stab","Outmaneuver"],"picked":"SKIP","floor":19.0},{"not_picked":["Cloak And Dagger","Acrobatics","Flechettes"],"picked":"SKIP","floor":22.0},{"not_picked":["Outmaneuver","Dagger Spray","Sucker Punch"],"picked":"SKIP","floor":23.0},{"not_picked":["Flechettes","Escape Plan"],"picked":"Noxious Fumes+1","floor":24}],"player_experience":2890662,"relics_obtained":[{"floor":8.0,"key":"Blood Vial"},{"floor":10.0,"key":"MealTicket"},{"floor":12.0,"key":"PreservedInsect"},{"floor":15.0,"key":"Odd Mushroom"},{"floor":24,"key":"Oddly Smooth Stone"},{"floor":24,"key":"Whetstone"}],"event_choices":[{"damage_healed":0.0,"max_hp_gain":0.0,"max_hp_loss":0.0,"gold_gain":0.0,"event_name":"FaceTrader","player_choice":"Trade","floor":2.0,"gold_loss":0.0,"damage_taken":0.0,"relics_obtained":["FaceOfCleric"]},{"damage_healed":0.0,"max_hp_gain":0.0,"max_hp_loss":0.0,"gold_gain":0.0,"event_name":"Liars Game","player_choice":"Ignored","floor":13.0,"gold_loss":0.0,"damage_taken":0.0},{"damage_healed":0.0,"max_hp_gain":0.0,"max_hp_loss":0.0,"gold_gain":0.0,"event_name":"Mushrooms","player_choice":"Fought Mushrooms","floor":15.0,"gold_loss":0.0,"damage_taken":0.0},{"damage_healed":14.0,"max_hp_gain":0.0,"max_hp_loss":0.0,"gold_gain":0.0,"event_name":"The Library","player_choice":"Heal","floor":20.0,"gold_loss":0.0,"damage_taken":0.0},{"damage_healed":0.0,"max_hp_gain":0.0,"max_hp_loss":0.0,"gold_gain":0.0,"event_name":"Addict","player_choice":"Obtained Relic","floor":21.0,"gold_loss":85.0,"damage_taken":0.0,"relics_obtained":["Vajra"]}],"is_beta":false,"boss_relics":[{"not_picked":["HoveringKite","Runic Dome"],"picked":"Black Star"}],"items_purged_floors":[],"is_endless":false,"potions_floor_spawned":[4,5,8,12,23],"killed_by":"Gremlin Leader","ascension_level":20}}