{"host":"kabf61oc9jgfwufg","time":1610109788,"event":{"mods":["AchievementEnabler","Act Like it!","Aspiration","BaseMod","Conspire","GifTheSpireLib","Halation","HexUI Lib","Hubris","Infinite Spire","Melee Mod","Minty Spire (QoL Compilation)","Quick Restart","Rare Cards Sparkle","Replay The Spire","Shop Mod","StSLib","Waifu the Spire"],"gold_per_floor":[114,128,128,17,77,102,102,129,177,188,188,188,220,235,235,331,331,321,321,73,88,100,128,128,128,128],"floor_reached":25,"playtime":1345,"items_purged":["Strike_P","Strike_P"],"score":239,"play_id":"72bee807-46c8-4358-83c2-429fe212ef23","local_time":"20210108124308","is_ascension_mode":false,"campfire_choices":[{"data":"infinitespire:NeuralNetwork","floor":7,"key":"SMITH"},{"floor":12,"key":"REST"},{"floor":15,"key":"REST"},{"floor":24,"key":"REST"}],"circlet_count":0,"master_deck":["Strike_P","Strike_P","Defend_P","Defend_P","Defend_P","Eruption","Vigilance","FlurryOfBlows","EmptyBody","infinitespire:NeuralNetwork+1","FlyingSleeves+1","Devotion","EmptyBody","InnerPeace","Alpha","Replay:ManipulateFuture","Replay:AtTheReady","Crescendo","FlurryOfBlows","EmptyFist"],"relics":["PureWater","aspiration:Nostalgia","Ring of the Snake","Question Card","Replay:Wax Seal","hubris:TinFlute","Orichalcum","ReplayTheSpireMod:Ring of Exchange","conspire:InfiniteJournal","Busted Crown","halation:BottledHappiness","WingedGreaves"],"acts_visited":["Exordium","TheCity"],"potions_floor_usage":[6,13,16,25],"damage_taken":[{"damage":0,"enemies":"Small Slimes","floor":1,"turns":4},{"damage":0,"enemies":"2 Louse","floor":2,"turns":2},{"damage":12,"enemies":"Lagavulin","floor":6,"turns":5},{"damage":18,"enemies":"3 Sentries","floor":8,"turns":8},{"damage":2,"enemies":"Cultist","floor":10,"turns":4},{"damage":23,"enemies":"Gremlin Nob","floor":13,"turns":5},{"damage":5,"enemies":"Exordium Wildlife","floor":14,"turns":4},{"damage":35,"enemies":"Hexaghost","floor":16,"turns":11},{"damage":15,"enemies":"2 Thieves","floor":18,"turns":4},{"damage":0,"enemies":"Spheric Guardian","floor":21,"turns":3},{"damage":18,"enemies":"Centurion and Healer","floor":22,"turns":5},{"damage":31,"enemies":"Slavers","floor":23,"turns":3},{"damage":45,"enemies":"Book of Stabbing","floor":25,"turns":5}],"seed_played":"-3560119905840959037","potions_obtained":[{"floor":2,"key":"SkillPotion"},{"floor":5,"key":"Reflective Coating"},{"floor":8,"key":"BlessingOfTheForge"},{"floor":14,"key":"Venom Potion"},{"floor":16,"key":"Regen Potion"},{"floor":23,"key":"Dexterity Potion"}],"is_trial":false,"path_per_floor":["M","M","?","$","?","E","R","E","T","M","?","R","E","M","R","B",null,"M","?","$","M","M","E","R","E"],"character_chosen":"WATCHER","items_purchased":["FlyingSleeves+1","halation:BottledHappiness"],"campfire_rested":3,"item_purchase_floors":[4,20],"current_hp_per_floor":[72,72,54,54,54,42,42,24,24,22,22,43,20,15,36,1,72,57,57,57,57,39,8,29,0,0],"gold":128,"neow_bonus":"NOSTALGIA","is_daily":false,"chose_seed":false,"campfire_upgraded":1,"win_rate":0.0,"timestamp":1610109788,"path_taken":["M","M","?","$","?","E","R","E","T","M","?","R","E","M","R","BOSS","M","?","$","?","M","E","R","E"],"items_purchased_type":["Card","Relic"],"build_version":"2020-12-22","purchased_purges":2,"victory":false,"max_hp_per_floor":[72,72,72,72,72,72,72,72,72,72,72,72,72,72,72,72,72,72,72,72,72,72,72,72,72,72],"card_choices":[{"not_picked":["Prostrate","ThirdEye"],"picked":"FlurryOfBlows","floor":1},{"not_picked":["Replay:Cycle","EmptyMind"],"picked":"EmptyBody","floor":2},{"not_picked":["infinitespire:Starlight","infinitespire:Oblivion"],"picked":"infinitespire:NeuralNetwork","floor":3},{"not_picked":["Replay:AtTheReady","ThirdEye"],"picked":"Devotion","floor":5},{"not_picked":["ClearTheMind","Wish","MentalFortress"],"picked":"EmptyBody","floor":6},{"not_picked":["Wish","ClearTheMind","Pray","Prostrate"],"picked":"SKIP","floor":8},{"not_picked":["FlyingSleeves","Prostrate","Replay:AtTheReady"],"picked":"InnerPeace","floor":10},{"not_picked":["CarveReality","Ragnarok","CutThroughFate","Vengeance"],"picked":"SKIP","floor":13},{"not_picked":["Replay:AtTheReady","Replay:Cycle","Replay:Hum","Halt"],"picked":"SKIP","floor":14},{"not_picked":["Vault","ConjureBlade","SpiritShield"],"picked":"Alpha","floor":16},{"not_picked":["Swivel"],"picked":"Replay:ManipulateFuture","floor":18},{"not_picked":["Halt"],"picked":"Crescendo","floor":21},{"not_picked":["Crescendo"],"picked":"FlurryOfBlows","floor":22},{"not_picked":["Scrawl"],"picked":"EmptyFist","floor":23}],"player_experience":84388,"relics_obtained":[{"floor":5,"key":"Question Card"},{"floor":6,"key":"Replay:Wax Seal"},{"floor":8,"key":"hubris:TinFlute"},{"floor":9,"key":"Orichalcum"},{"floor":11,"key":"ReplayTheSpireMod:Ring of Exchange"},{"floor":13,"key":"conspire:InfiniteJournal"},{"floor":23,"key":"WingedGreaves"}],"event_choices":[{"damage_healed":0,"gold_gain":0,"cards_transformed":["Defend_P"],"player_choice":"Transformed","damage_taken":0,"max_hp_gain":0,"max_hp_loss":0,"event_name":"Transmorgrifier","floor":19,"gold_loss":0,"cards_obtained":["Replay:AtTheReady"]}],"is_beta":false,"boss_relics":[{"not_picked":["conspire:RunicOctahedron","Runic Dome"],"picked":"Busted Crown"}],"items_purged_floors":[4,20],"is_endless":false,"potions_floor_spawned":[2,8,14,16,23],"killed_by":"Book of Stabbing","ascension_level":0}}