{"host":"5x08nt64u3vxxcfi","time":1610079965,"event":{"mods":["BaseMod","Minty Spire (QoL Compilation)","StSLib","SuperFastMode"],"gold_per_floor":[144,189,234,16,16,191,236,281,306,465,510,510,600,645,645,945,945,999,1053,1107,1107,1161,1260,1260,1314,1339,1339,1393,1447,423,732,732,1041,1041,1104,1158,233,392,446,446,536,536,536,599,662,662,716,779,779,779],"floor_reached":51,"playtime":1843,"items_purged":["Doubt","Anger"],"score":857,"play_id":"23998e3b-7e58-441d-96be-dbd67ce1a331","local_time":"20210108132605","daily_mods":["Draft","Uncertain Future","Midas"],"is_ascension_mode":false,"campfire_choices":[{"floor":12,"key":"REST"},{"floor":15,"key":"REST"},{"floor":24,"key":"REST"},{"floor":27,"key":"REST"},{"floor":32,"key":"REST"},{"floor":40,"key":"REST"},{"floor":46,"key":"REST"},{"floor":49,"key":"REST"}],"circlet_count":0,"master_deck":["Metallicize","Rampage","Havoc","Flame Barrier","Disarm","Fire Breathing","Battle Trance","Dual Wield","Wild Strike","Reckless Charge","Entrench","Seeing Red","Warcry","Disarm","Armaments","Ghostly Armor+1","Flame Barrier","Metallicize+1","Clothesline","Double Tap","Combust","Shrug It Off","TalkToTheHand","Beam Cell","Juggernaut","CurseOfTheBell","Panacea+1","TalkToTheHand+1","Swivel+1","Clothesline+1","Hemokinesis+1","Exhume","Pommel Strike+1","Pommel Strike+1","TalkToTheHand+1","Master of Strategy","Perfected Strike+1","Fire Breathing","Swift Strike+1","Rupture","Die Die Die+1","Choke+1","Brutality","Swift Strike+1","Dark Embrace","Shrug It Off","Trip","Secret Technique","Steam Power","Body Slam+1","Parasite","Scrape+1","Perfected Strike+1","Combust","Rebound+1","Panache","Go for the Eyes+1"],"relics":["Burning Blood","PrismaticShard","Boot","Meat on the Bone","Gremlin Horn","Calling Bell","CeramicFish","Molten Egg 2","Torii","White Beast Statue","Bag of Preparation","Vajra","DollysMirror","Prayer Wheel","StoneCalendar","Self Forming Clay","Sozu","Regal Pillow","Oddly Smooth Stone","Frozen Eye","Turnip","Peace Pipe","Blue Candle"],"acts_visited":["Exordium","TheCity","TheBeyond"],"potions_floor_usage":[10,16,22,31,50,50,50],"damage_taken":[{"damage":5,"enemies":"2 Louse","floor":1,"turns":2},{"damage":3,"enemies":"Small Slimes","floor":2,"turns":3},{"damage":0,"enemies":"Jaw Worm","floor":3,"turns":4},{"damage":7,"enemies":"Gremlin Gang","floor":7,"turns":4},{"damage":1,"enemies":"2 Fungi Beasts","floor":8,"turns":3},{"damage":9,"enemies":"Lagavulin Event","floor":10,"turns":7},{"damage":1,"enemies":"3 Louse","floor":11,"turns":3},{"damage":3,"enemies":"Gremlin Nob","floor":13,"turns":5},{"damage":7,"enemies":"Blue Slaver","floor":14,"turns":4},{"damage":26,"enemies":"Hexaghost","floor":16,"turns":9},{"damage":15,"enemies":"Chosen","floor":18,"turns":5},{"damage":6,"enemies":"Shell Parasite","floor":19,"turns":6},{"damage":39,"enemies":"Sentry and Sphere","floor":20,"turns":6},{"damage":13,"enemies":"Shelled Parasite and Fungi","floor":22,"turns":7},{"damage":9,"enemies":"Book of Stabbing","floor":23,"turns":7},{"damage":8,"enemies":"Centurion and Healer","floor":25,"turns":10},{"damage":3,"enemies":"Snecko","floor":28,"turns":6},{"damage":3,"enemies":"Snake Plant","floor":29,"turns":4},{"damage":14,"enemies":"Colosseum Slavers","floor":31,"turns":5},{"damage":2,"enemies":"Colosseum Nobs","floor":31,"turns":5},{"damage":43,"enemies":"Collector","floor":33,"turns":8},{"damage":11,"enemies":"3 Darklings","floor":35,"turns":4},{"damage":2,"enemies":"3 Shapes","floor":36,"turns":5},{"damage":3,"enemies":"Mind Bloom Boss Battle","floor":38,"turns":5},{"damage":8,"enemies":"Transient","floor":39,"turns":5},{"damage":7,"enemies":"Giant Head","floor":41,"turns":9},{"damage":44,"enemies":"Writhing Mass","floor":44,"turns":5},{"damage":13,"enemies":"4 Shapes","floor":45,"turns":4},{"damage":44,"enemies":"Jaw Worm Horde","floor":47,"turns":5},{"damage":10,"enemies":"Maw","floor":48,"turns":6},{"damage":54,"enemies":"Awakened One","floor":50,"turns":8}],"seed_played":"-6062085814737979882","potions_obtained":[{"floor":1,"key":"Weak Potion"},{"floor":8,"key":"GamblersBrew"},{"floor":10,"key":"SteroidPotion"},{"floor":13,"key":"ColorlessPotion"},{"floor":16,"key":"AttackPotion"},{"floor":22,"key":"SmokeBomb"},{"floor":25,"key":"DistilledChaos"},{"floor":28,"key":"DuplicationPotion"},{"floor":29,"key":"DuplicationPotion"},{"floor":31,"key":"Weak Potion"},{"floor":33,"key":"DistilledChaos"}],"is_trial":false,"path_per_floor":["M","M","M","$","?","?","M","M","T","?","M","R","E","M","R","B",null,"M","M","M","?","M","E","R","M","T","R","M","M","$","?","R","B",null,"M","M","$","?","M","R","E","?","T","M","M","R","M","M","R","B",null],"character_chosen":"IRONCLAD","items_purchased":["Metallicize","PrismaticShard","Vajra","DollysMirror","Master of Strategy","Perfected Strike+1","Prayer Wheel","Fire Breathing","Swift Strike+1","Regal Pillow","Oddly Smooth Stone","Frozen Eye","Dark Embrace","Shrug It Off","Trip","Secret Technique"],"campfire_rested":8,"item_purchase_floors":[4,4,30,30,30,30,30,30,30,37,37,37,37,37,37,37],"current_hp_per_floor":[80,80,80,80,64,64,63,68,68,65,70,80,80,79,80,60,80,71,71,50,42,47,56,80,78,78,80,80,80,80,76,80,55,80,75,79,79,80,78,80,79,79,79,53,58,80,54,50,80,44],"gold":779,"neow_bonus":"","is_daily":true,"chose_seed":false,"campfire_upgraded":0,"win_rate":0.0,"timestamp":1610079965,"path_taken":["M","M","M","$","?","?","M","M","T","?","M","R","E","M","R","BOSS","M","M","M","?","M","E","R","M","T","R","?","M","$","?","R","BOSS","M","M","$","?","M","R","E","?","T","M","M","R","?","M","R","BOSS"],"items_purchased_type":["Card","Relic","Relic","Relic","Card","Card","Relic","Card","Card","Relic","Relic","Relic","Card","Card","Card","Card"],"build_version":"2020-12-22","purchased_purges":2,"victory":true,"max_hp_per_floor":[80,80,80,80,80,80,80,80,80,80,80,80,80,80,80,80,80,80,80,80,80,80,80,80,80,80,80,80,80,80,80,80,80,80,80,80,80,80,80,80,80,80,80,80,80,80,80,80,80,80],"card_choices":[{"not_picked":["Intimidate","Iron Wave"],"picked":"Metallicize","floor":0},{"not_picked":["Sword Boomerang","Anger"],"picked":"Rampage","floor":0},{"not_picked":["Clothesline","Wild Strike"],"picked":"Havoc","floor":0},{"not_picked":["Twin Strike","Clash"],"picked":"Anger","floor":0},{"not_picked":["Pommel Strike","Warcry"],"picked":"Flame Barrier","floor":0},{"not_picked":["Warcry","Flex"],"picked":"Disarm","floor":0},{"not_picked":["Armaments","Cleave"],"picked":"Fire Breathing","floor":0},{"not_picked":["Cleave","Rupture"],"picked":"Battle Trance","floor":0},{"not_picked":["Sword Boomerang","Sever Soul"],"picked":"Dual Wield","floor":0},{"not_picked":["Whirlwind","Combust"],"picked":"Wild Strike","floor":0},{"not_picked":["Flex","Metallicize"],"picked":"Reckless Charge","floor":0},{"not_picked":["Shrug It Off","Battle Trance"],"picked":"Entrench","floor":0},{"not_picked":["True Grit","Reckless Charge"],"picked":"Seeing Red","floor":0},{"not_picked":["Clash","Cleave"],"picked":"Warcry","floor":0},{"not_picked":["Thunderclap","Flex"],"picked":"Disarm","floor":0},{"not_picked":["Perfected Strike","True Grit"],"picked":"Armaments","floor":1},{"not_picked":["Hemokinesis","Flex"],"picked":"Ghostly Armor","floor":2},{"not_picked":["Clothesline","Rupture"],"picked":"Flame Barrier","floor":3},{"not_picked":["Cold Snap","TalkToTheHand"],"picked":"Clothesline","floor":7},{"not_picked":["Deep Breath","ClearTheMind"],"picked":"Double Tap","floor":8},{"not_picked":["Sword Boomerang","SashWhip"],"picked":"Combust","floor":10},{"not_picked":["Bandage Up","FlurryOfBlows"],"picked":"Shrug It Off","floor":11},{"not_picked":["SignatureMove","Deflect"],"picked":"TalkToTheHand","floor":13},{"not_picked":["Clash","Armaments"],"picked":"Beam Cell","floor":14},{"not_picked":["Unload","Glass Knife"],"picked":"Juggernaut","floor":16},{"not_picked":["LikeWater","Doom and Gloom+1"],"picked":"Panacea+1","floor":18},{"not_picked":["Dodge and Roll","EmptyMind"],"picked":"TalkToTheHand+1","floor":19},{"not_picked":["Recycle","EmptyBody"],"picked":"Swivel+1","floor":20},{"not_picked":["EmptyFist+1","Eviscerate+1"],"picked":"Clothesline+1","floor":22},{"not_picked":["FlurryOfBlows+1","Tantrum+1"],"picked":"Hemokinesis+1","floor":23},{"not_picked":["Bane+1","Havoc"],"picked":"Exhume","floor":25},{"not_picked":["Headbutt+1","Beam Cell+1"],"picked":"Pommel Strike+1","floor":28},{"not_picked":["Beam Cell+1","Flechettes+1"],"picked":"Pommel Strike+1","floor":29},{"not_picked":["Deadly Poison","Indignation"],"picked":"Rupture","floor":31},{"not_picked":["Buffer","Secret Technique"],"picked":"Die Die Die+1","floor":33},{"not_picked":["Underhanded Strike+1","Quick Slash+1"],"picked":"Choke+1","floor":35},{"not_picked":["FlurryOfBlows+1","True Grit"],"picked":"Brutality","floor":35},{"not_picked":["BowlingBash+1","JustLucky+1"],"picked":"Swift Strike+1","floor":36},{"not_picked":["Sword Boomerang+1","DeceiveReality+1","Auto Shields"],"picked":"SKIP","floor":36},{"not_picked":["Leap","Slice+1"],"picked":"Steam Power","floor":38},{"not_picked":["Concentrate","FTL+1"],"picked":"Body Slam+1","floor":39},{"not_picked":["Wireheading+1","Prostrate+1","Flechettes+1"],"picked":"SKIP","floor":39},{"not_picked":["Slice+1","Dropkick+1","Dagger Throw+1"],"picked":"SKIP","floor":41},{"not_picked":["Sever Soul+1","Brilliance+1"],"picked":"Scrape+1","floor":44},{"not_picked":["Iron Wave+1","Heel Hook+1","Deadly Poison"],"picked":"SKIP","floor":44},{"not_picked":["EmptyMind+1","Rebound+1"],"picked":"Perfected Strike+1","floor":45},{"not_picked":["SashWhip+1","Infinite Blades"],"picked":"Combust","floor":45},{"not_picked":["EmptyBody","Study+1"],"picked":"Rebound+1","floor":47},{"not_picked":["Steam","Evaluate","Prostrate+1"],"picked":"SKIP","floor":47},{"not_picked":["Uppercut+1","Combust+1"],"picked":"Panache","floor":48},{"not_picked":["Sword Boomerang+1","Backflip+1"],"picked":"Go for the Eyes+1","floor":48}],"player_experience":61037,"relics_obtained":[{"floor":9,"key":"Boot"},{"floor":13,"key":"Gremlin Horn"},{"floor":17,"key":"CeramicFish"},{"floor":17,"key":"Molten Egg 2"},{"floor":17,"key":"Torii"},{"floor":23,"key":"White Beast Statue"},{"floor":26,"key":"Bag of Preparation"},{"floor":31,"key":"StoneCalendar"},{"floor":31,"key":"Self Forming Clay"},{"floor":38,"key":"Turnip"},{"floor":41,"key":"Peace Pipe"},{"floor":43,"key":"Blue Candle"}],"event_choices":[{"damage_healed":0,"gold_gain":0,"player_choice":"Entered Light","damage_taken":16,"max_hp_gain":0,"max_hp_loss":0,"event_name":"Shining Light","floor":5,"gold_loss":0,"cards_upgraded":["Ghostly Armor","Metallicize"]},{"damage_healed":0,"gold_gain":175,"player_choice":"AGREE","damage_taken":0,"max_hp_gain":0,"max_hp_loss":0,"event_name":"Liars Game","floor":6,"gold_loss":0,"cards_obtained":["Doubt"]},{"damage_healed":0,"gold_gain":0,"player_choice":"Searched \u00272\u0027 times","damage_taken":0,"relics_obtained":["Meat on the Bone"],"max_hp_gain":0,"max_hp_loss":0,"event_name":"Dead Adventurer","floor":10,"gold_loss":0},{"damage_healed":0,"gold_gain":0,"player_choice":"Damaged","damage_taken":8,"max_hp_gain":0,"max_hp_loss":0,"event_name":"Wheel of Change","floor":21,"gold_loss":0},{"damage_healed":0,"gold_gain":0,"player_choice":"Fight","damage_taken":0,"max_hp_gain":0,"max_hp_loss":0,"event_name":"Colosseum","floor":31,"gold_loss":0},{"damage_healed":0,"gold_gain":0,"player_choice":"Fought Nobs","damage_taken":0,"max_hp_gain":0,"max_hp_loss":0,"event_name":"Colosseum","floor":31,"gold_loss":0},{"damage_healed":0,"gold_gain":0,"player_choice":"Fight","damage_taken":0,"max_hp_gain":0,"max_hp_loss":0,"event_name":"MindBloom","floor":38,"gold_loss":0},{"damage_healed":0,"gold_gain":0,"player_choice":"Got Potions","damage_taken":0,"max_hp_gain":0,"max_hp_loss":0,"event_name":"Lab","floor":42,"gold_loss":0}],"is_beta":false,"boss_relics":[{"not_picked":["Runic Cube","Runic Pyramid"],"picked":"Calling Bell"},{"not_picked":["Tiny House","Philosopher\u0027s Stone"],"picked":"Sozu"}],"items_purged_floors":[30,37],"is_endless":false,"potions_floor_spawned":[1,8,10,13,16,18,22,25,28,29,31,31,33,35,36,38,39,41,44,45,47,48],"ascension_level":0}}