{"host":"1stlzvh7atuy33yh","time":1610083790,"event":{"mods":["BaseMod","Colored Map","Colored Powertips","Downfall","Hermit","Minty Spire (QoL Compilation)","StSLib","The Disciple","The Hierophant"],"gold_per_floor":[99,116,116,134,145,145,145,55,75,75,107,257,292,305,322,362,362],"floor_reached":16,"playtime":1667,"items_purged":["sneckomod:Strike"],"score":137,"play_id":"6617f6f7-2129-4ee7-acd0-aedc84dc28b6","local_time":"20210108002950","is_ascension_mode":false,"campfire_choices":[{"data":"sneckomod:Unknown","floor":1,"key":"SMITH"},{"data":"sneckomod:SerpentIdol","floor":6,"key":"SMITH"},{"floor":10,"key":"REST"}],"circlet_count":0,"master_deck":["sneckomod:Strike","sneckomod:Strike","sneckomod:Defend","sneckomod:Defend","sneckomod:Defend","sneckomod:TailWhip","sneckomod:SnekBite","sneckomod:Unknown+1","sneckomod:Unknown","sneckomod:UnknownClassGREEN","sneckomod:SerpentIdol+1","sneckomod:UnknownBlock","sneckomod:UnknownClassPURPLE","sneckomod:UnknownStrike","sneckomod:Nope","Slimebound:Icky","sneckomod:Unknown0Cost","sneckomod:DiceBlock","sneckomod:UnknownEthereal"],"relics":["sneckomod:SneckoSoul","sneckomod:ConfusingCodex","Ancient Tea Set"],"acts_visited":["Exordium"],"potions_floor_usage":[13,16],"damage_taken":[{"damage":4,"enemies":"Small Slimes","floor":2,"turns":3},{"damage":6,"enemies":"Jaw Worm","floor":4,"turns":5},{"damage":8,"enemies":"2 Louse","floor":5,"turns":3},{"damage":11,"enemies":"downfall:FleeingMerchant","floor":8,"turns":4},{"damage":28,"enemies":"Exordium Thugs","floor":9,"turns":6},{"damage":21,"enemies":"Gremlin Nob","floor":11,"turns":4},{"damage":45,"enemies":"3 Sentries","floor":13,"turns":7},{"damage":9,"enemies":"Blue Slaver","floor":14,"turns":2},{"damage":1,"enemies":"Lots of Slimes","floor":15,"turns":6},{"damage":12,"enemies":"downfall:Watcher","floor":16,"turns":5}],"seed_played":"-2807349522425191324","potions_obtained":[{"floor":2,"key":"sneckomod:MuddlingPotion"},{"floor":9,"key":"Block Potion"},{"floor":11,"key":"SteroidPotion"}],"is_trial":false,"path_per_floor":["R","M","?","M","M","R","T","$","M","R","E","?","E","M","M","B"],"character_chosen":"THE_SNECKO","items_purchased":[],"campfire_rested":1,"item_purchase_floors":[],"current_hp_per_floor":[99,96,96,90,83,83,83,73,46,76,55,55,11,2,12,0,0],"gold":362,"neow_bonus":"TEN_PERCENT_HP_BONUS","is_daily":false,"chose_seed":false,"campfire_upgraded":2,"win_rate":0.0,"timestamp":1610083790,"path_taken":["R","M","?","M","M","R","T","$","M","R","E","?","E","M","M","BOSS"],"items_purchased_type":[],"build_version":"2020-12-22","purchased_purges":1,"victory":false,"max_hp_per_floor":[99,100,100,100,101,101,101,102,103,103,103,103,104,104,105,105,105],"card_choices":[{"not_picked":["sneckomod:CheapStock","sneckomod:SoulDraw"],"picked":"sneckomod:UnknownClassGREEN","floor":2},{"not_picked":["sneckomod:QuickMove","sneckomod:UnknownClassGREEN"],"picked":"sneckomod:SerpentIdol","floor":4},{"not_picked":["sneckomod:SoulDraw","sneckomod:SoulRoll"],"picked":"sneckomod:UnknownBlock","floor":5},{"not_picked":["sneckomod:UnknownExhaust","sneckomod:SoulRoll"],"picked":"sneckomod:UnknownClassPURPLE","floor":8},{"not_picked":["sneckomod:RainOfDice","sneckomod:QuickMove"],"picked":"sneckomod:UnknownStrike","floor":9},{"not_picked":["sneckomod:DiceCrush","sneckomod:UnknownEthereal"],"picked":"sneckomod:Nope","floor":11},{"not_picked":["sneckomod:IronFang","sneckomod:SoulDraw"],"picked":"sneckomod:Unknown0Cost","floor":13},{"not_picked":["sneckomod:WideSting","sneckomod:UnknownBlock"],"picked":"sneckomod:DiceBlock","floor":14},{"not_picked":["sneckomod:UnknownBlock","sneckomod:SoulRoll"],"picked":"sneckomod:UnknownEthereal","floor":15}],"player_experience":97875,"relics_obtained":[{"floor":11,"key":"sneckomod:ConfusingCodex"},{"floor":13,"key":"Ancient Tea Set"}],"event_choices":[],"is_beta":false,"boss_relics":[],"items_purged_floors":[8],"is_endless":false,"potions_floor_spawned":[2,9,11],"killed_by":"downfall:Watcher","ascension_level":0}}