{"host":"1ji5b8jeyk5v3v7b","time":1610146565,"event":{"mods":["AchievementEnabler","BaseMod","BetterRewards","Colored Map","Colored Powertips","Downfall","Energized Spire","Hermit","Jorbs\u0027s Wanderer Trilogy","KinomotoSakuraMod(ñÿîVñ{?)","MarisaÅiñ∂âJÅ@ñÇóùçπÅj","Minty Spire (QoL Compilation)","Rare Cards Sparkle","StSLib","The Alterego","The Construct","The Cursed","The Hierophant","The Necromancer","The Runesmith"],"gold_per_floor":[119,119,119,143,93,131,131,151,151,49,49,65,109,129,129,252,252,270,192,228,228,241,241,261,285,366,387,401,401,422,453,453,453,453],"floor_reached":33,"playtime":2612,"items_purged":[],"score":279,"play_id":"5fd010bb-db51-45a9-8bd2-145f1c24a1bb","local_time":"20210108235605","is_ascension_mode":false,"campfire_choices":[{"floor":7,"key":"REST"},{"floor":15,"key":"REST"},{"floor":23,"key":"REST"},{"floor":29,"key":"REST"},{"data":"Summon_Undead_Army","floor":32,"key":"SMITH"}],"circlet_count":0,"master_deck":["Strike_W","Strike_W","Strike_W","Strike_W","Defend_W","Defend_W","Defend_W","Negative_Energy_Arrows","Bone_Wall","Negative_Energy_Burst","Uncharnel","Bone_Armor","Bones_to_Steel","Vampiric_Strike","Summon_Lich","Iron Wave","Cloudkill+1","Negative_Energy_Mist+1","Death_Knell","Hellfire","Finger_Of_Death","Bone_Spikes","Vampiric_Strike","Shade_Step+1","Epidemic+1","Life_Drain","Stop_Heart+1","Shackles_Of_Pain+1","Death_March_Dance+1","Flesh_Made_Foul+1","Summon_Undead_Army+1"],"relics":["Vampire_Amulet","Golden Idol","construct:FoamFinger","Gambling Chip","Toxic Egg 2","Pear","energizedSpire:OgreHead","Red Mask","Molten Egg 2","Mummified Hand"],"acts_visited":["Exordium","TheCity"],"potions_floor_usage":[16,33,33,33],"damage_taken":[{"damage":9,"enemies":"Jaw Worm","floor":1,"turns":6},{"damage":2,"enemies":"2 Louse","floor":4,"turns":2},{"damage":37,"enemies":"Lagavulin","floor":6,"turns":10},{"damage":0,"enemies":"Small Slimes","floor":8,"turns":3},{"damage":3,"enemies":"Red Slaver","floor":12,"turns":6},{"damage":31,"enemies":"Gremlin Nob","floor":13,"turns":5},{"damage":7,"enemies":"3 Louse","floor":14,"turns":2},{"damage":73,"enemies":"The Guardian","floor":16,"turns":13},{"damage":22,"enemies":"2 Thieves","floor":18,"turns":3},{"damage":16,"enemies":"Masked Bandits","floor":20,"turns":3},{"damage":4,"enemies":"Chosen","floor":22,"turns":3},{"damage":25,"enemies":"Snake Plant","floor":24,"turns":3},{"damage":6,"enemies":"Chosen and Byrds","floor":25,"turns":3},{"damage":25,"enemies":"Centurion and Healer","floor":27,"turns":7},{"damage":14,"enemies":"Snake Plant","floor":28,"turns":4},{"damage":8,"enemies":"3 Cultists","floor":30,"turns":4},{"damage":35,"enemies":"Slavers","floor":31,"turns":4},{"damage":70,"enemies":"Champ","floor":33,"turns":7}],"seed_played":"124301248383338333","potions_obtained":[{"floor":1,"key":"ColorlessPotion"},{"floor":4,"key":"FairyPotion"},{"floor":14,"key":"GamblersBrew"},{"floor":20,"key":"Slimebound:ThreeZeroPotion"},{"floor":27,"key":"Swift Potion"},{"floor":28,"key":"PowerPotion"},{"floor":30,"key":"Weak Potion"}],"is_trial":false,"path_per_floor":["M","?","?","M","?","E","R","M","T","$","?","M","E","M","R","B",null,"M","$","?","?","M","R","M","M","T","M","M","R","M","E","R","B"],"character_chosen":"NECROMANCER","items_purchased":["Vampiric_Strike","Summon_Lich","Bone_Spikes","Vampiric_Strike"],"campfire_rested":4,"item_purchase_floors":[10,10,19,19],"current_hp_per_floor":[68,68,61,63,63,28,50,54,54,54,54,53,36,35,60,22,85,67,67,57,57,57,82,61,67,67,59,57,82,82,55,55,0,0],"gold":453,"neow_bonus":"","is_daily":false,"chose_seed":false,"campfire_upgraded":1,"win_rate":0.0,"timestamp":1610146565,"path_taken":["M","?","?","?","?","E","R","M","T","$","?","M","E","M","R","BOSS","M","$","?","?","M","R","M","M","T","M","M","R","?","E","R","BOSS"],"items_purchased_type":["Card","Card","Card","Card"],"build_version":"2020-12-22","purchased_purges":0,"victory":false,"max_hp_per_floor":[75,75,75,75,75,75,75,75,75,75,75,75,85,85,85,85,85,85,85,85,85,85,85,85,85,85,85,85,85,85,85,85,85,85],"card_choices":[{"not_picked":["Negative_Energy_Shield","Shackles_Of_Pain"],"picked":"Negative_Energy_Burst","floor":1},{"not_picked":["Bones_to_Steel","Shackles_Of_Pain"],"picked":"Uncharnel","floor":4},{"not_picked":["Chill_Blood","Death_Coil"],"picked":"Bone_Armor","floor":6},{"not_picked":["Life_Tap","Scare"],"picked":"Bones_to_Steel","floor":8},{"not_picked":["Spectral_Walk+1","Toxic_Smoke_Screen+1"],"picked":"Cloudkill+1","floor":12},{"not_picked":["Plague_Bolt","Vampiric_Strike"],"picked":"Negative_Energy_Mist+1","floor":13},{"not_picked":["Negative_Energy_Mist+1","Necrotic_Claws"],"picked":"Death_Knell","floor":14},{"not_picked":["Negative_Energy_Bomb","Grasp_Heart"],"picked":"Hellfire","floor":16},{"not_picked":["Bone_Bullets+1","Negative_Energy_Mist+1"],"picked":"Finger_Of_Death","floor":18},{"not_picked":["Blood_Is_Power+1","Vampiric_Strike+1"],"picked":"Shade_Step+1","floor":20},{"not_picked":["Vampiric_Strike","Bone_Spikes"],"picked":"Epidemic+1","floor":22},{"not_picked":["Shackles_Of_Pain+1","Requiem"],"picked":"Life_Drain","floor":24},{"not_picked":["Siphon_Strength+1","Negative_Energy_Javelin+1"],"picked":"Stop_Heart+1","floor":25},{"not_picked":["Negative_Energy_Javelin+1","Negative_Energy_Sphere+1"],"picked":"Shackles_Of_Pain+1","floor":27},{"not_picked":["Detonate_Bones+1","Consume_Illness+1"],"picked":"Death_March_Dance+1","floor":28},{"not_picked":["Bone_Spikes+1","Consume_Illness+1"],"picked":"Flesh_Made_Foul+1","floor":30},{"not_picked":["Finger_Of_Death+1","Toxic_Smoke_Screen+1"],"picked":"Summon_Undead_Army","floor":31}],"player_experience":0,"relics_obtained":[{"floor":6,"key":"Gambling Chip"},{"floor":9,"key":"Toxic Egg 2"},{"floor":13,"key":"Pear"},{"floor":20,"key":"Red Mask"},{"floor":26,"key":"Molten Egg 2"},{"floor":31,"key":"Mummified Hand"}],"event_choices":[{"damage_healed":0,"gold_gain":0,"player_choice":"Take Wound","damage_taken":0,"relics_obtained":["Golden Idol"],"max_hp_gain":0,"max_hp_loss":0,"event_name":"Golden Idol","floor":2,"gold_loss":0,"cards_obtained":["Injury"]},{"damage_healed":0,"gold_gain":0,"player_choice":"Success","damage_taken":7,"relics_obtained":["construct:FoamFinger"],"max_hp_gain":0,"max_hp_loss":0,"event_name":"Scrap Ooze","floor":3,"gold_loss":0},{"cards_removed":["Injury"],"damage_healed":0,"gold_gain":0,"player_choice":"Card Removal","damage_taken":0,"max_hp_gain":0,"max_hp_loss":0,"event_name":"The Cleric","floor":5,"gold_loss":50},{"cards_removed":["Defend_W"],"damage_healed":0,"gold_gain":0,"player_choice":"Took Card","damage_taken":0,"max_hp_gain":0,"max_hp_loss":0,"event_name":"NoteForYourself","floor":11,"gold_loss":0,"cards_obtained":["Iron Wave"]},{"damage_healed":0,"gold_gain":0,"player_choice":"Fought Bandits","damage_taken":0,"max_hp_gain":0,"max_hp_loss":0,"event_name":"Masked Bandits","floor":20,"gold_loss":0},{"damage_healed":0,"gold_gain":0,"player_choice":"Ignored","damage_taken":0,"max_hp_gain":0,"max_hp_loss":0,"event_name":"Vampires","floor":21,"gold_loss":0}],"is_beta":false,"boss_relics":[{"not_picked":["Snecko Eye","Runic Pyramid"],"picked":"energizedSpire:OgreHead"}],"items_purged_floors":[],"is_endless":false,"potions_floor_spawned":[1,4,14,20,27,28,30],"killed_by":"Champ","ascension_level":0}}