{"host":"chv1qanoipyt46jc","time":1610082517,"event":{"mods":["2.2 Compatiblity","AchievementEnabler","Bartender","BaseMod","BetterRewards","CapriCore","Card Filter","Evolution","Gold Saver","Grow up Mod","Minty Spire (QoL Compilation)","Rare Cards Sparkle","Relic Filter","Remove Card Discount Mod","Reorder Act Four","StSLib"],"gold_per_floor":[842,855,875,887,887,915,915,915,915,935,949,949,966,981,981,1086,1086,1100,1119,1130,1130,1130,1130,1157,1173,1196,1216,1230,1249,1245,1256,1256,1359,1359,1371,1371,1384,1400,1400,1432,1432,1459,1459,1459,1459,1472,1489,1489,1489,1489,1489,1489,1489,1515,1515],"floor_reached":56,"playtime":1017,"items_purged":["Dancing_Jab","Dancing_Jab","Dancing_Jab","Dancing_Jab","Center_Self","Center_Self","Center_Self","Center_Self","Somersault","Snap_Punch+1","Snap_Punch+1"],"score":1637,"play_id":"3811e453-0fd7-4417-b52e-eded9fad5a6e","local_time":"20210107230837","is_ascension_mode":false,"campfire_choices":[{"data":"Dolphin_Blow","floor":7,"key":"SMITH"},{"floor":12,"key":"RECALL"},{"data":"Bitters","floor":15,"key":"SMITH"},{"data":"Snap_Punch","floor":23,"key":"SMITH"},{"data":"Bitters","floor":32,"key":"SMITH"}],"circlet_count":0,"master_deck":["Dolphin_Blow+1","Power_Up_Punch+1","Bitters+1","Bitters+1","Bitters+1"],"relics":["Sneakers","EVO:Axolotl","Ginger","Medical Kit","Protect_Vest","Darkstone Periapt","Power_Wrist","Coffee Dripper","War Paint","Black Star","Pen Nib","CaptainsWheel","PreservedInsect","Vajra","Potion Belt","Bronze Scales","Art of War"],"acts_visited":["Exordium","TheCity","TheBeyond","TheEnding"],"potions_floor_usage":[50,55,55],"damage_taken":[{"damage":5,"enemies":"Jaw Worm","floor":1,"turns":2},{"damage":4,"enemies":"Small Slimes","floor":2,"turns":2},{"damage":0,"enemies":"2 Louse","floor":3,"turns":2},{"damage":0,"enemies":"2 Fungi Beasts","floor":4,"turns":2},{"damage":11,"enemies":"Gremlin Nob","floor":6,"turns":3},{"damage":1,"enemies":"Blue Slaver","floor":10,"turns":2},{"damage":4,"enemies":"Exordium Thugs","floor":11,"turns":2},{"damage":0,"enemies":"2 Fungi Beasts","floor":13,"turns":2},{"damage":0,"enemies":"Exordium Wildlife","floor":14,"turns":2},{"damage":0,"enemies":"Slime Boss","floor":16,"turns":4},{"damage":4,"enemies":"2 Thieves","floor":18,"turns":2},{"damage":0,"enemies":"Shell Parasite","floor":19,"turns":1},{"damage":0,"enemies":"3 Cultists","floor":20,"turns":2},{"damage":14,"enemies":"Slavers","floor":24,"turns":2},{"damage":0,"enemies":"Snake Plant","floor":25,"turns":1},{"damage":6,"enemies":"Centurion and Healer","floor":27,"turns":2},{"damage":9,"enemies":"Chosen and Byrds","floor":28,"turns":2},{"damage":0,"enemies":"Snake Plant","floor":29,"turns":1},{"damage":0,"enemies":"Snecko","floor":31,"turns":1},{"damage":0,"enemies":"Automaton","floor":33,"turns":2},{"damage":0,"enemies":"3 Shapes","floor":35,"turns":1},{"damage":15,"enemies":"3 Darklings","floor":37,"turns":2},{"damage":4,"enemies":"4 Shapes","floor":38,"turns":2},{"damage":15,"enemies":"Nemesis","floor":40,"turns":3},{"damage":7,"enemies":"Giant Head","floor":42,"turns":2},{"damage":3,"enemies":"Sphere and 2 Shapes","floor":46,"turns":2},{"damage":0,"enemies":"Jaw Worm Horde","floor":47,"turns":2},{"damage":14,"enemies":"Donu and Deca","floor":50,"turns":2},{"damage":6,"enemies":"Shield and Spear","floor":54,"turns":2},{"damage":83,"enemies":"The Heart","floor":55,"turns":4}],"seed_played":"6478846366731665715","potions_obtained":[{"floor":4,"key":"PowerPotion"},{"floor":6,"key":"EssenceOfSteel"},{"floor":11,"key":"Energy Potion"}],"is_trial":false,"path_per_floor":["M","M","M","M","$","E","R","?","T","M","M","R","M","M","R","B",null,"M","M","M","?","?","R","E","M","T","M","M","M","$","M","R","B",null,"M","?","M","M","?","E","R","E","T","$","R","M","M","?","R","B",null,"$","R","E","B",null],"character_chosen":"BARTENDER","items_purchased":["Dolphin_Blow","Power_Up_Punch","Ginger","Snap_Punch","Medical Kit","Protect_Vest","Snap_Punch"],"campfire_rested":0,"item_purchase_floors":[0,0,0,0,0,0,0],"current_hp_per_floor":[43,49,59,69,79,78,88,68,78,87,93,103,113,123,133,143,250,256,266,276,286,296,306,302,312,322,326,327,337,347,357,367,377,420,430,440,435,441,451,446,456,459,469,479,489,496,506,516,526,522,590,600,610,614,541],"gold":1515,"neow_bonus":"","is_daily":false,"chose_seed":false,"campfire_upgraded":4,"win_rate":0.0,"timestamp":1610082517,"path_taken":["M","M","M","M","$","E","R","?","T","M","M","R","M","M","R","BOSS","M","M","M","?","?","R","E","M","T","M","M","M","$","M","R","BOSS","M","?","M","M","?","E","R","E","T","$","R","M","?","?","R","BOSS","$","R","E","BOSS"],"items_purchased_type":["Card","Card","Relic","Card","Relic","Relic","Card"],"build_version":"2020-12-22","purchased_purges":11,"victory":true,"max_hp_per_floor":[90,100,110,120,130,140,150,160,170,180,190,200,210,220,230,240,250,260,270,280,290,300,310,320,330,340,350,360,370,380,390,400,410,420,430,440,450,460,470,480,490,500,510,520,530,540,550,560,570,580,590,600,610,620,630],"card_choices":[{"not_picked":["Well_Drinks","Scowl","Center_Self"],"picked":"SKIP","floor":1},{"not_picked":["Free_Pour","Foot_Thrust","OpoOpo_Form"],"picked":"SKIP","floor":2},{"not_picked":["Mirage","Fading_Blow","Alacrity"],"picked":"SKIP","floor":3},{"not_picked":["Wall_of_Ice","Sucker_Punch","Foot_Thrust"],"picked":"SKIP","floor":4},{"not_picked":["ThreeSidedStar","Scowl","On_The_Rocks"],"picked":"SKIP","floor":6},{"not_picked":["Stick_and_Move","Mirage","Rope_A_Dope"],"picked":"SKIP","floor":10},{"not_picked":["Mirage","Snap_Punch","Stick_and_Move"],"picked":"SKIP","floor":11},{"not_picked":["Pony_Shot","On_The_House","Stick_and_Move"],"picked":"SKIP","floor":13},{"not_picked":["Alacrity","Well_Drinks"],"picked":"Bitters","floor":14},{"not_picked":["On_The_Rocks","Surge","Foot_Thrust+1"],"picked":"SKIP","floor":18},{"not_picked":["Sucker_Punch","Hook+1","Momentum"],"picked":"SKIP","floor":19},{"not_picked":["Foot_Thrust","Alacrity+1","Windup"],"picked":"SKIP","floor":20},{"not_picked":["Foot_Thrust","Cross","Top_Shelf"],"picked":"SKIP","floor":24},{"not_picked":["Tornado_Kick+1","On_The_Rocks","Step_Of_The_Wind"],"picked":"SKIP","floor":25},{"not_picked":["On_The_House","On_The_Rocks"],"picked":"Bitters","floor":27},{"not_picked":["Alacrity+1","Hook","On_The_Rocks"],"picked":"SKIP","floor":28},{"not_picked":["Patience","Wall_of_Ice","Greased_Lightning"],"picked":"SKIP","floor":29},{"not_picked":["Power_Up_Punch+1","Tornado_Kick+1","Pony_Shot"],"picked":"SKIP","floor":31},{"not_picked":["Dragonkick+1","Alacrity+1","Power_Up_Punch+1"],"picked":"SKIP","floor":35},{"not_picked":["Free_Pour","Power_Up_Punch+1","Sucker_Punch+1"],"picked":"SKIP","floor":37},{"not_picked":["Ball_Of_Ice+1","Foot_Thrust"],"picked":"Bitters+1","floor":38},{"not_picked":["OpoOpo_Form","Greased_Lightning+1","Ball_Of_Ice+1"],"picked":"SKIP","floor":40},{"not_picked":["Fight_Dirty+1","On_The_Rocks+1","Form_Shift"],"picked":"SKIP","floor":42},{"not_picked":["Hook","Fight_Dirty+1","Dragonkick+1"],"picked":"SKIP","floor":46},{"not_picked":["Step_Of_The_Wind+1","Hook","With_A_Twist+1"],"picked":"SKIP","floor":47},{"not_picked":["Vortex+","Sucker_Punch","On_The_House+1"],"picked":"SKIP","floor":54}],"player_experience":382657,"relics_obtained":[{"floor":6,"key":"Darkstone Periapt"},{"floor":9,"key":"Power_Wrist"},{"floor":24,"key":"War Paint"},{"floor":40,"key":"Pen Nib"},{"floor":40,"key":"CaptainsWheel"},{"floor":42,"key":"PreservedInsect"},{"floor":42,"key":"Vajra"},{"floor":43,"key":"Potion Belt"},{"floor":54,"key":"Bronze Scales"},{"floor":54,"key":"Art of War"}],"event_choices":[{"damage_healed":0,"gold_gain":0,"player_choice":"Entered Light","damage_taken":30,"max_hp_gain":0,"max_hp_loss":0,"event_name":"Shining Light","floor":8,"gold_loss":0,"cards_upgraded":["Snap_Punch","Power_Up_Punch"]},{"damage_healed":0,"gold_gain":0,"player_choice":"Ignored","damage_taken":0,"max_hp_gain":0,"max_hp_loss":0,"event_name":"The Mausoleum","floor":21,"gold_loss":0},{"damage_healed":0,"gold_gain":0,"player_choice":"Ignored","damage_taken":0,"max_hp_gain":0,"max_hp_loss":0,"event_name":"Cursed Tome","floor":22,"gold_loss":0},{"damage_healed":0,"gold_gain":0,"player_choice":"Ignored","damage_taken":0,"max_hp_gain":0,"max_hp_loss":0,"event_name":"Tomb of Lord Red Mask","floor":36,"gold_loss":0},{"damage_healed":0,"gold_gain":0,"player_choice":"Bought 0 Potions","damage_taken":0,"max_hp_gain":0,"max_hp_loss":0,"event_name":"The Woman in Blue","floor":39,"gold_loss":0},{"damage_healed":0,"gold_gain":0,"player_choice":"Memory 1","damage_taken":0,"max_hp_gain":0,"max_hp_loss":0,"event_name":"SensoryStone","floor":48,"gold_loss":0}],"is_beta":false,"boss_relics":[{"not_picked":["Astrolabe","Calling Bell"],"picked":"Coffee Dripper"},{"not_picked":["Sozu","Empty Cage"],"picked":"Black Star"}],"items_purged_floors":[0,0,0,0,0,0,0,0,0,30,30],"is_endless":false,"potions_floor_spawned":[4,6,11,13,16,18,19,27,29,31,35,37,38],"ascension_level":0}}