{"host":"Timothy","time":1610064663,"event":{"mods":["AchievementEnabler","BaseMod","Bestiary","Highlight Path","Minty Spire (QoL Compilation)","Quick Restart","Slay-I"],"gold_per_floor":[112,132,132,147,57,87,87,105,131,145,156,107,107,107,119,131,131],"floor_reached":16,"playtime":958,"items_purged":[],"score":199,"play_id":"9406d823-ec98-400c-aef3-f7163042ef7d","local_time":"20210107161103","is_ascension_mode":true,"campfire_choices":[{"floor":7.0,"key":"REST"},{"floor":13.0,"key":"REST"},{"data":"Footwork","floor":15.0,"key":"SMITH"}],"circlet_count":0,"master_deck":["AscendersBane","Strike_G","Strike_G","Strike_G","Strike_G","Strike_G","Defend_G","Defend_G","Defend_G","Defend_G","Defend_G","Survivor","Neutralize","Escape Plan","Poisoned Stab","Well Laid Plans","Dash","Prepared","Footwork+1"],"relics":["HoveringKite","Bag of Marbles","Art of War","MawBank"],"acts_visited":["Exordium"],"potions_floor_usage":[16],"damage_taken":[{"damage":1.0,"enemies":"2 Louse","floor":1.0,"turns":3.0},{"damage":2.0,"enemies":"Small Slimes","floor":2.0,"turns":5.0},{"damage":1.0,"enemies":"Cultist","floor":4.0,"turns":5.0},{"damage":45.0,"enemies":"3 Sentries","floor":6.0,"turns":15.0},{"damage":9.0,"enemies":"Red Slaver","floor":8.0,"turns":5.0},{"damage":6.0,"enemies":"2 Fungi Beasts","floor":10.0,"turns":4.0},{"damage":13.0,"enemies":"Large Slime","floor":11.0,"turns":8.0},{"damage":22,"enemies":"The Guardian","floor":16,"turns":18}],"seed_played":"7587238419837075008","potions_obtained":[{"floor":1.0,"key":"EssenceOfSteel"},{"floor":10.0,"key":"SpeedPotion"}],"is_trial":false,"path_per_floor":["M","M","$","M","$","E","R","M","T","M","M","?","R","?","R","B"],"character_chosen":"THE_SILENT","items_purchased":["Well Laid Plans"],"campfire_rested":2,"item_purchase_floors":[5],"current_hp_per_floor":[58,56,56,55,55,10,29,20,20,14,1,1,20,20,20,0,0],"gold":131,"neow_bonus":"BOSS_RELIC","is_daily":false,"chose_seed":false,"campfire_upgraded":1,"win_rate":0.0,"timestamp":1610064663,"path_taken":["M","M","$","M","$","E","R","M","T","M","M","?","R","?","R","BOSS"],"items_purchased_type":["Card"],"build_version":"2020-12-18","purchased_purges":0,"victory":false,"max_hp_per_floor":[66,66,66,66,66,66,66,66,66,66,66,66,66,66,66,66,66],"card_choices":[{"not_picked":["Predator","Choke"],"picked":"Escape Plan","floor":1.0},{"not_picked":["Cloak And Dagger","Reflex","Outmaneuver"],"picked":"SKIP","floor":2.0},{"not_picked":["Escape Plan","Deadly Poison"],"picked":"Poisoned Stab","floor":4.0},{"not_picked":["Cloak And Dagger","Backstab"],"picked":"Dash","floor":6.0},{"not_picked":["Blade Dance","Flying Knee"],"picked":"Prepared","floor":8.0},{"not_picked":["Underhanded Strike","Dagger Spray","Predator"],"picked":"SKIP","floor":10.0},{"not_picked":["Cloak And Dagger","Prepared"],"picked":"Footwork","floor":11.0}],"player_experience":777684,"relics_obtained":[{"floor":6.0,"key":"Bag of Marbles"},{"floor":9.0,"key":"Art of War"},{"floor":14.0,"key":"MawBank"}],"event_choices":[{"damage_healed":0.0,"max_hp_gain":0.0,"max_hp_loss":0.0,"gold_gain":0.0,"event_name":"World of Goop","player_choice":"Left Gold","floor":12.0,"gold_loss":49.0,"damage_taken":0.0},{"damage_healed":0.0,"max_hp_gain":0.0,"max_hp_loss":0.0,"gold_gain":0.0,"event_name":"Wheel of Change","player_choice":"Relic","floor":14.0,"gold_loss":0.0,"damage_taken":0.0}],"is_beta":true,"boss_relics":[],"items_purged_floors":[],"is_endless":false,"potions_floor_spawned":[1,10],"killed_by":"The Guardian","ascension_level":19}}