{"host":"h2zaclyrd1q1i31f","time":1610089531,"event":{"mods":["Act Like it!","BaseMod","Colored Map","Downfall","Duelist Mod","GifTheSpireLib","Hallownest","Hermit","Minty Spire (QoL Compilation)","Permanent Neow","StSLib","SuperFastMode","The Bug Knight","The Gatherer","The Hierophant","The Mystic","The Wild Card"],"gold_per_floor":[124,33,62,86,11,11,40,74,149,184,64,98,98,122,122,122,122],"floor_reached":16,"playtime":982,"items_purged":["HollowMod:QuickDashStart"],"score":120,"play_id":"f4858f3b-a57a-432d-b120-e37b09213bcf","local_time":"20210108010531","is_ascension_mode":false,"campfire_choices":[{"data":"HollowMod:InfectedCysts","floor":6,"key":"SMITH"},{"data":"HollowMod:SlysStrikes","floor":15,"key":"SMITH"}],"circlet_count":0,"master_deck":["HollowMod:NailStrikeStart","HollowMod:NailStrikeStart","HollowMod:NailStrikeStart","HollowMod:NailStrikeStart","HollowMod:QuickDashStart","HollowMod:QuickDashStart","HollowMod:QuickDashStart","HollowMod:FocusHealStart","HollowMod:PogoStrike","HollowMod:BaldurShell","HollowMod:CloakDash","HollowMod:InfectedCysts+1","HollowMod:ChannelNail","HollowMod:PureNailStrike","HollowMod:CycloneSlash","HollowMod:MantisMark","HollowMod:SlysStrikes+1","HollowMod:FastStrike","HollowMod:GoodIntentions"],"relics":["HollowMod:VesselMask","CeramicFish","Hallownest:BankAccountRelic","Unceasing Top","Sundial","Omamori","Strawberry","Hallownest:DreamNailRelic"],"acts_visited":["Exordium"],"potions_floor_usage":[7,16],"damage_taken":[{"damage":5,"enemies":"Hallownest:2_Tiktiks_and_1_Crawlid","floor":1,"turns":3},{"damage":10,"enemies":"Hallownest:monsterHuskGuard","floor":3,"turns":4},{"damage":9,"enemies":"Hallownest:2_Baldur","floor":4,"turns":2},{"damage":15,"enemies":"Hallownest:1_Ooma_and_2_Uuma","floor":7,"turns":5},{"damage":4,"enemies":"Hallownest:eliteMossKnight","floor":8,"turns":6},{"damage":9,"enemies":"Hallownest:eliteVengeflyKing","floor":10,"turns":6},{"damage":6,"enemies":"Hallownest:eliteCrystalGuardian","floor":12,"turns":5},{"damage":3,"enemies":"Hallownest:Wandering_and_Horned","floor":14,"turns":4},{"damage":70,"enemies":"Hallownest:BossHornet","floor":16,"turns":7}],"seed_played":"4379288710863631405","potions_obtained":[{"floor":3,"key":"Fruit Juice"},{"floor":7,"key":"LiquidMemories"},{"floor":8,"key":"Fire Potion"}],"is_trial":false,"path_per_floor":["M","$","M","M","?","R","M","E","T","E","$","E","?","M","R","B"],"character_chosen":"THE_BUGKNIGHT","items_purchased":["HollowMod:CloakDash","HollowMod:MantisMark","HollowMod:SlysStrikes"],"campfire_rested":0,"item_purchase_floors":[2,11,11],"current_hp_per_floor":[72,72,67,58,58,58,54,56,56,53,53,60,60,63,63,0,0],"gold":122,"neow_bonus":"RANDOM_COMMON_RELIC","is_daily":false,"chose_seed":false,"campfire_upgraded":2,"win_rate":0.0,"timestamp":1610089531,"path_taken":["M","$","M","M","?","R","M","E","T","E","$","E","?","M","R","BOSS"],"items_purchased_type":["Card","Card","Card"],"build_version":"2020-12-22","purchased_purges":1,"victory":false,"max_hp_per_floor":[75,75,75,75,75,75,80,80,80,80,80,87,87,87,87,87,87],"card_choices":[{"not_picked":["HollowMod:ShadowDash","HollowMod:SiblingsShadow"],"picked":"HollowMod:BaldurShell","floor":1},{"not_picked":["HollowMod:GoodIntentions","HollowMod:VengefulVoid"],"picked":"HollowMod:InfectedCysts","floor":3},{"not_picked":["HollowMod:VengefulSpirit","HollowMod:NewLittleFool"],"picked":"HollowMod:ChannelNail","floor":4},{"not_picked":["HollowMod:ShapeofUnn","HollowMod:SiblingsSouls"],"picked":"HollowMod:PureNailStrike","floor":7},{"not_picked":["HollowMod:Grubsong","HollowMod:SoulShaman"],"picked":"HollowMod:CycloneSlash","floor":8},{"not_picked":["HollowMod:DungDefenderAura","HollowMod:BaldurShell","HollowMod:SiblingsShadow"],"picked":"SKIP","floor":10},{"not_picked":["HollowMod:SharpenedNail","HollowMod:SiblingsSouls"],"picked":"HollowMod:FastStrike","floor":12},{"not_picked":["HollowMod:FallenFury","HollowMod:MawleksShell"],"picked":"HollowMod:GoodIntentions","floor":14}],"player_experience":154958,"relics_obtained":[{"floor":8,"key":"Unceasing Top"},{"floor":9,"key":"Sundial"},{"floor":10,"key":"Omamori"},{"floor":12,"key":"Strawberry"}],"event_choices":[],"is_beta":false,"boss_relics":[],"items_purged_floors":[2],"is_endless":false,"potions_floor_spawned":[3,7,8],"killed_by":"Hallownest:BossHornet","ascension_level":0}}