{"host":"dhv3u8yhd2rnugsp","time":1610136823,"event":{"mods":["BaseMod","Block Reminder","Colored Map","Googly Eyes","Highlight Path","Minty Spire (QoL Compilation)","Permanent Neow","Quick Restart","Random Character Button","StSLib"],"gold_per_floor":[119,69,69,84,100,100,133,133,181,195,83,83,99,119,119,192,192,212,212,227,227,244,272,272,28,81,98,21,21,56,80,80,155,155,174,47,47,62,62,62,95,95,119,119,133,167,167,181,181,181],"floor_reached":51,"playtime":1985,"items_purged":["Strike_P","Strike_P"],"score":1305,"play_id":"6ab6cdef-0352-4dc5-b09f-c56ae2f9a168","local_time":"20210108141343","is_ascension_mode":true,"campfire_choices":[{"data":"Halt","floor":6,"key":"SMITH"},{"floor":8,"key":"DIG"},{"floor":12,"key":"DIG"},{"floor":15,"key":"DIG"},{"floor":24,"key":"REST"},{"floor":29,"key":"DIG"},{"data":"Tantrum","floor":32,"key":"SMITH"},{"floor":40,"key":"DIG"},{"floor":42,"key":"DIG"},{"floor":44,"key":"DIG"},{"floor":47,"key":"REST"},{"floor":49,"key":"REST"}],"circlet_count":0,"master_deck":["AscendersBane","Strike_P","Defend_P","Defend_P+1","Eruption","Vigilance+1","CurseOfTheBell","Halt+1","BattleHymn","CutThroughFate","ThirdEye","WheelKick","Vault+1","FlurryOfBlows","CutThroughFate+1","TalkToTheHand+1","Tantrum+1","LessonLearned","Wallop","Madness","Jack Of All Trades+1","Flash of Steel","Conclude+1","Pain","Meditate+1","Prostrate+1"],"relics":["Calling Bell","Ancient Tea Set","Shuriken","Shovel","Pen Nib","TeardropLocket","Vajra","Mercury Hourglass","CloakClasp","Cursed Key","Happy Flower","Nilry\u0027s Codex","Smiling Mask","Membership Card","PreservedInsect","Bag of Marbles","Lee\u0027s Waffle","Kunai","Bottled Tornado","Damaru","Empty Cage","Akabeko","CaptainsWheel","Pear","War Paint","Potion Belt","Dream Catcher"],"acts_visited":["Exordium","TheCity","TheBeyond"],"potions_floor_usage":[7,16,20,23,27,41,50],"damage_taken":[{"damage":8,"enemies":"2 Louse","floor":1,"turns":3},{"damage":7,"enemies":"Jaw Worm","floor":4,"turns":3},{"damage":2,"enemies":"Cultist","floor":5,"turns":4},{"damage":0,"enemies":"Lagavulin","floor":7,"turns":4},{"damage":5,"enemies":"2 Fungi Beasts","floor":10,"turns":3},{"damage":0,"enemies":"Exordium Thugs","floor":13,"turns":3},{"damage":2,"enemies":"Lots of Slimes","floor":14,"turns":2},{"damage":16,"enemies":"The Guardian","floor":16,"turns":8},{"damage":0,"enemies":"Spheric Guardian","floor":18,"turns":3},{"damage":7,"enemies":"2 Thieves","floor":20,"turns":3},{"damage":5,"enemies":"Shelled Parasite and Fungi","floor":22,"turns":3},{"damage":22,"enemies":"Book of Stabbing","floor":23,"turns":5},{"damage":1,"enemies":"Centurion and Healer","floor":27,"turns":3},{"damage":0,"enemies":"Gremlin Leader","floor":30,"turns":1},{"damage":21,"enemies":"Champ","floor":33,"turns":7},{"damage":0,"enemies":"3 Shapes","floor":35,"turns":2},{"damage":0,"enemies":"Orb Walker","floor":38,"turns":3},{"damage":1,"enemies":"Jaw Worm Horde","floor":41,"turns":2},{"damage":4,"enemies":"Transient","floor":45,"turns":6},{"damage":56,"enemies":"Nemesis","floor":46,"turns":6},{"damage":4,"enemies":"Writhing Mass","floor":48,"turns":4},{"damage":57,"enemies":"Awakened One","floor":50,"turns":10}],"seed_played":"-4624661034960405679","potions_obtained":[{"floor":4,"key":"ColorlessPotion"},{"floor":7,"key":"SteroidPotion"},{"floor":14,"key":"SkillPotion"},{"floor":16,"key":"SneckoOil"},{"floor":22,"key":"StancePotion"},{"floor":27,"key":"SteroidPotion"},{"floor":33,"key":"Swift Potion"},{"floor":38,"key":"Regen Potion"}],"is_trial":false,"path_per_floor":["M","?","?","M","M","R","E","R","T","M","$","R","M","M","R","B",null,"M","?","M","?","M","E","R","$","T","M","$","R","E","T","R","B",null,"M","$","?","M","?","R","M","R","T","R","M","E","R","M","R","B",null],"character_chosen":"WATCHER","items_purchased":["WheelKick","Membership Card","Tantrum","PreservedInsect","Lee\u0027s Waffle","Akabeko"],"campfire_rested":3,"item_purchase_floors":[11,25,25,25,28,36],"current_hp_per_floor":[57,57,57,50,48,48,48,48,48,43,43,43,43,41,41,25,60,60,60,53,37,32,10,31,31,31,30,79,79,79,79,79,58,74,74,74,64,64,64,64,63,73,73,73,69,13,39,35,61,19],"gold":181,"neow_bonus":"BOSS_RELIC","is_daily":false,"chose_seed":false,"campfire_upgraded":2,"win_rate":0.0,"timestamp":1610136823,"path_taken":["M","?","?","M","M","R","E","R","T","M","$","R","M","M","R","BOSS","M","?","M","?","M","E","R","$","T","?","?","R","E","?","R","BOSS","M","$","?","M","?","R","M","R","T","R","M","E","R","M","R","BOSS"],"items_purchased_type":["Card","Relic","Card","Relic","Relic","Relic"],"build_version":"2020-12-22","purchased_purges":2,"victory":true,"max_hp_per_floor":[72,72,72,72,72,72,72,72,72,72,72,72,72,72,72,72,72,72,72,72,72,72,72,72,72,72,72,79,79,79,79,79,79,79,79,79,79,79,79,79,79,89,89,89,89,89,89,89,89,89],"card_choices":[{"not_picked":["Consecrate","CrushJoints"],"picked":"Halt","floor":1},{"not_picked":["FollowUp","DeceiveReality","ClearTheMind"],"picked":"SKIP","floor":4},{"not_picked":["Protect","FlyingSleeves"],"picked":"BattleHymn","floor":5},{"not_picked":["Crescendo","SashWhip"],"picked":"CutThroughFate","floor":7},{"not_picked":["FollowUp","CrushJoints"],"picked":"ThirdEye","floor":10},{"not_picked":["ClearTheMind","FollowUp","Study"],"picked":"SKIP","floor":13},{"not_picked":["SignatureMove","BattleHymn","DeceiveReality"],"picked":"SKIP","floor":14},{"not_picked":["DeusExMachina","DevaForm"],"picked":"Vault","floor":16},{"not_picked":["Study","SandsOfTime"],"picked":"FlurryOfBlows","floor":18},{"not_picked":["FollowUp","Perseverance"],"picked":"CutThroughFate","floor":20},{"not_picked":["EmptyMind","Pray","Protect"],"picked":"SKIP","floor":22},{"not_picked":["PathToVictory","CrushJoints+1"],"picked":"TalkToTheHand+1","floor":23},{"not_picked":["CutThroughFate","JustLucky","Crescendo"],"picked":"SKIP","floor":27},{"not_picked":["PathToVictory","CrushJoints","ThirdEye"],"picked":"SKIP","floor":30},{"not_picked":["Judgement","DevaForm"],"picked":"LessonLearned","floor":33},{"not_picked":["JustLucky+1","SashWhip"],"picked":"Wallop","floor":35},{"not_picked":["Mind Blast","Panache"],"picked":"Madness","floor":37},{"not_picked":["Enlightenment","Mind Blast"],"picked":"Jack Of All Trades","floor":37},{"not_picked":["Deep Breath","Madness"],"picked":"Flash of Steel","floor":37},{"not_picked":["PathToVictory","EmptyFist","Conclude"],"picked":"SKIP","floor":38},{"not_picked":["ReachHeaven+1","EmptyFist"],"picked":"Conclude+1","floor":41},{"not_picked":["EmptyBody","Crescendo+1","SashWhip"],"picked":"SKIP","floor":45},{"not_picked":["DevaForm","LikeWater"],"picked":"Meditate+1","floor":46},{"not_picked":["Pray","CrushJoints","EmptyMind+1"],"picked":"SKIP","floor":48},{"not_picked":["Wireheading","SignatureMove"],"picked":"Prostrate+1","floor":49}],"player_experience":1619415,"relics_obtained":[{"floor":0,"key":"Ancient Tea Set"},{"floor":0,"key":"Shuriken"},{"floor":0,"key":"Shovel"},{"floor":7,"key":"Pen Nib"},{"floor":8,"key":"TeardropLocket"},{"floor":9,"key":"Vajra"},{"floor":12,"key":"Mercury Hourglass"},{"floor":15,"key":"CloakClasp"},{"floor":21,"key":"Nilry\u0027s Codex"},{"floor":23,"key":"Smiling Mask"},{"floor":26,"key":"Bag of Marbles"},{"floor":29,"key":"Kunai"},{"floor":30,"key":"Bottled Tornado"},{"floor":31,"key":"Damaru"},{"floor":40,"key":"CaptainsWheel"},{"floor":42,"key":"Pear"},{"floor":43,"key":"War Paint"},{"floor":44,"key":"Potion Belt"},{"floor":46,"key":"Dream Catcher"}],"event_choices":[{"cards_removed":["Strike_P"],"damage_healed":0,"gold_gain":0,"player_choice":"Card Removal","damage_taken":0,"max_hp_gain":0,"max_hp_loss":0,"event_name":"The Cleric","floor":2,"gold_loss":50},{"cards_removed":["Defend_P"],"damage_healed":0,"gold_gain":0,"player_choice":"Offered Basic","damage_taken":0,"max_hp_gain":0,"max_hp_loss":0,"event_name":"Bonfire Elementals","floor":3,"gold_loss":0},{"damage_healed":0,"gold_gain":0,"player_choice":"Opened","damage_taken":0,"relics_obtained":["Happy Flower"],"max_hp_gain":0,"max_hp_loss":0,"event_name":"The Mausoleum","floor":19,"gold_loss":0},{"damage_healed":0,"gold_gain":0,"player_choice":"Obtained Book","damage_taken":16,"max_hp_gain":0,"max_hp_loss":0,"event_name":"Cursed Tome","floor":21,"gold_loss":0},{"damage_healed":0,"gold_gain":0,"player_choice":"Memory 3","damage_taken":10,"max_hp_gain":0,"max_hp_loss":0,"event_name":"SensoryStone","floor":37,"gold_loss":0},{"cards_removed":["Defend_P"],"damage_healed":0,"gold_gain":0,"player_choice":"Removed Skill","damage_taken":0,"max_hp_gain":0,"max_hp_loss":0,"event_name":"Falling","floor":39,"gold_loss":0}],"is_beta":false,"boss_relics":[{"not_picked":["Pandora\u0027s Box","Astrolabe"],"picked":"Cursed Key"},{"not_picked":["Black Star","Busted Crown"],"picked":"Empty Cage"}],"items_purged_floors":[11,36],"is_endless":false,"potions_floor_spawned":[4,7,14,16,22,27,33,38],"ascension_level":13}}