{"host":"4qt77pm52ljaz00q","time":1610121398,"event":{"mods":["2.2 Compatiblity","Aspiration","Bard","BaseMod","Beaked The Cultist","BetterRewards","Challenge The Spire","ChefMod","Colored Map","Conspire","Friendly Minions","Glutton Mod","Halation","Hermit","Hubris","Infinite Spire","Jedi Mod","Mad Scientist","Marisa????????","Minty Spire (QoL Compilation)","Permanent Neow","Relic Sorter","Replay The Spire","Robot Space Explorer","Shade Mod","Shop Mod","Spires And Sneckos","StSLib","The Animator","The Bug Knight","The Construct","The Cursed","The Disciple","The Dragon Tamer","The Jungle","The Marked","The Mystic","The Necromancer","The Poker Player","The Runesmith","The Servant 0.9.4","Unknown Chances","Wandering Minibosses","vexMod"],"gold_per_floor":[118,191,202,218,240,240,295,295,395,370,370,385,436,461,461,587,612,635,660,660,683,683,683],"floor_reached":22,"playtime":1512,"items_purged":[],"score":196,"play_id":"afb0f9b8-8cfe-442d-978b-d82e845ad634","local_time":"20210108105638","is_ascension_mode":false,"campfire_choices":[{"data":"animator:DolaSchwi","floor":6,"key":"SMITH"},{"data":"animator:DolaCouronne","floor":8,"key":"SMITH"},{"data":"animator:Jibril","floor":11,"key":"SMITH"},{"data":"animator:Gilgamesh+4","floor":15,"key":"SMITH"}],"circlet_count":0,"master_deck":["animator:Strike_NoGameNoLife","animator:Defend_NoGameNoLife","animator:Strike","animator:Strike","animator:Strike","animator:Defend","animator:Defend","animator:Defend","animator:DolaSchwi+1","animator:DolaCouronne+1","animator:Jibril+1","animator:Gilgamesh+6","animator:Sora"],"relics":["animator:LivingPicture","animator:TheMissingPiece","infinitespire:Satchel","halation:PrussianBluePaint","conspire:Flyswatter","Happy Flower","Golden Idol","construct:WeddingRing"],"acts_visited":["Exordium","TheCity"],"potions_floor_usage":[7,13],"damage_taken":[{"damage":3,"enemies":"Small Slimes","floor":1,"turns":3},{"damage":6,"enemies":"Jaw Worm","floor":3,"turns":4},{"damage":10,"enemies":"2 Louse","floor":4,"turns":4},{"damage":4,"enemies":"Blue Slaver","floor":5,"turns":5},{"damage":9,"enemies":"Gremlin Nob","floor":7,"turns":3},{"damage":0,"enemies":"Exordium Wildlife","floor":12,"turns":3},{"damage":26,"enemies":"3 Sentries","floor":13,"turns":6},{"damage":5,"enemies":"Hexaghost","floor":16,"turns":6},{"damage":0,"enemies":"Spheric Guardian","floor":18,"turns":3},{"damage":30,"enemies":"2 Thieves","floor":19,"turns":3},{"damage":28,"enemies":"Shelled Parasite and Fungi","floor":21,"turns":4},{"damage":6,"enemies":"Cultist and Chosen","floor":22,"turns":2}],"seed_played":"-6484069949221312188","potions_obtained":[{"floor":3,"key":"ColorlessPotion"},{"floor":4,"key":"ColorlessPotion"},{"floor":16,"key":"PowerPotion"},{"floor":19,"key":"Weak Potion"}],"is_trial":false,"path_per_floor":["M","?","M","M","M","R","E","R","T","?","R","M","E","?","R","B",null,"M","M","?","M","M"],"character_chosen":"THE_ANIMATOR","items_purchased":[],"campfire_rested":0,"item_purchase_floors":[],"current_hp_per_floor":[63,63,57,47,43,43,34,34,34,34,34,34,8,8,8,4,62,62,32,32,4,0,0],"gold":683,"neow_bonus":"RANDOM_COMMON_RELIC","is_daily":false,"chose_seed":false,"campfire_upgraded":4,"win_rate":0.0,"timestamp":1610121398,"path_taken":["M","?","M","M","M","R","E","R","T","?","R","M","E","?","R","BOSS","M","M","?","M","M"],"items_purchased_type":[],"build_version":"2020-12-22","purchased_purges":0,"victory":false,"max_hp_per_floor":[66,66,66,66,66,66,66,66,66,66,66,66,66,61,61,62,62,62,62,62,62,62,62],"card_choices":[{"not_picked":["animator:Spearman","animator:Rider","animator:LizardPriest"],"picked":"SKIP","floor":1},{"not_picked":["animator:Verdia","animator:Caster","animator:DolaSchwi"],"picked":"SKIP","floor":3},{"not_picked":["animator:Vanir","animator:Konayuki","animator:Berserker"],"picked":"SKIP","floor":4},{"not_picked":["animator:IzunaHatsuse","animator:DolaStephanie"],"picked":"animator:Jibril","floor":5},{"not_picked":["animator:Megumin","animator:Sebas"],"picked":"animator:Gilgamesh","floor":7},{"not_picked":["animator:UneriGinkaku","animator:ZankiKiguchi","animator:FielNirvalen"],"picked":"SKIP","floor":12},{"not_picked":["animator:ShinjiMatou","animator:LizardPriest","animator:Alexander"],"picked":"SKIP","floor":13},{"not_picked":["animator:Rimuru","animator:Hans"],"picked":"animator:Sora","floor":16},{"not_picked":["animator:Entoma","animator:Hitei+1","animator:Cocytus"],"picked":"SKIP","floor":19},{"not_picked":["animator:ShinjiMatou","animator:Aqua","animator:DolaStephanie+1"],"picked":"SKIP","floor":21}],"player_experience":223020,"relics_obtained":[{"floor":7,"key":"halation:PrussianBluePaint"},{"floor":9,"key":"conspire:Flyswatter"},{"floor":13,"key":"Happy Flower"}],"event_choices":[{"damage_healed":0,"gold_gain":73,"player_choice":"Gained Gold","damage_taken":0,"max_hp_gain":0,"max_hp_loss":0,"event_name":"Golden Wing","floor":2,"gold_loss":0},{"damage_healed":0,"gold_gain":0,"player_choice":"Lose Max HP","damage_taken":0,"relics_obtained":["Golden Idol"],"max_hp_gain":0,"max_hp_loss":5,"event_name":"Golden Idol","floor":14,"gold_loss":0}],"is_beta":false,"boss_relics":[{"not_picked":["ReplayTheSpireMod:DimensionalGlitch","Replay:Cursed D8"],"picked":"construct:WeddingRing"}],"items_purged_floors":[],"is_endless":false,"potions_floor_spawned":[3,4,16,19],"killed_by":"Cultist and Chosen","ascension_level":0}}