{"host":"Troy","time":1610128954,"event":{"mods":["BaseMod","Colored Map","Highlight Path","Minty Spire (QoL Compilation)","Permanent Neow"],"gold_per_floor":[118,118,133,152,169,195,205,205,229,229,229,229,260,21,21,96,96,111,111,11,30,30,30,80,114,137,155,30,30,30,49,49,123,123,142,142,192,205,205,537,537,537,606,634,646,663,177,192,192,192,192],"floor_reached":50,"playtime":3381,"items_purged":["Strike_G","Defend_G","Defend_G","Masterful Stab"],"score":1260,"play_id":"da617bd3-61af-458b-b86d-75b1cdcd29d1","local_time":"20210108130234","is_ascension_mode":true,"campfire_choices":[{"data":"Catalyst","floor":8.0,"key":"SMITH"},{"floor":12.0,"key":"REST"},{"data":"Malaise","floor":15.0,"key":"SMITH"},{"data":"Heel Hook","floor":23.0,"key":"SMITH"},{"data":"Bouncing Flask","floor":32,"key":"SMITH"},{"floor":41,"key":"REST"},{"floor":49,"key":"RECALL"}],"circlet_count":0,"master_deck":["AscendersBane","Defend_G+1","Defend_G+1","Defend_G","Survivor","Neutralize","Bouncing Flask+1","Crippling Poison","Heel Hook+1","Malaise+1","Catalyst+1","Backstab","Concentrate","Backstab","Escape Plan","Crippling Poison+1","Apotheosis","Sadistic Nature","Panacea","Die Die Die","Catalyst","Acrobatics+1","Prepared","Crippling Poison+1"],"relics":["Ring of the Snake","Letter Opener","Blood Vial","Bag of Marbles","TheAbacus","WristBlade","Anchor","Fusion Hammer","Old Coin","Eternal Feather","Bottled Tornado","Membership Card","Oddly Smooth Stone","Toy Ornithopter"],"acts_visited":["Exordium","TheCity","TheBeyond"],"potions_floor_usage":[25,29,33,40,46,48,50,50],"damage_taken":[{"damage":4.0,"enemies":"Jaw Worm","floor":1.0,"turns":3.0},{"damage":0.0,"enemies":"2 Louse","floor":3.0,"turns":2.0},{"damage":0.0,"enemies":"Small Slimes","floor":4.0,"turns":3.0},{"damage":0.0,"enemies":"2 Fungi Beasts","floor":5.0,"turns":4.0},{"damage":19.0,"enemies":"3 Sentries","floor":6.0,"turns":11.0},{"damage":3.0,"enemies":"3 Louse","floor":7.0,"turns":3.0},{"damage":17.0,"enemies":"Lagavulin","floor":13.0,"turns":4.0},{"damage":0.0,"enemies":"The Guardian","floor":16.0,"turns":9.0},{"damage":0.0,"enemies":"3 Byrds","floor":18.0,"turns":5.0},{"damage":0.0,"enemies":"2 Thieves","floor":21.0,"turns":3.0},{"damage":26,"enemies":"Gremlin Leader","floor":25,"turns":6},{"damage":0,"enemies":"3 Cultists","floor":27,"turns":4},{"damage":1,"enemies":"Snecko","floor":29,"turns":3},{"damage":0,"enemies":"Cultist and Chosen","floor":31,"turns":3},{"damage":33,"enemies":"Automaton","floor":33,"turns":8},{"damage":0,"enemies":"3 Shapes","floor":35,"turns":3},{"damage":0,"enemies":"Orb Walker","floor":38,"turns":2},{"damage":7,"enemies":"Reptomancer","floor":40,"turns":3},{"damage":25,"enemies":"Nemesis","floor":44,"turns":5},{"damage":0,"enemies":"3 Darklings","floor":45,"turns":3},{"damage":1,"enemies":"Sphere and 2 Shapes","floor":46,"turns":3},{"damage":9,"enemies":"Jaw Worm Horde","floor":48,"turns":3},{"damage":62,"enemies":"Time Eater","floor":50,"turns":10}],"seed_played":"-4968488494530443013","potions_obtained":[{"floor":3.0,"key":"EssenceOfSteel"},{"floor":5.0,"key":"SkillPotion"},{"floor":7.0,"key":"SmokeBomb"},{"floor":13.0,"key":"EssenceOfSteel"},{"floor":18.0,"key":"Dexterity Potion"},{"floor":27,"key":"SpeedPotion"},{"floor":33,"key":"LiquidMemories"},{"floor":40,"key":"FearPotion"},{"floor":44,"key":"EssenceOfSteel"},{"floor":46,"key":"FearPotion"},{"floor":48,"key":"Poison Potion"}],"is_trial":false,"path_per_floor":["M","?","M","M","M","E","M","R","T","?","?","R","E","$","R","B",null,"M","?","$","M","?","R","?","E","T","M","$","M","$","M","R","B",null,"M","?","?","M","?","E","R","?","T","E","M","M","$","M","R","B"],"character_chosen":"THE_SILENT","items_purchased":["TheAbacus","Membership Card","Oddly Smooth Stone","Prepared","Toy Ornithopter","Fruit Juice"],"campfire_rested":2,"item_purchase_floors":[14,47,47,47,47,47],"current_hp_per_floor":[55,55,55,55,55,36,33,33,33,33,15,33,18,18,18,20,50,52,52,52,54,54,54,54,30,30,32,32,33,33,35,35,4,46,48,38,38,40,40,35,53,53,53,30,32,33,33,36,48,0,0],"gold":192,"neow_bonus":"TRANSFORM_TWO_CARDS","is_daily":false,"chose_seed":false,"campfire_upgraded":4,"win_rate":0.0,"timestamp":1610128954,"path_taken":["M","?","M","M","M","E","M","R","T","?","?","R","E","$","R","BOSS","M","?","$","M","?","R","?","E","T","?","?","M","?","M","R","BOSS","M","?","?","?","?","E","R","?","T","E","M","M","$","?","R","BOSS"],"items_purchased_type":["Relic","Relic","Relic","Card","Relic","Potion"],"build_version":"2020-12-18","purchased_purges":4,"victory":false,"max_hp_per_floor":[60,60,60,60,60,60,60,60,60,60,60,60,60,60,60,60,60,60,60,60,60,60,60,60,60,60,60,60,60,60,60,60,60,60,60,60,60,60,60,60,60,60,60,60,60,60,60,65,65,65,65],"card_choices":[{"not_picked":["Backflip","Blade Dance"],"picked":"Crippling Poison","floor":1.0},{"not_picked":["Dagger Spray","Slice","All Out Attack"],"picked":"SKIP","floor":3.0},{"not_picked":["Endless Agony","Blade Dance"],"picked":"Malaise","floor":4.0},{"not_picked":["Prepared","Poisoned Stab","Quick Slash"],"picked":"SKIP","floor":5.0},{"not_picked":["Poisoned Stab","A Thousand Cuts"],"picked":"Catalyst","floor":6.0},{"not_picked":["Flying Knee","Sucker Punch"],"picked":"Backstab","floor":7.0},{"not_picked":["Quick Slash","Deadly Poison"],"picked":"Concentrate","floor":13.0},{"not_picked":["Doppelganger","Envenom"],"picked":"Tools of the Trade","floor":16.0},{"not_picked":["Poisoned Stab","Crippling Poison","Flying Knee"],"picked":"SKIP","floor":18.0},{"not_picked":["All Out Attack+1","Caltrops","PiercingWail"],"picked":"SKIP","floor":21.0},{"not_picked":["Dodge and Roll","Outmaneuver","Backflip"],"picked":"SKIP","floor":25},{"not_picked":["Dodge and Roll","Outmaneuver"],"picked":"Escape Plan","floor":27},{"not_picked":["Flying Knee","Doppelganger","Dodge and Roll"],"picked":"SKIP","floor":31},{"not_picked":["Dagger Throw","Dodge and Roll"],"picked":"Crippling Poison+1","floor":35},{"not_picked":["Mind Blast","Bandage Up"],"picked":"Apotheosis","floor":36},{"not_picked":["Blind","Mayhem"],"picked":"Sadistic Nature","floor":36},{"not_picked":["Forethought","Mind Blast"],"picked":"Panacea","floor":36},{"not_picked":["Blade Dance","Dagger Throw+1","Dash"],"picked":"SKIP","floor":38},{"not_picked":["Poisoned Stab","Concentrate","Bane"],"picked":"SKIP","floor":40},{"not_picked":["Reflex","Poisoned Stab+1"],"picked":"Acrobatics+1","floor":44},{"not_picked":["Distraction+1","Cloak And Dagger","Doppelganger"],"picked":"SKIP","floor":45},{"not_picked":["Terror+1","Acrobatics","Deflect"],"picked":"SKIP","floor":46},{"not_picked":["Blade Dance","Outmaneuver+1"],"picked":"Crippling Poison+1","floor":48}],"player_experience":4075917,"relics_obtained":[{"floor":6.0,"key":"Letter Opener"},{"floor":9.0,"key":"Blood Vial"},{"floor":13.0,"key":"Bag of Marbles"},{"floor":25,"key":"Anchor"},{"floor":40,"key":"Old Coin"},{"floor":43,"key":"Eternal Feather"},{"floor":44,"key":"Bottled Tornado"}],"event_choices":[{"damage_healed":0.0,"max_hp_gain":0.0,"max_hp_loss":0.0,"gold_gain":0.0,"cards_transformed":["Strike_G"],"event_name":"Living Wall","player_choice":"Change","floor":2.0,"gold_loss":0.0,"damage_taken":0.0,"cards_obtained":["Heel Hook"]},{"damage_healed":0.0,"max_hp_gain":0.0,"max_hp_loss":0.0,"gold_gain":0.0,"event_name":"The Cleric","player_choice":"Leave","floor":10.0,"gold_loss":0.0,"damage_taken":0.0},{"damage_healed":0.0,"max_hp_gain":0.0,"max_hp_loss":0.0,"gold_gain":0.0,"event_name":"Shining Light","player_choice":"Entered Light","floor":11.0,"gold_loss":0.0,"damage_taken":18.0,"cards_upgraded":["Defend_G","Defend_G"]},{"damage_healed":0.0,"max_hp_gain":0.0,"max_hp_loss":0.0,"gold_gain":0.0,"event_name":"The Library","player_choice":"Read","floor":19.0,"gold_loss":0.0,"damage_taken":0.0,"cards_obtained":["Backstab"]},{"cards_removed":["Strike_G"],"damage_healed":0.0,"max_hp_gain":0.0,"max_hp_loss":0.0,"gold_gain":0.0,"event_name":"Back to Basics","player_choice":"Elegance","floor":22.0,"gold_loss":0.0,"damage_taken":0.0},{"damage_healed":0.0,"max_hp_gain":0.0,"max_hp_loss":0.0,"gold_gain":50.0,"event_name":"Nest","player_choice":"Stole From Cult","floor":24.0,"gold_loss":0.0,"damage_taken":0.0},{"damage_healed":0,"gold_gain":0,"player_choice":"Memory 3","damage_taken":10,"max_hp_gain":0,"max_hp_loss":0,"event_name":"SensoryStone","floor":36,"gold_loss":0},{"damage_healed":0,"gold_gain":50,"player_choice":"Pray","damage_taken":0,"max_hp_gain":0,"max_hp_loss":0,"event_name":"Golden Shrine","floor":37,"gold_loss":0},{"cards_removed":["Tools of the Trade"],"damage_healed":0,"gold_gain":0,"player_choice":"Removed Power","damage_taken":0,"max_hp_gain":0,"max_hp_loss":0,"event_name":"Falling","floor":39,"gold_loss":0},{"damage_healed":0,"gold_gain":0,"player_choice":"2 cards matched","damage_taken":0,"max_hp_gain":0,"max_hp_loss":0,"event_name":"Match and Keep!","floor":42,"gold_loss":0,"cards_obtained":["Die Die Die","Catalyst"]}],"is_beta":true,"boss_relics":[{"not_picked":["Ectoplasm","Black Star"],"picked":"WristBlade"},{"not_picked":["Philosopher\u0027s Stone","Velvet Choker"],"picked":"Fusion Hammer"}],"items_purged_floors":[14,20,28,47],"is_endless":false,"potions_floor_spawned":[3,5,7,13,18,21,27,33,40,44,46,48],"killed_by":"Time Eater","ascension_level":20}}