{"host":"lxihx0b6awoz2w1j","time":1610068880,"event":{"mods":["Aspiration","BaseMod","Better Third Choice","CapriCore","Colored Powertips","Downfall","Hermit","HololiveMod","Hubris","Infinite Spire","JesterMod","Luminous","Marisa????????","Melee Mod","Minty Spire (QoL Compilation)","Prisma Mod","Quick Restart","Relic Stats","Replay The Spire","Shade Mod","Spicy Shops","StSLib","The Alterego","The Blue Laboratory","The Cursed","The Disciple","The Forsaken","The Immortal","The Jungle","The Marked","The Runesmith","The Senshi","The Servant 0.9.4","Waifu the Spire"],"gold_per_floor":[120,120,24,35,55,55,85,101,127,30,30,45,45,59,59,161,161,173,183,98,115,9,9,9,9,79,79,94,129,129,129,129,231,231,251,251,262,262,262,288,306,334,334,0,0,0,17,30,30,30],"floor_reached":51,"playtime":3036,"items_purged":[],"score":650,"play_id":"55af0d84-a924-4338-97c2-3e80766386f2","local_time":"20210108022120","is_ascension_mode":false,"campfire_choices":[{"data":"alterego_mod:Swimsuit","floor":6.0,"key":"SMITH"},{"data":"alterego_mod:BigMeatyClaws","floor":13.0,"key":"SMITH"},{"data":"alterego_mod:Impale","floor":15.0,"key":"SMITH"},{"floor":23.0,"key":"REST"},{"data":"alterego_mod:ChallengeComplete","floor":25.0,"key":"SMITH"},{"data":"alterego_mod:Palingenesis","floor":27.0,"key":"SMITH"},{"floor":32.0,"key":"REST"},{"data":"alterego_mod:SideboobHour","floor":45.0,"key":"SMITH"},{"data":"alterego_mod:TrickOrTreatment","floor":49.0,"key":"SMITH"}],"circlet_count":0,"master_deck":["alterego_mod:Strike","alterego_mod:Strike","alterego_mod:Strike","alterego_mod:Strike","alterego_mod:Defend","alterego_mod:Defend","alterego_mod:Defend","alterego_mod:Defend","alterego_mod:Impale+1","alterego_mod:BigMeatyClaws+1","alterego_mod:BrynhildrsRune","alterego_mod:ChallengeComplete+1","alterego_mod:ClassAdvantage","alterego_mod:Swimsuit+1","alterego_mod:Complex+1","alterego_mod:Pet+1","alterego_mod:DiscoLights+1","alterego_mod:GoddessCore+1","alterego_mod:1TonWallop+1","alterego_mod:Palingenesis+1","alterego_mod:Jiggle+1","alterego_mod:Birthday+1","alterego_mod:Nekomimi+1","alterego_mod:Support+1","alterego_mod:Maid+1","alterego_mod:Birthday+1","alterego_mod:IndependentAction","alterego_mod:MagicResistance+1","alterego_mod:SideboobHour+1","alterego_mod:BreastValley","alterego_mod:Stockings+1","alterego_mod:Bounce+1","alterego_mod:Crossover+1","alterego_mod:Bounce+1","alterego_mod:Birthday+1","alterego_mod:Birthday+1","alterego_mod:TrickOrTreatment+1","alterego_mod:BigMeatyClaws","alterego_mod:BiFurious+1"],"relics":["alterego_mod:MasochisticConstitution","theForsaken:HumbleEgg","aspiration:ChemicalBlood","hubris:VirtuousBlindfold","Tiny Chest","infinitespire:FocusingShard","Mirror","Singing Bowl","Orrery","Sozu","hubris:Icosahedron","Molten Egg 2","Counterbalance","infinitespire:Eraser","Toy Ornithopter","Art of War","Matryoshka"],"acts_visited":["Exordium","TheCity","TheBeyond"],"potions_floor_usage":[],"damage_taken":[{"damage":2.0,"enemies":"Small Slimes","floor":1.0,"turns":4.0},{"damage":1.0,"enemies":"Cultist","floor":4.0,"turns":4.0},{"damage":0.0,"enemies":"2 Louse","floor":5.0,"turns":2.0},{"damage":11.0,"enemies":"Gremlin Nob","floor":7.0,"turns":4.0},{"damage":16.0,"enemies":"Exordium Thugs","floor":8.0,"turns":4.0},{"damage":11.0,"enemies":"3 Louse","floor":12.0,"turns":3.0},{"damage":0.0,"enemies":"Large Slime","floor":14.0,"turns":4.0},{"damage":42.0,"enemies":"The Guardian","floor":16.0,"turns":11.0},{"damage":11.0,"enemies":"Shell Parasite","floor":18.0,"turns":3.0},{"damage":18.0,"enemies":"2 Thieves","floor":19.0,"turns":2.0},{"damage":18.0,"enemies":"Sentry and Sphere","floor":21.0,"turns":5.0},{"damage":9.0,"enemies":"Shelled Parasite and Fungi","floor":28.0,"turns":6.0},{"damage":25.0,"enemies":"Slavers","floor":29.0,"turns":4.0},{"damage":17.0,"enemies":"Colosseum Slavers","floor":31.0,"turns":2.0},{"damage":17.0,"enemies":"Champ","floor":33.0,"turns":9.0},{"damage":23.0,"enemies":"3 Darklings","floor":35.0,"turns":6.0},{"damage":9.0,"enemies":"3 Shapes","floor":37.0,"turns":6.0},{"damage":14.0,"enemies":"Reptomancer","floor":40.0,"turns":7.0},{"damage":6.0,"enemies":"Jaw Worm Horde","floor":41.0,"turns":4.0},{"damage":22.0,"enemies":"Nightmare","floor":42.0,"turns":9.0},{"damage":0.0,"enemies":"Maw","floor":47.0,"turns":5.0},{"damage":16.0,"enemies":"Writhing Mass","floor":48.0,"turns":5.0},{"damage":62,"enemies":"Replay:Hell Engine","floor":50,"turns":10}],"seed_played":"3502184738011203599","potions_obtained":[{"floor":1.0,"key":"Block Potion"},{"floor":7.0,"key":"SteroidPotion"},{"floor":8.0,"key":"hexamod:EctoCoolerPotion"},{"floor":16.0,"key":"blueLaboratory:RecallPotion"},{"floor":18.0,"key":"SteroidPotion"},{"floor":29.0,"key":"blueLaboratory:PyrophylliteBrew"}],"is_trial":false,"path_per_floor":["M","?","$","M","M","R","E","M","T","$","?","M","R","M","R","B",null,"M","M","?","M","$","R","T","R","T","R","M","E","AVR","?","R","B",null,"M","?","M","T","AVR","E","M","NM","T","$","R","?","M","M","R","B",null],"character_chosen":"The_Alterego","items_purchased":["alterego_mod:Swimsuit","alterego_mod:DiscoLights+1","Block Potion","alterego_mod:Support+1","alterego_mod:Maid+1","Matryoshka","alterego_mod:Bounce+1","alterego_mod:Birthday+1"],"campfire_rested":2,"item_purchase_floors":[3,10,10,22,22,44,44,44],"current_hp_per_floor":[76,76,76,76,76,76,66,51,51,51,81,71,71,71,71,37,83,73,56,56,42,42,67,67,67,67,67,62,43,47,37,65,55,96,79,79,77,77,77,70,78,70,70,70,70,70,82,86,86,37],"gold":30,"neow_bonus":"TEN_PERCENT_HP_BONUS","is_daily":false,"chose_seed":false,"campfire_upgraded":7,"win_rate":0.0,"timestamp":1610068880,"path_taken":["M","?","$","M","M","R","E","?","T","$","?","M","R","?","R","BOSS","M","M","?","M","$","R","?","R","T","R","M","E","AVR","?","R","BOSS","M","?","M","?","AVR","E","M","NM","T","$","R","?","?","M","R","BOSS"],"items_purchased_type":["Card","Card","Potion","Card","Card","Relic","Card","Card"],"build_version":"2020-12-22","purchased_purges":0,"victory":true,"max_hp_per_floor":[78,78,78,79,79,79,80,81,81,81,81,82,82,82,82,83,83,84,85,85,86,86,86,86,86,86,86,87,90,94,95,95,96,96,99,99,100,100,100,101,102,103,103,103,103,103,103,106,106,107],"relic_stats":{"Sozu":5,"Singing Bowl":10,"counters":[23,119],"Tiny Chest":1,"Art of War":[1],"obtain_stats":[{"alterego_mod:MasochisticConstitution":0,"Singing Bowl":29,"Counterbalance":39,"hubris:VirtuousBlindfold":17,"infinitespire:FocusingShard":24,"Sozu":34,"theForsaken:HumbleEgg":7,"hubris:Icosahedron":36,"Matryoshka":44,"Orrery":30,"Tiny Chest":20,"Molten Egg 2":38,"Art of War":43,"infinitespire:Eraser":40,"Mirror":26,"Toy Ornithopter":42,"aspiration:ChemicalBlood":9},{"alterego_mod:MasochisticConstitution":0,"Singing Bowl":13,"Counterbalance":17,"hubris:VirtuousBlindfold":8,"infinitespire:FocusingShard":11,"Sozu":15,"theForsaken:HumbleEgg":4,"hubris:Icosahedron":16,"Matryoshka":20,"Orrery":13,"Tiny Chest":10,"Molten Egg 2":17,"Art of War":20,"infinitespire:Eraser":18,"Mirror":11,"Toy Ornithopter":20,"aspiration:ChemicalBlood":5},{"alterego_mod:MasochisticConstitution":0,"Singing Bowl":56,"Counterbalance":79,"hubris:VirtuousBlindfold":36,"infinitespire:FocusingShard":46,"Sozu":67,"theForsaken:HumbleEgg":14,"hubris:Icosahedron":73,"Matryoshka":99,"Orrery":56,"Tiny Chest":41,"Molten Egg 2":79,"Art of War":99,"infinitespire:Eraser":86,"Mirror":46,"Toy Ornithopter":99,"aspiration:ChemicalBlood":18}],"Toy Ornithopter":5},"card_choices":[{"not_picked":["alterego_mod:Clap","alterego_mod:Birthday"],"picked":"alterego_mod:Nekomimi","floor":1.0},{"not_picked":["alterego_mod:Cooking","alterego_mod:TrashNCrash","alterego_mod:GachaTicket"],"picked":"SKIP","floor":4.0},{"not_picked":["alterego_mod:Rip","alterego_mod:Bloomers","alterego_mod:PurpleHair"],"picked":"SKIP","floor":5.0},{"not_picked":["alterego_mod:Cycle+1","alterego_mod:Cooking+1"],"picked":"alterego_mod:Complex+1","floor":7.0},{"not_picked":["alterego_mod:Belle","alterego_mod:Rip+1"],"picked":"alterego_mod:Pet+1","floor":8.0},{"not_picked":["alterego_mod:1TonWallop+1","alterego_mod:TrashNCrash+1"],"picked":"alterego_mod:GoddessCore+1","floor":12.0},{"not_picked":["alterego_mod:Lingerie","alterego_mod:PurpleHair"],"picked":"alterego_mod:1TonWallop+1","floor":14.0},{"not_picked":["alterego_mod:ClassAdvantage","alterego_mod:AlterEgo"],"picked":"alterego_mod:Palingenesis","floor":16.0},{"not_picked":["alterego_mod:1TonWallop+1","alterego_mod:Complex+1"],"picked":"alterego_mod:Jiggle+1","floor":18.0},{"not_picked":["alterego_mod:Collar","alterego_mod:Punishment+1"],"picked":"alterego_mod:Birthday+1","floor":19.0},{"not_picked":["alterego_mod:RingBreak","alterego_mod:SakuraFive"],"picked":"alterego_mod:Nekomimi+1","floor":21.0},{"not_picked":["alterego_mod:TrashNCrash+1","alterego_mod:Clap","alterego_mod:PurpleHair+1"],"picked":"SKIP","floor":28.0},{"not_picked":["alterego_mod:BeGentle","alterego_mod:Skirt+1","alterego_mod:SakuraLabyrinth"],"picked":"Singing Bowl","floor":29.0},{"not_picked":["alterego_mod:Complex+1","alterego_mod:Support"],"picked":"alterego_mod:Birthday+1","floor":30.0},{"not_picked":["alterego_mod:SakuraLabyrinth","alterego_mod:PerceptionDisorder+1","alterego_mod:1TonWallop+1"],"picked":"Singing Bowl","floor":30.0},{"not_picked":["alterego_mod:TrashNCrash+1","alterego_mod:BusterCard+1","alterego_mod:Complex+1"],"picked":"Singing Bowl","floor":30.0},{"not_picked":["alterego_mod:Palingenesis","alterego_mod:TrashNCrash+1"],"picked":"alterego_mod:IndependentAction","floor":30.0},{"not_picked":["alterego_mod:BeGentle","alterego_mod:Mirror+1"],"picked":"alterego_mod:MagicResistance+1","floor":30.0},{"not_picked":["alterego_mod:AlterEgo","alterego_mod:Tantrum"],"picked":"alterego_mod:SideboobHour","floor":33.0},{"not_picked":["alterego_mod:Rip+1","alterego_mod:Skirt+1","alterego_mod:Cushion"],"picked":"Singing Bowl","floor":35.0},{"not_picked":["alterego_mod:PurpleHair+1","alterego_mod:1TonWallop+1"],"picked":"alterego_mod:BreastValley","floor":37.0},{"not_picked":["alterego_mod:SakuraPetals+1","alterego_mod:ClassAdvantage"],"picked":"alterego_mod:Stockings+1","floor":40.0},{"not_picked":["alterego_mod:Birthday+1","alterego_mod:Jiggle+1"],"picked":"alterego_mod:Bounce+1","floor":41.0},{"not_picked":["alterego_mod:Skirt+1","alterego_mod:HighServant+1"],"picked":"alterego_mod:Crossover+1","floor":42.0},{"not_picked":["alterego_mod:Cycle+1","alterego_mod:Clap+1"],"picked":"alterego_mod:BiFurious+1","floor":47.0},{"not_picked":["alterego_mod:Schoolgirl","alterego_mod:MaintainEyeContact","alterego_mod:BiFurious+1"],"picked":"Singing Bowl","floor":48.0}],"player_experience":539430,"relics_obtained":[{"floor":7.0,"key":"theForsaken:HumbleEgg"},{"floor":9.0,"key":"aspiration:ChemicalBlood"},{"floor":24.0,"key":"infinitespire:FocusingShard"},{"floor":26.0,"key":"Mirror"},{"floor":29.0,"key":"Singing Bowl"},{"floor":38.0,"key":"Molten Egg 2"},{"floor":40.0,"key":"infinitespire:Eraser"},{"floor":42.0,"key":"Toy Ornithopter"},{"floor":43.0,"key":"Art of War"}],"event_choices":[{"damage_healed":0.0,"max_hp_gain":0.0,"max_hp_loss":0.0,"gold_gain":0.0,"event_name":"Match and Keep!","player_choice":"2 cards matched","floor":2.0,"gold_loss":0.0,"damage_taken":0.0,"cards_obtained":["alterego_mod:ChallengeComplete","alterego_mod:ClassAdvantage"]},{"cards_removed":["alterego_mod:Nekomimi"],"damage_healed":30.0,"max_hp_gain":0.0,"max_hp_loss":0.0,"gold_gain":0.0,"event_name":"Bonfire Elementals","player_choice":"Offered Uncommon","floor":11.0,"gold_loss":0.0,"damage_taken":0.0},{"damage_healed":0.0,"max_hp_gain":0.0,"max_hp_loss":0.0,"gold_gain":0.0,"event_name":"Addict","player_choice":"Obtained Relic","floor":20.0,"gold_loss":85.0,"damage_taken":0.0,"relics_obtained":["Tiny Chest"]},{"damage_healed":0.0,"max_hp_gain":0.0,"max_hp_loss":0.0,"gold_gain":0.0,"event_name":"Colosseum","player_choice":"Fight","floor":31.0,"gold_loss":0.0,"damage_taken":0.0},{"damage_healed":0.0,"max_hp_gain":0.0,"max_hp_loss":0.0,"gold_gain":0.0,"event_name":"Colosseum","player_choice":"Fled From Nobs","floor":31.0,"gold_loss":0.0,"damage_taken":0.0},{"damage_healed":0.0,"max_hp_gain":0.0,"max_hp_loss":0.0,"gold_gain":0.0,"event_name":"Match and Keep!","player_choice":"3 cards matched","floor":46.0,"gold_loss":0.0,"damage_taken":0.0,"cards_obtained":["alterego_mod:Birthday","alterego_mod:TrickOrTreatment","alterego_mod:BigMeatyClaws"]}],"is_beta":false,"boss_relics":[{"not_picked":["Tiny House","hubris:Backtick"],"picked":"hubris:VirtuousBlindfold"},{"not_picked":["hubris:BlackHole","ReplayTheSpireMod:DimensionalGlitch"],"picked":"Sozu"}],"items_purged_floors":[],"is_endless":false,"potions_floor_spawned":[1,7,8,16,18,19,29,35,40,41,47,48],"ascension_level":0}}