{"host":"4gr5irrdjh39ysed","time":1610069627,"event":{"mods":["AchievementEnabler","BaseMod","Colored Map","Downfall","Hermit","Minty Spire (QoL Compilation)","Random Character Button","Replay The Spire","StSLib","The Construct","The Cursed","The Disciple","The Hierophant","The Jungle","The Mystic","The Necromancer","The Runesmith"],"gold_per_floor":[115,190,201,201,151,151,178,178,178,211,231,71,88,99,99,204,204,218,228,348,348,364,364,364,364,364,15,31,31,41,60,60,162,162,172,220,220,236,236,236,268,268,268,278,295,311,329,174,174,174,174,174,49,80,80],"floor_reached":56,"playtime":3910,"items_purged":["Defend_G","Survivor","ReplayTheSpireMod:The Works"],"score":1560,"play_id":"261eb39c-8f3a-44c5-b4ae-11827020dd3f","local_time":"20210107183347","is_ascension_mode":true,"campfire_choices":[{"floor":6.0,"key":"RECALL"},{"data":"ReplayTheSpireMod:From All Sides","floor":8.0,"key":"SMITH"},{"data":"Burst","floor":15.0,"key":"SMITH"},{"data":"Adrenaline","floor":23.0,"key":"SMITH"},{"floor":32,"key":"DIG"},{"floor":40,"key":"DIG"},{"data":"Bullet Time","floor":42,"key":"SMITH"},{"floor":49,"key":"DIG"},{"floor":52,"key":"DIG"}],"circlet_count":0,"master_deck":["Neutralize","expansioncontent:Flail","Dagger Spray","ReplayTheSpireMod:From All Sides+1","Burst+1","Terror","Bullet Time","Distraction","ReplayTheSpireMod:Scrap Shanks","Adrenaline+1","Blade Dance+1","Outmaneuver+1","Dagger Throw","Die Die Die","Die Die Die","Envenom","Dagger Throw+1","Noxious Fumes","Poison Darts","Poison Darts","Storm of Steel","Accuracy","Bullet Time+1","Bullet Time+1","Terror","Dodge and Roll+1","ReplayTheSpireMod:Shiv Toss","Acrobatics","Deadly Poison+1","Deadly Poison+1","Atom Bomb","Parasite","Blade Dance+1","Eviscerate+1","Flying Knee"],"relics":["Ring of the Snake","Letter Opener","Sundial","Blood Vial","Shovel","theJungle:WildStrawberry","Gremlin Horn","Eternal Feather","Pandora\u0027s Box","Turnip","ReplayTheSpireMod:Shallot","Runesmith:Nanobots","Question Card","Replay:Kaleidoscope","Snack Pack","War Paint"],"acts_visited":["TheBeyond","TheEnding"],"potions_floor_usage":[45,50],"damage_taken":[{"damage":6.0,"enemies":"Cultist","floor":1.0,"turns":3.0},{"damage":12.0,"enemies":"Jaw Worm","floor":3.0,"turns":3.0},{"damage":34.0,"enemies":"3 Sentries","floor":7.0,"turns":5.0},{"damage":57.0,"enemies":"Gremlin Nob","floor":10.0,"turns":6.0},{"damage":0.0,"enemies":"Small Slimes","floor":11.0,"turns":2.0},{"damage":17.0,"enemies":"Blue Slaver","floor":13.0,"turns":4.0},{"damage":21.0,"enemies":"Lots of Slimes","floor":14.0,"turns":2.0},{"damage":60.0,"enemies":"Fading Forest","floor":16.0,"turns":11.0},{"damage":51.0,"enemies":"theJungle:GiantWrat","floor":18.0,"turns":7.0},{"damage":62.0,"enemies":"theJungle:MUSHROOMGANG","floor":19.0,"turns":5.0},{"damage":64.0,"enemies":"theJungle:2_Flameangoes","floor":22.0,"turns":7.0},{"damage":37.0,"enemies":"theJungle:JungleHuntersEncounter","floor":28.0,"turns":5.0},{"damage":25,"enemies":"theJungle:Lyon","floor":30,"turns":3},{"damage":17,"enemies":"theJungle:2_Snecko_Cultists","floor":31,"turns":4},{"damage":32,"enemies":"theJungle:QueenSpyder","floor":33,"turns":10},{"damage":26,"enemies":"Orb Walker","floor":35,"turns":3},{"damage":79,"enemies":"2 Orb Walkers","floor":36,"turns":4},{"damage":35,"enemies":"3 Shapes","floor":38,"turns":3},{"damage":114,"enemies":"Nemesis","floor":41,"turns":9},{"damage":78,"enemies":"Writhing Mass","floor":44,"turns":6},{"damage":56,"enemies":"Maw","floor":45,"turns":6},{"damage":59,"enemies":"3 Darklings","floor":46,"turns":4},{"damage":42,"enemies":"4 Shapes","floor":47,"turns":3},{"damage":310,"enemies":"Awakened One","floor":50,"turns":12},{"damage":58,"enemies":"Shield and Spear","floor":54,"turns":5},{"damage":357,"enemies":"The Heart","floor":55,"turns":10}],"seed_played":"-660765818313395824","potions_obtained":[{"floor":3.0,"key":"sneckomod:MuddlingPotion"},{"floor":14.0,"key":"SneckoOil"},{"floor":16.0,"key":"Poison Potion"},{"floor":19.0,"key":"Reflective Coating"},{"floor":33,"key":"BlessingOfTheForge"},{"floor":36,"key":"Weak Potion"}],"is_trial":false,"path_per_floor":["M","?","M","T","?","R","E","R","T","E","M","$","M","M","R","B",null,"M","M","?","?","M","R","?","?","T","$","M","?","M","M","R","B",null,"M","?","?","M","?","R","E","R","T","M","M","M","M","$","R","B",null,"R","$","E","B",null],"character_chosen":"THE_SILENT","items_purchased":["Bullet Time","Die Die Die","Envenom","Eviscerate+1"],"campfire_rested":0,"item_purchase_floors":[12,27,27,48],"current_hp_per_floor":[2057,2046,2034,2034,2034,2034,2000,2000,2000,1943,1945,1945,1930,1911,1911,1859,2017,1968,1908,1598,1598,1536,1536,1528,1521,1521,1521,1486,1481,1458,1443,1443,1413,1915,1891,1814,1819,1786,1786,1804,1692,1710,1710,1634,1580,1523,1483,1483,1504,1196,1783,1804,1804,1754,1405],"gold":80,"neow_bonus":"RANDOM_COLORLESS","is_daily":false,"chose_seed":false,"campfire_upgraded":4,"win_rate":0.0,"timestamp":1610069627,"path_taken":["M","?","M","?","?","R","E","R","T","E","M","?","?","M","R","BOSS","M","M","?","?","M","R","?","?","T","$","?","?","M","M","R","BOSS","M","?","?","?","?","R","E","R","T","M","M","M","M","?","R","BOSS","R","$","E","BOSS"],"items_purchased_type":["Card","Card","Card","Card"],"build_version":"2020-12-22","purchased_purges":3,"victory":true,"max_hp_per_floor":[2070,2070,2070,2070,2070,2070,2070,2070,2070,2070,2070,2070,2070,2070,2070,2070,2070,2070,2070,2070,2070,2070,2070,2070,2077,2077,2077,2077,2082,2082,2082,2082,2082,2082,2082,2082,2082,2082,1978,1978,1978,1978,1978,1978,1978,1978,1978,1978,1978,1978,1978,1978,1978,1978,1978],"card_choices":[{"not_picked":["Purity","Replay:SS_fish_3"],"picked":"expansioncontent:Flail","floor":0.0},{"not_picked":["Slice","PiercingWail"],"picked":"Dagger Spray","floor":1.0},{"not_picked":["Reflex","Underhanded Strike"],"picked":"ReplayTheSpireMod:From All Sides","floor":3.0},{"not_picked":["Dodge and Roll","Cloak And Dagger"],"picked":"ReplayTheSpireMod:The Works","floor":7.0},{"not_picked":["ReplayTheSpireMod:The Works","All Out Attack"],"picked":"Burst","floor":10.0},{"not_picked":["Acrobatics","Escape Plan"],"picked":"Terror","floor":11.0},{"not_picked":["Bane","All Out Attack"],"picked":"Distraction","floor":13.0},{"not_picked":["ReplayTheSpireMod:The Works","Footwork"],"picked":"ReplayTheSpireMod:Scrap Shanks","floor":14.0},{"not_picked":["After Image","A Thousand Cuts"],"picked":"Adrenaline","floor":16.0},{"not_picked":["Slice","Heel Hook"],"picked":"Blade Dance+1","floor":18.0},{"not_picked":["Setup","Flying Knee"],"picked":"Outmaneuver+1","floor":19.0},{"not_picked":["Blur+1","Masterful Stab"],"picked":"Dagger Throw","floor":22.0},{"not_picked":["PiercingWail+1","Backflip"],"picked":"Dagger Throw+1","floor":28.0},{"not_picked":["Skewer","PiercingWail"],"picked":"Noxious Fumes","floor":30},{"not_picked":["Poisoned Stab","Deflect"],"picked":"Poison Darts","floor":31},{"not_picked":["Glass Knife","Venomology"],"picked":"Poison Darts","floor":33},{"not_picked":["Dagger Spray","Terror"],"picked":"Deadly Poison+1","floor":35},{"not_picked":["Flying Knee","Infinite Blades"],"picked":"Deadly Poison+1","floor":36},{"not_picked":["Setup","Burst","PiercingWail+1"],"picked":"SKIP","floor":38},{"not_picked":["Acrobatics","Bane+1"],"picked":"Atom Bomb","floor":41},{"not_picked":["Blade Dance+1","Bane","ReplayTheSpireMod:Shiv Toss","Outmaneuver+1"],"picked":"SKIP","floor":44},{"not_picked":["Dagger Throw","Deflect+1","Dagger Spray+1","ReplayTheSpireMod:Tripwire"],"picked":"SKIP","floor":45},{"not_picked":["Footwork+1","Cloak And Dagger+1","Slice","Backflip+1"],"picked":"SKIP","floor":46},{"not_picked":["Outmaneuver+1","Bane+1","Eviscerate"],"picked":"Blade Dance+1","floor":47},{"not_picked":["Distraction+1","Dodge and Roll","Slice+1"],"picked":"Flying Knee","floor":54}],"player_experience":182047,"relics_obtained":[{"floor":7.0,"key":"Letter Opener"},{"floor":9.0,"key":"Sundial"},{"floor":10.0,"key":"Blood Vial"},{"floor":26.0,"key":"Gremlin Horn"},{"floor":32,"key":"Eternal Feather"},{"floor":36,"key":"Turnip"},{"floor":40,"key":"ReplayTheSpireMod:Shallot"},{"floor":41,"key":"Runesmith:Nanobots"},{"floor":43,"key":"Question Card"},{"floor":49,"key":"Replay:Kaleidoscope"},{"floor":52,"key":"Snack Pack"},{"floor":54,"key":"War Paint"}],"event_choices":[{"damage_healed":0.0,"max_hp_gain":0.0,"max_hp_loss":0.0,"gold_gain":75.0,"event_name":"World of Goop","player_choice":"Gather Gold","floor":2.0,"gold_loss":0.0,"damage_taken":11.0},{"cards_removed":["Defend_G"],"damage_healed":0.0,"max_hp_gain":0.0,"max_hp_loss":0.0,"gold_gain":0.0,"event_name":"The Cleric","player_choice":"Card Removal","floor":5.0,"gold_loss":50.0,"damage_taken":0.0},{"damage_healed":0,"gold_gain":0,"player_choice":"Fight","damage_taken":0,"max_hp_gain":0,"max_hp_loss":0,"event_name":"Mysterious Sphere","floor":36,"gold_loss":0},{"cards_removed":["theJungle:PetSnecko"],"damage_healed":5,"gold_gain":0,"player_choice":"Offered Special","damage_taken":0,"max_hp_gain":0,"max_hp_loss":0,"event_name":"Bonfire Elementals","floor":37,"gold_loss":0},{"damage_healed":0,"gold_gain":0,"player_choice":"Max HP","damage_taken":0,"max_hp_gain":0,"max_hp_loss":104,"event_name":"Winding Halls","floor":39,"gold_loss":0}],"is_beta":false,"boss_relics":[{"not_picked":["Kintsugi","Velvet Choker","Ring of Chaos"]},{"not_picked":["Runic Dome","Cursed Key"],"picked":"Pandora\u0027s Box"}],"items_purged_floors":[27,48,53],"is_endless":false,"potions_floor_spawned":[3,14,16,19,30,33,35,36,44],"ascension_level":8}}