{"host":"4nheqd2tld5ixkgx","time":1610094099,"event":{"mods":["BaseMod","GifTheSpireLib","HololiveMod","Minty Spire (QoL Compilation)","StSLib"],"gold_per_floor":[78,78,78,96,109,142,165,199,199,226,237,253,266,297,297,408,408,436,436,535,276,303,331,407,407,407,421,421,421,440,440,440,558,608,629,644,644,4,48,48,93,93,119,165,190,190,208,230,230,272,272,272,6,62,69],"floor_reached":56,"playtime":3699,"items_purged":["Writhe"],"score":1678,"play_id":"34254afb-01e7-4c4a-981a-0f0b56dfc74d","local_time":"20210108172139","is_ascension_mode":false,"campfire_choices":[{"data":"Hololive_RevenueBasedLive","floor":15,"key":"SMITH"},{"data":"Hololive_OvertimeWork","floor":29,"key":"SMITH"},{"floor":32,"key":"RECALL"},{"data":"Hololive_Yoholoon","floor":40,"key":"SMITH"},{"data":"Hololive_CallHoshimachiSuisei","floor":49,"key":"SMITH"},{"data":"Hololive_StrengthChampion+1","floor":52,"key":"SMITH"}],"circlet_count":0,"master_deck":["Hololive_RecruitS+1","Hololive_RecruitS+1","Hololive_RecruitS+1","Hololive_RecruitS+1","Hololive_Strike+1","Hololive_Psychosis+1","Hololive_CallShishiroBotan+1","Hololive_CallAkiRosenthal+1","Hololive_CallOzoraSubaru+1","Hololive_Thief+1","Hololive_OvertimeWork+1","Hololive_CallYozoraMel+1","Hololive_Nanodesu+1","Hololive_CallDoris+1","Hololive_CallYuzukiChoco+1","Hololive_RevenueBasedLive+1","Hololive_DurableLive+1","Hololive_CallHoushouMarine+1","Ghostly+1","Ghostly+1","Ghostly+1","Ghostly+1","Ghostly+1","Hololive_CallUsadaPekora+1","Hololive_SummonFox+1","Hololive_IdolExercise+1","Hololive_CocoNews+1","Hololive_CallInugamiKorone+1","Hololive_CallOkamiMio+1","Hololive_CallShirakamiFubuki+1","Hololive_RevenueBasedLive+1","Hololive_BeCareful+1","Hololive_FlyingPonyTail+1","Hololive_CallHimemoriLuna+1","Hololive_CallSpadeEcho+1","Hololive_Yoholoon+1","Hololive_CallAZKi+1","Hololive_DurableLive+1","Hololive_WolfAndLamb+1","Hololive_CallMurasakiShion+1","Hololive_StrengthChampion+2","Hololive_CallHoshimachiSuisei+1","Hololive_Psychosis+1","Hololive_CallNakiriAyame","Hololive_Rebirth"],"relics":["Hololive_TheStar","Hololive_YagooBigFamily","NeowsBlessing","White Beast Statue","Mercury Hourglass","Regal Pillow","Ornamental Fan","Matryoshka","Runic Dome","StrikeDummy","Oddly Smooth Stone","Boot","Bottled Flame","Eternal Feather","Tiny House","DollysMirror","War Paint","Happy Flower","Darkstone Periapt","Mark of the Bloom","Hololive_LightStick","Art of War","Lantern","Chemical X","FossilizedHelix"],"acts_visited":["Exordium","TheCity","TheBeyond","TheEnding"],"potions_floor_usage":[2,6,7,7,8,10,10,10,10,14,16,16,16,18,24,33,33,33,35,41,41,45,48,50,55,55,55,55,55,55,55,55],"damage_taken":[{"damage":0,"enemies":"Small Slimes","floor":1,"turns":1},{"damage":0,"enemies":"2 Louse","floor":4,"turns":1},{"damage":0,"enemies":"Cultist","floor":5,"turns":1},{"damage":0,"enemies":"Lagavulin","floor":6,"turns":4},{"damage":0,"enemies":"2 Fungi Beasts","floor":7,"turns":3},{"damage":0,"enemies":"3 Sentries","floor":8,"turns":5},{"damage":0,"enemies":"Gremlin Nob","floor":10,"turns":3},{"damage":2,"enemies":"3 Louse","floor":11,"turns":3},{"damage":0,"enemies":"Blue Slaver","floor":12,"turns":2},{"damage":0,"enemies":"Looter","floor":13,"turns":3},{"damage":0,"enemies":"Large Slime","floor":14,"turns":3},{"damage":0,"enemies":"Slime Boss","floor":16,"turns":5},{"damage":0,"enemies":"2 Thieves","floor":18,"turns":4},{"damage":0,"enemies":"Spheric Guardian","floor":22,"turns":3},{"damage":0,"enemies":"Book of Stabbing","floor":23,"turns":4},{"damage":0,"enemies":"3 Cultists","floor":24,"turns":5},{"damage":0,"enemies":"Snecko","floor":27,"turns":3},{"damage":0,"enemies":"Cultist and Chosen","floor":30,"turns":3},{"damage":0,"enemies":"Champ","floor":33,"turns":7},{"damage":0,"enemies":"3 Darklings","floor":35,"turns":3},{"damage":0,"enemies":"Orb Walker","floor":36,"turns":3},{"damage":0,"enemies":"4 Shapes","floor":39,"turns":2},{"damage":0,"enemies":"Nemesis","floor":41,"turns":5},{"damage":0,"enemies":"Reptomancer","floor":44,"turns":4},{"damage":0,"enemies":"Spire Growth","floor":45,"turns":3},{"damage":0,"enemies":"Transient","floor":47,"turns":5},{"damage":0,"enemies":"Sphere and 2 Shapes","floor":48,"turns":3},{"damage":0,"enemies":"Donu and Deca","floor":50,"turns":8},{"damage":0,"enemies":"Shield and Spear","floor":54,"turns":5},{"damage":0,"enemies":"The Heart","floor":55,"turns":7}],"seed_played":"-2641603397047479742","potions_obtained":[{"floor":1,"key":"EntropicBrew"},{"floor":4,"key":"Strength Potion"},{"floor":5,"key":"EntropicBrew"},{"floor":6,"key":"Weak Potion"},{"floor":7,"key":"EntropicBrew"},{"floor":10,"key":"BlessingOfTheForge"},{"floor":12,"key":"PowerPotion"},{"floor":14,"key":"Energy Potion"},{"floor":16,"key":"SteroidPotion"},{"floor":18,"key":"Fire Potion"},{"floor":22,"key":"LiquidMemories"},{"floor":23,"key":"DuplicationPotion"},{"floor":24,"key":"FairyPotion"},{"floor":27,"key":"LiquidBronze"},{"floor":30,"key":"DuplicationPotion"},{"floor":33,"key":"SpeedPotion"},{"floor":34,"key":"AttackPotion"},{"floor":35,"key":"SkillPotion"},{"floor":36,"key":"FearPotion"},{"floor":37,"key":"DuplicationPotion"},{"floor":37,"key":"CultistPotion"},{"floor":39,"key":"PowerPotion"},{"floor":41,"key":"SpeedPotion"},{"floor":44,"key":"EntropicBrew"},{"floor":45,"key":"BlessingOfTheForge"},{"floor":47,"key":"FearPotion"},{"floor":48,"key":"EssenceOfSteel"},{"floor":54,"key":"EntropicBrew"}],"is_trial":false,"path_per_floor":["M","?","?","M","M","E","M","E","T","E","M","M","M","M","R","B",null,"M","?","?","$","M","E","M","T","T","M","?","R","M","?","R","B",null,"M","M","?","$","M","R","E","?","T","E","M","?","M","M","R","B",null,"R","$","E","B",null],"character_chosen":"Hololive_HololiveCharacter","items_purchased":["Hololive_CallUsadaPekora","Hololive_SummonFox","Hololive_IdolExercise","Hololive_Yoholoon","Hololive_CallAZKi","DollysMirror","War Paint","Happy Flower","Hololive_CallNakiriAyame","Chemical X","AttackPotion"],"campfire_rested":0,"item_purchase_floors":[21,21,21,38,38,38,38,38,53,53,53],"current_hp_per_floor":[35,23,23,23,23,23,23,23,23,23,21,21,21,21,21,21,35,35,17,17,17,17,17,17,17,17,17,17,17,17,17,17,17,22,22,22,22,22,22,22,22,22,22,22,22,22,22,22,22,22,22,22,22,22,22],"gold":69,"neow_bonus":"THREE_ENEMY_KILL","is_daily":false,"chose_seed":false,"campfire_upgraded":5,"win_rate":0.0,"timestamp":1610094099,"path_taken":["M","?","?","M","M","E","?","E","T","E","M","M","M","M","R","BOSS","M","?","?","$","M","E","M","?","T","M","?","R","?","?","R","BOSS","M","M","?","$","?","R","E","?","T","E","M","?","?","M","R","BOSS","R","$","E","BOSS"],"items_purchased_type":["Card","Card","Card","Card","Card","Relic","Relic","Relic","Card","Relic","Potion"],"build_version":"2020-12-22","purchased_purges":1,"victory":true,"max_hp_per_floor":[35,35,35,35,35,35,35,35,35,35,35,35,35,35,35,35,35,35,17,17,17,17,17,17,17,17,17,17,17,17,17,17,17,22,22,22,22,22,22,22,22,22,22,22,22,22,22,22,22,22,22,22,22,22,22],"card_choices":[{"not_picked":["Hololive_Watashimo","Hololive_LuckPotion","Hololive_Sequa"],"picked":"Hololive_Psychosis","floor":1},{"not_picked":["Hololive_LuckPotion","Hololive_Rebound","Hololive_Psychosis"],"picked":"Hololive_CallShishiroBotan","floor":4},{"not_picked":["Hololive_Drill","Hololive_Trident","Hololive_CallUsadaPekora"],"picked":"Hololive_CallAkiRosenthal","floor":5},{"not_picked":["Hololive_CocoNews","Hololive_CallDoris","Hololive_Psychosis"],"picked":"Hololive_CallOzoraSubaru","floor":6},{"not_picked":["Hololive_Yoholoon","Hololive_CallNakiriAyame","Hololive_StrengthChampion"],"picked":"Hololive_Thief","floor":7},{"not_picked":["Hololive_Breathe","Hololive_ManjiGathering","Hololive_Trident"],"picked":"Hololive_OvertimeWork","floor":8},{"not_picked":["Hololive_Sequa","Hololive_FlyingPonyTail","Hololive_CallYogiri"],"picked":"Hololive_CallYozoraMel","floor":10},{"not_picked":["Hololive_RevenueBasedLive","Hololive_Breathe","Hololive_CallRosalyn"],"picked":"Hololive_Nanodesu","floor":11},{"not_picked":["Hololive_HuntDinosaur","Hololive_Sequa","Hololive_Psychosis"],"picked":"Hololive_CallDoris","floor":12},{"not_picked":["Hololive_Psychosis","Hololive_OvertimeWork","Hololive_CallSpadeEcho"],"picked":"Hololive_CallYuzukiChoco","floor":13},{"not_picked":["Hololive_Psychosis","Hololive_HuntDinosaur","Hololive_Breathe"],"picked":"Hololive_RevenueBasedLive","floor":14},{"not_picked":["Hololive_HighAtkLowDef","Hololive_DiamondStrike","Hololive_Rebirth"],"picked":"Hololive_DurableLive","floor":16},{"not_picked":["Hololive_HuntDinosaur","Hololive_Trident","Hololive_Psychosis"],"picked":"Hololive_CallHoushouMarine+1","floor":18},{"not_picked":["Hololive_OvertimeWork","Hololive_Breathe","Hololive_RevenueBasedLive"],"picked":"Hololive_CocoNews","floor":22},{"not_picked":["Hololive_Drill+1","Hololive_OpenUp","Hololive_RevenueBasedLive"],"picked":"Hololive_CallInugamiKorone","floor":23},{"not_picked":["Hololive_CallRosalyn","Hololive_HuntDinosaur","Hololive_RevenueBasedLive"],"picked":"Hololive_CallOkamiMio","floor":24},{"not_picked":["Hololive_CallShiroganeNoel","Hololive_HuntDinosaur","Hololive_Drill"],"picked":"Hololive_CallShirakamiFubuki","floor":27},{"not_picked":["Hololive_CallFriendA","Hololive_Sequa","Hololive_LuckPotion"],"picked":"Hololive_RevenueBasedLive+1","floor":30},{"not_picked":["Hololive_WolfAndLamb","Hololive_OpenUp","Hololive_HighAtkLowDef"],"picked":"Hololive_BeCareful","floor":33},{"not_picked":["Hololive_Drill+1","Hololive_CallYozoraMel","Hololive_SummonFox"],"picked":"Hololive_FlyingPonyTail","floor":34},{"not_picked":["Hololive_Psychosis","Hololive_RevenueBasedLive","Hololive_LuckPotion+1"],"picked":"Hololive_CallHimemoriLuna","floor":35},{"not_picked":["Hololive_BringToTrial","Hololive_Rebound","Hololive_Sequa+1"],"picked":"Hololive_CallSpadeEcho+1","floor":36},{"not_picked":["Hololive_Rebound+1","Hololive_CallShishiroBotan","Hololive_FlyingPonyTail"],"picked":"Hololive_WolfAndLamb","floor":39},{"not_picked":["Hololive_LuckPotion","Hololive_Breathe+1","Hololive_AWSL"],"picked":"Hololive_CallMurasakiShion+1","floor":41},{"not_picked":["Hololive_CallAZKi","Hololive_Drill+1","Hololive_HuntDinosaur","Hololive_RevenueBasedLive"],"picked":"SKIP","floor":44},{"not_picked":["Hololive_HuntDinosaur","Hololive_Psychosis+1","Hololive_CallCivia+1"],"picked":"Hololive_StrengthChampion+1","floor":45},{"not_picked":["Hololive_Sequa+1","Hololive_LuckPotion+1","Hololive_CallMurasakiShion+1"],"picked":"Hololive_CallHoshimachiSuisei","floor":47},{"not_picked":["Hololive_HuntDinosaur","Hololive_StrengthChampion+1","Hololive_Drill+1"],"picked":"Hololive_Psychosis+1","floor":48},{"not_picked":["Hololive_Drill","Hololive_StrengthChampion","Hololive_FlyingPonyTail"],"picked":"Hololive_Rebirth","floor":54}],"player_experience":308969,"relics_obtained":[{"floor":6,"key":"Mercury Hourglass"},{"floor":8,"key":"Regal Pillow"},{"floor":9,"key":"Ornamental Fan"},{"floor":10,"key":"Matryoshka"},{"floor":23,"key":"StrikeDummy"},{"floor":25,"key":"Oddly Smooth Stone"},{"floor":26,"key":"Boot"},{"floor":26,"key":"Bottled Flame"},{"floor":41,"key":"Darkstone Periapt"},{"floor":43,"key":"Hololive_LightStick"},{"floor":44,"key":"Art of War"},{"floor":54,"key":"FossilizedHelix"}],"event_choices":[{"damage_healed":0,"gold_gain":0,"player_choice":"Success","damage_taken":12,"relics_obtained":["White Beast Statue"],"max_hp_gain":0,"max_hp_loss":0,"event_name":"Scrap Ooze","floor":2,"gold_loss":0},{"cards_removed":["Hololive_Defend"],"damage_healed":0,"gold_gain":0,"player_choice":"Card Removal","damage_taken":0,"max_hp_gain":0,"max_hp_loss":0,"event_name":"Wheel of Change","floor":3,"gold_loss":0},{"damage_healed":0,"gold_gain":0,"player_choice":"Became a Ghost","damage_taken":0,"max_hp_gain":0,"max_hp_loss":18,"event_name":"Ghosts","floor":19,"gold_loss":0,"cards_obtained":["Ghostly","Ghostly","Ghostly","Ghostly","Ghostly"]},{"damage_healed":0,"gold_gain":99,"player_choice":"Stole From Cult","damage_taken":0,"max_hp_gain":0,"max_hp_loss":0,"event_name":"Nest","floor":20,"gold_loss":0},{"damage_healed":0,"gold_gain":0,"player_choice":"Ignored","damage_taken":0,"max_hp_gain":0,"max_hp_loss":0,"event_name":"Beggar","floor":28,"gold_loss":0},{"damage_healed":0,"gold_gain":0,"player_choice":"Opened","damage_taken":0,"relics_obtained":["Eternal Feather"],"max_hp_gain":0,"max_hp_loss":0,"event_name":"The Mausoleum","floor":31,"gold_loss":0,"cards_obtained":["Writhe"]},{"damage_healed":0,"gold_gain":0,"player_choice":"Got Potions","damage_taken":0,"max_hp_gain":0,"max_hp_loss":0,"event_name":"Lab","floor":37,"gold_loss":0},{"damage_healed":0,"gold_gain":0,"player_choice":"Upgrade","damage_taken":0,"relics_obtained":["Mark of the Bloom"],"max_hp_gain":0,"max_hp_loss":0,"event_name":"MindBloom","floor":42,"gold_loss":0,"cards_upgraded":["Hololive_RecruitS","Hololive_RecruitS","Hololive_RecruitS","Hololive_RecruitS","Hololive_Strike","Hololive_Psychosis","Hololive_CallShishiroBotan","Hololive_CallAkiRosenthal","Hololive_CallOzoraSubaru","Hololive_Thief","Hololive_CallYozoraMel","Hololive_Nanodesu","Hololive_CallYuzukiChoco","Hololive_DurableLive","Ghostly","Ghostly","Ghostly","Hololive_CallUsadaPekora","Hololive_SummonFox","Hololive_IdolExercise","Hololive_CocoNews","Hololive_CallInugamiKorone","Hololive_CallOkamiMio","Hololive_CallShirakamiFubuki","Hololive_BeCareful","Hololive_FlyingPonyTail","Hololive_CallHimemoriLuna","Hololive_CallAZKi","Hololive_DurableLive","Hololive_WolfAndLamb"]},{"damage_healed":0,"gold_gain":0,"player_choice":"Gave Potion","damage_taken":0,"relics_obtained":["Lantern"],"max_hp_gain":0,"max_hp_loss":0,"event_name":"WeMeetAgain","floor":46,"gold_loss":0}],"is_beta":false,"boss_relics":[{"not_picked":["Astrolabe","Philosopher\u0027s Stone"],"picked":"Runic Dome"},{"not_picked":["Pandora\u0027s Box","Busted Crown"],"picked":"Tiny House"}],"items_purged_floors":[38],"is_endless":false,"potions_floor_spawned":[1,4,5,6,7,8,10,11,12,13,14,16,18,22,23,24,27,30,33,35,36,39,41,44,45,47,48,54],"ascension_level":0}}