{"host":"d6jawvx8x8ludskp","time":1610146913,"event":{"mods":["BaseMod","Colored Map","Colored Powertips","DeckTracker","Minty Spire (QoL Compilation)"],"gold_per_floor":[111,130,149,162,174,206,206,241,241,252,267,285,316,336,336,436,436,447,458,458,458,25,25,55,74,98,112,124,124,150,166,166,262,262,277,277,4,20,35,64,74,74,74,106,122,122,142,158,158,158],"floor_reached":51,"playtime":4255,"items_purged":[],"score":854,"play_id":"9835d67b-3e4c-4274-abb3-81849d19050e","local_time":"20210108200153","is_ascension_mode":false,"campfire_choices":[{"floor":7,"key":"REST"},{"floor":15,"key":"REST"},{"floor":23,"key":"REST"},{"floor":29,"key":"REST"},{"floor":32,"key":"REST"},{"floor":42,"key":"REST"},{"data":"Perfected Strike","floor":46,"key":"SMITH"},{"data":"Armaments","floor":49,"key":"SMITH"}],"circlet_count":0,"master_deck":["Strike_R","Strike_R","Strike_R","Strike_R","Strike_R","Defend_R","Defend_R","Defend_R","Defend_R","Bash","Thunderclap","Infernal Blade","Whirlwind","Armaments+1","Cleave","Pommel Strike","Iron Wave","Double Tap","Iron Wave","Shrug It Off","Clothesline","Ghostly Armor","Offering","Anger","Cleave","Bludgeon","Seeing Red","Flex+1","Battle Trance+1","Heavy Blade+1","Perfected Strike+1","Cleave+1","Reaper","Flame Barrier+1","Madness","Madness","Searing Blow","Perfected Strike+1","Uppercut+1","Perfected Strike","Inflame+1","Parasite","Seeing Red+1","Perfected Strike","Hemokinesis+1","Armaments+1","Headbutt+1"],"relics":["Burning Blood","Bag of Marbles","Ginger","Magic Flower","Matryoshka","Black Star","Nilry\u0027s Codex","MutagenicStrength","Lizard Tail","Unceasing Top","Potion Belt","Pen Nib","Juzu Bracelet","Incense Burner","Regal Pillow","Snecko Eye","Membership Card","Lantern","Orichalcum","FossilizedHelix","Pocketwatch","Bottled Tornado","Eternal Feather","Ancient Tea Set"],"acts_visited":["Exordium","TheCity","TheBeyond"],"potions_floor_usage":[13,16,16,24,31,33,33,50,50,50,50],"damage_taken":[{"damage":11,"enemies":"Jaw Worm","floor":1,"turns":3},{"damage":10,"enemies":"2 Louse","floor":2,"turns":3},{"damage":0,"enemies":"Cultist","floor":3,"turns":3},{"damage":0,"enemies":"Large Slime","floor":4,"turns":6},{"damage":7,"enemies":"Looter","floor":5,"turns":3},{"damage":30,"enemies":"3 Sentries","floor":6,"turns":6},{"damage":28,"enemies":"Gremlin Nob","floor":8,"turns":5},{"damage":0,"enemies":"Lots of Slimes","floor":10,"turns":1},{"damage":0,"enemies":"3 Louse","floor":11,"turns":1},{"damage":12,"enemies":"Blue Slaver","floor":12,"turns":2},{"damage":22,"enemies":"3 Sentries","floor":13,"turns":4},{"damage":0,"enemies":"Looter","floor":14,"turns":1},{"damage":57,"enemies":"Slime Boss","floor":16,"turns":12},{"damage":33,"enemies":"Spheric Guardian","floor":18,"turns":5},{"damage":35,"enemies":"Shell Parasite","floor":19,"turns":7},{"damage":82,"enemies":"Gremlin Leader","floor":24,"turns":9},{"damage":6,"enemies":"Centurion and Healer","floor":25,"turns":2},{"damage":6,"enemies":"3 Cultists","floor":27,"turns":3},{"damage":14,"enemies":"Sentry and Sphere","floor":28,"turns":4},{"damage":34,"enemies":"Book of Stabbing","floor":30,"turns":3},{"damage":19,"enemies":"Shelled Parasite and Fungi","floor":31,"turns":3},{"damage":83,"enemies":"Automaton","floor":33,"turns":11},{"damage":19,"enemies":"3 Darklings","floor":35,"turns":5},{"damage":0,"enemies":"Orb Walker","floor":38,"turns":1},{"damage":6,"enemies":"Sphere and 2 Shapes","floor":39,"turns":2},{"damage":22,"enemies":"Giant Head","floor":40,"turns":6},{"damage":18,"enemies":"Writhing Mass","floor":41,"turns":4},{"damage":0,"enemies":"Reptomancer","floor":44,"turns":2},{"damage":0,"enemies":"Maw","floor":45,"turns":2},{"damage":0,"enemies":"3 Darklings","floor":47,"turns":2},{"damage":12,"enemies":"Sphere and 2 Shapes","floor":48,"turns":4},{"damage":68,"enemies":"Awakened One","floor":50,"turns":10}],"seed_played":"210276303922942757","potions_obtained":[{"floor":3,"key":"Fire Potion"},{"floor":8,"key":"Explosive Potion"},{"floor":10,"key":"SmokeBomb"},{"floor":11,"key":"Dexterity Potion"},{"floor":12,"key":"Ancient Potion"},{"floor":13,"key":"LiquidMemories"},{"floor":24,"key":"Dexterity Potion"},{"floor":30,"key":"FearPotion"},{"floor":31,"key":"Dexterity Potion"},{"floor":33,"key":"DistilledChaos"},{"floor":40,"key":"Swift Potion"},{"floor":41,"key":"SneckoOil"},{"floor":44,"key":"Fire Potion"},{"floor":47,"key":"DistilledChaos"}],"is_trial":false,"path_per_floor":["M","M","M","M","M","E","R","E","T","M","M","M","E","M","R","B",null,"M","M","?","?","$","R","E","M","T","M","M","R","E","M","R","B",null,"M","?","$","M","M","E","M","R","T","E","M","R","M","M","R","B",null],"character_chosen":"IRONCLAD","items_purchased":["Lizard Tail","Bludgeon","Membership Card","Lantern","Searing Blow","Perfected Strike"],"campfire_rested":6,"item_purchase_floors":[22,22,37,37,37,37],"current_hp_per_floor":[67,63,69,75,74,50,78,56,56,65,74,71,58,67,95,47,96,72,46,30,30,30,58,68,71,71,74,69,96,71,61,96,22,96,86,74,74,83,86,73,64,96,96,96,96,96,96,93,96,64],"gold":158,"neow_bonus":"TWENTY_PERCENT_HP_BONUS","is_daily":false,"chose_seed":false,"campfire_upgraded":2,"win_rate":0.0,"timestamp":1610146913,"path_taken":["M","M","M","M","M","E","R","E","T","M","M","M","E","M","R","BOSS","M","M","?","?","$","R","E","M","T","M","M","R","E","M","R","BOSS","M","?","$","M","M","E","M","R","T","E","M","R","M","M","R","BOSS"],"items_purchased_type":["Relic","Card","Relic","Relic","Card","Card"],"build_version":"2020-12-22","purchased_purges":0,"victory":true,"max_hp_per_floor":[96,96,96,96,96,96,96,96,96,96,96,96,96,96,96,96,96,96,96,96,96,96,96,96,96,96,96,96,96,96,96,96,96,96,96,96,96,96,96,96,96,96,96,96,96,96,96,96,96,96],"card_choices":[{"not_picked":["Twin Strike","Armaments"],"picked":"Thunderclap","floor":1},{"not_picked":["Heavy Blade","Disarm"],"picked":"Infernal Blade","floor":2},{"not_picked":["Shrug It Off","Power Through"],"picked":"Whirlwind","floor":3},{"not_picked":["Heavy Blade","Dual Wield"],"picked":"Armaments","floor":4},{"not_picked":["Ghostly Armor","Heavy Blade"],"picked":"Cleave","floor":5},{"not_picked":["Feel No Pain","Searing Blow"],"picked":"Pommel Strike","floor":6},{"not_picked":["Reckless Charge","Thunderclap"],"picked":"Iron Wave","floor":8},{"not_picked":["True Grit","Flex"],"picked":"Double Tap","floor":10},{"not_picked":["Dual Wield","Body Slam"],"picked":"Iron Wave","floor":11},{"not_picked":["Clash","Sword Boomerang"],"picked":"Shrug It Off","floor":12},{"not_picked":["Sever Soul","Sword Boomerang"],"picked":"Clothesline","floor":13},{"not_picked":["Warcry","Perfected Strike"],"picked":"Ghostly Armor","floor":14},{"not_picked":["Limit Break","Juggernaut"],"picked":"Offering","floor":16},{"not_picked":["Clash","Flex"],"picked":"Anger","floor":18},{"not_picked":["Heavy Blade","True Grit"],"picked":"Cleave","floor":19},{"not_picked":["Bloodletting+1","Sword Boomerang"],"picked":"Seeing Red","floor":24},{"not_picked":["Carnage","Body Slam"],"picked":"Flex+1","floor":25},{"not_picked":["Clothesline","Carnage"],"picked":"Battle Trance+1","floor":27},{"not_picked":["Shockwave","Perfected Strike"],"picked":"Heavy Blade+1","floor":28},{"not_picked":["Heavy Blade+1","Flame Barrier"],"picked":"Perfected Strike+1","floor":30},{"not_picked":["Heavy Blade","Intimidate+1"],"picked":"Cleave+1","floor":31},{"not_picked":["Offering","Impervious"],"picked":"Reaper","floor":33},{"not_picked":["Clash","Headbutt+1"],"picked":"Flame Barrier+1","floor":35},{"not_picked":["Fire Breathing+1","Clothesline"],"picked":"Uppercut+1","floor":38},{"not_picked":["Entrench","Sword Boomerang"],"picked":"Perfected Strike","floor":39},{"not_picked":["Sever Soul","Pommel Strike+1"],"picked":"Inflame+1","floor":40},{"not_picked":["Body Slam","Clash+1"],"picked":"Seeing Red+1","floor":41},{"not_picked":["Cleave","Bludgeon"],"picked":"Perfected Strike","floor":44},{"not_picked":["Rampage+1","Warcry"],"picked":"Hemokinesis+1","floor":45},{"not_picked":["Cleave+1","Shrug It Off+1"],"picked":"Armaments+1","floor":47},{"not_picked":["Anger","Iron Wave"],"picked":"Headbutt+1","floor":48}],"player_experience":5534,"relics_obtained":[{"floor":6,"key":"Bag of Marbles"},{"floor":8,"key":"Ginger"},{"floor":9,"key":"Magic Flower"},{"floor":13,"key":"Matryoshka"},{"floor":20,"key":"Nilry\u0027s Codex"},{"floor":24,"key":"Unceasing Top"},{"floor":24,"key":"Potion Belt"},{"floor":26,"key":"Pen Nib"},{"floor":26,"key":"Juzu Bracelet"},{"floor":30,"key":"Incense Burner"},{"floor":30,"key":"Regal Pillow"},{"floor":40,"key":"Orichalcum"},{"floor":40,"key":"FossilizedHelix"},{"floor":43,"key":"Pocketwatch"},{"floor":43,"key":"Bottled Tornado"},{"floor":44,"key":"Eternal Feather"},{"floor":44,"key":"Ancient Tea Set"}],"event_choices":[{"damage_healed":0,"gold_gain":0,"player_choice":"Obtained Book","damage_taken":16,"max_hp_gain":0,"max_hp_loss":0,"event_name":"Cursed Tome","floor":20,"gold_loss":0},{"damage_healed":0,"gold_gain":0,"player_choice":"Inject Mutagens","damage_taken":0,"relics_obtained":["MutagenicStrength"],"max_hp_gain":0,"max_hp_loss":0,"event_name":"Drug Dealer","floor":21,"gold_loss":0},{"damage_healed":0,"gold_gain":0,"player_choice":"Embrace Madness","damage_taken":12,"max_hp_gain":0,"max_hp_loss":0,"event_name":"Winding Halls","floor":36,"gold_loss":0,"cards_obtained":["Madness","Madness"]}],"is_beta":false,"boss_relics":[{"not_picked":["Runic Dome","Velvet Choker"],"picked":"Black Star"},{"not_picked":["Mark of Pain","Busted Crown"],"picked":"Snecko Eye"}],"items_purged_floors":[],"is_endless":false,"potions_floor_spawned":[3,8,10,11,12,13,24,30,31,33,40,41,44,47],"ascension_level":0}}