{"host":"7k2a2omxz3voj5ax","time":1610131219,"event":{"mods":["BaseMod","Marisa£¨ìFÓê¡¡Ä§ÀíÉ³£©","Minty Spire (QoL Compilation)","Quick Restart","Spicy Shops","StSLib","Starting Relic: Pandora\u0027s Box","óô»ðÖ¸ÄÏ"],"gold_per_floor":[118,118,136,136,149,197,1682,1698,1747,1747,1772,1797,1531,1591,1041,1133,1133,1160,1205,1239,1239,118,118,165,165,217,266,266,286,326,326,28,116,116,148,187,187,187],"floor_reached":37,"playtime":1615,"items_purged":["SporeBomb","Pain","MysteriousBeam","AsteroidBelt"],"score":1244,"play_id":"873dd8fa-5852-467b-a955-1416e32268d9","local_time":"20210109034019","is_ascension_mode":true,"campfire_choices":[{"data":"CasketOfStar","floor":10.0,"key":"SMITH"},{"data":"OortCloud","floor":23.0,"key":"SMITH"},{"floor":25.0,"key":"RECALL"}],"circlet_count":0,"master_deck":["AscendersBane","MasterSpark","UpSweep","AsteroidBelt","SporeBomb","AsteroidBelt","MagicAbsorber","DeepEcoloBomb","NonDirectionalLaser","WitchOfGreed","CasketOfStar+1","6A","OortCloud+1","UltimateShortwave+1","MilkyWay+1","Establishment"],"relics":["MiniHakkero","NeowsBlessing","WarpedTongs","HandmadeGrimoire","Medical Kit","Toxic Egg 2","Akabeko","Lantern","MealTicket","Bag of Preparation","Calipers","Ornamental Fan","Runic Pyramid","PrismaticShard","Thread and Needle","Anchor","Pocketwatch","StrikeDummy","Art of War","Kunai","Regal Pillow","Membership Card","AmplifyWand","RampagingMagicTools"],"acts_visited":["Exordium","TheCity","TheBeyond"],"potions_floor_usage":[30,33],"damage_taken":[{"damage":0.0,"enemies":"2 Louse","floor":1.0,"turns":2.0},{"damage":0.0,"enemies":"Cultist","floor":3.0,"turns":1.0},{"damage":0.0,"enemies":"Small Slimes","floor":5.0,"turns":1.0},{"damage":22.0,"enemies":"Lagavulin","floor":6.0,"turns":6.0},{"damage":9.0,"enemies":"3 Louse","floor":8.0,"turns":3.0},{"damage":8.0,"enemies":"Gremlin Nob","floor":11.0,"turns":3.0},{"damage":4.0,"enemies":"Large Slime","floor":12.0,"turns":3.0},{"damage":0.0,"enemies":"Lagavulin","floor":14.0,"turns":4.0},{"damage":0.0,"enemies":"Hexaghost","floor":16.0,"turns":8.0},{"damage":14.0,"enemies":"Chosen","floor":18.0,"turns":4.0},{"damage":3.0,"enemies":"2 Thieves","floor":19.0,"turns":3.0},{"damage":9.0,"enemies":"Centurion and Healer","floor":20.0,"turns":4.0},{"damage":0.0,"enemies":"Slavers","floor":24.0,"turns":4.0},{"damage":1.0,"enemies":"Book of Stabbing","floor":27.0,"turns":4.0},{"damage":0,"enemies":"Shelled Parasite and Fungi","floor":29,"turns":3},{"damage":0,"enemies":"Slavers","floor":30,"turns":4},{"damage":0,"enemies":"Collector","floor":33,"turns":7},{"damage":6,"enemies":"3 Darklings","floor":35,"turns":4},{"damage":0,"enemies":"3 Shapes","floor":36,"turns":4},{"damage":4,"enemies":"Jaw Worm Horde","floor":37,"turns":2}],"seed_played":"7711523899950039899","potions_obtained":[{"floor":3.0,"key":"FearPotion"},{"floor":6.0,"key":"GamblersBrew"},{"floor":11.0,"key":"Fire Potion"},{"floor":19.0,"key":"LiquidMemories"},{"floor":27.0,"key":"Explosive Potion"},{"floor":30,"key":"Swift Potion"},{"floor":33,"key":"DuplicationPotion"},{"floor":36,"key":"FairyPotion"}],"is_trial":false,"path_per_floor":["M","?","M","?","M","E","$","M","T","R","E","M","R","E","R","B",null,"M","M","M","?","$","R","E","R","T","E","?","M","E","T","R","B",null,"M","M","M"],"character_chosen":"MARISA","items_purchased":["Medical Kit","Toxic Egg 2","MealTicket","Calipers","Ornamental Fan","PrismaticShard","Thread and Needle","Anchor","Pocketwatch","Membership Card","AmplifyWand"],"campfire_rested":0,"item_purchase_floors":[7,7,13,15,15,22,22,22,22,32,32],"current_hp_per_floor":[63,59,59,59,59,37,37,28,28,28,20,16,16,16,16,16,57,43,40,31,31,46,46,46,46,46,45,45,45,45,45,45,45,64,58,58,54,54],"gold":187,"neow_bonus":"THREE_ENEMY_KILL","is_daily":false,"chose_seed":false,"campfire_upgraded":2,"win_rate":0.0,"timestamp":1610131219,"path_taken":["M","?","?","?","?","E","$","M","T","R","E","M","R","E","R","BOSS","M","M","M","?","$","R","E","R","T","E","?","M","E","?","R","BOSS","M","M","M"],"items_purchased_type":["Relic","Relic","Relic","Relic","Relic","Relic","Relic","Relic","Relic","Relic","Relic"],"build_version":"2020-12-22","purchased_purges":4,"victory":false,"max_hp_per_floor":[70,70,70,70,70,70,70,70,70,70,70,70,70,70,70,70,70,70,70,70,70,70,70,70,70,70,70,70,70,70,70,70,70,70,70,70,70,70],"card_choices":[{"not_picked":["DC","GalacticHalo"],"picked":"NonDirectionalLaser","floor":1.0},{"not_picked":["AsteroidBelt","EnergyFlow","GravityBeat"],"picked":"SKIP","floor":3.0},{"not_picked":["EnergyFlow","DoubleSpark"],"picked":"WitchOfGreed","floor":5.0},{"not_picked":["DarkMatter","EarthLightRay"],"picked":"CasketOfStar","floor":6.0},{"not_picked":["ShootTheMoon","PowerUp+1"],"picked":"6A","floor":8.0},{"not_picked":["GrandCross","JA","LuminesStrike"],"picked":"SKIP","floor":11.0},{"not_picked":["SporeBomb+1","WitchOfGreed","DoubleSpark"],"picked":"SKIP","floor":12.0},{"not_picked":["DragonMeteor","SporeBomb+1"],"picked":"OortCloud","floor":14.0},{"not_picked":["AbsoluteMagnitude","BinaryStars+1"],"picked":"UltimateShortwave+1","floor":16.0},{"not_picked":["GravityBeat","DoubleSpark","Robbery"],"picked":"SKIP","floor":18.0},{"not_picked":["MagicChant+1","GalacticHalo+1"],"picked":"MilkyWay+1","floor":19.0},{"not_picked":["ChargeUpSpray","WitchLeyline","PowerUp+1"],"picked":"SKIP","floor":20.0},{"not_picked":["PanicButton+1","Heavy Blade","Good Instincts+1"],"picked":"SKIP","floor":24.0},{"not_picked":["GrandCross","Wireheading","Meteor Strike"],"picked":"SKIP","floor":27.0},{"not_picked":["Adaptation","Sanctity+1","BattleHymn"],"picked":"SKIP","floor":29},{"not_picked":["Havoc+1","Steam+1","Redo+1"],"picked":"SKIP","floor":30},{"not_picked":["Exhume+1","Creative AI"],"picked":"Establishment","floor":33},{"not_picked":["Slice","Dash+1","Underhanded Strike"],"picked":"SKIP","floor":35},{"not_picked":["Coolheaded+1","Eviscerate","Loop+1"],"picked":"SKIP","floor":36}],"player_experience":413269,"relics_obtained":[{"floor":6.0,"key":"HandmadeGrimoire"},{"floor":9.0,"key":"Akabeko"},{"floor":11.0,"key":"Lantern"},{"floor":14.0,"key":"Bag of Preparation"},{"floor":24.0,"key":"StrikeDummy"},{"floor":26.0,"key":"Art of War"},{"floor":27.0,"key":"Kunai"},{"floor":30,"key":"Regal Pillow"}],"event_choices":[{"damage_healed":0.0,"max_hp_gain":0.0,"max_hp_loss":0.0,"gold_gain":0.0,"event_name":"The Woman in Blue","player_choice":"Bought 0 Potions","floor":2.0,"gold_loss":0.0,"damage_taken":0.0},{"damage_healed":0.0,"max_hp_gain":0.0,"max_hp_loss":0.0,"gold_gain":0.0,"event_name":"Accursed Blacksmith","player_choice":"Rummage","floor":4.0,"gold_loss":0.0,"damage_taken":0.0,"relics_obtained":["WarpedTongs"],"cards_obtained":["Pain"]},{"damage_healed":0.0,"max_hp_gain":0.0,"max_hp_loss":0.0,"gold_gain":0.0,"event_name":"Ghosts","player_choice":"Ignored","floor":21.0,"gold_loss":0.0,"damage_taken":0.0},{"damage_healed":0,"gold_gain":0,"player_choice":"Ignored","damage_taken":0,"max_hp_gain":0,"max_hp_loss":0,"event_name":"Cursed Tome","floor":28,"gold_loss":0}],"is_beta":false,"boss_relics":[{"not_picked":["Busted Crown","Runic Dome"],"picked":"Runic Pyramid"},{"not_picked":["Pandora\u0027s Box","Cursed Key"],"picked":"RampagingMagicTools"}],"items_purged_floors":[7,13,15,22],"is_endless":false,"potions_floor_spawned":[3,8,11,16,19,20,27,29,35],"killed_by":"Jaw Worm Horde","ascension_level":20}}