{"host":"ig7tc0uedzltt2sr","time":1610065540,"event":{"mods":["BaseMod","Better Twitch Integration","Block Reminder","Colored Map","Colored Powertips","Communication Mod","Current Relic Mod","GifTheSpireLib","HexUI Lib","Minty Spire (QoL Compilation)","Quick Restart","Random Character Button","Rare Cards Sparkle","Relic Sorter","Relic Stats","Slay the Relics Exporter","StSLib","SuperFastMode","Synergy Search","Twitch Decklist","Twitch Utils","everything is the same but u backflip on backflip","slay the spire mod where everything is the same but ironclad has a cowboy hat"],"gold_per_floor":[110,126,136,136,136,136,149,163,242,242,189,205,205,205,205],"floor_reached":14,"playtime":72,"items_purged":[],"score":84,"play_id":"3ff89241-7585-4bf0-8fa9-30131b263835","local_time":"20210107162540","is_ascension_mode":false,"campfire_choices":[{"floor":6,"key":"REST"},{"floor":13,"key":"RECALL"}],"circlet_count":0,"master_deck":["Strike_R+1","Strike_R","Strike_R","Strike_R","Strike_R","Defend_R","Defend_R","Defend_R","Defend_R","Bash","Second Wind","Sever Soul","Armaments","Reckless Charge","Immolate","Headbutt","Shrug It Off"],"relics":["Burning Blood","NeowsBlessing"],"acts_visited":["Exordium"],"potions_floor_usage":[],"damage_taken":[{"damage":0,"enemies":"Small Slimes","floor":1,"turns":1},{"damage":0,"enemies":"Cultist","floor":2,"turns":1},{"damage":0,"enemies":"2 Louse","floor":3,"turns":2},{"damage":0,"enemies":"Red Slaver","floor":5,"turns":1},{"damage":29,"enemies":"3 Louse","floor":7,"turns":7},{"damage":9,"enemies":"Blue Slaver","floor":8,"turns":5},{"damage":19,"enemies":"Exordium Wildlife","floor":12,"turns":5},{"damage":43,"enemies":"Lagavulin","floor":14,"turns":8}],"seed_played":"-3238727635587329898","potions_obtained":[{"floor":1,"key":"FearPotion"},{"floor":3,"key":"SmokeBomb"},{"floor":10,"key":"Weak Potion"},{"floor":10,"key":"Dexterity Potion"},{"floor":10,"key":"Dexterity Potion"},{"floor":12,"key":"Explosive Potion"}],"is_trial":false,"path_per_floor":["M","M","M","?","M","R","M","M","T","?","$","M","R","E"],"character_chosen":"IRONCLAD","items_purchased":["Headbutt"],"campfire_rested":1,"item_purchase_floors":[11],"current_hp_per_floor":[80,80,80,80,80,80,57,54,54,54,54,41,41,0,0],"gold":205,"neow_bonus":"THREE_ENEMY_KILL","is_daily":false,"chose_seed":false,"campfire_upgraded":0,"win_rate":0.0,"timestamp":1610065540,"path_taken":["M","M","M","?","M","R","?","M","T","?","?","M","R","E"],"items_purchased_type":["Card"],"build_version":"2020-12-22","purchased_purges":0,"victory":false,"max_hp_per_floor":[80,80,80,80,80,80,80,80,80,80,80,80,80,80,80],"relic_stats":{"counters":[8,30],"obtain_stats":[{"NeowsBlessing":0,"Burning Blood":0},{"NeowsBlessing":0,"Burning Blood":0},{"NeowsBlessing":0,"Burning Blood":0}],"Burning Blood":18},"card_choices":[{"not_picked":["Pommel Strike","Anger"],"picked":"Second Wind","floor":1},{"not_picked":["Iron Wave","Twin Strike"],"picked":"Sever Soul","floor":2},{"not_picked":["Rage","Twin Strike"],"picked":"Armaments","floor":3},{"not_picked":["Seeing Red","Flex"],"picked":"Reckless Charge","floor":7},{"not_picked":["Carnage","Cleave"],"picked":"Immolate","floor":8},{"not_picked":["Sword Boomerang","True Grit"],"picked":"Shrug It Off","floor":12}],"player_experience":1463735,"relics_obtained":[],"event_choices":[{"damage_healed":0,"gold_gain":0,"player_choice":"Forge","damage_taken":0,"max_hp_gain":0,"max_hp_loss":0,"event_name":"Accursed Blacksmith","floor":4,"gold_loss":0,"cards_upgraded":["Strike_R"]},{"damage_healed":0,"gold_gain":0,"player_choice":"Got Potions","damage_taken":0,"max_hp_gain":0,"max_hp_loss":0,"event_name":"Lab","floor":10,"gold_loss":0}],"is_beta":false,"boss_relics":[],"items_purged_floors":[],"is_endless":false,"potions_floor_spawned":[1,3,5,12],"killed_by":"Lagavulin","ascension_level":0}}