{"host":"1c52r9kaxdyo25eq","time":1610098372,"event":{"mods":["AchievementEnabler","BaseMod","Minty Spire (QoL Compilation)","Rare Cards Sparkle","SuperFastMode","everything is the same but u backflip on backflip"],"gold_per_floor":[113,129,144,161,161,161,195,195,195,208,223,223,223,72,72,198,198,213,231,251,251,251,251,251,2,2,41,41,41,75,91,91,212,212,235,251,176,195,195,195,258,258,258,591,591,610,638,652,652,652,652,652,126,154,154],"floor_reached":56,"playtime":2672,"items_purged":["Armaments","Feed"],"score":1901,"play_id":"f41f632a-4f8c-40e3-b3f8-996d8008cf7c","local_time":"20210108183252","is_ascension_mode":true,"campfire_choices":[{"data":"Headbutt","floor":6.0,"key":"SMITH"},{"floor":8.0,"key":"REST"},{"data":"Pommel Strike","floor":15.0,"key":"SMITH"},{"floor":23.0,"key":"REST"},{"data":"Apotheosis","floor":29.0,"key":"SMITH"},{"floor":32.0,"key":"REST"},{"floor":40.0,"key":"RECALL"},{"data":"Barricade","floor":42.0,"key":"SMITH"},{"data":"Evolve","floor":45.0,"key":"SMITH"},{"floor":49,"key":"REST"},{"data":"Battle Trance","floor":52,"key":"SMITH"}],"circlet_count":0,"master_deck":["AscendersBane","Bash","Evolve+1","Pommel Strike+1","Shrug It Off","Second Wind","Impervious","Immolate","Rage","Bloodletting","Body Slam+1","Brutality","Clothesline","Necronomicurse","Wild Strike","Apotheosis+1","Battle Trance+1","Barricade+1","PanicButton","Exhume"],"relics":["Burning Blood","PreservedInsect","Singing Bowl","Juzu Bracelet","Lee\u0027s Waffle","Pandora\u0027s Box","Necronomicon","Toy Ornithopter","Red Mask","Philosopher\u0027s Stone","Magic Flower","Mummified Hand","Art of War","TheAbacus","Oddly Smooth Stone","StrikeDummy"],"acts_visited":["Exordium","TheCity","TheBeyond","TheEnding"],"potions_floor_usage":[48,50,55,55],"damage_taken":[{"damage":6.0,"enemies":"Cultist","floor":1.0,"turns":4.0},{"damage":12.0,"enemies":"Jaw Worm","floor":2.0,"turns":2.0},{"damage":1.0,"enemies":"Small Slimes","floor":3.0,"turns":3.0},{"damage":22.0,"enemies":"3 Louse","floor":4.0,"turns":5.0},{"damage":35.0,"enemies":"Lagavulin","floor":7.0,"turns":6.0},{"damage":11.0,"enemies":"Blue Slaver","floor":10.0,"turns":3.0},{"damage":14.0,"enemies":"Large Slime","floor":11.0,"turns":6.0},{"damage":46.0,"enemies":"Slime Boss","floor":16.0,"turns":10.0},{"damage":29.0,"enemies":"3 Byrds","floor":18.0,"turns":4.0},{"damage":14.0,"enemies":"2 Thieves","floor":19.0,"turns":4.0},{"damage":19.0,"enemies":"Shelled Parasite and Fungi","floor":20.0,"turns":4.0},{"damage":24.0,"enemies":"Book of Stabbing","floor":27.0,"turns":3.0},{"damage":3.0,"enemies":"Masked Bandits","floor":30.0,"turns":1.0},{"damage":22.0,"enemies":"Snecko","floor":31.0,"turns":5.0},{"damage":28.0,"enemies":"Automaton","floor":33.0,"turns":6.0},{"damage":16.0,"enemies":"3 Shapes","floor":35.0,"turns":4.0},{"damage":5.0,"enemies":"Orb Walker","floor":36.0,"turns":2.0},{"damage":22.0,"enemies":"Jaw Worm Horde","floor":38.0,"turns":2.0},{"damage":9.0,"enemies":"Mind Bloom Boss Battle","floor":41.0,"turns":7.0},{"damage":5,"enemies":"Writhing Mass","floor":46,"turns":5},{"damage":4,"enemies":"Giant Head","floor":47,"turns":6},{"damage":2,"enemies":"3 Darklings","floor":48,"turns":2},{"damage":28,"enemies":"Time Eater","floor":50,"turns":5},{"damage":32,"enemies":"Shield and Spear","floor":54,"turns":5},{"damage":15,"enemies":"The Heart","floor":55,"turns":7}],"seed_played":"-8835655461931235848","potions_obtained":[{"floor":4.0,"key":"BloodPotion"},{"floor":10.0,"key":"ColorlessPotion"},{"floor":11.0,"key":"DistilledChaos"},{"floor":16.0,"key":"Explosive Potion"},{"floor":20.0,"key":"Dexterity Potion"},{"floor":27.0,"key":"Block Potion"},{"floor":33.0,"key":"DistilledChaos"},{"floor":35.0,"key":"Dexterity Potion"},{"floor":47,"key":"BlessingOfTheForge"},{"floor":48,"key":"CultistPotion"}],"is_trial":false,"path_per_floor":["M","M","M","M","?","R","E","R","T","M","M","?","?","$","R","B",null,"M","M","M","?","?","R","?","$","T","E","?","R","?","M","R","B",null,"M","M","$","M","?","R","?","R","T","?","R","M","E","M","R","B",null,"R","$","E","B",null],"character_chosen":"IRONCLAD","items_purchased":["Lee\u0027s Waffle","Apotheosis","Battle Trance","TheAbacus","Oddly Smooth Stone","Swift Potion","Exhume"],"campfire_rested":4,"item_purchase_floors":[14,25,25,53,53,53,53],"current_hp_per_floor":[72,66,71,55,43,43,14,35,35,30,38,38,38,76,76,36,66,48,43,35,35,19,45,45,45,45,29,29,29,34,25,53,36,80,75,87,87,73,67,67,70,70,70,70,70,82,95,117,135,116,130,130,130,109,119],"gold":154,"neow_bonus":"REMOVE_TWO","is_daily":false,"chose_seed":false,"campfire_upgraded":6,"win_rate":0.0,"timestamp":1610098372,"path_taken":["M","?","M","M","?","R","E","R","T","M","M","?","?","$","R","BOSS","M","M","M","?","?","R","?","?","T","E","?","R","?","M","R","BOSS","M","M","$","M","?","R","?","R","T","?","R","M","E","M","R","BOSS","R","$","E","BOSS"],"items_purchased_type":["Relic","Card","Card","Relic","Relic","Potion","Card"],"build_version":"2020-12-22","purchased_purges":2,"victory":true,"max_hp_per_floor":[72,72,72,72,72,72,72,72,72,72,74,69,69,76,76,76,76,81,84,89,89,89,89,89,89,89,91,91,91,93,95,95,95,95,100,106,106,108,112,112,118,118,118,118,118,124,130,135,135,135,135,135,135,137,137],"card_choices":[{"not_picked":["True Grit","Flex"],"picked":"Headbutt","floor":1.0},{"not_picked":["Anger","Combust","Cleave"],"picked":"SKIP","floor":2.0},{"not_picked":["Feel No Pain","Clash"],"picked":"Evolve","floor":3.0},{"not_picked":["Sword Boomerang","Bloodletting","True Grit"],"picked":"SKIP","floor":4.0},{"not_picked":["Inflame","Clothesline"],"picked":"Pommel Strike","floor":7.0},{"not_picked":["Infernal Blade","Spot Weakness"],"picked":"Shrug It Off","floor":10.0},{"not_picked":["Flex","Wild Strike","Metallicize"],"picked":"Singing Bowl","floor":11.0},{"not_picked":["Exhume","Double Tap"],"picked":"Impervious","floor":16.0},{"not_picked":["Dual Wield","Iron Wave","Havoc"],"picked":"Singing Bowl","floor":18.0},{"not_picked":["Twin Strike","Iron Wave"],"picked":"Body Slam+1","floor":19.0},{"not_picked":["Shockwave","Twin Strike+1","Heavy Blade+1"],"picked":"Singing Bowl","floor":20.0},{"not_picked":["Clash","Wild Strike","Flex"],"picked":"Singing Bowl","floor":27.0},{"not_picked":["Second Wind","Armaments","Wild Strike"],"picked":"Singing Bowl","floor":30.0},{"not_picked":["Exhume","Anger+1","Warcry"],"picked":"Singing Bowl","floor":31.0},{"not_picked":["Limit Break","Bludgeon"],"picked":"Barricade","floor":33.0},{"not_picked":["Fire Breathing+1","Uppercut","Thunderclap"],"picked":"Singing Bowl","floor":35.0},{"not_picked":["True Grit+1","Body Slam+1","Thunderclap"],"picked":"Singing Bowl","floor":36.0},{"not_picked":["Sentinel","Blood for Blood","Rage"],"picked":"Singing Bowl","floor":38.0},{"not_picked":["Chrysalis","Panache","Violence"],"picked":"Singing Bowl","floor":39.0},{"not_picked":["Sadistic Nature","Jack Of All Trades","Flash of Steel"],"picked":"Singing Bowl","floor":39.0},{"not_picked":["Swift Strike","Panacea"],"picked":"PanicButton","floor":39.0},{"not_picked":["Havoc","Whirlwind+1","Thunderclap+1"],"picked":"Singing Bowl","floor":41.0},{"not_picked":["Armaments","Iron Wave","Clothesline+1"],"picked":"Singing Bowl","floor":46},{"not_picked":["True Grit","Sword Boomerang","Anger"],"picked":"Singing Bowl","floor":47},{"not_picked":["Pummel+1","Clash","Flex+1"],"picked":"Singing Bowl","floor":48},{"not_picked":["Headbutt","Double Tap","Metallicize+1"],"picked":"Singing Bowl","floor":54}],"player_experience":560302,"relics_obtained":[{"floor":7.0,"key":"Singing Bowl"},{"floor":9.0,"key":"Juzu Bracelet"},{"floor":22.0,"key":"Necronomicon"},{"floor":27.0,"key":"Toy Ornithopter"},{"floor":30.0,"key":"Red Mask"},{"floor":41.0,"key":"Magic Flower"},{"floor":43.0,"key":"Mummified Hand"},{"floor":47,"key":"Art of War"},{"floor":54,"key":"StrikeDummy"}],"event_choices":[{"damage_healed":0.0,"max_hp_gain":0.0,"max_hp_loss":0.0,"gold_gain":0.0,"event_name":"Scrap Ooze","player_choice":"Success","floor":5.0,"gold_loss":0.0,"damage_taken":12.0,"relics_obtained":["PreservedInsect"]},{"damage_healed":0.0,"max_hp_gain":0.0,"max_hp_loss":5.0,"gold_gain":0.0,"event_name":"Golden Idol","player_choice":"Lose Max HP","floor":12.0,"gold_loss":0.0,"damage_taken":0.0,"relics_obtained":["Golden Idol"]},{"damage_healed":0.0,"max_hp_gain":0.0,"max_hp_loss":0.0,"gold_gain":0.0,"cards_transformed":["Strike_R"],"event_name":"Living Wall","player_choice":"Change","floor":13.0,"gold_loss":0.0,"damage_taken":0.0,"cards_obtained":["Second Wind"]},{"damage_healed":0.0,"max_hp_gain":0.0,"max_hp_loss":0.0,"gold_gain":0.0,"cards_transformed":["Havoc","Headbutt"],"event_name":"Drug Dealer","player_choice":"Became Test Subject","floor":21.0,"gold_loss":0.0,"damage_taken":0.0,"cards_obtained":["Brutality","Clothesline"]},{"damage_healed":0.0,"max_hp_gain":0.0,"max_hp_loss":0.0,"gold_gain":0.0,"event_name":"Cursed Tome","player_choice":"Obtained Book","floor":22.0,"gold_loss":0.0,"damage_taken":16.0},{"damage_healed":0.0,"max_hp_gain":0.0,"max_hp_loss":0.0,"gold_gain":0.0,"event_name":"The Library","player_choice":"Read","floor":24.0,"gold_loss":0.0,"damage_taken":0.0,"cards_obtained":["Wild Strike"]},{"damage_healed":0.0,"max_hp_gain":0.0,"max_hp_loss":0.0,"gold_gain":0.0,"event_name":"Masked Bandits","player_choice":"Fought Bandits","floor":30.0,"gold_loss":0.0,"damage_taken":0.0},{"damage_healed":0.0,"max_hp_gain":0.0,"max_hp_loss":0.0,"gold_gain":0.0,"event_name":"SensoryStone","player_choice":"Memory 3","floor":39.0,"gold_loss":0.0,"damage_taken":10.0},{"damage_healed":0.0,"max_hp_gain":0.0,"max_hp_loss":0.0,"gold_gain":0.0,"event_name":"MindBloom","player_choice":"Fight","floor":41.0,"gold_loss":0.0,"damage_taken":0.0},{"damage_healed":0.0,"max_hp_gain":0.0,"max_hp_loss":0.0,"gold_gain":333.0,"event_name":"The Moai Head","player_choice":"Gave Idol","floor":44.0,"relics_lost":["Golden Idol"],"gold_loss":0.0,"damage_taken":0.0}],"is_beta":false,"boss_relics":[{"not_picked":["SacredBark","Cursed Key"],"picked":"Pandora\u0027s Box"},{"not_picked":["SlaversCollar","Empty Cage"],"picked":"Philosopher\u0027s Stone"}],"items_purged_floors":[37,53],"is_endless":false,"potions_floor_spawned":[4,10,11,16,20,27,30,33,35,47,48,54],"ascension_level":11}}