{"host":"sjj8vlgjxyarc0at","time":1610136580,"event":{"mods":["BaseMod","Colored Powertips","Minty Spire (QoL Compilation)","Replay The Spire","SOS（斯巴达之子）","StSLib","The Administrix","The Construct","The Servant 0.9.4","【功能Mod】聪明的最终Boss"],"gold_per_floor":[157,354,366,366,541,541,554,554,554,514,498,498,474,474,474,540,540,400,268,229,32,28,28,40,52,110,122,98,102,114,71,83,113,125,186,3,3,103,152,152,90,90,117,117,117,136,151,151,151,187],"floor_reached":51,"playtime":7122,"items_purged":["Doubt"],"score":803,"play_id":"c4d373ae-2ba4-4aff-890c-2a8c3a2cfe99","local_time":"20210109040940","is_ascension_mode":false,"campfire_choices":[{"data":"Unrisingdragon","floor":6,"key":"SMITH"},{"data":"DevilstarL","floor":8,"key":"SMITH"},{"data":"SSScard","floor":12,"key":"SMITH"},{"data":"Gunstinger","floor":15,"key":"SMITH"},{"data":"Replay:Bootleg Shield Generator","floor":24,"key":"SMITH"},{"data":"Provocation","floor":27,"key":"SMITH"},{"data":"Trickster","floor":40,"key":"SMITH"},{"data":"DT","floor":42,"key":"SMITH"},{"data":"Swordcombo","floor":45,"key":"SMITH"},{"data":"SSScard","floor":49,"key":"SMITH"}],"circlet_count":0,"master_deck":["Attack_a","Attack_a","Attack_b","Provocation+1","Defend_Dante","Defend_Dante","Redorb","Unrisingdragon+1","Gunstinger+1","DevilstarL+1","Millionstab","Dash2+1","SSScard+1","Enemystep","Millionkick+1","Millionstab+1","Blueorb+1","Weaponchange+1","LucifercomboC","VitalstarM","Replay:Bootleg Shield Generator+1","Shame","Trickster+1","Gilgamesh","Whiteorb+1","Swordcombo+1","SSScard+1","Rebellion+1","Enemystep","Honeycombofire","DT+1","Shock+1","Chargeshoot+1"],"relics":["SSS","Combocheck","Odd Mushroom","Mirror","Astrolabe","MawBank","Ancient Tea Set","Nunchaku","ReplayTheSpireMod:Lightbulb","Snack Pack","Painkiller Herb","Oddly Smooth Stone","construct:RocketBooster"],"acts_visited":["Exordium","TheCity","TheBeyond"],"potions_floor_usage":[19],"damage_taken":[{"damage":7,"enemies":"Cultist","floor":1,"turns":5},{"damage":2,"enemies":"Jaw Worm","floor":3,"turns":5},{"damage":17,"enemies":"The Mushroom Lair","floor":7,"turns":3},{"damage":0,"enemies":"Small Slimes","floor":10,"turns":1},{"damage":0,"enemies":"2 Fungi Beasts","floor":11,"turns":2},{"damage":1,"enemies":"Red Slaver","floor":13,"turns":3},{"damage":56,"enemies":"Fading Forest","floor":16,"turns":11},{"damage":4,"enemies":"2 Thieves","floor":18,"turns":3},{"damage":19,"enemies":"Chosen","floor":19,"turns":6},{"damage":3,"enemies":"Snake Plant","floor":20,"turns":4},{"damage":3,"enemies":"Cultist and Chosen","floor":22,"turns":5},{"damage":44,"enemies":"Gremlin Leader","floor":28,"turns":9},{"damage":0,"enemies":"Shelled Parasite and Fungi","floor":29,"turns":2},{"damage":13,"enemies":"Slavers","floor":31,"turns":4},{"damage":0,"enemies":"Automaton","floor":33,"turns":5},{"damage":2,"enemies":"3 Shapes","floor":35,"turns":2},{"damage":0,"enemies":"Orb Walker","floor":39,"turns":3},{"damage":0,"enemies":"Maw","floor":41,"turns":5},{"damage":0,"enemies":"4 Shapes","floor":46,"turns":2},{"damage":14,"enemies":"Giant Head","floor":47,"turns":8},{"damage":23,"enemies":"Awakened One","floor":50,"turns":8}],"seed_played":"-4474414594437560463","potions_obtained":[{"floor":10,"key":"Energy Potion"},{"floor":11,"key":"ColorlessPotion"},{"floor":13,"key":"Elixir"},{"floor":16,"key":"PowerPotion"},{"floor":19,"key":"Strength Potion"},{"floor":22,"key":"AttackPotion"}],"is_trial":false,"path_per_floor":["M","?","M","?","?","R","?","R","T","M","M","R","M","?","R","B",null,"M","M","M","$","M","?","R","?","T","R","E","M","?","E","R","B",null,"?","T","?","?","?","T","?","T","T","?","T","?","E","?","T","B",null],"character_chosen":"DANTE","items_purchased":["Rebellion","Replay:Bootleg Shield Generator","Rebellion+1","Enemystep"],"campfire_rested":0,"item_purchase_floors":[21,21,36,36],"current_hp_per_floor":[81,81,79,79,79,79,62,62,62,62,62,62,61,61,61,5,88,84,65,62,62,69,69,69,69,69,69,35,45,45,42,42,74,108,106,106,106,106,108,108,118,118,118,112,112,112,104,104,104,101],"gold":187,"neow_bonus":"TEN_PERCENT_HP_BONUS","is_daily":false,"chose_seed":false,"campfire_upgraded":10,"win_rate":0.0,"timestamp":1610136580,"path_taken":["M","?","M","?","?","R","?","R","T","M","M","R","M","?","R","BOSS","M","M","M","$","M","?","R","?","T","R","E","M","?","E","R","BOSS","?","T","?","?","?","T","?","T","T","?","T","?","E","?","T","BOSS"],"items_purchased_type":["Card","Card","Card","Card"],"build_version":"2020-12-22","purchased_purges":1,"victory":true,"max_hp_per_floor":[88,88,88,88,88,88,88,88,88,88,88,88,88,88,88,88,88,98,108,108,108,108,108,108,108,108,108,108,108,108,108,108,108,108,108,108,108,108,108,108,118,118,118,112,112,112,112,112,112,112],"card_choices":[{"not_picked":["Rebellion","Weaponchange"],"picked":"Unrisingdragon","floor":1},{"not_picked":["Hightime","Airhike"],"picked":"Gunstinger","floor":2},{"not_picked":["Honeycombofire","Unrisingdragon"],"picked":"DevilstarL","floor":3},{"not_picked":["Ecstasy","LucifercomboA"],"picked":"Millionstab","floor":7},{"not_picked":["Weaponupgrade","LucifercomboD"],"picked":"Dash2","floor":10},{"not_picked":["Dash1","Kick13"],"picked":"SSScard","floor":11},{"not_picked":["Kick13","Unrisingdragon","LucifercomboA"],"picked":"SKIP","floor":13},{"not_picked":["Demonreform","Trickster"],"picked":"Enemystep","floor":16},{"not_picked":["LucifercomboC","Kick13+1"],"picked":"Weaponchange+1","floor":18},{"not_picked":["Dash2","Chargeshoot2"],"picked":"LucifercomboC","floor":19},{"not_picked":["VitalstarS","Splesh"],"picked":"VitalstarM","floor":20},{"not_picked":["Gunslinger","Shock","Dash1+1"],"picked":"SKIP","floor":22},{"not_picked":["Unrisingdragon","Weaponchange+1"],"picked":"Trickster","floor":28},{"not_picked":["Honeycombofire+1","VitalstarM"],"picked":"Gilgamesh","floor":29},{"not_picked":["LucifercomboA+1","Rebellion"],"picked":"Whiteorb","floor":31},{"not_picked":["Royalguard","VitalstarL"],"picked":"Swordcombo","floor":33},{"not_picked":["Airhike","BeastUppercut+1"],"picked":"SSScard","floor":35},{"not_picked":["Dash1+1","Shock+1"],"picked":"Honeycombofire","floor":39},{"not_picked":["GilgameshcomboA+1","Pandora+1"],"picked":"DT","floor":41},{"not_picked":["Honeycombofire+1","Chargeshoot2"],"picked":"Shock+1","floor":46},{"not_picked":["Stylechange","Holywater"],"picked":"Chargeshoot+1","floor":47}],"player_experience":13418,"relics_obtained":[{"floor":7,"key":"Odd Mushroom"},{"floor":9,"key":"Mirror"},{"floor":26,"key":"Ancient Tea Set"},{"floor":28,"key":"Nunchaku"},{"floor":30,"key":"ReplayTheSpireMod:Lightbulb"},{"floor":31,"key":"Snack Pack"},{"floor":43,"key":"Oddly Smooth Stone"},{"floor":47,"key":"construct:RocketBooster"}],"event_choices":[{"damage_healed":0,"gold_gain":175,"player_choice":"AGREE","damage_taken":0,"max_hp_gain":0,"max_hp_loss":0,"event_name":"Liars Game","floor":5,"gold_loss":0,"cards_obtained":["Doubt"]},{"damage_healed":0,"gold_gain":0,"player_choice":"Fought Mushrooms","damage_taken":0,"max_hp_gain":0,"max_hp_loss":0,"event_name":"Mushrooms","floor":7,"gold_loss":0},{"damage_healed":0,"gold_gain":0,"player_choice":"Upgraded","damage_taken":0,"max_hp_gain":0,"max_hp_loss":0,"event_name":"Upgrade Shrine","floor":14,"gold_loss":0,"cards_upgraded":["Dash2"]},{"damage_healed":0,"gold_gain":0,"player_choice":"Stole Relic","damage_taken":0,"relics_obtained":["MawBank"],"max_hp_gain":0,"max_hp_loss":0,"event_name":"Addict","floor":23,"gold_loss":0,"cards_obtained":["Shame"]},{"damage_healed":0,"gold_gain":0,"player_choice":"Ignored","damage_taken":0,"max_hp_gain":0,"max_hp_loss":0,"event_name":"Vampires","floor":25,"gold_loss":0},{"damage_healed":0,"gold_gain":0,"player_choice":"Relic","damage_taken":0,"max_hp_gain":0,"max_hp_loss":0,"event_name":"Wheel of Change","floor":30,"gold_loss":0},{"damage_healed":0,"gold_gain":0,"player_choice":"Upgraded","damage_taken":0,"max_hp_gain":0,"max_hp_loss":0,"event_name":"Upgrade Shrine","floor":32,"gold_loss":0,"cards_upgraded":["Whiteorb"]},{"cards_removed":["Rebellion"],"damage_healed":0,"gold_gain":0,"player_choice":"Removed Power","damage_taken":0,"max_hp_gain":0,"max_hp_loss":0,"event_name":"Falling","floor":37,"gold_loss":0},{"damage_healed":0,"gold_gain":100,"player_choice":"Pray","damage_taken":0,"max_hp_gain":0,"max_hp_loss":0,"event_name":"Golden Shrine","floor":38,"gold_loss":0},{"damage_healed":0,"gold_gain":0,"player_choice":"Max HP","damage_taken":0,"max_hp_gain":0,"max_hp_loss":6,"event_name":"Winding Halls","floor":44,"gold_loss":0}],"is_beta":false,"boss_relics":[{"not_picked":["Fusion Hammer","Replay:Bronze Core"],"picked":"Astrolabe"},{"not_picked":["Empty Cage","Kintsugi"],"picked":"Painkiller Herb"}],"items_purged_floors":[21],"is_endless":false,"potions_floor_spawned":[10,11,13,16,19,22,31,35,39,46,47],"ascension_level":0}}