{"host":"6dypmz777xraikqf","time":1610119815,"event":{"mods":["AchievementEnabler","BaseMod","BetterRewards","Colored Map","Colored Powertips","Downfall","Highlight Path","Hubris","Infinite Spire","Minty Spire (QoL Compilation)","Replay The Spire","StSLib"],"gold_per_floor":[119,119,133,143,170,170,120,146,146,146,158,158,158,158,158,158,158],"floor_reached":16,"playtime":527,"items_purged":[],"score":137,"play_id":"eb166978-ea45-49c7-b20b-7c2daf4eab35","local_time":"20210108153015","is_ascension_mode":true,"campfire_choices":[{"data":"Deflect","floor":6,"key":"SMITH"},{"floor":10,"key":"REST"},{"floor":15,"key":"REST"}],"circlet_count":0,"master_deck":["Strike_G","Strike_G","Strike_G","Strike_G","Defend_G","Defend_G","Defend_G","Defend_G","Defend_G","Survivor","Neutralize","AbeCurse","Deflect+1","Slice","Accuracy","Corpse Explosion","Crippling Poison"],"relics":["Abe\u0027s Treasure","Centennial Puzzle","Oddly Smooth Stone","Tough Bandages","Replay:Mystery Machine","hubris:Towel","Golden Idol","infinitespire:Bottled Soul"],"acts_visited":["Exordium"],"potions_floor_usage":[],"damage_taken":[{"damage":0,"enemies":"2 Louse","floor":1,"turns":3},{"damage":3,"enemies":"Cultist","floor":3,"turns":4},{"damage":3,"enemies":"Small Slimes","floor":4,"turns":4},{"damage":44,"enemies":"Gremlin Nob","floor":8,"turns":6},{"damage":0,"enemies":"2 Fungi Beasts","floor":11,"turns":2},{"damage":53,"enemies":"Slime Boss","floor":16,"turns":13}],"seed_played":"-7295014279858641169","potions_obtained":[{"floor":1,"key":"SteroidPotion"},{"floor":8,"key":"Elixir"}],"is_trial":false,"path_per_floor":["M","?","M","M","T","R","?","E","T","R","M","?","?","?","R","B"],"character_chosen":"THE_SILENT","items_purchased":[],"campfire_rested":2,"item_purchase_floors":[],"current_hp_per_floor":[63,63,60,57,57,57,57,13,13,34,34,34,34,34,53,0,0],"gold":158,"neow_bonus":"BOSS_RELIC","is_daily":false,"chose_seed":false,"campfire_upgraded":1,"win_rate":0.0,"timestamp":1610119815,"path_taken":["M","?","M","?","?","R","?","E","T","R","M","?","?","?","R","BOSS"],"items_purchased_type":[],"build_version":"2020-12-22","purchased_purges":0,"victory":false,"max_hp_per_floor":[70,70,70,70,70,70,70,70,70,70,70,70,65,65,65,65,65],"card_choices":[{"not_picked":["Finisher","Dagger Throw"],"picked":"Deflect","floor":1},{"not_picked":["Dagger Throw","Masterful Stab"],"picked":"Slice","floor":3},{"not_picked":["Outmaneuver","PiercingWail"],"picked":"Accuracy","floor":4},{"not_picked":["Choke","Noxious Fumes"],"picked":"Corpse Explosion","floor":8},{"not_picked":["Deadly Poison","Bouncing Flask"],"picked":"Crippling Poison","floor":11}],"player_experience":141191,"relics_obtained":[{"floor":5,"key":"Oddly Smooth Stone"},{"floor":8,"key":"Tough Bandages"},{"floor":9,"key":"Replay:Mystery Machine"},{"floor":14,"key":"infinitespire:Bottled Soul"}],"event_choices":[{"damage_healed":0,"gold_gain":0,"player_choice":"Gave Potion","damage_taken":0,"relics_obtained":["Centennial Puzzle"],"max_hp_gain":0,"max_hp_loss":0,"event_name":"WeMeetAgain","floor":2,"gold_loss":0},{"cards_removed":["Strike_G"],"damage_healed":0,"gold_gain":0,"player_choice":"Card Removal","damage_taken":0,"max_hp_gain":0,"max_hp_loss":0,"event_name":"The Cleric","floor":7,"gold_loss":50},{"damage_healed":0,"gold_gain":0,"player_choice":"Lose Max HP","damage_taken":0,"relics_obtained":["Golden Idol"],"max_hp_gain":0,"max_hp_loss":5,"event_name":"Golden Idol","floor":13,"gold_loss":0}],"is_beta":false,"boss_relics":[],"items_purged_floors":[],"is_endless":false,"potions_floor_spawned":[1,8],"killed_by":"Slime Boss","ascension_level":8}}