{"host":"y36bp6mnm73x3iob","time":1610146156,"event":{"mods":["2.2 Compatiblity","Aspiration","BaseMod","Downfall","GifTheSpireLib","Hermit","Hubris","Marisa????????","Minty Spire (QoL Compilation)","Replay The Spire","Retaliation","StSLib","Stuff the Spire","The Disciple","The Servant 0.9.4"],"gold_per_floor":[99,110,122,572,587,587,633,61,61,87,87,125,125,259,295,295,295,295],"floor_reached":16,"playtime":879,"items_purged":["Slimebound:Icky"],"score":99,"play_id":"84c3bbaf-722e-4ef1-99eb-f53d67ab1b57","local_time":"20210109004916","is_ascension_mode":true,"campfire_choices":[{"floor":13,"key":"REST"}],"circlet_count":0,"master_deck":["hexamod:Strike","hexamod:Strike","hexamod:Defend","hexamod:Defend","hexamod:Defend","hexamod:Defend","hexamod:Sear","hexamod:Float","hexamod:PhantomFireball+1","hexamod:GhostOfSpirePresent","hexamod:RetreatToShadows","hexamod:CatchUp","Slimebound:Icky","Slimebound:Icky","hexamod:GhostLash","hexamod:BurningTouch","hexamod:ParanormalForm","hexamod:RetreatToShadows","hexamod:HeatCrush","hexamod:HeatCrush","hexamod:GhostLash","hexamod:BurningTouch","hexamod:HeatShield","hexamod:SoulSteal","hexamod:SpectralAdrenaline","hexamod:ExtraCrispy","hexamod:Hexaguard","hexamod:SpectralAdrenaline"],"relics":["hexamod:SpiritBrand","downfall:BrokenWingStatue","CeramicFish","StuffTheSpire:Saxophone","hubris:Icosahedron","Prayer Wheel"],"acts_visited":["Exordium"],"potions_floor_usage":[16],"damage_taken":[{"damage":0,"enemies":"Jaw Worm","floor":2,"turns":6},{"damage":6,"enemies":"2 Louse","floor":3,"turns":3},{"damage":1,"enemies":"Small Slimes","floor":5,"turns":5},{"damage":6,"enemies":"downfall:FleeingMerchant","floor":8,"turns":4},{"damage":16,"enemies":"Blue Slaver","floor":10,"turns":3},{"damage":12,"enemies":"Red Slaver","floor":12,"turns":4},{"damage":0,"enemies":"Large Slime","floor":14,"turns":5},{"damage":13,"enemies":"Exordium Thugs","floor":15,"turns":5},{"damage":59,"enemies":"downfall:Defect","floor":16,"turns":4}],"seed_played":"-6865892851827286498","potions_obtained":[{"floor":2,"key":"Elixir"},{"floor":10,"key":"SpeedPotion"},{"floor":12,"key":"Venom Potion"}],"is_trial":false,"path_per_floor":["R","M","M","?","M","?","T","$","?","M","?","M","R","M","M","B"],"character_chosen":"THE_SPIRIT","items_purchased":["hexamod:ParanormalForm","hexamod:RetreatToShadows","StuffTheSpire:Saxophone","hexamod:HeatCrush","hexamod:GhostLash","hexamod:EctoCoolerPotion"],"campfire_rested":1,"item_purchase_floors":[8,8,8,8,8,8],"current_hp_per_floor":[70,70,64,64,63,63,63,57,57,41,41,29,50,50,37,0,0,0],"gold":295,"neow_bonus":"TRANSFORM_TWO_CARDS","is_daily":false,"chose_seed":false,"campfire_upgraded":0,"win_rate":0.0,"timestamp":1610146156,"path_taken":["R","M","M","?","M","?","T","$","?","M","?","?","R","M","M","BOSS"],"items_purchased_type":["Card","Card","Relic","Card","Card","Potion"],"build_version":"2020-12-22","purchased_purges":1,"victory":false,"max_hp_per_floor":[70,70,70,70,70,70,70,70,70,70,70,70,70,70,70,70,70,70],"card_choices":[{"not_picked":["hexamod:GhostOfSpirePresent","hexamod:StepThrough"],"picked":"hexamod:RetreatToShadows","floor":2},{"not_picked":["hexamod:SwordOfDarkness","hexamod:AdvancingGuard"],"picked":"hexamod:CatchUp","floor":3},{"not_picked":["hexamod:PhantomFireball","hexamod:AdvancingGuard"],"picked":"hexamod:GhostLash","floor":5},{"not_picked":["hexamod:AdvancingGuard","hexamod:BacktrackSmack"],"picked":"hexamod:BurningTouch","floor":8},{"not_picked":["hexamod:FastForward","hexamod:ShieldOfDarkness"],"picked":"hexamod:BurningTouch","floor":10},{"not_picked":["hexamod:HeatCrush","hexamod:RetreatToShadows"],"picked":"hexamod:HeatShield","floor":12},{"not_picked":["hexamod:SpectralAdrenaline","hexamod:BurningTouch"],"picked":"hexamod:SoulSteal","floor":12},{"not_picked":["hexamod:NightmareGuise","hexamod:Hexaguard"],"picked":"hexamod:SpectralAdrenaline","floor":14},{"not_picked":["hexamod:RainOfEmbers","hexamod:BacktrackSmack"],"picked":"hexamod:ExtraCrispy","floor":14},{"not_picked":["hexamod:HeatMetal","hexamod:Firestarter"],"picked":"hexamod:Hexaguard","floor":15},{"not_picked":["hexamod:PhantomCloak","hexamod:Firestarter"],"picked":"hexamod:SpectralAdrenaline","floor":15}],"player_experience":430103,"relics_obtained":[{"floor":7,"key":"CeramicFish"}],"event_choices":[],"is_beta":false,"boss_relics":[],"items_purged_floors":[8],"is_endless":false,"potions_floor_spawned":[2,10,12],"killed_by":"downfall:Defect","ascension_level":1}}