{"host":"3p4eynvdmgjf7qvn","time":1614086164,"event":{"mods":["Aspiration","BaseMod","Better Note","Better Skull","Colored Map","Colored Powertips","Downfall","Hermit","Hubris","Minty Spire (QoL Compilation)","Relic Stats","Robot Space Explorer","StSLib","The Bug Knight","The Disciple","The Forsaken","The Hierophant","The Jungle","The Marked","The Necromancer","TheBandit"],"gold_per_floor":[99,115,132,132,132,146,198,229,243,243,143,163,163,163,181,281,281,281,281,281,295,315,342,392,408,208,118,148,160,160,188,216,331,343,355,381,407,432,376,376,423,423,423,423,423,456,37,67,79,79,79,110,38,38,38,38],"floor_reached":57,"language":"ENG","playtime":8434,"items_purged":["Injury","bronze:Strike","bronze:Defend"],"score":1345,"play_id":"8ef5b481-6948-4a76-8dae-0b2a907b6285","local_time":"20210223141604","is_ascension_mode":false,"campfire_choices":[{"data":"bronze:Goto","floor":1,"key":"SMITH"},{"data":"bronze:Replicate","floor":11,"key":"SMITH"},{"floor":18,"key":"RECALL"},{"data":"bronze:Iterate","floor":26,"key":"SMITH"},{"data":"bronze:Return","floor":30,"key":"SMITH"},{"data":"bronze:Assembly","floor":35,"key":"SMITH"},{"data":"bronze:BitShift","floor":43,"key":"SMITH"},{"data":"bronze:Defend","floor":54,"key":"SMITH"}],"circlet_count":0,"master_deck":["bronze:Defend","bronze:Defend","bronze:Defend+1","bronze:Replicate+1","bronze:Goto+1","bronze:Return+1","bronze:Iterate+1","bronze:BronzeArmor+1","bronze:CutThrough+1","bronze:Iterate+1","bronze:ChosenStrike+1","bronze:Assembly+1","bronze:Mutator+1","bronze:Repair","bronze:BitShift+1","bronze:Branch+1","bronze:WhirlingStrike+1","bronze:Branch+1"],"relics":["bronze:BronzeCore","Nunchaku","Du-Vu Doll","hubris:GlazedTorus","downfall:HeartBlessingGreen","bronze:BottledCode","Molten Egg 2","SacredBark","hubris:TinFlute","downfall:HeartBlessingRed","downfall:HeartBlessingBlue","hubris:TenFootPole","MawBank","Empty Cage","Juzu Bracelet","Matryoshka","theForsaken:Gavel","aspiration:Lifesprig","Boot","PreservedInsect","aspiration:SeaSaltIceCream","Ancient Tea Set","Bronze Scales","ClockworkSouvenir","hubris:CrystalStatue","hubris:MedicalManual"],"acts_visited":["Exordium","TheCity","TheBeyond","TheEnding"],"potions_floor_usage":[15,15,23,25,31,32,32,33,48,48,50,50,55],"damage_taken":[{"damage":2,"enemies":"Small Slimes","floor":2,"turns":5},{"damage":1,"enemies":"Jaw Worm","floor":3,"turns":3},{"damage":4,"enemies":"2 Louse","floor":6,"turns":2},{"damage":25,"enemies":"Lagavulin","floor":8,"turns":7},{"damage":0,"enemies":"Large Slime","floor":9,"turns":4},{"damage":0,"enemies":"Blue Slaver","floor":12,"turns":2},{"damage":0,"enemies":"Gremlin Gang","floor":15,"turns":2},{"damage":0,"enemies":"SI_SHIV_ARCHETYPE","floor":16,"turns":5},{"damage":4,"enemies":"3 Byrds","floor":21,"turns":3},{"damage":0,"enemies":"Spheric Guardian","floor":22,"turns":3},{"damage":16,"enemies":"Gremlin Leader","floor":23,"turns":6},{"damage":0,"enemies":"3 Cultists","floor":25,"turns":4},{"damage":0,"enemies":"downfall:FleeingMerchant","floor":27,"turns":4},{"damage":10,"enemies":"HollowMod:Nosk","floor":28,"turns":4},{"damage":0,"enemies":"Centurion and Healer","floor":29,"turns":3},{"damage":12,"enemies":"Gremlin Leader","floor":31,"turns":3},{"damage":0,"enemies":"Snake Plant","floor":32,"turns":1},{"damage":35,"enemies":"DF_ARCHETYPE_CLAW","floor":33,"turns":7},{"damage":1,"enemies":"3 Shapes","floor":36,"turns":3},{"damage":0,"enemies":"Orb Walker","floor":37,"turns":2},{"damage":0,"enemies":"Jaw Worm Horde","floor":38,"turns":2},{"damage":0,"enemies":"downfall:FleeingMerchant","floor":39,"turns":3},{"damage":12,"enemies":"Nemesis","floor":46,"turns":3},{"damage":17,"enemies":"Giant Head","floor":48,"turns":5},{"damage":8,"enemies":"4 Shapes","floor":49,"turns":4},{"damage":6,"enemies":"WA_ARCHETYPE_DIVINITY","floor":50,"turns":5},{"damage":27,"enemies":"downfall:CharBossMerchant","floor":52,"turns":4},{"damage":25,"enemies":"downfall:NeowBoss","floor":55,"turns":11},{"damage":78,"enemies":"downfall:NeowBossFinal","floor":56,"turns":9}],"seed_played":"-166339563215526687","potions_obtained":[{"floor":3,"key":"Explosive Potion"},{"floor":6,"key":"PowerPotion"},{"floor":12,"key":"Explosive Potion"},{"floor":21,"key":"champ:CounterPotion"},{"floor":22,"key":"EssenceOfSteel"},{"floor":28,"key":"champ:CounterPotion"},{"floor":29,"key":"AttackPotion"},{"floor":32,"key":"Regen Potion"},{"floor":46,"key":"Strength Potion"},{"floor":48,"key":"SpeedPotion"}],"is_trial":false,"path_per_floor":["R","M","M","?","?","M","T","E","M","T","R","M","?","?","M","B",null,"R","?","?","M","M","E","T","M","R","$","E","M","R","E","M","B",null,"R","M","M","M","$","?","T","?","R","T","?","E","$","E","M","B",null,"E","$","R","B","B",null],"character_chosen":"THE_AUTOMATON","items_purchased":["Juzu Bracelet","Regen Potion","Strength Potion","Bronze Scales","ClockworkSouvenir","Regen Potion"],"campfire_rested":0,"item_purchase_floors":[39,39,39,47,47,53],"current_hp_per_floor":[77,75,74,74,74,70,70,45,45,45,45,45,45,45,45,45,67,67,67,67,63,63,51,51,51,61,68,65,65,65,53,53,66,77,77,76,77,77,77,77,77,77,77,77,77,65,65,76,69,70,77,57,57,57,75,4],"gold":38,"neow_bonus":"TEN_PERCENT_HP_BONUS","is_daily":false,"chose_seed":false,"campfire_upgraded":7,"win_rate":0.0,"timestamp":1614086164,"path_taken":["R","M","M","?","?","M","T","E","M","?","R","?","?","?","M","BOSS","R","?","?","M","M","E","T","?","R","$","E","M","R","E","M","BOSS","R","M","M","M","$","?","T","?","R","?","?","E","$","E","M","BOSS","E","$","R","BOSS","BOSS"],"items_purchased_type":["Relic","Potion","Potion","Relic","Relic","Potion"],"build_version":"2020-12-22","purchased_purges":3,"victory":true,"max_hp_per_floor":[77,77,77,77,77,77,77,77,77,77,77,77,67,67,67,67,67,67,67,67,67,67,67,67,67,77,77,77,77,77,77,77,77,77,77,77,77,77,77,77,77,77,77,77,77,77,77,77,77,77,77,77,77,77,77,77],"relic_stats":{"Nunchaku":[33],"counters":[29,119],"Bronze Scales":[66],"PreservedInsect":247,"Juzu Bracelet":1,"MawBank":96,"Boot":[160],"obtain_stats":[{"aspiration:Lifesprig":41,"bronze:BronzeCore":0,"hubris:CrystalStatue":48,"SacredBark":17,"downfall:HeartBlessingGreen":11,"Juzu Bracelet":39,"Empty Cage":34,"theForsaken:Gavel":41,"Boot":44,"Ancient Tea Set":46,"ClockworkSouvenir":47,"Nunchaku":7,"Matryoshka":40,"downfall:HeartBlessingBlue":26,"hubris:TinFlute":23,"hubris:GlazedTorus":10,"downfall:HeartBlessingRed":26,"PreservedInsect":44,"hubris:MedicalManual":52,"aspiration:SeaSaltIceCream":46,"MawBank":31,"Du-Vu Doll":8,"bronze:BottledCode":13,"Bronze Scales":47,"Molten Egg 2":14,"hubris:TenFootPole":28},{"aspiration:Lifesprig":22,"bronze:BronzeCore":0,"hubris:CrystalStatue":24,"SacredBark":8,"downfall:HeartBlessingGreen":5,"Juzu Bracelet":22,"Empty Cage":18,"theForsaken:Gavel":22,"Boot":22,"Ancient Tea Set":23,"ClockworkSouvenir":23,"Nunchaku":3,"Matryoshka":22,"downfall:HeartBlessingBlue":12,"hubris:TinFlute":11,"hubris:GlazedTorus":5,"downfall:HeartBlessingRed":12,"PreservedInsect":22,"hubris:MedicalManual":27,"aspiration:SeaSaltIceCream":23,"MawBank":16,"Du-Vu Doll":4,"bronze:BottledCode":6,"Bronze Scales":23,"Molten Egg 2":6,"hubris:TenFootPole":14},{"aspiration:Lifesprig":78,"bronze:BronzeCore":0,"hubris:CrystalStatue":86,"SacredBark":30,"downfall:HeartBlessingGreen":21,"Juzu Bracelet":78,"Empty Cage":68,"theForsaken:Gavel":78,"Boot":78,"Ancient Tea Set":81,"ClockworkSouvenir":81,"Nunchaku":10,"Matryoshka":78,"downfall:HeartBlessingBlue":46,"hubris:TinFlute":42,"hubris:GlazedTorus":21,"downfall:HeartBlessingRed":46,"PreservedInsect":78,"hubris:MedicalManual":99,"aspiration:SeaSaltIceCream":81,"MawBank":60,"Du-Vu Doll":17,"bronze:BottledCode":23,"Bronze Scales":81,"Molten Egg 2":23,"hubris:TenFootPole":54}]},"card_choices":[{"not_picked":["bronze:DelayedGuard","bronze:Overheat"],"picked":"bronze:Return","floor":2},{"not_picked":["bronze:OilSpill","bronze:Safeguard"],"picked":"bronze:Iterate","floor":3},{"not_picked":["bronze:Invalidate","bronze:Deprecate"],"picked":"bronze:BronzeArmor","floor":6},{"not_picked":["bronze:CleanCode","bronze:FollowUp","bronze:Safeguard"],"picked":"SKIP","floor":8},{"not_picked":["bronze:Overheat","bronze:Overload"],"picked":"bronze:CutThrough","floor":9},{"not_picked":["bronze:ItsAFeature","bronze:Invalidate"],"picked":"bronze:Iterate","floor":12},{"not_picked":["bronze:BuggyMess","bronze:CutThrough+1"],"picked":"bronze:ChosenStrike+1","floor":15},{"not_picked":["bronze:Virus+1","bronze:SpaghettiCode"],"picked":"bronze:Assembly","floor":16},{"not_picked":["bronze:Invalidate","bronze:BugBarrage+1","bronze:GetLatest"],"picked":"SKIP","floor":21},{"not_picked":["bronze:CutThrough+1","bronze:Branch+1"],"picked":"bronze:Repair","floor":22},{"not_picked":["bronze:Overload","bronze:DigitalCarnage+1"],"picked":"bronze:BitShift","floor":23},{"not_picked":["bronze:BitShift","bronze:Turbo","bronze:Shield+1"],"picked":"SKIP","floor":25},{"not_picked":["bronze:SpaghettiCode","bronze:Repulsor"],"picked":"bronze:Branch+1","floor":27},{"not_picked":["bronze:Deprecate","bronze:Safeguard","bronze:BugBarrage+1"],"picked":"SKIP","floor":28},{"not_picked":["bronze:Boost","bronze:Backtrace+1","bronze:Branch+1"],"picked":"SKIP","floor":29},{"not_picked":["bronze:FollowUp+1","bronze:Mutator","bronze:BuggyMess+1"],"picked":"SKIP","floor":31},{"not_picked":["bronze:GetLatest","bronze:BugBarrage+1"],"picked":"bronze:WhirlingStrike+1","floor":32},{"not_picked":["bronze:ItsAFeature","bronze:BuggyMess","bronze:WhirlingStrike+1"],"picked":"SKIP","floor":36},{"not_picked":["bronze:WhirlingStrike+1","bronze:Flail+1","bronze:MaxOutput"],"picked":"SKIP","floor":37},{"not_picked":["bronze:CutThrough+1","bronze:DelayedSlice+1","bronze:WildBeam+1"],"picked":"SKIP","floor":38},{"not_picked":["bronze:DelayedSlice+1","bronze:Deprecate","bronze:Optimize"],"picked":"SKIP","floor":39},{"not_picked":["bronze:Boost","bronze:Repulsor","bronze:Shield"],"picked":"SKIP","floor":46},{"not_picked":["bronze:Allocate+1","bronze:DarkDash+1","bronze:Safeguard+1"],"picked":"SKIP","floor":48},{"not_picked":["bronze:BuggyMess+1","bronze:WildBeam+1","bronze:OilSpill+1"],"picked":"SKIP","floor":49},{"not_picked":["bronze:FollowUp+1","bronze:Iterate+1"],"picked":"bronze:Branch+1","floor":52}],"player_experience":330255,"relics_obtained":[{"floor":7,"key":"Nunchaku"},{"floor":8,"key":"Du-Vu Doll"},{"floor":10,"key":"hubris:GlazedTorus"},{"floor":23,"key":"hubris:TinFlute"},{"floor":28,"key":"hubris:TenFootPole"},{"floor":31,"key":"MawBank"},{"floor":40,"key":"Matryoshka"},{"floor":41,"key":"theForsaken:Gavel"},{"floor":41,"key":"aspiration:Lifesprig"},{"floor":44,"key":"Boot"},{"floor":44,"key":"PreservedInsect"},{"floor":46,"key":"aspiration:SeaSaltIceCream"},{"floor":48,"key":"hubris:CrystalStatue"},{"floor":52,"key":"hubris:MedicalManual"}],"event_choices":[{"cards_removed":["bronze:Strike"],"damage_healed":0,"gold_gain":0,"player_choice":"Card Removal","damage_taken":0,"max_hp_gain":0,"max_hp_loss":0,"event_name":"The Cleric","floor":5,"gold_loss":0},{"cards_removed":["bronze:Replicate"],"damage_healed":0,"gold_gain":0,"player_choice":"Take \u0026 Give","damage_taken":0,"max_hp_gain":0,"max_hp_loss":0,"event_name":"betterNote:BetterNote","floor":19,"gold_loss":0,"cards_obtained":["bronze:Mutator"]},{"damage_healed":0,"gold_gain":0,"player_choice":"Relic","damage_taken":0,"max_hp_gain":0,"max_hp_loss":0,"event_name":"Wheel of Change","floor":40,"gold_loss":0}],"is_beta":false,"boss_relics":[{"not_picked":["Pandora\u0027s Box","Velvet Choker"],"picked":"SacredBark"},{"not_picked":["hubris:ScarierMask","Black Star"],"picked":"Empty Cage"}],"items_purged_floors":[27,39,47],"is_endless":false,"potions_floor_spawned":[3,6,12,21,22,28,29,32,46,48],"ascension_level":0}}