{"host":"2l3i55whvwk76mom","time":1614047478,"event":{"mods":["BaseMod","Googly Eyes","Hubris","Minty Spire (QoL Compilation)","Replay The Spire","StSLib"],"gold_per_floor":[113,126,126,142,155,155,190,38,38,38,52,80,93,93,93,194,194,213,213,228,17,17,17,17,17],"floor_reached":24,"language":"ENG","playtime":886,"items_purged":["Doubt"],"score":306,"play_id":"0afc9339-1741-47e0-81be-2c0ff2164a0b","local_time":"20210222183118","is_ascension_mode":true,"campfire_choices":[{"data":"Combust","floor":6,"key":"SMITH"},{"data":"Rupture","floor":10,"key":"SMITH"},{"floor":15,"key":"REST"},{"floor":23,"key":"REST"}],"circlet_count":0,"master_deck":["AscendersBane","Strike_R","Strike_R","Strike_R","Strike_R","Strike_R","Defend_R","Defend_R","Defend_R","Defend_R","Bash+1","Sword Boomerang","Combust+1","Rupture+1","Feel No Pain","Hemokinesis","Rupture","Burning Pact","Offering","Second Wind","Immolate","Rage","Inflame","Bludgeon","RitualDagger"],"relics":["Burning Blood","Orichalcum","hubris:BundleOfHerbs","Ice Cream","ReplayTheSpireMod:CursedCoin","Bag of Marbles","hubris:Backtick","Vampiric Spirits","Nilry\u0027s Codex"],"acts_visited":["Exordium","TheCity"],"potions_floor_usage":[18,20,24],"damage_taken":[{"damage":3,"enemies":"2 Louse","floor":1,"turns":3},{"damage":8,"enemies":"Jaw Worm","floor":2,"turns":4},{"damage":5,"enemies":"Cultist","floor":4,"turns":4},{"damage":5,"enemies":"3 Louse","floor":5,"turns":4},{"damage":24,"enemies":"3 Sentries","floor":7,"turns":7},{"damage":36,"enemies":"Gremlin Nob","floor":12,"turns":4},{"damage":22,"enemies":"Large Slime","floor":13,"turns":4},{"damage":19,"enemies":"Slime Boss","floor":16,"turns":5},{"damage":34,"enemies":"Shell Parasite","floor":18,"turns":4},{"damage":10,"enemies":"2 Thieves","floor":20,"turns":2},{"damage":73,"enemies":"Slavers","floor":24,"turns":4}],"seed_played":"-3276474015278702778","potions_obtained":[{"floor":2,"key":"Reflective Coating"},{"floor":13,"key":"Energy Potion"},{"floor":16,"key":"Weak Potion"},{"floor":18,"key":"Flashbang"}],"is_trial":false,"path_per_floor":["M","M","?","M","M","R","E","$","T","R","$","E","M","?","R","B",null,"M","?","M","$","?","R","E"],"character_chosen":"IRONCLAD","items_purchased":["Rupture","Burning Pact","ReplayTheSpireMod:CursedCoin","Offering","Inflame","Bludgeon"],"campfire_rested":2,"item_purchase_floors":[8,8,11,11,21,21],"current_hp_per_floor":[75,73,73,74,75,75,57,57,57,57,57,27,11,11,35,40,70,49,33,45,45,39,63,0,0],"gold":17,"neow_bonus":"RANDOM_COMMON_RELIC","is_daily":false,"chose_seed":false,"campfire_upgraded":2,"win_rate":0.0,"timestamp":1614047478,"path_taken":["M","M","?","M","M","R","E","$","T","R","$","E","M","?","R","BOSS","M","?","M","$","?","R","E"],"items_purchased_type":["Card","Card","Relic","Card","Card","Card"],"build_version":"2020-12-22","purchased_purges":1,"victory":false,"max_hp_per_floor":[80,80,80,80,80,80,80,80,80,80,80,80,80,80,80,80,80,80,80,80,80,80,80,80,80],"card_choices":[{"not_picked":["ReplayTheSpireMod:Strike From Hell","Anger"],"picked":"Sword Boomerang","floor":1},{"not_picked":["Power Through","True Grit"],"picked":"Combust","floor":2},{"not_picked":["Heavy Blade","Thunderclap"],"picked":"Rupture","floor":4},{"not_picked":["hubris:ReadiedAction","Warcry"],"picked":"Feel No Pain","floor":5},{"not_picked":["Warcry","Abandon"],"picked":"Hemokinesis","floor":7},{"not_picked":["Replay:Undeath\u0027s Touch","Heavy Blade"],"picked":"Second Wind","floor":12},{"not_picked":["Clash","Perfected Strike","Havoc"],"picked":"SKIP","floor":13},{"not_picked":["Demon Form","Juggernaut"],"picked":"Immolate","floor":16},{"not_picked":["ReplayTheSpireMod:Strike From Hell","Body Slam"],"picked":"Rage","floor":18},{"not_picked":["hubris:ReadiedAction+1","ReplayTheSpireMod:Limb From Limb","Seeing Red"],"picked":"SKIP","floor":20}],"player_experience":391097,"relics_obtained":[{"floor":7,"key":"hubris:BundleOfHerbs"},{"floor":9,"key":"Ice Cream"},{"floor":12,"key":"Bag of Marbles"},{"floor":19,"key":"Nilry\u0027s Codex"}],"event_choices":[{"damage_healed":0,"gold_gain":0,"player_choice":"Grow","damage_taken":0,"max_hp_gain":0,"max_hp_loss":0,"event_name":"Living Wall","floor":3,"gold_loss":0,"cards_upgraded":["Bash"]},{"damage_healed":0,"gold_gain":0,"player_choice":"Ignored","damage_taken":0,"max_hp_gain":0,"max_hp_loss":0,"event_name":"Liars Game","floor":14,"gold_loss":0},{"damage_healed":0,"gold_gain":0,"player_choice":"Obtained Book","damage_taken":16,"max_hp_gain":0,"max_hp_loss":0,"event_name":"Cursed Tome","floor":19,"gold_loss":0},{"damage_healed":0,"gold_gain":0,"player_choice":"Joined the Cult","damage_taken":6,"max_hp_gain":0,"max_hp_loss":0,"event_name":"Nest","floor":22,"gold_loss":0,"cards_obtained":["RitualDagger"]}],"is_beta":false,"boss_relics":[{"not_picked":["Snecko Eye","Replay:Bronze Core"],"picked":"hubris:Backtick"}],"items_purged_floors":[21],"is_endless":false,"potions_floor_spawned":[2,13,16,18],"killed_by":"Slavers","ascension_level":10}}