{"host":"2xnjhc1nuqzfyzm4","time":1614043886,"event":{"mods":["100% Spire Juice","Act Like it!","Arknights","BaseMod","Beaked The Cultist","Bestiary","Better Match","Better Note","Better Sensory Stone","Better Third Choice","Block Reminder","CapriCore","CatGirl Mod","ChefMod","Colored Powertips","Displayed Cursed Tome","Dota2Spire","Downfall","Ekko","Elementarium","GungeonMod","Hallownest","Hermit","Hubris","Infinite Spire","Jedi Mod","Jorbs\u0027s Wanderer Trilogy","Luminous","Mad Scientist","Marisa????????","Menagerie","Minty Spire (QoL Compilation)","Poor People Problems","Potionbrewer","Prisma Mod","QueenMod","Relic Stats","Reliquary","Replay The Spire","Robot Space Explorer","Ruina","SIMod","Shade Mod","Shapeshifter Mod","Spikes Relics","StSLib","The Alterego","The Animator","The Blackbeard","The Bug Knight","The Cursed","The Death Knight","The Disciple","The Dragon Tamer","The Dragonkin","The Druid","The Elementalist","The Exalted","The Fake Hero","The Florist","The Gatherer","The Hayseed","The Hierophant","The Immortal","The Jungle","The Mystic","The Necromancer","The Poker Player","The Runesmith","The Sage","The Senshi","The Servant 0.9.4","The Showman","The Valiant","The Wild Card","TheBandit","TheSwordswoman","TheVacant","TheVelvet","TheWitcher","Trackpad","Waifu the Spire","WarShipGirlsR/????R mod","Yakumo Yukari mod"],"gold_per_floor":[112,124,139,139,139,139,151,184,184,209,223,223,237,262,262,357,457,467,478,489,506,521,551,569,324,324,324,324,339,339,366,366,469,469,485,485,485,485,504,504,518,518,571,598,610,610,610],"floor_reached":46,"language":"ENG","playtime":3635,"items_purged":[],"score":654,"play_id":"0976be45-95b0-4fc6-bd9b-eb9f216a0b9b","local_time":"20210222173126","is_ascension_mode":false,"campfire_choices":[{"floor":6,"key":"RECALL"},{"floor":12,"key":"REST"},{"floor":27,"key":"REST"},{"data":"hubris:InfiniteBlow+46","floor":32,"key":"SMITH"},{"data":"hubris:InfiniteBlow+48","floor":40,"key":"SMITH"},{"data":"hubris:InfiniteBlow+49","floor":42,"key":"SMITH"}],"circlet_count":0,"master_deck":["PrismaMod:ChloeCommonAttack","PrismaMod:ChloeCommonAttack+1","PrismaMod:ChloeCommonAttack","PrismaMod:ChloeCommonAttack","PrismaMod:ChloeCommonAttack","PrismaMod:ChloeCommonDefend","PrismaMod:ChloeCommonDefend","PrismaMod:ChloeCommonDefend","PrismaMod:ChloeCommonDefend","PrismaMod:ChloeCommonDefend","PrismaMod:ChloeCheapAttack","PrismaMod:ChloeCheapDefend","PrismaMod:ChloeCaladbolg+1","PrismaMod:ChloeCheapAttackTwo","PrismaMod:ChloeCommonAOEAttack+1","PrismaMod:ChloeGaeBolg","PrismaMod:ChloeCheapDefendTwo","PrismaMod:ChloeCheapAttackTwo","PrismaMod:ChloeCarnivalAttack","PrismaMod:ChloeCaladbolg","PrismaMod:ChloeExcalibur","PrismaMod:ChloeExcalibur","PrismaMod:ChloeCarnivalDefend","PrismaMod:ChloeCommonAOEAttack","PrismaMod:ChloeGaeBolg+1","PrismaMod:ChloeDemonicTutor+1","PrismaMod:ChloeCarnivalDefend","Dramatic Entrance","PrismaMod:ChloeEyeOfTheEuryale+1","hubris:InfiniteBlow+50","PrismaMod:ChloeDiscardRecovery","PrismaMod:ChloeChristmas+1","PrismaMod:ChloeDemonicTutor","PrismaMod:ChloeReshuffleDiscard","hubris:NaturalOne"],"relics":["PrismaMod:PrismaTraceOn","Eternal Feather","trackpad:Compendium","SnailShell","Replay:Wanted Poster","PreservedInsect","hubris:CrystalStatue","reliquary:TuningFork","hubris:Icosahedron","Ring of Panic","ReplayTheSpireMod:Ring of Sloth","Replay:Wax Seal","Strawberry"],"acts_visited":["Exordium","TheCity","TheBeyond"],"potions_floor_usage":[8,16,19,20,22,33,33,33,35,35,41,46],"damage_taken":[{"damage":0,"enemies":"Small Slimes","floor":1,"turns":4},{"damage":0,"enemies":"2 Louse","floor":2,"turns":3},{"damage":0,"enemies":"Cultist","floor":3,"turns":3},{"damage":0,"enemies":"Blue Slaver","floor":7,"turns":3},{"damage":21,"enemies":"Lagavulin","floor":8,"turns":6},{"damage":27,"enemies":"3 Sentries","floor":10,"turns":6},{"damage":4,"enemies":"Red Slaver","floor":11,"turns":2},{"damage":7,"enemies":"Looter","floor":13,"turns":2},{"damage":5,"enemies":"Fading Forest","floor":16,"turns":11},{"damage":0,"enemies":"Chosen","floor":18,"turns":4},{"damage":0,"enemies":"Spheric Guardian","floor":19,"turns":4},{"damage":19,"enemies":"Snecko","floor":20,"turns":5},{"damage":0,"enemies":"Snake Plant","floor":21,"turns":4},{"damage":6,"enemies":"Centurion and Healer","floor":22,"turns":5},{"damage":40,"enemies":"Gremlin Leader","floor":23,"turns":4},{"damage":0,"enemies":"Sentry and Sphere","floor":24,"turns":3},{"damage":0,"enemies":"Snecko","floor":29,"turns":4},{"damage":7,"enemies":"HollowMod:Nosk","floor":31,"turns":4},{"damage":0,"enemies":"Collector","floor":33,"turns":3},{"damage":0,"enemies":"Orb Walker","floor":35,"turns":1},{"damage":14,"enemies":"3 Shapes","floor":39,"turns":2},{"damage":7,"enemies":"Sphere and 2 Shapes","floor":41,"turns":4},{"damage":57,"enemies":"Reptomancer","floor":44,"turns":5},{"damage":0,"enemies":"Spire Growth","floor":45,"turns":2},{"damage":35,"enemies":"Jaw Worm Horde","floor":46,"turns":3}],"seed_played":"3104140233772668875","potions_obtained":[{"floor":7,"key":"LifebloodPotion"},{"floor":10,"key":"Ancient Potion"},{"floor":11,"key":"SpeedPotion"},{"floor":16,"key":"Block Potion"},{"floor":18,"key":"AttackPotion"},{"floor":20,"key":"Block Potion"},{"floor":24,"key":"potionbrewer:SplittingPotion"},{"floor":29,"key":"DeathKnight:RimePotion"},{"floor":41,"key":"Dota2Spire:Clarity"},{"floor":45,"key":"potionbrewer:InfectionPotion"}],"is_trial":false,"path_per_floor":["M","M","M","?","?","R","M","E","T","E","M","R","M","T","R","B",null,"M","M","M","M","M","E","M","$","T","R","AVR","M","$","E","R","B",null,"M","?","?","?","M","R","M","R","T","E","M","M"],"character_chosen":"CHLOE","items_purchased":["PrismaMod:ChloeCarnivalDefend","Dramatic Entrance"],"campfire_rested":2,"item_purchase_floors":[25,25],"current_hp_per_floor":[82,82,82,82,74,74,74,53,53,26,22,55,48,48,81,76,82,82,82,63,63,57,17,17,17,17,56,56,56,56,49,67,67,82,82,82,82,82,68,82,75,82,82,32,32,0,0],"gold":610,"neow_bonus":"TEN_PERCENT_HP_BONUS","is_daily":false,"chose_seed":false,"campfire_upgraded":3,"win_rate":0.0,"timestamp":1614043886,"path_taken":["M","M","M","?","?","R","M","E","T","E","M","R","M","?","R","BOSS","M","M","M","M","M","E","M","$","T","R","AVR","M","?","E","R","BOSS","M","?","?","?","M","R","M","R","T","E","M","M"],"items_purchased_type":["Card","Card"],"build_version":"2020-12-22","purchased_purges":0,"victory":false,"max_hp_per_floor":[82,82,82,82,82,82,82,82,82,82,82,82,82,82,82,82,82,82,82,82,82,82,82,82,82,82,82,82,82,82,82,82,82,82,82,82,82,82,82,82,82,82,82,89,89,89,89],"relic_stats":{"counters":[25,97],"Eternal Feather":72,"PreservedInsect":72,"obtain_stats":[{"SnailShell":14,"hubris:CrystalStatue":26,"ReplayTheSpireMod:Ring of Sloth":38,"Eternal Feather":8,"DemoMod:GlassGuonStoneRelic":13,"PreservedInsect":23,"PrismaMod:PrismaTraceOn":0,"Replay:Wanted Poster":17,"hubris:Icosahedron":37,"Strawberry":44,"trackpad:Compendium":10,"reliquary:TuningFork":31,"Ring of Panic":38,"Replay:Wax Seal":43},{"SnailShell":8,"hubris:CrystalStatue":16,"ReplayTheSpireMod:Ring of Sloth":20,"Eternal Feather":5,"DemoMod:GlassGuonStoneRelic":8,"PreservedInsect":15,"PrismaMod:PrismaTraceOn":0,"Replay:Wanted Poster":9,"hubris:Icosahedron":20,"Strawberry":23,"trackpad:Compendium":6,"reliquary:TuningFork":18,"Ring of Panic":20,"Replay:Wax Seal":22},{"SnailShell":29,"hubris:CrystalStatue":69,"ReplayTheSpireMod:Ring of Sloth":81,"Eternal Feather":19,"DemoMod:GlassGuonStoneRelic":29,"PreservedInsect":66,"PrismaMod:PrismaTraceOn":0,"Replay:Wanted Poster":40,"hubris:Icosahedron":81,"Strawberry":92,"trackpad:Compendium":25,"reliquary:TuningFork":77,"Ring of Panic":81,"Replay:Wax Seal":87}]},"card_choices":[{"not_picked":["PrismaMod:ChloeCheapAttackTwo","PrismaMod:ChloeDiscardRecovery"],"picked":"PrismaMod:ChloeCaladbolg","floor":1},{"not_picked":["PrismaMod:ChloeMordred","PrismaMod:ChloeBetterTracePools","PrismaMod:ChloeExhaustOne"],"picked":"SKIP","floor":2},{"not_picked":["PrismaMod:ChloeMordred","PrismaMod:ChloeExhaustOne"],"picked":"PrismaMod:ChloeCheapAttackTwo","floor":3},{"not_picked":["PrismaMod:ChloeCheapDefend","PrismaMod:ChloeCheapAttackTwo"],"picked":"PrismaMod:ChloeCommonAOEAttack","floor":7},{"not_picked":["PrismaMod:ChloeUncommonDefend","PrismaMod:ChloeExhaustTwo"],"picked":"PrismaMod:ChloeGaeBolg","floor":8},{"not_picked":["PrismaMod:ChloeCheapAttack","PrismaMod:ChloeCheapAttackTwo"],"picked":"PrismaMod:ChloeCheapDefendTwo","floor":10},{"not_picked":["PrismaMod:ChloeMaid","PrismaMod:ChloeCheapDefendTwo"],"picked":"PrismaMod:ChloeCheapAttackTwo","floor":11},{"not_picked":["PrismaMod:ChloeExhaustOne","PrismaMod:ChloeMaid","PrismaMod:ChloeCheapDefend"],"picked":"SKIP","floor":13},{"not_picked":["PrismaMod:ChloeExhaustThree","PrismaMod:ChloeAnyCommonTrace"],"picked":"PrismaMod:ChloeCarnivalAttack","floor":16},{"not_picked":["PrismaMod:ChloeCheapDefend","PrismaMod:ChloeCheapDefendTwo"],"picked":"PrismaMod:ChloeCaladbolg","floor":18},{"not_picked":["PrismaMod:ChloeRhongomyniad","PrismaMod:ChloeCheapDefendTwo"],"picked":"PrismaMod:ChloeExcalibur","floor":19},{"not_picked":["PrismaMod:ChloeRitsuka","PrismaMod:ChloeCheapDefend"],"picked":"PrismaMod:ChloeExcalibur","floor":20},{"not_picked":["PrismaMod:ChloeCheapAttack","PrismaMod:ChloeExhaustTwo+1"],"picked":"PrismaMod:ChloeCarnivalDefend","floor":21},{"not_picked":["PrismaMod:ChloeCheapAttack","PrismaMod:ChloeCheapDefend"],"picked":"PrismaMod:ChloeCommonAOEAttack","floor":22},{"not_picked":["PrismaMod:ChloeEyeOfTheEuryale","PrismaMod:ChloeRuleBreaker"],"picked":"PrismaMod:ChloeGaeBolg+1","floor":23},{"not_picked":["PrismaMod:ChloeUncommonAttack","PrismaMod:ChloeCheapAttack"],"picked":"PrismaMod:ChloeDemonicTutor+1","floor":24},{"not_picked":["PrismaMod:ChloeExhaustTwo","PrismaMod:ChloeMaid"],"picked":"PrismaMod:ChloeDiscardRecovery","floor":29},{"not_picked":["PrismaMod:ChloeExhaustThree","PrismaMod:ChloeCheapDefend","PrismaMod:ChloeUncommonAttack"],"picked":"SKIP","floor":31},{"not_picked":["PrismaMod:ChloeDiscardRecovery","PrismaMod:ChloeCheapAttack+1","PrismaMod:ChloeCommonAOEAttack"],"picked":"SKIP","floor":35},{"not_picked":["PrismaMod:ChloeCommonAOEAttack","PrismaMod:ChloeCheapAttackTwo","PrismaMod:ChloeCheapDefend"],"picked":"SKIP","floor":39},{"not_picked":["PrismaMod:ChloeCheapAttackTwo+1","PrismaMod:ChloeExhaustOne","PrismaMod:ChloeUncommonAOEAttack"],"picked":"SKIP","floor":41},{"not_picked":["PrismaMod:ChloeCheapAttack+1","PrismaMod:ChloeDemonicTutor"],"picked":"PrismaMod:ChloeReshuffleDiscard","floor":44},{"not_picked":["PrismaMod:ChloeExhaustTwo","PrismaMod:ChloeRhongomyniad+1","PrismaMod:ChloeMaid"],"picked":"SKIP","floor":45}],"player_experience":245573,"relics_obtained":[{"floor":8,"key":"Eternal Feather"},{"floor":10,"key":"trackpad:Compendium"},{"floor":14,"key":"SnailShell"},{"floor":23,"key":"PreservedInsect"},{"floor":26,"key":"hubris:CrystalStatue"},{"floor":31,"key":"reliquary:TuningFork"},{"floor":38,"key":"Ring of Panic"},{"floor":38,"key":"ReplayTheSpireMod:Ring of Sloth"},{"floor":43,"key":"Replay:Wax Seal"},{"floor":44,"key":"Strawberry"}],"event_choices":[],"is_beta":false,"boss_relics":[{"not_picked":["ChewingGum","Replay:Bronze Core"],"picked":"Replay:Wanted Poster"},{"not_picked":["reliquary:KinkedSpring","reliquary:Craggleroot","reliquary:WritOfMandamus"]}],"items_purged_floors":[],"is_endless":false,"potions_floor_spawned":[7,10,11,16,18,20,24,29,33,41,45],"killed_by":"Jaw Worm Horde","ascension_level":0}}