{"host":"t9vqxmgmtrdkt9v9","time":1614072774,"event":{"mods":["AchievementEnabler","BaseMod","Colored Map","Minty Spire (QoL Compilation)","Permanent Neow","Relic Stats","StSLib"],"gold_per_floor":[216,291,309,2,2,34,34,53,53,64,96,113,129,155,155,229,229,241,166,166,166,183,183,215,56,56,385,398,398,398,416,416,494,494,494,519,27,27,38,38,71,71,71,106,106,118,131,164,164,164,164],"floor_reached":52,"language":"ENG","playtime":4838,"items_purged":["Pain","Strike_G+1"],"score":2021,"play_id":"75aaf14c-1ec9-4b35-be2c-49f4473e8306","local_time":"20210223193254","is_ascension_mode":true,"campfire_choices":[{"data":"Skewer","floor":7.0,"key":"SMITH"},{"data":"Accuracy","floor":15.0,"key":"SMITH"},{"data":"Venomology","floor":23.0,"key":"SMITH"},{"data":"Adrenaline","floor":29.0,"key":"SMITH"},{"data":"Well Laid Plans","floor":32.0,"key":"SMITH"},{"data":"Calculated Gamble","floor":40,"key":"SMITH"},{"data":"Malaise","floor":45,"key":"SMITH"},{"data":"Footwork","floor":49,"key":"SMITH"}],"circlet_count":0,"master_deck":["AscendersBane","Strike_G+1","Strike_G+1","Strike_G+1","Defend_G+1","Defend_G+1","Defend_G+1","Defend_G+1","Survivor","Neutralize","Footwork+1","Blade Dance","Skewer+1","Glass Knife","Acrobatics","Well Laid Plans+1","Cloak And Dagger","Accuracy+1","Adrenaline+1","Venomology+1","Footwork","Predator+1","Calculated Gamble+1","Blur","Flechettes","Malaise+1","Acrobatics","PiercingWail","Blade Dance","Acrobatics","Cloak And Dagger+1"],"relics":["Ring of the Snake","Sling","White Beast Statue","Toy Ornithopter","Potion Belt","Pear","SlaversCollar","WarpedTongs","MealTicket","HornCleat","Old Coin","HoveringKite","Tough Bandages","Gambling Chip","Ornamental Fan","InkBottle","Lantern","CeramicFish"],"acts_visited":["Exordium","TheCity","TheBeyond"],"potions_floor_usage":[41,41,44,46,46,47,48,50,50,51,51,51],"damage_taken":[{"damage":0.0,"enemies":"Small Slimes","floor":1.0,"turns":5.0},{"damage":0.0,"enemies":"2 Louse","floor":3.0,"turns":4.0},{"damage":6.0,"enemies":"Lagavulin","floor":6.0,"turns":7.0},{"damage":0.0,"enemies":"Cultist","floor":8.0,"turns":3.0},{"damage":1.0,"enemies":"3 Louse","floor":10.0,"turns":7.0},{"damage":6.0,"enemies":"Gremlin Nob","floor":11.0,"turns":3.0},{"damage":0.0,"enemies":"Exordium Thugs","floor":12.0,"turns":5.0},{"damage":0.0,"enemies":"Large Slime","floor":13.0,"turns":3.0},{"damage":6.0,"enemies":"Lagavulin","floor":14.0,"turns":7.0},{"damage":20.0,"enemies":"Slime Boss","floor":16.0,"turns":7.0},{"damage":22.0,"enemies":"Spheric Guardian","floor":18.0,"turns":4.0},{"damage":7.0,"enemies":"Shell Parasite","floor":22.0,"turns":7.0},{"damage":15.0,"enemies":"Gremlin Leader","floor":24.0,"turns":6.0},{"damage":6.0,"enemies":"Book of Stabbing","floor":27.0,"turns":4.0},{"damage":0.0,"enemies":"Snake Plant","floor":28.0,"turns":7.0},{"damage":10.0,"enemies":"Masked Bandits","floor":30.0,"turns":4.0},{"damage":15.0,"enemies":"Cultist and Chosen","floor":31.0,"turns":8.0},{"damage":57.0,"enemies":"Collector","floor":33.0,"turns":14.0},{"damage":0.0,"enemies":"3 Darklings","floor":35.0,"turns":4.0},{"damage":0.0,"enemies":"Mind Bloom Boss Battle","floor":36.0,"turns":6.0},{"damage":1,"enemies":"3 Shapes","floor":39,"turns":9},{"damage":15,"enemies":"Reptomancer","floor":41,"turns":9},{"damage":0,"enemies":"Giant Head","floor":44,"turns":7},{"damage":0,"enemies":"Writhing Mass","floor":46,"turns":12},{"damage":0,"enemies":"Maw","floor":47,"turns":8},{"damage":0,"enemies":"Reptomancer","floor":48,"turns":6},{"damage":16,"enemies":"Awakened One","floor":50,"turns":18},{"damage":1,"enemies":"Donu and Deca","floor":51,"turns":10}],"seed_played":"6675224640265520315","potions_obtained":[{"floor":1.0,"key":"Fire Potion"},{"floor":6.0,"key":"Block Potion"},{"floor":11.0,"key":"Strength Potion"},{"floor":12.0,"key":"SneckoOil"},{"floor":13.0,"key":"CunningPotion"},{"floor":14.0,"key":"DuplicationPotion"},{"floor":16.0,"key":"Fire Potion"},{"floor":18.0,"key":"SpeedPotion"},{"floor":22.0,"key":"FearPotion"},{"floor":24.0,"key":"PowerPotion"},{"floor":27.0,"key":"SmokeBomb"},{"floor":28.0,"key":"PowerPotion"},{"floor":31.0,"key":"ColorlessPotion"},{"floor":33.0,"key":"SneckoOil"},{"floor":36.0,"key":"PowerPotion"},{"floor":39,"key":"Strength Potion"},{"floor":41,"key":"AttackPotion"},{"floor":46,"key":"Energy Potion"},{"floor":47,"key":"Dexterity Potion"}],"is_trial":false,"path_per_floor":["M","?","M","$","?","E","R","M","T","M","E","M","M","E","R","B",null,"M","?","?","?","M","R","E","$","T","E","M","R","?","M","R","B",null,"M","?","$","?","M","R","E","?","T","E","R","M","M","E","R","B","B",null],"character_chosen":"THE_SILENT","items_purchased":["Sling","Skewer","Fire Potion","Calculated Gamble","Acrobatics","Gambling Chip"],"campfire_rested":0,"item_purchase_floors":[4,4,4,25,37,37],"current_hp_per_floor":[59,48,48,48,48,42,42,42,42,41,40,45,50,54,54,49,69,47,47,47,47,45,45,35,50,50,54,64,64,69,54,54,17,61,71,76,76,76,75,75,61,61,61,66,66,72,72,72,72,56,70],"gold":164,"neow_bonus":"HUNDRED_GOLD","is_daily":false,"chose_seed":false,"campfire_upgraded":8,"win_rate":0.0,"timestamp":1614072774,"path_taken":["M","?","M","$","?","E","R","M","T","M","E","?","M","E","R","BOSS","M","?","?","?","?","R","E","$","T","E","M","R","?","M","R","BOSS","M","?","$","?","M","R","E","?","T","E","R","M","M","E","R","BOSS","BOSS"],"items_purchased_type":["Relic","Card","Potion","Card","Card","Relic"],"build_version":"2020-12-22","purchased_purges":2,"victory":true,"max_hp_per_floor":[66,66,66,66,66,66,66,66,66,66,66,66,66,76,76,76,76,76,76,76,76,76,76,76,76,76,76,76,76,76,76,76,76,76,76,76,76,76,76,76,76,72,72,72,72,72,72,72,72,72,72],"relic_stats":{"Tough Bandages":[270],"counters":[28,194],"Ornamental Fan":[232],"Gambling Chip":[11],"CeramicFish":0,"HoveringKite":[61],"MealTicket":15,"obtain_stats":[{"Potion Belt":11,"Lantern":44,"Pear":14,"CeramicFish":48,"HoveringKite":34,"Sling":4,"White Beast Statue":6,"WarpedTongs":21,"Old Coin":27,"SlaversCollar":17,"Tough Bandages":36,"HornCleat":26,"Ornamental Fan":41,"Gambling Chip":37,"MealTicket":24,"Toy Ornithopter":9,"InkBottle":43,"Ring of the Snake":0},{"Potion Belt":6,"Lantern":23,"Pear":9,"CeramicFish":26,"HoveringKite":18,"Sling":2,"White Beast Statue":3,"WarpedTongs":11,"Old Coin":14,"SlaversCollar":10,"Tough Bandages":20,"HornCleat":13,"Ornamental Fan":22,"Gambling Chip":20,"MealTicket":13,"Toy Ornithopter":4,"InkBottle":22,"Ring of the Snake":0},{"Potion Belt":29,"Lantern":140,"Pear":44,"CeramicFish":166,"HoveringKite":105,"Sling":9,"White Beast Statue":16,"WarpedTongs":55,"Old Coin":72,"SlaversCollar":51,"Tough Bandages":115,"HornCleat":68,"Ornamental Fan":133,"Gambling Chip":115,"MealTicket":68,"Toy Ornithopter":19,"InkBottle":133,"Ring of the Snake":0}],"Toy Ornithopter":137,"InkBottle":[44],"Ring of the Snake":[56],"WarpedTongs":[125]},"card_choices":[{"not_picked":["Distraction","PiercingWail"],"picked":"Footwork","floor":1.0},{"not_picked":["Blur","Dodge and Roll"],"picked":"Blade Dance","floor":3.0},{"not_picked":["Flying Knee","Skewer"],"picked":"Glass Knife","floor":6.0},{"not_picked":["Quick Slash","Outmaneuver"],"picked":"Acrobatics","floor":8.0},{"not_picked":["Dagger Spray","Sucker Punch"],"picked":"Well Laid Plans","floor":10.0},{"not_picked":["Poisoned Stab","Unload","Setup"],"picked":"SKIP","floor":11.0},{"not_picked":["Acrobatics","Sucker Punch"],"picked":"Cloak And Dagger","floor":12.0},{"not_picked":["Quick Slash","Unload"],"picked":"Accuracy","floor":13.0},{"not_picked":["Blade Dance","Distraction"],"picked":"Adrenaline","floor":14.0},{"not_picked":["Grand Finale","Tools of the Trade"],"picked":"Venomology","floor":16.0},{"not_picked":["Underhanded Strike","Cloak And Dagger"],"picked":"Footwork","floor":18.0},{"not_picked":["Skewer","Crippling Poison","Dagger Spray"],"picked":"SKIP","floor":22.0},{"not_picked":["Flying Knee+1","Noxious Fumes"],"picked":"Predator+1","floor":24.0},{"not_picked":["Outmaneuver","Deflect"],"picked":"Blur","floor":27.0},{"not_picked":["Bullet Time","Quick Slash"],"picked":"Flechettes","floor":28.0},{"not_picked":["Poisoned Stab+1","Reflex+1","Dagger Throw"],"picked":"SKIP","floor":31.0},{"not_picked":["Unload","After Image"],"picked":"Malaise","floor":33.0},{"not_picked":["Underhanded Strike","Tactician"],"picked":"PiercingWail","floor":39},{"not_picked":["Calculated Gamble","Backflip"],"picked":"Blade Dance","floor":41},{"not_picked":["Sucker Punch","Deflect"],"picked":"Acrobatics","floor":44},{"not_picked":["Dagger Throw+1","Finisher"],"picked":"Cloak And Dagger+1","floor":46},{"not_picked":["Blade Dance","Dodge and Roll","Poisoned Stab"],"picked":"SKIP","floor":47},{"not_picked":["Distraction","Bullet Time","Acrobatics"],"picked":"SKIP","floor":48}],"player_experience":475952,"relics_obtained":[{"floor":6.0,"key":"White Beast Statue"},{"floor":9.0,"key":"Toy Ornithopter"},{"floor":11.0,"key":"Potion Belt"},{"floor":14.0,"key":"Pear"},{"floor":24.0,"key":"MealTicket"},{"floor":26.0,"key":"HornCleat"},{"floor":27.0,"key":"Old Coin"},{"floor":36.0,"key":"Tough Bandages"},{"floor":41,"key":"Ornamental Fan"},{"floor":43,"key":"InkBottle"},{"floor":44,"key":"Lantern"},{"floor":48,"key":"CeramicFish"}],"event_choices":[{"damage_healed":0.0,"max_hp_gain":0.0,"max_hp_loss":0.0,"gold_gain":75.0,"event_name":"World of Goop","player_choice":"Gather Gold","floor":2.0,"gold_loss":0.0,"damage_taken":11.0},{"damage_healed":0.0,"max_hp_gain":0.0,"max_hp_loss":0.0,"gold_gain":0.0,"event_name":"Lab","player_choice":"Got Potions","floor":5.0,"gold_loss":0.0,"damage_taken":0.0},{"cards_removed":["Strike_G"],"damage_healed":0.0,"max_hp_gain":0.0,"max_hp_loss":0.0,"gold_gain":0.0,"event_name":"Beggar","player_choice":"Gave Gold","floor":19.0,"gold_loss":75.0,"damage_taken":0.0},{"damage_healed":0.0,"max_hp_gain":0.0,"max_hp_loss":0.0,"gold_gain":0.0,"event_name":"Back to Basics","player_choice":"Simplicity","floor":20.0,"gold_loss":0.0,"damage_taken":0.0,"cards_upgraded":["Strike_G","Strike_G","Strike_G","Strike_G","Defend_G","Defend_G","Defend_G","Defend_G","Defend_G"]},{"damage_healed":0.0,"max_hp_gain":0.0,"max_hp_loss":0.0,"gold_gain":0.0,"event_name":"Accursed Blacksmith","player_choice":"Rummage","floor":21.0,"gold_loss":0.0,"damage_taken":0.0,"relics_obtained":["WarpedTongs"],"cards_obtained":["Pain"]},{"damage_healed":0.0,"max_hp_gain":0.0,"max_hp_loss":0.0,"gold_gain":0.0,"event_name":"Masked Bandits","player_choice":"Fought Bandits","floor":30.0,"gold_loss":0.0,"damage_taken":0.0},{"damage_healed":0.0,"max_hp_gain":0.0,"max_hp_loss":0.0,"gold_gain":0.0,"event_name":"MindBloom","player_choice":"Fight","floor":36.0,"gold_loss":0.0,"damage_taken":0.0},{"cards_removed":["Defend_G"],"damage_healed":0.0,"max_hp_gain":0.0,"max_hp_loss":0.0,"gold_gain":0.0,"event_name":"Falling","player_choice":"Removed Skill","floor":38.0,"gold_loss":0.0,"damage_taken":0.0},{"damage_healed":0,"gold_gain":0,"player_choice":"Max HP","damage_taken":0,"max_hp_gain":0,"max_hp_loss":4,"event_name":"Winding Halls","floor":42,"gold_loss":0}],"is_beta":false,"boss_relics":[{"not_picked":["Busted Crown","Sozu"],"picked":"SlaversCollar"},{"not_picked":["Ring of the Serpent","Tiny House"],"picked":"HoveringKite"}],"items_purged_floors":[25,37],"is_endless":false,"potions_floor_spawned":[1,6,8,10,11,12,13,14,16,18,22,24,27,28,30,31,33,35,36,39,41,44,46,47,48],"ascension_level":20}}