{"host":"ppqll9nf92xyjrj9","time":1614073826,"event":{"mods":["Act Like it!","Arknights","BaseMod","Bestiary","Better Third Choice","Bossed Relics","Curses Come First","Ekko","Evolution","Hermit","Jorbs\u0027s Wanderer Trilogy","Keyboard Shortcuts","Marked Mod","Minty Spire (QoL Compilation)","Relic Stats","Shapeshifter Mod","Spicy Shops","StS++","StSLib","The Marked","The Runesmith","Weighted Paths","【遗物卡牌】REMEMod"],"gold_per_floor":[116,126,139,150,150,179,179,189,189,189,202,212,212,231,231,333,333,351,371,381,394,412,423,423,449,449,12,12,31,66,66,66,164,164,176,176,194,11,26,26,45,45,45,45,64,64,64,74,74,74],"floor_reached":51,"language":"ENG","playtime":5973,"items_purged":["ekkoTheBoyWhoShatteredTime:CommittedStrike"],"score":721,"play_id":"ec43974b-433f-48f3-8d91-f13ec75285ab","local_time":"20210223015026","is_ascension_mode":false,"campfire_choices":[{"data":"ekkoTheBoyWhoShatteredTime:TimeMaster","floor":7,"key":"SMITH"},{"data":"ekkoTheBoyWhoShatteredTime:SneakHit","floor":10,"key":"SMITH"},{"data":"ekkoTheBoyWhoShatteredTime:CatchUpTime","floor":13,"key":"SMITH"},{"floor":15,"key":"REST"},{"floor":24,"key":"REST"},{"floor":28,"key":"REST"},{"data":"ekkoTheBoyWhoShatteredTime:PulsefirePooling","floor":32,"key":"SMITH"},{"data":"Exhume","floor":40,"key":"SMITH"},{"data":"REME_AllRoundStrike","floor":42,"key":"SMITH"},{"data":"ekkoTheBoyWhoShatteredTime:VelocityConsuming","floor":44,"key":"SMITH"},{"data":"ekkoTheBoyWhoShatteredTime:TrinityForce","floor":47,"key":"SMITH"},{"data":"ekkoTheBoyWhoShatteredTime:Powered","floor":49,"key":"SMITH"}],"circlet_count":0,"master_deck":["ekkoTheBoyWhoShatteredTime:WideSlice","ekkoTheBoyWhoShatteredTime:SpHit","ekkoTheBoyWhoShatteredTime:FeelIt","ekkoTheBoyWhoShatteredTime:SneakHit+1","ekkoTheBoyWhoShatteredTime:Defend","ekkoTheBoyWhoShatteredTime:Defend","ekkoTheBoyWhoShatteredTime:Defend","ekkoTheBoyWhoShatteredTime:Defend","ekkoTheBoyWhoShatteredTime:TimeMaster+1","ekkoTheBoyWhoShatteredTime:Powered+1","Exhume+1","ekkoTheBoyWhoShatteredTime:NeedlesslyLargeRod","ekkoTheBoyWhoShatteredTime:ItemsAfterimage+1","ekkoTheBoyWhoShatteredTime:MicCheck","ekkoTheBoyWhoShatteredTime:AfterimageTease","ekkoTheBoyWhoShatteredTime:AfterimageDualStroke","ekkoTheBoyWhoShatteredTime:CatchUpTime+1","ekkoTheBoyWhoShatteredTime:DelayedWork","ekkoTheBoyWhoShatteredTime:VelocityConsuming+1","ekkoTheBoyWhoShatteredTime:PulsefirePooling+1","ekkoTheBoyWhoShatteredTime:TrinityForce+1","ekkoTheBoyWhoShatteredTime:NeedlesslyLargeRod+1","ekkoTheBoyWhoShatteredTime:TrinityForce","REME_AllRoundStrike+1","ekkoTheBoyWhoShatteredTime:Dash","ekkoTheBoyWhoShatteredTime:NeedlesslyLargeRod","ekkoTheBoyWhoShatteredTime:AcademyAttraction+1","ekkoTheBoyWhoShatteredTime:Leap+1","ekkoTheBoyWhoShatteredTime:Confident+1","ekkoTheBoyWhoShatteredTime:NeedlesslyLargeRod+1","ekkoTheBoyWhoShatteredTime:ParallelConvergence+1","ekkoTheBoyWhoShatteredTime:Dash+1"],"relics":["EVO:Axolotl","REME_ComplimentaryCards","Runic Pyramid","Dream Catcher","ekkoTheBoyWhoShatteredTime:TwistedClockwork","Sozu","Lantern","Thread and Needle","Anchor","REME_HourglassOfDeath","Frozen Egg 2","Astrolabe","Spirit Poop","StSpp:Monolith"],"acts_visited":["Exordium","TheCity","TheBeyond"],"potions_floor_usage":[12,25,50],"damage_taken":[{"damage":2.0,"enemies":"ats:Genji","floor":1.0,"turns":2.0},{"damage":11.0,"enemies":"Jaw Worm","floor":2.0,"turns":3.0},{"damage":12.0,"enemies":"Small Slimes","floor":3.0,"turns":3.0},{"damage":4.0,"enemies":"Gremlin Gang","floor":4.0,"turns":3.0},{"damage":11,"enemies":"3 Sentries","floor":6,"turns":6},{"damage":4,"enemies":"Blue Slaver","floor":8,"turns":3},{"damage":8,"enemies":"3 Louse","floor":11,"turns":2},{"damage":0,"enemies":"Exordium Wildlife","floor":12,"turns":3},{"damage":0,"enemies":"Exordium Thugs","floor":14,"turns":2},{"damage":0,"enemies":"The Guardian","floor":16,"turns":6},{"damage":21,"enemies":"2 Thieves","floor":18,"turns":4},{"damage":2,"enemies":"Shell Parasite","floor":19,"turns":3},{"damage":12,"enemies":"Shelled Parasite and Fungi","floor":20,"turns":3},{"damage":17,"enemies":"Centurion and Healer","floor":21,"turns":5},{"damage":3,"enemies":"Chosen and Byrds","floor":22,"turns":4},{"damage":17,"enemies":"Snake Plant","floor":23,"turns":2},{"damage":25,"enemies":"Book of Stabbing","floor":25,"turns":3},{"damage":2,"enemies":"3 Cultists","floor":29,"turns":3},{"damage":1,"enemies":"Gremlin Leader","floor":30,"turns":3},{"damage":24,"enemies":"Collector","floor":33,"turns":4},{"damage":0,"enemies":"3 Darklings","floor":35,"turns":3},{"damage":0,"enemies":"3 Shapes","floor":37,"turns":3},{"damage":0,"enemies":"Maw","floor":39,"turns":4},{"damage":0,"enemies":"Writhing Mass","floor":41,"turns":3},{"damage":19,"enemies":"Jaw Worm Horde","floor":45,"turns":2},{"damage":8,"enemies":"Transient","floor":48,"turns":5},{"damage":6,"enemies":"Donu and Deca","floor":50,"turns":5}],"seed_played":"7281850268687960634","potions_obtained":[{"floor":2.0,"key":"PowerPotion"},{"floor":4.0,"key":"BlessingOfTheForge"},{"floor":8,"key":"Regen Potion"},{"floor":12,"key":"Fruit Juice"}],"is_trial":false,"path_per_floor":["M","M","M","M","?","E","R","M","T","R","M","M","R","M","R","B",null,"M","M","M","M","M","M","R","E","T","$","R","M","E","?","R","B",null,"M","?","M","$","M","R","M","R","T","R","M","?","R","M","R","B",null],"character_chosen":"EKKO_THE_BOY_WHO_SHATTERED_TIME","items_purchased":["Anchor","ekkoTheBoyWhoShatteredTime:TrinityForce","REME_AllRoundStrike","ekkoTheBoyWhoShatteredTime:NeedlesslyLargeRod+1"],"campfire_rested":3,"item_purchase_floors":[27,27,27,38],"current_hp_per_floor":[76,65,53,49,49,38,38,34,34,34,26,31,31,31,55,55,83,62,60,48,31,28,11,35,19,19,19,43,41,40,40,40,16,83,83,83,83,83,83,83,83,83,83,83,64,64,64,56,56,50],"gold":74,"neow_bonus":"BOSS_RELIC","is_daily":false,"chose_seed":false,"campfire_upgraded":9,"win_rate":0.0,"timestamp":1614073826,"path_taken":["M","M","M","M","?","E","R","?","T","R","M","M","R","M","R","BOSS","M","M","M","M","M","M","R","E","T","$","R","M","E","?","R","BOSS","M","?","M","$","?","R","?","R","T","R","M","?","R","M","R","BOSS"],"items_purchased_type":["Relic","Card","Card","Card"],"build_version":"2020-12-22","purchased_purges":1,"victory":true,"max_hp_per_floor":[78,78,78,78,78,78,78,78,78,78,78,83,83,83,83,83,83,83,83,83,83,83,83,83,83,83,83,83,83,83,83,83,83,83,83,83,83,83,83,83,83,83,83,83,83,83,83,83,83,83],"relic_stats":{"Sozu":5,"Dream Catcher":3,"counters":[27,91],"Astrolabe":[],"obtain_stats":[{"Lantern":25,"Astrolabe":34,"Spirit Poop":36,"Thread and Needle":26,"EVO:Axolotl":0,"Frozen Egg 2":31,"Sozu":17,"ekkoTheBoyWhoShatteredTime:TwistedClockwork":9,"Dream Catcher":6,"Anchor":27,"REME_HourglassOfDeath":30,"ekkoTheBoyWhoShatteredTime:zDriveResonance":0,"StSpp:Monolith":43,"REME_ComplimentaryCards":0,"Runic Pyramid":0},{"Lantern":17,"Astrolabe":20,"Spirit Poop":21,"Thread and Needle":17,"EVO:Axolotl":0,"Frozen Egg 2":19,"Sozu":10,"ekkoTheBoyWhoShatteredTime:TwistedClockwork":6,"Dream Catcher":5,"Anchor":17,"REME_HourglassOfDeath":19,"ekkoTheBoyWhoShatteredTime:zDriveResonance":0,"StSpp:Monolith":24,"REME_ComplimentaryCards":0,"Runic Pyramid":0},{"Lantern":56,"Astrolabe":66,"Spirit Poop":69,"Thread and Needle":56,"EVO:Axolotl":0,"Frozen Egg 2":62,"Sozu":33,"ekkoTheBoyWhoShatteredTime:TwistedClockwork":20,"Dream Catcher":17,"Anchor":56,"REME_HourglassOfDeath":62,"ekkoTheBoyWhoShatteredTime:zDriveResonance":0,"StSpp:Monolith":79,"REME_ComplimentaryCards":0,"Runic Pyramid":0}]},"card_choices":[{"not_picked":["ekkoTheBoyWhoShatteredTime:SneakHit","ekkoTheBoyWhoShatteredTime:AfterimageTease"],"picked":"ekkoTheBoyWhoShatteredTime:NeedlesslyLargeRod","floor":1.0},{"not_picked":["ekkoTheBoyWhoShatteredTime:HauntedAfterimage","ekkoTheBoyWhoShatteredTime:AfterimageSetup","ekkoTheBoyWhoShatteredTime:AfterimageHit"],"picked":"SKIP","floor":2.0},{"not_picked":["ekkoTheBoyWhoShatteredTime:DefensiveStance","ekkoTheBoyWhoShatteredTime:RecallingPunch"],"picked":"ekkoTheBoyWhoShatteredTime:ItemsAfterimage","floor":3.0},{"not_picked":["ekkoTheBoyWhoShatteredTime:MotivateCrowds","ekkoTheBoyWhoShatteredTime:WideSlice"],"picked":"ekkoTheBoyWhoShatteredTime:MicCheck","floor":4.0},{"not_picked":["ekkoTheBoyWhoShatteredTime:HauntedAfterimage","ekkoTheBoyWhoShatteredTime:AfterimageBait"],"picked":"ekkoTheBoyWhoShatteredTime:AfterimageTease","floor":6},{"not_picked":["ekkoTheBoyWhoShatteredTime:HauntedAfterimage","ekkoTheBoyWhoShatteredTime:Greed"],"picked":"ekkoTheBoyWhoShatteredTime:AfterimageDualStroke","floor":8},{"not_picked":["ekkoTheBoyWhoShatteredTime:HailOfBlades","ekkoTheBoyWhoShatteredTime:SpHit"],"picked":"ekkoTheBoyWhoShatteredTime:CatchUpTime","floor":11},{"not_picked":["ekkoTheBoyWhoShatteredTime:PhaseDive","ekkoTheBoyWhoShatteredTime:NaggingBlow","ekkoTheBoyWhoShatteredTime:DodgeTraining"],"picked":"SKIP","floor":12},{"not_picked":["ekkoTheBoyWhoShatteredTime:LichBane","ekkoTheBoyWhoShatteredTime:QuickBreak"],"picked":"ekkoTheBoyWhoShatteredTime:DelayedWork","floor":14},{"not_picked":["ekkoTheBoyWhoShatteredTime:FeelIt","ekkoTheBoyWhoShatteredTime:HailOfBlades"],"picked":"ekkoTheBoyWhoShatteredTime:VelocityConsuming","floor":15},{"not_picked":["ekkoTheBoyWhoShatteredTime:OverloadingWeapon","ekkoTheBoyWhoShatteredTime:ZhonyasHourglass"],"picked":"ekkoTheBoyWhoShatteredTime:PulsefirePooling","floor":16},{"not_picked":["ekkoTheBoyWhoShatteredTime:Vibin","ekkoTheBoyWhoShatteredTime:Disturblast","ekkoTheBoyWhoShatteredTime:SpHit+1"],"picked":"SKIP","floor":18},{"not_picked":["ekkoTheBoyWhoShatteredTime:AfterimageHit","ekkoTheBoyWhoShatteredTime:CommittedStrike","ekkoTheBoyWhoShatteredTime:Dash"],"picked":"SKIP","floor":19},{"not_picked":["ekkoTheBoyWhoShatteredTime:Backtrack","ekkoTheBoyWhoShatteredTime:CommittedStrike+1","ekkoTheBoyWhoShatteredTime:PhaseDive"],"picked":"SKIP","floor":20},{"not_picked":["ekkoTheBoyWhoShatteredTime:NaggingBlow+1","ekkoTheBoyWhoShatteredTime:Leap","ekkoTheBoyWhoShatteredTime:SneakHit"],"picked":"SKIP","floor":21},{"not_picked":["ekkoTheBoyWhoShatteredTime:Backtrack","ekkoTheBoyWhoShatteredTime:SneakHit"],"picked":"ekkoTheBoyWhoShatteredTime:TrinityForce","floor":22},{"not_picked":["ekkoTheBoyWhoShatteredTime:WaitForKeyTiming+1","ekkoTheBoyWhoShatteredTime:DodgeTraining"],"picked":"ekkoTheBoyWhoShatteredTime:NeedlesslyLargeRod+1","floor":23},{"not_picked":["ekkoTheBoyWhoShatteredTime:AfterimageTease","ekkoTheBoyWhoShatteredTime:Vibin"],"picked":"ekkoTheBoyWhoShatteredTime:NeedlesslyLargeRod","floor":25},{"not_picked":["ekkoTheBoyWhoShatteredTime:WaitForKeyTiming","ekkoTheBoyWhoShatteredTime:AfterimageTimeWrap"],"picked":"ekkoTheBoyWhoShatteredTime:Dash","floor":28},{"not_picked":["ekkoTheBoyWhoShatteredTime:AfterimageTease+1","ekkoTheBoyWhoShatteredTime:AfterimageHit","ekkoTheBoyWhoShatteredTime:NashorsTooth+1"],"picked":"SKIP","floor":29},{"not_picked":["ekkoTheBoyWhoShatteredTime:TimeRecall","ekkoTheBoyWhoShatteredTime:Unchained"],"picked":"ekkoTheBoyWhoShatteredTime:NeedlesslyLargeRod","floor":30},{"not_picked":["ekkoTheBoyWhoShatteredTime:SktSynergy+1","ekkoTheBoyWhoShatteredTime:ZhonyasHourglass"],"picked":"ekkoTheBoyWhoShatteredTime:AcademyAttraction+1","floor":33},{"not_picked":["ekkoTheBoyWhoShatteredTime:HauntedAfterimage","ekkoTheBoyWhoShatteredTime:QuickBreak"],"picked":"ekkoTheBoyWhoShatteredTime:Leap+1","floor":35},{"not_picked":["ekkoTheBoyWhoShatteredTime:Backtrack","ekkoTheBoyWhoShatteredTime:RecallingPunch+1"],"picked":"ekkoTheBoyWhoShatteredTime:Confident+1","floor":37},{"not_picked":["ekkoTheBoyWhoShatteredTime:Vibin+1","ekkoTheBoyWhoShatteredTime:WideSlice","ekkoTheBoyWhoShatteredTime:Acceleration+1"],"picked":"SKIP","floor":39},{"not_picked":["ekkoTheBoyWhoShatteredTime:OverloadingWeapon","ekkoTheBoyWhoShatteredTime:AfterimageSetup+1"],"picked":"ekkoTheBoyWhoShatteredTime:ParallelConvergence+1","floor":41},{"not_picked":["ekkoTheBoyWhoShatteredTime:TimeRecall+1","ekkoTheBoyWhoShatteredTime:VelocityConsuming","ekkoTheBoyWhoShatteredTime:AfterimageBait+1"],"picked":"SKIP","floor":45},{"not_picked":["ekkoTheBoyWhoShatteredTime:TimeRecall","ekkoTheBoyWhoShatteredTime:AfterimageHit+1"],"picked":"ekkoTheBoyWhoShatteredTime:Dash+1","floor":48}],"player_experience":183136,"relics_obtained":[{"floor":6,"key":"Dream Catcher"},{"floor":9,"key":"ekkoTheBoyWhoShatteredTime:TwistedClockwork"},{"floor":25,"key":"Lantern"},{"floor":26,"key":"Thread and Needle"},{"floor":30,"key":"REME_HourglassOfDeath"},{"floor":43,"key":"StSpp:Monolith"}],"event_choices":[{"damage_healed":0.0,"max_hp_gain":0.0,"max_hp_loss":0.0,"gold_gain":0.0,"event_name":"Accursed Blacksmith","player_choice":"Forge","floor":5.0,"gold_loss":0.0,"damage_taken":0.0,"cards_upgraded":["ekkoTheBoyWhoShatteredTime:ItemsAfterimage"]},{"damage_healed":0,"gold_gain":0,"player_choice":"Stole Relic","damage_taken":0,"relics_obtained":["Frozen Egg 2"],"max_hp_gain":0,"max_hp_loss":0,"event_name":"Addict","floor":31,"gold_loss":0,"cards_obtained":["Shame"]},{"cards_removed":["Shame"],"damage_healed":0,"gold_gain":0,"player_choice":"Offered Curse","damage_taken":0,"relics_obtained":["Spirit Poop"],"max_hp_gain":0,"max_hp_loss":0,"event_name":"Bonfire Elementals","floor":36,"gold_loss":0},{"cards_removed":["ekkoTheBoyWhoShatteredTime:NeedlesslyLargeRod"],"damage_healed":0,"gold_gain":0,"player_choice":"Removed Power","damage_taken":0,"max_hp_gain":0,"max_hp_loss":0,"event_name":"Falling","floor":46,"gold_loss":0}],"is_beta":false,"boss_relics":[{"not_picked":["Runic Dome","Fusion Hammer"],"picked":"Sozu"},{"not_picked":["SlaversCollar","StSpp:PileOfSugar"],"picked":"Astrolabe"}],"items_purged_floors":[38],"is_endless":false,"potions_floor_spawned":[2,4,8,12,18,23,33,41,45],"ascension_level":0}}