{"host":"4bjf3jtd8i13astb","time":1614121397,"event":{"mods":["AchievementEnabler","BaseMod","Colored Map","Colored Powertips","Highlight Path","Minty Spire (QoL Compilation)","StSLib"],"gold_per_floor":[117,128,13,13,13,13,24,24,96,131,131,142,142,172,172,250,250,262,5,5,20,119,119,119],"floor_reached":23,"language":"ENG","playtime":730,"items_purged":["Defend_B","Strike_B"],"score":325,"play_id":"3a328518-34ad-4435-80a8-5cf7fa2b3a83","local_time":"20210223180317","is_ascension_mode":true,"campfire_choices":[{"data":"Zap","floor":6,"key":"SMITH"},{"data":"Defragment","floor":8,"key":"SMITH"},{"data":"Creative AI","floor":11,"key":"SMITH"},{"floor":13,"key":"REST"},{"floor":15,"key":"REST"}],"circlet_count":0,"master_deck":["AscendersBane","Defend_B","Defend_B","Defend_B","Zap+1","Dualcast","Force Field","Defragment+1","Creative AI+1","Glacier","Cold Snap","Core Surge","Creative AI+1","Heatsinks"],"relics":["Cracked Core","Gremlin Horn","Dream Catcher","Omamori","Philosopher\u0027s Stone","DollysMirror"],"acts_visited":["Exordium","TheCity"],"potions_floor_usage":[12,14,16],"damage_taken":[{"damage":1,"enemies":"Cultist","floor":1,"turns":3},{"damage":0,"enemies":"Small Slimes","floor":2,"turns":3},{"damage":2,"enemies":"2 Louse","floor":7,"turns":2},{"damage":50,"enemies":"Lagavulin","floor":10,"turns":7},{"damage":0,"enemies":"2 Fungi Beasts","floor":12,"turns":4},{"damage":35,"enemies":"3 Sentries","floor":14,"turns":6},{"damage":18,"enemies":"Slime Boss","floor":16,"turns":9},{"damage":18,"enemies":"Shell Parasite","floor":18,"turns":6},{"damage":13,"enemies":"Spheric Guardian","floor":21,"turns":6},{"damage":34,"enemies":"Slavers","floor":23,"turns":2}],"seed_played":"2308148407798818043","potions_obtained":[{"floor":2,"key":"Block Potion"},{"floor":7,"key":"EssenceOfSteel"},{"floor":12,"key":"Swift Potion"}],"is_trial":false,"path_per_floor":["M","M","$","?","$","R","M","R","T","E","R","M","R","E","R","B",null,"M","$","?","M","?","E"],"character_chosen":"DEFECT","items_purchased":["Defragment","DollysMirror"],"campfire_rested":2,"item_purchase_floors":[3,19],"current_hp_per_floor":[67,67,67,67,67,67,65,65,65,15,15,15,37,2,24,6,58,40,40,40,27,27,0,0],"gold":119,"neow_bonus":"REMOVE_CARD","is_daily":false,"chose_seed":false,"campfire_upgraded":3,"win_rate":0.0,"timestamp":1614121397,"path_taken":["M","M","?","?","$","R","M","R","T","E","R","?","R","E","R","BOSS","M","$","?","M","?","E"],"items_purchased_type":["Card","Relic"],"build_version":"2020-12-22","purchased_purges":2,"victory":false,"max_hp_per_floor":[75,75,75,75,75,75,75,75,75,75,75,75,75,75,75,75,75,75,75,75,75,75,75,75],"card_choices":[{"not_picked":["Rebound","Turbo","Auto Shields"],"picked":"SKIP","floor":1},{"not_picked":["Sunder","FTL"],"picked":"Force Field","floor":2},{"not_picked":["Tempest","Recycle","Doom and Gloom"],"picked":"SKIP","floor":7},{"not_picked":["Reprogram","Scrape"],"picked":"Creative AI","floor":10},{"not_picked":["Hello World","Sweeping Beam","Steam Power"],"picked":"SKIP","floor":12},{"not_picked":["Ball Lightning","Coolheaded"],"picked":"Glacier","floor":13},{"not_picked":["Compile Driver","Stack","Cold Snap"],"picked":"SKIP","floor":14},{"not_picked":["Leap","Streamline"],"picked":"Cold Snap","floor":15},{"not_picked":["All For One","Rainbow"],"picked":"Core Surge","floor":16},{"not_picked":["Redo","BootSequence","Genetic Algorithm"],"picked":"SKIP","floor":18},{"not_picked":["Recycle","Sweeping Beam"],"picked":"Heatsinks","floor":21}],"player_experience":1224693,"relics_obtained":[{"floor":9,"key":"Gremlin Horn"},{"floor":10,"key":"Dream Catcher"},{"floor":14,"key":"Omamori"}],"event_choices":[{"cards_removed":["Strike_B"],"damage_healed":0,"gold_gain":0,"player_choice":"Purged","damage_taken":0,"max_hp_gain":0,"max_hp_loss":0,"event_name":"Purifier","floor":4,"gold_loss":0},{"cards_removed":["Strike_B"],"damage_healed":0,"gold_gain":0,"player_choice":"Elegance","damage_taken":0,"max_hp_gain":0,"max_hp_loss":0,"event_name":"Back to Basics","floor":20,"gold_loss":0},{"damage_healed":0,"gold_gain":99,"player_choice":"Stole From Cult","damage_taken":0,"max_hp_gain":0,"max_hp_loss":0,"event_name":"Nest","floor":22,"gold_loss":0}],"is_beta":false,"boss_relics":[{"not_picked":["Sozu","Velvet Choker"],"picked":"Philosopher\u0027s Stone"}],"items_purged_floors":[3,19],"is_endless":false,"potions_floor_spawned":[2,7,12],"killed_by":"Slavers","ascension_level":13}}