{"host":"hig4mmxcip4vq5ai","time":1614080829,"event":{"mods":["Aspiration","BaseMod","Challenge The Spire","Colored Powertips","Conspire","Energized Spire","Friendly Minions","Halation","Hubris","Infinite Spire","Minty Spire (QoL Compilation)","Replay The Spire","Shop Mod","Small Relic Pack","StSLib"],"gold_per_floor":[110,110,130,130,155,155,131,169,169,169,169,245,264,288,288,413,413,396,396,419,419,435,475,475,494,494,494,512,526,560,560,560,560,560,688,688,701,701,715,715,715,715,766,766,766,807,807,843,864,904,904,904],"floor_reached":53,"language":"RUS","playtime":2267,"items_purged":[],"score":738,"play_id":"6f314526-313c-4e4a-948e-be9992023b69","local_time":"20210223144709","is_ascension_mode":true,"campfire_choices":[{"data":"SashWhip","floor":6,"key":"SMITH"},{"data":"Prostrate","floor":10,"key":"SMITH"},{"floor":15,"key":"REST"},{"data":"Devotion","floor":24,"key":"SMITH"},{"floor":27,"key":"REST"},{"floor":34,"key":"REST"},{"data":"ConjureBlade","floor":42,"key":"SMITH"},{"data":"Devotion","floor":44,"key":"SMITH"},{"data":"Prostrate","floor":47,"key":"SMITH"},{"floor":51,"key":"REST"}],"circlet_count":0,"master_deck":["Strike_P","Strike_P","Strike_P","Strike_P","Defend_P","Defend_P","Defend_P","Defend_P","Eruption","Vigilance+1","SashWhip+1","Prostrate+1","Worship","CrushJoints","SandsOfTime","Prostrate+1","Protect","Prostrate","Devotion+1","Prostrate","infinitespire:Punishment","CarveReality","Devotion+1","DeceiveReality","Protect","Vault+1","Evaluate","ClearTheMind+1","LikeWater","ConjureBlade+1","WindmillStrike+1","Collect+1","Worship+1","Evaluate+1","CarveReality+1","ForeignInfluence"],"relics":["PureWater","Golden Idol","hubris:Towel","Dream Catcher","hubris:BottledRain","Replay:Accelerometer","hubris:HollowSoul","Pen Nib","halation:SwordOfLegend","halation:SelfBoilingWater","energizedSpire:DeadBattery","Simple Rune","infinitespire:EmpoweringShard","TungstenRod","hubris:Reverence","halation:Trompette"],"acts_visited":["Exordium","TheCity","TheBeyond"],"potions_floor_usage":[16,16,30,35,35,48,52,52,52],"damage_taken":[{"damage":0,"enemies":"Cultist","floor":1,"turns":4},{"damage":0,"enemies":"2 Louse","floor":3,"turns":2},{"damage":0,"enemies":"Small Slimes","floor":5,"turns":2},{"damage":16,"enemies":"Gremlin Nob","floor":8,"turns":4},{"damage":31,"enemies":"3 Sentries","floor":12,"turns":6},{"damage":5,"enemies":"2 Fungi Beasts","floor":13,"turns":2},{"damage":0,"enemies":"Looter","floor":14,"turns":3},{"damage":6,"enemies":"The Guardian","floor":16,"turns":8},{"damage":13,"enemies":"2 Thieves","floor":18,"turns":4},{"damage":0,"enemies":"Shell Parasite","floor":20,"turns":4},{"damage":1,"enemies":"Cultist and Chosen","floor":22,"turns":3},{"damage":4,"enemies":"Book of Stabbing","floor":23,"turns":2},{"damage":4,"enemies":"Centurion and Healer","floor":25,"turns":4},{"damage":0,"enemies":"Snecko","floor":28,"turns":3},{"damage":18,"enemies":"Shelled Parasite and Fungi","floor":29,"turns":4},{"damage":18,"enemies":"Gremlin Leader","floor":30,"turns":5},{"damage":2,"enemies":"Automaton","floor":35,"turns":6},{"damage":0,"enemies":"3 Darklings","floor":37,"turns":6},{"damage":0,"enemies":"Orb Walker","floor":39,"turns":1},{"damage":13,"enemies":"Giant Head","floor":46,"turns":7},{"damage":8,"enemies":"Reptomancer","floor":48,"turns":3},{"damage":7,"enemies":"Jaw Worm Horde","floor":49,"turns":5},{"damage":1,"enemies":"Giant Head","floor":50,"turns":7},{"damage":36,"enemies":"Replay:Hell Engine","floor":52,"turns":9}],"seed_played":"-7945330083198284237","potions_obtained":[{"floor":3,"key":"Dexterity Potion"},{"floor":13,"key":"PowerPotion"},{"floor":14,"key":"Block Potion"},{"floor":16,"key":"BlessingOfTheForge"},{"floor":23,"key":"Explosive Potion"},{"floor":25,"key":"CultistPotion"},{"floor":30,"key":"Regen Potion"},{"floor":35,"key":"DistilledChaos"},{"floor":46,"key":"Elixir"},{"floor":48,"key":"DuplicationPotion"}],"is_trial":false,"path_per_floor":["M","?","M","?","M","R","$","E","T","R","?","?","M","M","R","B",null,"M","?","M","?","M","E","R","M","T","R","M","M","E","PTL","PTL","?","R","B",null,"M","?","M","?","?","R","T","R","T","E","R","E","M","E","R","B",null],"character_chosen":"WATCHER","items_purchased":["CrushJoints"],"campfire_rested":4,"item_purchase_floors":[7],"current_hp_per_floor":[79,73,73,73,73,73,73,57,57,57,57,26,21,21,42,36,73,60,41,41,41,40,36,36,32,32,52,52,34,16,16,16,16,43,56,73,73,73,73,73,73,73,73,73,73,60,63,55,48,47,73,37],"gold":904,"neow_bonus":"TEN_PERCENT_HP_BONUS","is_daily":false,"chose_seed":false,"campfire_upgraded":6,"win_rate":0.0,"timestamp":1614080829,"path_taken":["M","?","M","?","M","R","$","E","T","R","?","?","M","M","R","BOSS","M","?","M","?","M","E","R","M","T","R","M","?","E","PTL","PTL","?","R","BOSS","M","?","?","?","?","R","?","R","T","E","R","E","M","E","R","BOSS"],"items_purchased_type":["Card"],"build_version":"2020-12-22","purchased_purges":0,"victory":true,"max_hp_per_floor":[79,73,73,73,73,73,73,73,73,73,73,73,73,73,73,73,73,73,73,73,73,73,73,73,73,73,73,73,73,73,73,73,73,73,73,73,73,73,73,73,73,73,73,73,73,73,73,73,73,73,73,73],"card_choices":[{"not_picked":["Replay:Anticipation","Nirvana"],"picked":"SashWhip","floor":1},{"not_picked":["Replay:Cycle","Evaluate"],"picked":"Prostrate","floor":3},{"not_picked":["Conclude","InnerPeace"],"picked":"Worship","floor":5},{"not_picked":["Evaluate","Omniscience"],"picked":"SandsOfTime","floor":8},{"not_picked":["ReachHeaven","Halt"],"picked":"Prostrate","floor":13},{"not_picked":["WreathOfFlame","EmptyFist"],"picked":"Protect","floor":14},{"not_picked":["ClearTheMind","InnerPeace"],"picked":"Prostrate","floor":15},{"not_picked":["MasterReality","Vault"],"picked":"Devotion","floor":16},{"not_picked":["EmptyFist","FollowUp"],"picked":"Prostrate","floor":18},{"not_picked":["ReplayTheSpireMod:Echoes of Time","infinitespire:Execution"],"picked":"infinitespire:Punishment","floor":19},{"not_picked":["Study","SashWhip"],"picked":"CarveReality","floor":20},{"not_picked":["Fasting2","Replay:Battleflow","Replay:ManipulateFuture+1"],"picked":"SKIP","floor":22},{"not_picked":["Replay:BluntJabs+1","Meditate"],"picked":"DeceiveReality","floor":23},{"not_picked":["EmptyMind","Prostrate"],"picked":"Protect","floor":25},{"not_picked":["FlurryOfBlows+1","FollowUp"],"picked":"Vault","floor":27},{"not_picked":["Crescendo","Halt"],"picked":"Evaluate","floor":28},{"not_picked":["Prostrate","BowlingBash","FlyingSleeves"],"picked":"SKIP","floor":29},{"not_picked":["BowlingBash","FlyingSleeves"],"picked":"ClearTheMind+1","floor":30},{"not_picked":["Tantrum","Replay:ManipulateFuture"],"picked":"LikeWater","floor":34},{"not_picked":["MasterReality","Replay:AllIn"],"picked":"ConjureBlade","floor":35},{"not_picked":["EmptyFist+1","Replay:Vibes"],"picked":"WindmillStrike+1","floor":37},{"not_picked":["Replay:DivineShield+1","Meditate"],"picked":"Collect","floor":39},{"not_picked":["Replay:Anticipation+1","JustLucky"],"picked":"Worship+1","floor":46},{"not_picked":["FlurryOfBlows+1","FollowUp","Swivel"],"picked":"SKIP","floor":48},{"not_picked":["Meditate+1","PathToVictory"],"picked":"Evaluate+1","floor":49},{"not_picked":["FlurryOfBlows+1","CarveReality+1","Weave+1"],"picked":"SKIP","floor":50},{"not_picked":["FlurryOfBlows+1","Weave+1"],"picked":"CarveReality+1","floor":50},{"not_picked":["Protect","Evaluate+1"],"picked":"ForeignInfluence","floor":51}],"player_experience":445283,"relics_obtained":[{"floor":8,"key":"Dream Catcher"},{"floor":9,"key":"hubris:BottledRain"},{"floor":12,"key":"Replay:Accelerometer"},{"floor":23,"key":"Pen Nib"},{"floor":26,"key":"halation:SwordOfLegend"},{"floor":30,"key":"halation:SelfBoilingWater"},{"floor":43,"key":"Simple Rune"},{"floor":45,"key":"infinitespire:EmpoweringShard"},{"floor":46,"key":"TungstenRod"},{"floor":48,"key":"hubris:Reverence"},{"floor":50,"key":"halation:Trompette"}],"event_choices":[{"damage_healed":0,"gold_gain":0,"player_choice":"Lose Max HP","damage_taken":0,"relics_obtained":["Golden Idol"],"max_hp_gain":0,"max_hp_loss":6,"event_name":"Golden Idol","floor":2,"gold_loss":0},{"damage_healed":0,"gold_gain":0,"player_choice":"Searched \u00271\u0027 times","damage_taken":0,"max_hp_gain":0,"max_hp_loss":0,"event_name":"Dead Adventurer","floor":12,"gold_loss":0},{"damage_healed":0,"gold_gain":0,"player_choice":"Copied","damage_taken":0,"max_hp_gain":0,"max_hp_loss":0,"event_name":"Duplicator","floor":21,"gold_loss":0,"cards_obtained":["Devotion"]},{"damage_healed":0,"gold_gain":0,"player_choice":"Forge","damage_taken":0,"max_hp_gain":0,"max_hp_loss":0,"event_name":"Accursed Blacksmith","floor":33,"gold_loss":0,"cards_upgraded":["Vault"]},{"damage_healed":0,"gold_gain":0,"player_choice":"0 cards matched","damage_taken":0,"max_hp_gain":0,"max_hp_loss":0,"event_name":"Match and Keep!","floor":38,"gold_loss":0,"cards_obtained":[]},{"damage_healed":0,"gold_gain":0,"player_choice":"Ignored","damage_taken":0,"max_hp_gain":0,"max_hp_loss":0,"event_name":"Tomb of Lord Red Mask","floor":40,"gold_loss":0}],"is_beta":false,"boss_relics":[{"not_picked":["Honey Jar","energizedSpire:OgreHead"],"picked":"hubris:HollowSoul"},{"not_picked":["Astrolabe","hubris:BlackHole"],"picked":"energizedSpire:DeadBattery"}],"items_purged_floors":[],"is_endless":false,"potions_floor_spawned":[3,13,14,16,23,25,28,29,30,35,46,48,49],"ascension_level":1}}