{"host":"5xkp6lbjk85sl3i7","time":1614045012,"event":{"mods":["BaseMod","Better Match","Better Note","Colored Powertips","Curses Come First","Hermit","Highlight Path","Minty Spire (QoL Compilation)","Quick Restart","Replay The Spire","StSLib","The Cursed"],"gold_per_floor":[361,379,379,391,441,468,468,479,479,504,514,529,564,579,579,683,683,703,715,727,642,642,670,670,702,727,752,752,785,108,120,120,120,120],"floor_reached":33,"language":"ENG","playtime":8840,"items_purged":[],"score":428,"play_id":"c3354a3a-9397-4736-a6a6-f86f7a83394d","local_time":"20210222205012","is_ascension_mode":true,"campfire_choices":[{"data":"hermit:Shortfuse","floor":7.0,"key":"SMITH"},{"floor":15,"key":"REST"},{"floor":24,"key":"REST"},{"floor":32,"key":"REST"}],"circlet_count":0,"master_deck":["hermit:Strike_Hermit","hermit:Strike_Hermit","hermit:Strike_Hermit","hermit:Strike_Hermit","hermit:Defend_Hermit","hermit:Defend_Hermit","hermit:Defend_Hermit","hermit:Defend_Hermit","hermit:Snapshot","hermit:Covet","Strike_G","TheCursedMod:CleanUpWorkshop","hermit:Shortfuse+1","hermit:BodyArmor","Writhe","hermit:Glare","hermit:Determination","hermit:PistolWhip","hermit:Desperado","hermit:Coalescence","hermit:HighCaliber","hermit:Magnum","hermit:Showdown","hermit:Quickdraw+1","hermit:WideOpen","hermit:Deadeye+1","hermit:Desperado+1","hermit:LowProfile","hermit:FlashPowder","hermit:LowProfile","Impatience","hermit:Determination"],"relics":["hermit:Momento","Potion Belt","Durian","Replay:WaspNest","Quantum Egg","Vajra","Philosopher\u0027s Stone","Gremlin Horn","Garlic","Blue Doll","PreservedInsect","Replay:Baseball","Gambling Chip","Bird Faced Urn","Nunchaku"],"acts_visited":["Exordium","TheCity"],"potions_floor_usage":[12,13,16,19,20,20,20,23,27,29,33,33,33,33,33],"damage_taken":[{"damage":1.0,"enemies":"Cultist","floor":1.0,"turns":3.0},{"damage":2.0,"enemies":"Jaw Worm","floor":2.0,"turns":2.0},{"damage":0.0,"enemies":"2 Louse","floor":4.0,"turns":1.0},{"damage":20.0,"enemies":"3 Sentries","floor":6.0,"turns":4.0},{"damage":8.0,"enemies":"Blue Slaver","floor":8.0,"turns":3.0},{"damage":0.0,"enemies":"Gremlin Nob","floor":10.0,"turns":2.0},{"damage":4.0,"enemies":"2 Fungi Beasts","floor":11.0,"turns":3.0},{"damage":1,"enemies":"Large Slime","floor":12,"turns":4},{"damage":25,"enemies":"Lagavulin","floor":13,"turns":5},{"damage":6,"enemies":"Exordium Thugs","floor":14,"turns":4},{"damage":6,"enemies":"Slime Boss","floor":16,"turns":9},{"damage":11,"enemies":"3 Byrds","floor":18,"turns":3},{"damage":16,"enemies":"2 Thieves","floor":19,"turns":3},{"damage":4,"enemies":"Shelled Parasite and Fungi","floor":20,"turns":4},{"damage":37,"enemies":"Book of Stabbing","floor":23,"turns":4},{"damage":13,"enemies":"Gremlin Leader","floor":25,"turns":4},{"damage":8,"enemies":"Slavers","floor":27,"turns":3},{"damage":15,"enemies":"Book of Stabbing","floor":29,"turns":3},{"damage":6,"enemies":"Chosen and Byrds","floor":31,"turns":4},{"damage":50,"enemies":"Automaton","floor":33,"turns":6}],"seed_played":"-8616060620546052593","potions_obtained":[{"floor":1.0,"key":"AttackPotion"},{"floor":4.0,"key":"hermit:BlackBile"},{"floor":10.0,"key":"BlessingOfTheForge"},{"floor":12,"key":"ColorlessPotion"},{"floor":13,"key":"BlessingOfTheForge"},{"floor":16,"key":"SteroidPotion"},{"floor":18,"key":"FearPotion"},{"floor":19,"key":"EntropicBrew"},{"floor":23,"key":"PowerPotion"},{"floor":27,"key":"Venom Potion"},{"floor":29,"key":"Block Potion"}],"is_trial":false,"path_per_floor":["M","M","?","M","T","E","R","M","T","E","M","M","E","M","R","B",null,"M","M","M","?","?","E","R","E","T","E","?","E","$","M","R","B"],"character_chosen":"HERMIT","items_purchased":["hermit:LowProfile","Bird Faced Urn","Nunchaku","Strength Potion","PowerPotion","Impatience"],"campfire_rested":3,"item_purchase_floors":[30,30,30,30,30,30],"current_hp_per_floor":[74,72,72,72,72,57,57,49,49,49,45,44,19,13,37,31,80,69,53,49,49,75,38,62,49,49,41,41,26,26,20,44,0,0],"gold":120,"neow_bonus":"TWO_FIFTY_GOLD","is_daily":false,"chose_seed":false,"campfire_upgraded":1,"win_rate":0.0,"timestamp":1614045012,"path_taken":["M","?","?","M","?","E","R","M","T","E","M","M","E","?","R","BOSS","M","M","M","?","?","E","R","E","T","E","?","E","$","M","R","BOSS"],"items_purchased_type":["Card","Relic","Relic","Potion","Potion","Card"],"build_version":"2020-12-22","purchased_purges":0,"victory":false,"max_hp_per_floor":[75,75,75,75,75,80,80,80,80,80,80,80,80,80,80,80,80,80,80,80,80,80,80,80,80,80,80,80,80,80,80,80,80,80],"card_choices":[{"not_picked":["hermit:SprayPray","hermit:HoleUp"],"picked":"hermit:Shortfuse","floor":1.0},{"not_picked":["hermit:Manifest","hermit:Desperado"],"picked":"hermit:BodyArmor","floor":2.0},{"not_picked":["hermit:Manifest","hermit:Deadeye"],"picked":"hermit:Glare","floor":4.0},{"not_picked":["hermit:Feint","hermit:Grudge"],"picked":"hermit:Determination","floor":6.0},{"not_picked":["hermit:Headshot","hermit:Quickdraw"],"picked":"hermit:PistolWhip","floor":8.0},{"not_picked":["hermit:BodyArmor","hermit:Dive"],"picked":"hermit:Desperado","floor":10.0},{"not_picked":["hermit:TrackingShot","hermit:OverwhelmingPower","hermit:CalledShot"],"picked":"SKIP","floor":11.0},{"not_picked":["hermit:Roulette","hermit:TrackingShot","hermit:Deadeye"],"picked":"SKIP","floor":12},{"not_picked":["hermit:DeadOrAlive","hermit:Dive"],"picked":"hermit:Coalescence","floor":13},{"not_picked":["hermit:BodyArmor","hermit:Misfire"],"picked":"hermit:HighCaliber","floor":14},{"not_picked":["hermit:OverwhelmingPower","hermit:Adapt"],"picked":"hermit:Magnum","floor":16},{"not_picked":["hermit:Coalescence","hermit:BigShot"],"picked":"hermit:Showdown","floor":18},{"not_picked":["hermit:Ricochet","hermit:LowProfile"],"picked":"hermit:Quickdraw+1","floor":19},{"not_picked":["hermit:Malice","hermit:Feint"],"picked":"hermit:WideOpen","floor":20},{"not_picked":["hermit:Cheat","hermit:Ricochet"],"picked":"hermit:Deadeye+1","floor":23},{"not_picked":["hermit:Quickdraw+1","hermit:Vantage"],"picked":"hermit:Desperado+1","floor":25},{"not_picked":["hermit:GhostlyPresence","hermit:CalledShot+1"],"picked":"hermit:LowProfile","floor":27},{"not_picked":["hermit:FullyLoaded","hermit:HighCaliber"],"picked":"hermit:FlashPowder","floor":29},{"not_picked":["hermit:Quickdraw","hermit:Brawl"],"picked":"hermit:Determination","floor":31}],"player_experience":759222,"relics_obtained":[{"floor":5.0,"key":"Potion Belt"},{"floor":6.0,"key":"Durian"},{"floor":9.0,"key":"Replay:WaspNest"},{"floor":10.0,"key":"Quantum Egg"},{"floor":13,"key":"Vajra"},{"floor":23,"key":"Garlic"},{"floor":25,"key":"Blue Doll"},{"floor":26,"key":"PreservedInsect"},{"floor":27,"key":"Replay:Baseball"},{"floor":29,"key":"Gambling Chip"}],"event_choices":[{"damage_healed":0,"gold_gain":0,"player_choice":"Obtained Relic","damage_taken":0,"relics_obtained":["Gremlin Horn"],"max_hp_gain":0,"max_hp_loss":0,"event_name":"Addict","floor":21,"gold_loss":85},{"damage_healed":26,"gold_gain":0,"player_choice":"Heal","damage_taken":0,"max_hp_gain":0,"max_hp_loss":0,"event_name":"The Library","floor":22,"gold_loss":0},{"damage_healed":0,"gold_gain":0,"player_choice":"Ignored","damage_taken":0,"max_hp_gain":0,"max_hp_loss":0,"event_name":"Vampires","floor":28,"gold_loss":0}],"is_beta":false,"boss_relics":[{"not_picked":["Empty Cage","Replay:Drink Me"],"picked":"Philosopher\u0027s Stone"}],"items_purged_floors":[],"is_endless":false,"potions_floor_spawned":[1,4,10,12,13,16,18,19,23,27,29],"killed_by":"Automaton","ascension_level":3}}