{"host":"t6r1isv2bex5ovch","time":1614070915,"event":{"mods":["AchievementEnabler","Act Like it!","Aspiration","BaseMod","Better Altar","Better Match","Better Note","Better Sensory Stone","Better Skull","Better Third Choice","Better Vampires","Bossed Relics","Colored Powertips","Displayed Cursed Tome","Evolution","Fox Events","Hubris","Minty Spire (QoL Compilation)","Reliquary","Ruina","StSLib","The Cursed"],"gold_per_floor":[114,127,17,36,36,36,64,83,83,83,112,112,138,151,151,255,255,267,267,13,24,137,12,131,131,155,185,185,185,218,236,236,340,340,359,359,209,209,220,245,245,274,274,322,337,348,173,291,291,291,291,291,39,172,172],"floor_reached":56,"language":"ENG","playtime":6549,"items_purged":["TheCursedMod:Strike_TheCursed","TheCursedMod:Strike_TheCursed","TheCursedMod:Defend_TheCursed","TheCursedMod:Strike_TheCursed","TheCursedMod:Strike_TheCursed","TheCursedMod:Defend_TheCursed"],"score":1195,"play_id":"8743a7fa-7387-4c37-be54-72900f6626e6","local_time":"20210223200155","is_ascension_mode":true,"campfire_choices":[{"floor":6.0,"key":"RECALL"},{"data":"TheCursedMod:Hemoplague","floor":15.0,"key":"SMITH"},{"data":"TheCursedMod:DemonicPact","floor":25.0,"key":"SMITH"},{"data":"TheCursedMod:LuckyCharm","floor":32.0,"key":"SMITH"},{"data":"TheCursedMod:LuckyCharm","floor":41.0,"key":"SMITH"},{"data":"TheCursedMod:ReleasedKnowledge","floor":49.0,"key":"SMITH"},{"data":"TheCursedMod:Evocation","floor":52.0,"key":"SMITH"}],"circlet_count":0,"master_deck":["TheCursedMod:Defend_TheCursed","TheCursedMod:CursedWand","TheCursedMod:CleanUpWorkshop","TheCursedMod:Dregs","TheCursedMod:LuckyCharm+1","TheCursedMod:Evocation+1","TheCursedMod:TacticalStrike","TheCursedMod:Hemoplague+1","TheCursedMod:FleshFromBone+1","TheCursedMod:Hemoplague+1","TheCursedMod:Hemoplague+1","TheCursedMod:SpitefulPray","TheCursedMod:CircleOfFlame","TheCursedMod:CircleOfCorruption+1","TheCursedMod:ReleasedKnowledge+1","TheCursedMod:StunningStrike","hubris:DuctTapeCard"],"relics":["TheCursedMod:BlackMagic101","EVO:Axolotl","aspiration:Nostalgia","Cracked Core","Thread and Needle","hubris:MysteriousPyramids","reliquary:ExpiredCoupon","MealTicket","reliquary:TuningFork","Runic Pyramid","hubris:Icosahedron","reliquary:PartyBalloon","Bottled Lightning","aspiration:ChemicalBlood","hubris:Towel","Ancient Tea Set","hubris:DuctTape","Singing Bowl","Vajra","War Paint"],"acts_visited":["Exordium","ruina:Briah","TheBeyond","TheEnding"],"potions_floor_usage":[54,54,55],"damage_taken":[{"damage":0.0,"enemies":"Jaw Worm","floor":1.0,"turns":3.0},{"damage":0.0,"enemies":"Small Slimes","floor":2.0,"turns":3.0},{"damage":3.0,"enemies":"Cultist","floor":4.0,"turns":4.0},{"damage":7.0,"enemies":"3 Sentries","floor":7.0,"turns":6.0},{"damage":4.0,"enemies":"Exordium Wildlife","floor":8.0,"turns":4.0},{"damage":23.0,"enemies":"Lagavulin","floor":11.0,"turns":6.0},{"damage":10.0,"enemies":"Gremlin Nob","floor":13.0,"turns":5.0},{"damage":3.0,"enemies":"Large Slime","floor":14.0,"turns":5.0},{"damage":14.0,"enemies":"Hexaghost","floor":16.0,"turns":7.0},{"damage":33.0,"enemies":"ruina:3_Bats","floor":18.0,"turns":5.0},{"damage":0.0,"enemies":"ruina:2_Scarecrows","floor":21.0,"turns":4.0},{"damage":16.0,"enemies":"ruina:QueenOfHate","floor":22.0,"turns":4.0},{"damage":20.0,"enemies":"ruina:KnightOfDespair","floor":24.0,"turns":5.0},{"damage":23.0,"enemies":"ruina:Mountain","floor":27.0,"turns":7.0},{"damage":7.0,"enemies":"ruina:ServantOfWrath","floor":30.0,"turns":5.0},{"damage":9.0,"enemies":"ruina:KingOfGreed","floor":31.0,"turns":4.0},{"damage":0.0,"enemies":"ruina:Ozma","floor":33.0,"turns":7.0},{"damage":16.0,"enemies":"3 Darklings","floor":35.0,"turns":5.0},{"damage":12.0,"enemies":"Orb Walker","floor":39.0,"turns":3.0},{"damage":0.0,"enemies":"Giant Head","floor":40.0,"turns":10.0},{"damage":38.0,"enemies":"Reptomancer","floor":42.0,"turns":5.0},{"damage":0.0,"enemies":"Spire Growth","floor":45.0,"turns":4.0},{"damage":0.0,"enemies":"Sphere and 2 Shapes","floor":46.0,"turns":5.0},{"damage":25.0,"enemies":"3 Darklings","floor":48.0,"turns":5.0},{"damage":0.0,"enemies":"hubris:GrandSnecko","floor":50.0,"turns":2.0},{"damage":44,"enemies":"Shield and Spear","floor":54,"turns":6},{"damage":7,"enemies":"The Heart","floor":55,"turns":8}],"seed_played":"836687853925536347","potions_obtained":[{"floor":2.0,"key":"Regen Potion"},{"floor":4.0,"key":"Explosive Potion"},{"floor":7.0,"key":"PowerPotion"},{"floor":13.0,"key":"FearPotion"},{"floor":18.0,"key":"BlessingOfTheForge"},{"floor":27.0,"key":"Explosive Potion"},{"floor":30.0,"key":"Fire Potion"},{"floor":45.0,"key":"SpeedPotion"},{"floor":46.0,"key":"PowerPotion"},{"floor":48.0,"key":"SkillPotion"}],"is_trial":false,"path_per_floor":["M","M","$","M","?","R","E","M","T","?","E","?","E","M","R","B",null,"M","?","$","M","M","$","M","R","T","E","?","?","E","M","R","B",null,"M","?","$","?","M","E","R","E","T","T","M","M","$","M","R","B",null,"R","$","E","B",null],"character_chosen":"THE_CURSED","items_purchased":["TheCursedMod:Evocation","reliquary:PartyBalloon","SpeedPotion"],"campfire_rested":0,"item_purchase_floors":[3,20,53],"current_hp_per_floor":[75,75,75,72,72,72,75,71,71,64,41,41,31,28,28,14,75,42,42,57,75,59,74,54,54,54,31,31,39,32,23,23,23,75,59,59,74,75,63,63,63,25,25,25,27,29,44,21,21,21,81,81,81,39,32],"gold":172,"neow_bonus":"NOSTALGIA","is_daily":false,"chose_seed":false,"campfire_upgraded":6,"win_rate":0.0,"timestamp":1614070915,"path_taken":["M","M","$","M","?","R","E","M","T","?","E","?","E","M","R","BOSS","M","?","$","M","M","$","M","R","T","E","?","?","E","M","R","BOSS","M","?","$","?","?","E","R","E","T","?","M","M","$","M","R","BOSS","R","$","E","BOSS"],"items_purchased_type":["Card","Relic","Potion"],"build_version":"2020-12-22","purchased_purges":6,"victory":true,"max_hp_per_floor":[75,75,75,75,75,75,75,75,75,75,75,75,75,75,75,75,75,75,75,75,75,75,75,75,75,75,75,75,75,75,75,75,75,75,75,75,75,75,75,75,75,75,75,75,77,79,79,81,81,81,81,81,81,83,83],"card_choices":[{"not_picked":["TheCursedMod:CursedMace","TheCursedMod:WearCloak","TheCursedMod:BlessingInDisguise"],"picked":"SKIP","floor":1.0},{"not_picked":["TheCursedMod:EmpowerCircles","TheCursedMod:HellsGateOpen"],"picked":"TheCursedMod:LuckyCharm","floor":2.0},{"not_picked":["TheCursedMod:Stigma","TheCursedMod:CursedSpellbook"],"picked":"TheCursedMod:TacticalStrike","floor":4.0},{"not_picked":["TheCursedMod:CircleOfFlame","TheCursedMod:SoulCrush"],"picked":"TheCursedMod:Hemoplague","floor":7.0},{"not_picked":["TheCursedMod:CursedBlade","TheCursedMod:SaltUponWound"],"picked":"TheCursedMod:FleshFromBone","floor":8.0},{"not_picked":["TheCursedMod:SpreadPlague","TheCursedMod:StingEye"],"picked":"TheCursedMod:Hemoplague","floor":11.0},{"not_picked":["TheCursedMod:CircleOfCorruption","TheCursedMod:TacticalStrike"],"picked":"TheCursedMod:Hemoplague","floor":13.0},{"not_picked":["TheCursedMod:Obscuration","TheCursedMod:SmokeScreen"],"picked":"TheCursedMod:SpitefulPray","floor":14.0},{"not_picked":["TheCursedMod:DarkBarrier","TheCursedMod:OutForBlood"],"picked":"TheCursedMod:DemonicPact","floor":16.0},{"not_picked":["TheCursedMod:WearCloak+1","TheCursedMod:HellsGateOpen"],"picked":"TheCursedMod:CircleOfFlame","floor":18.0},{"not_picked":["TheCursedMod:CursedStaff","TheCursedMod:SpitefulStrike"],"picked":"TheCursedMod:CircleOfCorruption","floor":21.0},{"not_picked":["TheCursedMod:StingEye","TheCursedMod:Wield","TheCursedMod:Evocation"],"picked":"SKIP","floor":22.0},{"not_picked":["TheCursedMod:StingEye","TheCursedMod:Wield","TheCursedMod:Evocation"],"picked":"SKIP","floor":22.0},{"not_picked":["TheCursedMod:Wield","TheCursedMod:VitalStrike"],"picked":"TheCursedMod:LuckyCharm","floor":24.0},{"not_picked":["TheCursedMod:AbyssShockwave","TheCursedMod:FuryStrike"],"picked":"TheCursedMod:ReleasedKnowledge","floor":27.0},{"not_picked":["TheCursedMod:AbyssShockwave","TheCursedMod:WearCloak","TheCursedMod:VitalStrike"],"picked":"SKIP","floor":30.0},{"not_picked":["TheCursedMod:BlessingInDisguise","TheCursedMod:Grudge","TheCursedMod:ReleasedStrength"],"picked":"SKIP","floor":31.0},{"not_picked":["TheCursedMod:UltimatePain","TheCursedMod:OutForBlood"],"picked":"TheCursedMod:StunningStrike","floor":33.0},{"not_picked":["TheCursedMod:DoubleShield+1","TheCursedMod:Obscuration+1","TheCursedMod:CursedBlade"],"picked":"SKIP","floor":35.0},{"not_picked":["TheCursedMod:CursedBlade+1","TheCursedMod:WearCloak","TheCursedMod:SpitefulStrike+1"],"picked":"SKIP","floor":39.0},{"not_picked":["TheCursedMod:AshesToAshes+1","TheCursedMod:VitalStrike+1","TheCursedMod:CursedArmor"],"picked":"SKIP","floor":40.0},{"not_picked":["TheCursedMod:BlessingInDisguise+1","TheCursedMod:Obscuration","TheCursedMod:CursedShiv"],"picked":"SKIP","floor":42.0},{"not_picked":["TheCursedMod:ForbiddenAlchemy","TheCursedMod:Stretching+1","TheCursedMod:HellfireBreathing"],"picked":"Singing Bowl","floor":45.0},{"not_picked":["TheCursedMod:RapidMovement+1","TheCursedMod:TacticalStrike+1","TheCursedMod:CursedBlade+1"],"picked":"Singing Bowl","floor":46.0},{"not_picked":["TheCursedMod:PrepareRite+1","TheCursedMod:Torture","TheCursedMod:ForbiddenAlchemy"],"picked":"Singing Bowl","floor":48.0},{"not_picked":["TheCursedMod:HellfireBreathing+1","TheCursedMod:ReleasedStrength","TheCursedMod:StingEye"],"picked":"Singing Bowl","floor":54}],"player_experience":437725,"relics_obtained":[{"floor":7.0,"key":"Thread and Needle"},{"floor":9.0,"key":"hubris:MysteriousPyramids"},{"floor":11.0,"key":"MealTicket"},{"floor":13.0,"key":"reliquary:TuningFork"},{"floor":27.0,"key":"Bottled Lightning"},{"floor":30.0,"key":"aspiration:ChemicalBlood"},{"floor":40.0,"key":"Ancient Tea Set"},{"floor":42.0,"key":"hubris:DuctTape"},{"floor":43.0,"key":"Singing Bowl"},{"floor":44.0,"key":"Vajra"},{"floor":54,"key":"War Paint"}],"event_choices":[{"cards_removed":["TheCursedMod:Defend_TheCursed"],"damage_healed":0.0,"max_hp_gain":0.0,"max_hp_loss":0.0,"gold_gain":0.0,"event_name":"Living Wall","player_choice":"Forget","floor":5.0,"gold_loss":0.0,"damage_taken":0.0},{"damage_healed":0.0,"max_hp_gain":0.0,"max_hp_loss":0.0,"gold_gain":0.0,"event_name":"betterThird:BetterScrap","player_choice":"Relic ","floor":10.0,"gold_loss":0.0,"damage_taken":7.0,"cards_obtained":["Predator"]},{"damage_healed":0.0,"max_hp_gain":0.0,"max_hp_loss":0.0,"gold_gain":0.0,"event_name":"Upgrade Shrine","player_choice":"Upgraded","floor":12.0,"gold_loss":0.0,"damage_taken":0.0,"cards_upgraded":["TheCursedMod:Hemoplague"]}],"is_beta":false,"boss_relics":[{"not_picked":["reliquary:WritOfMandamus","reliquary:ThirdArm"],"picked":"Runic Pyramid"},{"not_picked":["Velvet Choker","hubris:CrackedHourglass","Snecko Eye"]}],"items_purged_floors":[3,20,23,37,47,53],"is_endless":false,"potions_floor_spawned":[2,4,7,13,18,27,30,45,46,48],"ascension_level":2}}