{"host":"bx8ylsmj2ob6hd5u","time":1614100307,"event":{"mods":["AchievementEnabler","Act Like it!","Aspiration","BaseMod","Colored Map","Downfall","Duelist Mod","Friendly Minions","Gensokyo","GifTheSpireLib","Hallownest","Hermit","HololiveMod","Hubris","Infinite Spire","Jorbs\u0027s Wanderer Trilogy","KinomotoSakuraMod(????)","Kiyohime????","Koishi","KomeijiMod","Lobotomy","LobotomyExtend","Marisa????????","Minty Spire (QoL Compilation)","Prisma Mod","Rare Cards Sparkle","Reimu??????","Remilia??????","Replay The Spire","StSLib","Td1madao Mod","The Administrix","The Animator","The Bug Knight","The Construct","The Cursed","The Disciple","The Hierophant","The Necromancer","The Poker Player","The Runesmith","The Senshi","The Servant 0.9.4","WarShipGirlsR/????R mod"],"gold_per_floor":[19,19,19,39,39,39,39,1,24,24,41,16,16,0,0,105,105,121,121,135,155,170,170,187,200,268,268,268,47,47,47,47,151,151,171,190,204,124,124,134,150,150,150],"floor_reached":42,"language":"ENG","playtime":2486,"items_purged":["Magnetism"],"score":240,"play_id":"1189abc1-2638-4963-b36a-357fbdf248fe","local_time":"20210223191146","is_ascension_mode":false,"campfire_choices":[{"data":"hubris:Fate","floor":7.0,"key":"SMITH"},{"data":"MikOfLucky:ReiMu","floor":13.0,"key":"SMITH"},{"data":"Determination:ReiMu","floor":15.0,"key":"SMITH"},{"data":"KyokaiOfKami:ReiMu","floor":23,"key":"SMITH"},{"data":"PrayRite:ReiMu","floor":28,"key":"SMITH"},{"data":"Magnetism","floor":30,"key":"SMITH"},{"data":"Meditation:ReiMu","floor":32,"key":"SMITH"}],"circlet_count":0,"master_deck":["Strike_Lin:ReiMu","Strike_Lin:ReiMu","Strike_Lin:ReiMu","Strike_Lin:ReiMu","Defend_Lin:ReiMu","Defend_Lin:ReiMu","Defend_Lin:ReiMu","Defend_Lin:ReiMu","NB:ReiMu+1","Stagnation:ReiMu","ShadowOfCrow2:ReiMu","ForcedLanding:ReiMu","hubris:Fate+1","MikOfLucky:ReiMu+1","Determination:ReiMu+1","RainPray2:ReiMu","KyokaiOfKami:ReiMu+1","FantasyBorder:ReiMu+1","Enchanting:ReiMu+1","Meditation:ReiMu+1","UniversalSpiritual:ReiMu+1","PrayRite:ReiMu+1","AirStrike:ReiMu","Magnetism+1","Replay:Bootleg Shield Generator+1","Authority:ReiMu","WonderfulDomain:ReiMu+1","CareerPray:ReiMu","Dreaming2:ReiMu","Hallownest:attackMasterDashSlash","SpringWay:ReiMu+1","hubris:NaturalOne","SpreadBorder2:ReiMu+1"],"relics":["FlyPower:ReiMu","LetterFromLob","hubris:Icosahedron","HollowMod:PaleOreRelic","hubris:KleinBottle","ReplayTheSpireMod:Lightbulb","Hallownest:DreamNailRelic","Blue Doll","ReplayTheSpireMod:DimensionalGlitch","Shuriken","hubris:PeanutButter","BargainBundle","Philosopher\u0027s Stone"],"acts_visited":["Exordium","Hallownest:Greenpath","Hallownest:CityofTears"],"potions_floor_usage":[25,33,33,33,36,37,37],"damage_taken":[{"damage":3.0,"enemies":"Hallownest:monsterHuskWarrior","floor":1.0,"turns":10.0},{"damage":6.0,"enemies":"Hallownest:2_MossCreeps","floor":4.0,"turns":12.0},{"damage":3.0,"enemies":"Hallownest:monsterHuskGuard","floor":11.0,"turns":3.0},{"damage":0.0,"enemies":"Hallownest:1_Ooma_and_2_Uuma","floor":12.0,"turns":5.0},{"damage":5.0,"enemies":"Hallownest:BossFalseKnight","floor":16.0,"turns":3.0},{"damage":17,"enemies":"Hallownest:Flukemon_and_Top","floor":18,"turns":6},{"damage":3,"enemies":"Hallownest:3_Youths","floor":20,"turns":5},{"damage":0,"enemies":"Hallownest:Master_and_Novice","floor":21,"turns":4},{"damage":0,"enemies":"Hallownest:3_Mistakes","floor":22,"turns":5},{"damage":0,"enemies":"Hallownest:monsterShrumalOgre","floor":24,"turns":4},{"damage":0,"enemies":"Hallownest:Warrior_and_Youth","floor":25,"turns":4},{"damage":0,"enemies":"Hallownest:BossSoulMaster","floor":33,"turns":1},{"damage":9,"enemies":"Hallownest:2_Littles","floor":35,"turns":2},{"damage":12,"enemies":"Hallownest:Shield_Heavy","floor":36,"turns":4},{"damage":20,"enemies":"Hallownest:Xero_Hu_Marmu","floor":37,"turns":4},{"damage":41,"enemies":"Hallownest:monsterPrimalAspid","floor":40,"turns":4},{"damage":0,"enemies":"Hallownest:2_Great","floor":41,"turns":4},{"damage":13,"enemies":"Hallownest:Xero_Hu_Marmu","floor":42,"turns":2}],"seed_played":"412455345320765645","potions_obtained":[{"floor":4.0,"key":"sneckomod:MuddlingPotion"},{"floor":11.0,"key":"sneckomod:MuddlingPotion"},{"floor":12.0,"key":"LiquidBronze"},{"floor":21,"key":"FairyPotion"},{"floor":25,"key":"DistilledChaos"},{"floor":33,"key":"ZuzhouPotion:ReiMu"},{"floor":35,"key":"hexamod:SoulburnPotion"},{"floor":36,"key":"Explosive Potion"}],"is_trial":false,"path_per_floor":["M","?","?","M","$","M","R","$","T","?","M","M","R","?","R","B",null,"M","?","M","M","M","R","M","M","T","T","R","$","R","?","R","B",null,"M","M","M","?","?","M","M","M"],"character_chosen":"REIMU","items_purchased":["HollowMod:PaleOreRelic","hubris:KleinBottle","MikOfLucky:ReiMu","BargainBundle","Magnetism","Replay:Bootleg Shield Generator+1","LiquidMemories"],"campfire_rested":0,"item_purchase_floors":[5,5,8,29,29,29,29],"current_hp_per_floor":[74,74,74,68,39,39,39,39,39,39,36,36,36,36,36,31,77,60,60,57,57,57,57,57,57,57,57,57,57,57,65,65,65,77,68,56,36,36,44,11,11,0,0],"gold":150,"neow_bonus":"TWENTY_PERCENT_HP_BONUS","is_daily":false,"chose_seed":false,"campfire_upgraded":7,"win_rate":0.0,"timestamp":1614100306,"path_taken":["M","?","?","?","?","M","R","$","T","?","?","M","R","?","R","BOSS","M","?","M","M","M","R","M","M","T","?","R","?","R","?","R","BOSS","M","M","M","?","?","M","?","M"],"items_purchased_type":["Relic","Relic","Card","Relic","Card","Card","Potion"],"build_version":"2020-12-22","purchased_purges":1,"victory":false,"max_hp_per_floor":[77,77,77,77,77,77,77,77,77,77,77,77,77,77,77,77,77,77,77,77,77,77,77,77,77,77,77,77,77,77,77,77,77,77,77,77,77,77,77,77,77,77,77],"card_choices":[{"not_picked":["Meditation:ReiMu","Crusade:ReiMu"],"picked":"ShadowOfCrow2:ReiMu","floor":1.0},{"not_picked":["SpreadBorder2:ReiMu","Conquer:ReiMu"],"picked":"ForcedLanding:ReiMu","floor":4.0},{"not_picked":["hubris:InfiniteBlow","ReplayTheSpireMod:Haul"],"picked":"hubris:Fate","floor":5.0},{"not_picked":["TightArray:ReiMu","WonderfulDomain:ReiMu"],"picked":"Determination:ReiMu","floor":11.0},{"not_picked":["SpringWay:ReiMu","CollectionFlower2:ReiMu"],"picked":"RainPray2:ReiMu","floor":12.0},{"not_picked":["Shading:ReiMu","Determination:ReiMu"],"picked":"KyokaiOfKami:ReiMu","floor":16.0},{"not_picked":["Crusade:ReiMu","CareerPray:ReiMu"],"picked":"FantasyBorder:ReiMu+1","floor":18},{"not_picked":["Crusade:ReiMu","SubcavityInstant:ReiMu+1"],"picked":"Enchanting:ReiMu+1","floor":20},{"not_picked":["WonderfulDomain:ReiMu","SpringWay:ReiMu+1"],"picked":"Meditation:ReiMu","floor":21},{"not_picked":["RainPray2:ReiMu","CollectionFlower2:ReiMu+1"],"picked":"UniversalSpiritual:ReiMu+1","floor":22},{"not_picked":["RainPray2:ReiMu","Mountainwind:ReiMu"],"picked":"PrayRite:ReiMu","floor":24},{"not_picked":["OrbThrow:ReiMu","Meditation:ReiMu"],"picked":"AirStrike:ReiMu","floor":25},{"not_picked":["SubcavityFantasy:ReiMu","CeremonyResonance:ReiMu"],"picked":"Authority:ReiMu","floor":33},{"not_picked":["SpreadBorder2:ReiMu","SafetyPray:ReiMu"],"picked":"WonderfulDomain:ReiMu+1","floor":35},{"not_picked":["Mountainwind:ReiMu","Conquer:ReiMu"],"picked":"CareerPray:ReiMu","floor":36},{"not_picked":["CollectionFlower2:ReiMu+1","WonderfulDomain:ReiMu"],"picked":"Dreaming2:ReiMu","floor":37},{"not_picked":["Intuition:ReiMu","EmergencyTakeOff:ReiMu"],"picked":"SpringWay:ReiMu+1","floor":40},{"not_picked":["AirStrike:ReiMu+1","OrbThrow:ReiMu"],"picked":"SpreadBorder2:ReiMu+1","floor":41}],"player_experience":1611910,"relics_obtained":[{"floor":1.0,"key":"LetterFromLob"},{"floor":9.0,"key":"ReplayTheSpireMod:Lightbulb"},{"floor":26,"key":"Shuriken"},{"floor":27,"key":"hubris:PeanutButter"}],"event_choices":[],"is_beta":false,"boss_relics":[{"not_picked":["Replay:Ancient Bell","Runic Pyramid"],"picked":"ReplayTheSpireMod:DimensionalGlitch"},{"not_picked":["Ring of Chaos","aspiration:WatcherSkillbook"],"picked":"Philosopher\u0027s Stone"}],"items_purged_floors":[29],"is_endless":false,"potions_floor_spawned":[4,11,12,21,25,33,35,36],"killed_by":"Hallownest:Xero_Hu_Marmu","ascension_level":0}}