{"host":"t6r1isv2bex5ovch","time":1614050558,"event":{"mods":["AchievementEnabler","Act Like it!","Aspiration","BaseMod","Better Altar","Better Match","Better Note","Better Sensory Stone","Better Skull","Better Third Choice","Better Vampires","Bossed Relics","Colored Powertips","Displayed Cursed Tome","Evolution","Fox Events","Hubris","Minty Spire (QoL Compilation)","Reliquary","Ruina","StSLib"],"gold_per_floor":[115,115,126,141,157,190,190,205,231,242,242,167,185,205,205,205,205],"floor_reached":16,"language":"ENG","playtime":902,"items_purged":["Defend_R"],"score":127,"play_id":"5526def9-1c53-4c2c-851b-782505b2cad4","local_time":"20210223142238","is_ascension_mode":true,"campfire_choices":[{"floor":7.0,"key":"RECALL"},{"data":"Anger","floor":11.0,"key":"SMITH"},{"data":"Reaper","floor":15.0,"key":"SMITH"}],"circlet_count":0,"master_deck":["Strike_R","Strike_R","Strike_R","Defend_R","Defend_R","Defend_R","Bash","Anger+1","Reaper+1"],"relics":["Burning Blood","EVO:Axolotl","Darkstone Periapt","Lantern"],"acts_visited":["Exordium"],"potions_floor_usage":[],"damage_taken":[{"damage":23.0,"enemies":"Jaw Worm","floor":1.0,"turns":4.0},{"damage":0.0,"enemies":"Small Slimes","floor":3.0,"turns":4.0},{"damage":1.0,"enemies":"2 Louse","floor":4.0,"turns":2.0},{"damage":5.0,"enemies":"2 Fungi Beasts","floor":5.0,"turns":4.0},{"damage":16.0,"enemies":"Gremlin Nob","floor":6.0,"turns":3.0},{"damage":13.0,"enemies":"Gremlin Gang","floor":8.0,"turns":6.0},{"damage":4.0,"enemies":"3 Louse","floor":10.0,"turns":5.0},{"damage":0.0,"enemies":"Large Slime","floor":13.0,"turns":4.0},{"damage":10.0,"enemies":"Exordium Thugs","floor":14.0,"turns":3.0},{"damage":73,"enemies":"Slime Boss","floor":16,"turns":9}],"seed_played":"1669666424422052943","potions_obtained":[{"floor":1.0,"key":"GamblersBrew"},{"floor":5.0,"key":"BlessingOfTheForge"},{"floor":6.0,"key":"DistilledChaos"},{"floor":10.0,"key":"SpeedPotion"}],"is_trial":false,"path_per_floor":["M","?","M","M","M","E","R","M","T","M","R","$","M","M","R","B"],"character_chosen":"IRONCLAD","items_purchased":[],"campfire_rested":0,"item_purchase_floors":[],"current_hp_per_floor":[63,56,62,67,68,58,58,51,51,53,53,53,59,55,55,0,0],"gold":205,"neow_bonus":"REMOVE_CARD","is_daily":false,"chose_seed":false,"campfire_upgraded":2,"win_rate":0.0,"timestamp":1614050558,"path_taken":["M","?","M","M","M","E","R","M","T","M","R","$","M","M","R","BOSS"],"items_purchased_type":[],"build_version":"2020-12-22","purchased_purges":1,"victory":false,"max_hp_per_floor":[80,80,80,80,80,80,80,80,80,80,80,80,80,80,80,80,80],"card_choices":[{"not_picked":["Metallicize","Sword Boomerang"],"picked":"Anger","floor":1.0},{"not_picked":["Warcry","Burning Pact","Flex"],"picked":"SKIP","floor":3.0},{"not_picked":["Armaments","hubris:ReadiedAction","True Grit"],"picked":"SKIP","floor":4.0},{"not_picked":["hubris:CleavingFinish","Flex","Sword Boomerang"],"picked":"SKIP","floor":5.0},{"not_picked":["Flex","hubris:CleavingFinish","Sentinel"],"picked":"SKIP","floor":6.0},{"not_picked":["Feel No Pain","Entrench","Thunderclap"],"picked":"SKIP","floor":8.0},{"not_picked":["Burning Pact","Havoc","Body Slam"],"picked":"SKIP","floor":10.0},{"not_picked":["Bloodletting","Hemokinesis","Anger"],"picked":"SKIP","floor":13.0},{"not_picked":["Searing Blow","Feel No Pain"],"picked":"Reaper","floor":14.0}],"player_experience":379826,"relics_obtained":[{"floor":6.0,"key":"Darkstone Periapt"},{"floor":9.0,"key":"Lantern"}],"event_choices":[{"cards_removed":["Strike_R"],"damage_healed":0.0,"max_hp_gain":0.0,"max_hp_loss":0.0,"gold_gain":0.0,"event_name":"Golden Wing","player_choice":"Card Removal","floor":2.0,"gold_loss":0.0,"damage_taken":7.0}],"is_beta":false,"boss_relics":[],"items_purged_floors":[12],"is_endless":false,"potions_floor_spawned":[1,5,6,10],"killed_by":"Slime Boss","ascension_level":4}}