{"host":"2l5k2wp87eek7qja","time":1614113142,"event":{"mods":["BaseMod","Colored Map","Minty Spire (QoL Compilation)","Relic Stats"],"gold_per_floor":[113,188,208,226,61,61,61,99,173,191,31,31,31,50,50,143,143,156,171,171,171,171],"floor_reached":21,"language":"ENG","playtime":519,"items_purged":["Strike_G"],"score":408,"play_id":"96e68cbe-f3c6-46d5-9438-944bfc1d4c68","local_time":"20210223224542","is_ascension_mode":true,"campfire_choices":[{"data":"Catalyst","floor":6,"key":"SMITH"},{"data":"Burst","floor":12,"key":"SMITH"},{"data":"Deadly Poison","floor":15,"key":"SMITH"}],"circlet_count":0,"master_deck":["AscendersBane","Strike_G","Defend_G","Defend_G","Defend_G","Defend_G","Defend_G","Survivor","Neutralize+1","Poisoned Stab","Deadly Poison","Catalyst+1","Burst+1","Deadly Poison+1","Noxious Fumes+1","Night Terror","Slice+1","Infinite Blades+1","Night Terror+1","Backflip"],"relics":["Ring of the Snake","Golden Idol","Regal Pillow","Eternal Feather","Astrolabe"],"acts_visited":["Exordium","TheCity"],"potions_floor_usage":[8,18],"damage_taken":[{"damage":1,"enemies":"Small Slimes","floor":1,"turns":4},{"damage":1,"enemies":"Jaw Worm","floor":3,"turns":4},{"damage":0,"enemies":"2 Louse","floor":4,"turns":2},{"damage":42,"enemies":"3 Sentries","floor":8,"turns":11},{"damage":0,"enemies":"2 Fungi Beasts","floor":10,"turns":3},{"damage":0,"enemies":"Blue Slaver","floor":14,"turns":3},{"damage":12,"enemies":"Hexaghost","floor":16,"turns":7},{"damage":19,"enemies":"Shell Parasite","floor":18,"turns":3},{"damage":24,"enemies":"2 Thieves","floor":19,"turns":5},{"damage":0,"enemies":"Masked Bandits","floor":21,"turns":1}],"seed_played":"-3344641143087563779","potions_obtained":[{"floor":4,"key":"Explosive Potion"},{"floor":8,"key":"AttackPotion"},{"floor":10,"key":"BlessingOfTheForge"},{"floor":16,"key":"Swift Potion"},{"floor":18,"key":"Strength Potion"}],"is_trial":false,"path_per_floor":["M","?","M","M","$","R","?","E","T","M","$","R","?","M","R","B",null,"M","M","?","?"],"character_chosen":"THE_SILENT","items_purchased":["Burst","Noxious Fumes"],"campfire_rested":0,"item_purchase_floors":[5,11],"current_hp_per_floor":[58,47,46,46,46,46,46,4,4,4,4,13,13,13,22,10,48,29,5,5,5,5],"gold":171,"neow_bonus":"UPGRADE_CARD","is_daily":false,"chose_seed":false,"campfire_upgraded":3,"win_rate":0.0,"timestamp":1614113142,"path_taken":["M","?","M","M","$","R","?","E","T","M","$","R","?","M","R","BOSS","M","M","?","?"],"items_purchased_type":["Card","Card"],"build_version":"2020-12-22","purchased_purges":1,"victory":false,"max_hp_per_floor":[66,66,66,66,66,66,60,60,60,60,60,60,60,60,60,60,60,60,60,60,60,60],"relic_stats":{"Regal Pillow":0,"counters":[10,43],"Golden Idol":48,"Astrolabe":["Slice","Infinite Blades","Night Terror"],"Eternal Feather":18,"obtain_stats":[{"Regal Pillow":8,"Golden Idol":7,"Astrolabe":17,"Eternal Feather":9,"Ring of the Snake":0},{"Regal Pillow":4,"Golden Idol":3,"Astrolabe":7,"Eternal Feather":4,"Ring of the Snake":0},{"Regal Pillow":21,"Golden Idol":10,"Astrolabe":34,"Eternal Feather":21,"Ring of the Snake":0}],"Ring of the Snake":[20]},"card_choices":[{"not_picked":["Bane","Prepared"],"picked":"Poisoned Stab","floor":1},{"not_picked":["Slice","Heel Hook"],"picked":"Deadly Poison","floor":3},{"not_picked":["Dodge and Roll","Setup"],"picked":"Catalyst","floor":4},{"not_picked":["Poisoned Stab","Reflex"],"picked":"Deadly Poison","floor":8},{"not_picked":["Sucker Punch","Slice","PiercingWail"],"picked":"SKIP","floor":10},{"not_picked":["Poisoned Stab","Doppelganger","Escape Plan"],"picked":"SKIP","floor":14},{"not_picked":["After Image","Unload"],"picked":"Night Terror","floor":16},{"not_picked":["Cloak And Dagger","Deflect"],"picked":"Backflip","floor":18},{"not_picked":["Infinite Blades","Blade Dance","Backflip"],"picked":"SKIP","floor":19}],"player_experience":874015,"relics_obtained":[{"floor":8,"key":"Regal Pillow"},{"floor":9,"key":"Eternal Feather"}],"event_choices":[{"damage_healed":0,"gold_gain":75,"player_choice":"Gather Gold","damage_taken":11,"max_hp_gain":0,"max_hp_loss":0,"event_name":"World of Goop","floor":2,"gold_loss":0},{"damage_healed":0,"gold_gain":0,"player_choice":"Lose Max HP","damage_taken":0,"relics_obtained":["Golden Idol"],"max_hp_gain":0,"max_hp_loss":6,"event_name":"Golden Idol","floor":7,"gold_loss":0},{"damage_healed":0,"gold_gain":0,"player_choice":"Grow","damage_taken":0,"max_hp_gain":0,"max_hp_loss":0,"event_name":"Living Wall","floor":13,"gold_loss":0,"cards_upgraded":["Noxious Fumes"]},{"damage_healed":0,"gold_gain":0,"player_choice":"Ignored","damage_taken":0,"max_hp_gain":0,"max_hp_loss":0,"event_name":"Cursed Tome","floor":20,"gold_loss":0},{"damage_healed":0,"gold_gain":0,"player_choice":"Fought Bandits","damage_taken":0,"max_hp_gain":0,"max_hp_loss":0,"event_name":"Masked Bandits","floor":21,"gold_loss":0}],"is_beta":false,"boss_relics":[{"not_picked":["HoveringKite","Empty Cage"],"picked":"Astrolabe"}],"items_purged_floors":[11],"is_endless":false,"potions_floor_spawned":[4,8,10,16,18],"killed_by":"Masked Bandits","ascension_level":20}}