{"host":"jruzzdd1waq9u00d","time":1614092761,"event":{"mods":["BaseMod","Colored Map","Colored Powertips","DeckTracker","KOR Keyword Fix","Minty Spire (QoL Compilation)","Permanent Neow","Quick Restart","Relic Stats","StSLib","SuperFastMode"],"gold_per_floor":[109,122,122,145,145,145,160,194,194,194,36,54,68,81,81,81,81],"floor_reached":16,"language":"KOR","playtime":419,"items_purged":[],"score":208,"play_id":"56c366bc-7594-499c-84d7-bcd02407e80f","local_time":"20210224000601","is_ascension_mode":true,"campfire_choices":[{"floor":6,"key":"REST"},{"data":"Recycle","floor":10,"key":"SMITH"},{"floor":15,"key":"REST"}],"circlet_count":0,"master_deck":["AscendersBane","Strike_B","Strike_B+1","Strike_B","Strike_B","Defend_B","Defend_B","Defend_B","Defend_B","Zap","Dualcast","Leap+1","Cold Snap","Injury","Coolheaded","Recycle+1","Doom and Gloom","Thunder Strike"],"relics":["Cracked Core","NeowsBlessing","Golden Idol","PreservedInsect","Runic Capacitor"],"acts_visited":["Exordium"],"potions_floor_usage":[8,8,16],"damage_taken":[{"damage":0,"enemies":"2 Louse","floor":1,"turns":1},{"damage":0,"enemies":"Jaw Worm","floor":2,"turns":1},{"damage":0,"enemies":"Small Slimes","floor":4,"turns":1},{"damage":11,"enemies":"Exordium Wildlife","floor":7,"turns":3},{"damage":10,"enemies":"3 Sentries","floor":8,"turns":11},{"damage":26,"enemies":"Large Slime","floor":12,"turns":8},{"damage":1,"enemies":"Looter","floor":13,"turns":4},{"damage":10,"enemies":"3 Louse","floor":14,"turns":5},{"damage":27,"enemies":"The Guardian","floor":16,"turns":2}],"seed_played":"4422338046972968190","potions_obtained":[{"floor":2,"key":"SkillPotion"},{"floor":4,"key":"Dexterity Potion"},{"floor":7,"key":"Fire Potion"},{"floor":13,"key":"DuplicationPotion"}],"is_trial":false,"path_per_floor":["M","M","?","M","?","R","M","E","T","R","$","M","M","M","R","B"],"character_chosen":"DEFECT","items_purchased":["Runic Capacitor"],"campfire_rested":2,"item_purchase_floors":[11],"current_hp_per_floor":[64,64,64,64,43,64,53,43,43,43,43,17,16,6,27,0,0],"gold":81,"neow_bonus":"THREE_ENEMY_KILL","is_daily":false,"chose_seed":false,"campfire_upgraded":1,"win_rate":0.0,"timestamp":1614092761,"path_taken":["M","M","?","M","?","R","M","E","T","R","?","M","M","M","R","BOSS"],"items_purchased_type":["Relic"],"build_version":"2020-12-22","purchased_purges":0,"victory":false,"max_hp_per_floor":[71,71,71,71,71,71,71,71,71,71,71,71,71,71,71,71,71],"relic_stats":{"counters":[9,36],"Golden Idol":25,"PreservedInsect":0,"obtain_stats":[{"NeowsBlessing":0,"Golden Idol":3,"PreservedInsect":8,"Runic Capacitor":11,"Cracked Core":0},{"NeowsBlessing":0,"Golden Idol":2,"PreservedInsect":5,"Runic Capacitor":5,"Cracked Core":0},{"NeowsBlessing":0,"Golden Idol":2,"PreservedInsect":17,"Runic Capacitor":17,"Cracked Core":0}]},"card_choices":[{"not_picked":["Rebound","Double Energy"],"picked":"Leap","floor":1},{"not_picked":["Streamline","Double Energy"],"picked":"Cold Snap","floor":2},{"not_picked":["Beam Cell","Auto Shields"],"picked":"Coolheaded","floor":4},{"not_picked":["Coolheaded","Rebound","FTL"],"picked":"SKIP","floor":7},{"not_picked":["Coolheaded","Aggregate"],"picked":"Recycle","floor":8},{"not_picked":["Chaos","Gash"],"picked":"Doom and Gloom","floor":12},{"not_picked":["Sweeping Beam","Leap"],"picked":"Thunder Strike","floor":13},{"not_picked":["Rip and Tear","Melter","FTL"],"picked":"SKIP","floor":14}],"player_experience":414194,"relics_obtained":[{"floor":8,"key":"PreservedInsect"}],"event_choices":[{"damage_healed":0,"gold_gain":0,"player_choice":"Take Wound","damage_taken":0,"relics_obtained":["Golden Idol"],"max_hp_gain":0,"max_hp_loss":0,"event_name":"Golden Idol","floor":3,"gold_loss":0,"cards_obtained":["Injury"]},{"damage_healed":0,"gold_gain":0,"player_choice":"Entered Light","damage_taken":21,"max_hp_gain":0,"max_hp_loss":0,"event_name":"Shining Light","floor":5,"gold_loss":0,"cards_upgraded":["Leap","Strike_B"]}],"is_beta":false,"boss_relics":[],"items_purged_floors":[],"is_endless":false,"potions_floor_spawned":[2,4,7,13],"killed_by":"The Guardian","ascension_level":20}}