{"host":"pifa3o3uv2a0m12r","time":1614061508,"event":{"mods":["AchievementEnabler","BaseMod","Colored Map","Minty Spire (QoL Compilation)","Quick Restart","StSLib","SuperFastMode"],"gold_per_floor":[113,75,93,111,129,129,154,154,209,209,209,235,251,140,140,237,237,250,270,370,116,133,133,148,148,198,211,238,238,238,238],"floor_reached":30,"language":"FRA","playtime":942,"items_purged":["Strike_G","Poisoned Stab"],"score":273,"play_id":"c32d921e-2d36-4651-a8d6-26d5476a699e","local_time":"20210222202508","is_ascension_mode":true,"campfire_choices":[{"floor":6,"key":"RECALL"},{"data":"Cloak And Dagger","floor":8,"key":"SMITH"},{"data":"Noxious Fumes","floor":15,"key":"SMITH"},{"floor":23,"key":"REST"},{"floor":25,"key":"REST"}],"circlet_count":0,"master_deck":["Strike_G","Strike_G","Strike_G","Defend_G","Defend_G","Defend_G","Defend_G","Defend_G","Survivor","Neutralize","Infinite Blades","Deadly Poison","Cloak And Dagger+1","Blade Dance","Noxious Fumes+1","A Thousand Cuts","Blade Dance+1"],"relics":["Ring of the Snake","NeowsBlessing","Mercury Hourglass","Art of War","SlaversCollar","Anchor","Oddly Smooth Stone","Snake Skull"],"acts_visited":["Exordium","TheCity"],"potions_floor_usage":[28,28,30],"damage_taken":[{"damage":0,"enemies":"Cultist","floor":1,"turns":1},{"damage":0,"enemies":"Jaw Worm","floor":3,"turns":1},{"damage":0,"enemies":"2 Louse","floor":4,"turns":1},{"damage":0,"enemies":"Red Slaver","floor":5,"turns":5},{"damage":34,"enemies":"Gremlin Nob","floor":7,"turns":5},{"damage":11,"enemies":"Lagavulin","floor":12,"turns":7},{"damage":6,"enemies":"Exordium Wildlife","floor":13,"turns":3},{"damage":18,"enemies":"Slime Boss","floor":16,"turns":9},{"damage":6,"enemies":"Chosen","floor":18,"turns":5},{"damage":35,"enemies":"3 Byrds","floor":19,"turns":4},{"damage":4,"enemies":"Cultist and Chosen","floor":22,"turns":6},{"damage":24,"enemies":"Snake Plant","floor":24,"turns":5},{"damage":23,"enemies":"Sentry and Sphere","floor":27,"turns":6},{"damage":18,"enemies":"Slavers","floor":28,"turns":4},{"damage":4,"enemies":"Chosen and Byrds","floor":30,"turns":4}],"seed_played":"-8483295078082878474","potions_obtained":[{"floor":1,"key":"Poison Potion"},{"floor":3,"key":"BlessingOfTheForge"},{"floor":4,"key":"Dexterity Potion"},{"floor":22,"key":"Fire Potion"},{"floor":27,"key":"Fire Potion"},{"floor":28,"key":"PowerPotion"}],"is_trial":false,"path_per_floor":["M","$","M","M","M","R","E","R","T","?","?","E","M","$","R","B",null,"M","M","?","$","M","R","M","R","T","M","E","?","M"],"character_chosen":"THE_SILENT","items_purchased":["Infinite Blades","Noxious Fumes","Anchor"],"campfire_rested":2,"item_purchase_floors":[2,14,21],"current_hp_per_floor":[70,70,70,70,70,70,36,36,36,59,59,48,42,42,42,24,70,64,29,29,29,25,46,22,43,43,20,2,2,0,0],"gold":238,"neow_bonus":"THREE_ENEMY_KILL","is_daily":false,"chose_seed":false,"campfire_upgraded":2,"win_rate":0.0,"timestamp":1614061508,"path_taken":["M","?","?","M","M","R","E","R","T","?","?","E","M","$","R","BOSS","M","M","?","$","?","R","M","R","T","M","E","?","M"],"items_purchased_type":["Card","Card","Relic"],"build_version":"2020-12-22","purchased_purges":2,"victory":false,"max_hp_per_floor":[70,70,70,70,70,70,70,70,70,70,70,70,70,70,70,70,70,70,70,70,70,70,70,70,70,70,70,70,70,70,70],"card_choices":[{"not_picked":["Distraction","Underhanded Strike","Reflex"],"picked":"SKIP","floor":1},{"not_picked":["Sucker Punch","Caltrops"],"picked":"Deadly Poison","floor":3},{"not_picked":["Terror","Deflect"],"picked":"Poisoned Stab","floor":4},{"not_picked":["Slice","Deflect","Caltrops"],"picked":"SKIP","floor":5},{"not_picked":["Escape Plan","Prepared"],"picked":"Cloak And Dagger","floor":7},{"not_picked":["Underhanded Strike","Bane"],"picked":"Blade Dance","floor":12},{"not_picked":["Underhanded Strike","Flying Knee","Storm of Steel"],"picked":"SKIP","floor":13},{"not_picked":["Phantasmal Killer","Wraith Form v2"],"picked":"A Thousand Cuts","floor":16},{"not_picked":["Underhanded Strike","Poisoned Stab+1","Caltrops+1"],"picked":"SKIP","floor":18},{"not_picked":["Escape Plan","Flying Knee+1","Eviscerate"],"picked":"SKIP","floor":19},{"not_picked":["Prepared","Blur"],"picked":"Blade Dance+1","floor":22},{"not_picked":["Predator","Deadly Poison","Eviscerate"],"picked":"SKIP","floor":24},{"not_picked":["Quick Slash+1","Outmaneuver","Acrobatics"],"picked":"SKIP","floor":27},{"not_picked":["Backflip","Flying Knee+1","Acrobatics"],"picked":"SKIP","floor":28}],"player_experience":153113,"relics_obtained":[{"floor":7,"key":"Mercury Hourglass"},{"floor":12,"key":"Art of War"},{"floor":26,"key":"Oddly Smooth Stone"},{"floor":28,"key":"Snake Skull"}],"event_choices":[{"damage_healed":23,"gold_gain":0,"player_choice":"Banana","damage_taken":0,"max_hp_gain":0,"max_hp_loss":0,"event_name":"Big Fish","floor":10,"gold_loss":0},{"cards_removed":["Strike_G"],"damage_healed":0,"gold_gain":0,"player_choice":"Forget","damage_taken":0,"max_hp_gain":0,"max_hp_loss":0,"event_name":"Living Wall","floor":11,"gold_loss":0},{"damage_healed":0,"gold_gain":100,"player_choice":"Pray","damage_taken":0,"max_hp_gain":0,"max_hp_loss":0,"event_name":"Golden Shrine","floor":20,"gold_loss":0},{"damage_healed":0,"gold_gain":0,"player_choice":"Ignored","damage_taken":0,"max_hp_gain":0,"max_hp_loss":0,"event_name":"Ghosts","floor":29,"gold_loss":0}],"is_beta":false,"boss_relics":[{"not_picked":["HoveringKite","SacredBark"],"picked":"SlaversCollar"}],"items_purged_floors":[14,21],"is_endless":false,"potions_floor_spawned":[1,3,4,12,16,22,27,28],"killed_by":"Chosen and Byrds","ascension_level":1}}