{"host":"dyzdf8svqmiivg97","time":1614080072,"event":{"mods":["AchievementEnabler","BaseMod","Colored Map","DeckTracker","Minty Spire (QoL Compilation)","Quick Restart","Rare Cards Sparkle","SuperFastMode"],"gold_per_floor":[16,29,46,61,76,76,1,1,25,25,25,59,74,86,86,164,164,183,183,183,195,51,51,70,101,177,177,39,59,59,104,104,104,104],"floor_reached":33,"language":"KOR","playtime":743,"items_purged":["Strike_P","Strike_P"],"score":488,"play_id":"9b24d021-49cf-4364-b8ab-7ecfe8598b47","local_time":"20210223203432","is_ascension_mode":true,"campfire_choices":[{"data":"Eruption","floor":6,"key":"SMITH"},{"floor":8,"key":"REST"},{"data":"Scrawl","floor":10,"key":"SMITH"},{"floor":15,"key":"REST"},{"data":"Vault","floor":23,"key":"SMITH"},{"floor":30,"key":"REST"},{"floor":32,"key":"REST"}],"circlet_count":0,"master_deck":["AscendersBane","Strike_P","Strike_P+1","Defend_P","Defend_P","Defend_P","Defend_P","Eruption+1","Vigilance","Scrawl+1","InnerPeace","Tantrum","EmptyFist+1","Meditate","Vault+1","ForeignInfluence+1","Adaptation","FearNoEvil","Scrawl"],"relics":["HolyWater","Strawberry","Orichalcum","Nilry\u0027s Codex","Eternal Feather","Medical Kit","Whetstone","Mummified Hand","Pocketwatch"],"acts_visited":["Exordium","TheCity"],"potions_floor_usage":[4,5,16,16,25,31],"damage_taken":[{"damage":0.0,"enemies":"Cultist","floor":1.0,"turns":2.0},{"damage":6.0,"enemies":"Jaw Worm","floor":2.0,"turns":3.0},{"damage":10.0,"enemies":"Small Slimes","floor":3.0,"turns":3.0},{"damage":16,"enemies":"Exordium Wildlife","floor":4,"turns":4},{"damage":13,"enemies":"Exordium Thugs","floor":5,"turns":3},{"damage":25,"enemies":"Lagavulin","floor":12,"turns":5},{"damage":0,"enemies":"Blue Slaver","floor":13,"turns":2},{"damage":0,"enemies":"2 Fungi Beasts","floor":14,"turns":1},{"damage":37,"enemies":"Hexaghost","floor":16,"turns":11},{"damage":6,"enemies":"Spheric Guardian","floor":18,"turns":4},{"damage":7,"enemies":"3 Byrds","floor":21,"turns":3},{"damage":11,"enemies":"Snake Plant","floor":24,"turns":3},{"damage":22,"enemies":"Book of Stabbing","floor":25,"turns":4},{"damage":0,"enemies":"Sentry and Sphere","floor":29,"turns":3},{"damage":34,"enemies":"Slavers","floor":31,"turns":6},{"damage":10,"enemies":"Automaton","floor":33,"turns":3}],"seed_played":"2955064035583660989","potions_obtained":[{"floor":1.0,"key":"BlessingOfTheForge"},{"floor":2.0,"key":"BlessingOfTheForge"},{"floor":3.0,"key":"DuplicationPotion"},{"floor":4,"key":"SteroidPotion"},{"floor":14,"key":"SpeedPotion"},{"floor":24,"key":"Dexterity Potion"},{"floor":25,"key":"Dexterity Potion"}],"is_trial":false,"path_per_floor":["M","M","M","M","M","R","$","R","T","R","$","E","M","M","R","B",null,"M","?","T","M","$","R","M","E","T","?","$","M","R","E","R","B"],"character_chosen":"WATCHER","items_purchased":["Medical Kit","Adaptation"],"campfire_rested":4,"item_purchase_floors":[22,28],"current_hp_per_floor":[61,55,45,29,16,16,16,36,43,43,43,18,18,18,40,3,57,51,35,35,28,28,37,26,4,4,4,4,4,35,1,32,22,22],"gold":104,"neow_bonus":"THREE_RARE_CARDS","is_daily":false,"chose_seed":false,"campfire_upgraded":3,"win_rate":0.0,"timestamp":1614080072,"path_taken":["M","M","?","M","M","R","$","R","T","R","$","E","M","M","R","BOSS","M","?","?","M","?","R","M","E","T","?","$","M","R","E","R","BOSS"],"items_purchased_type":["Relic","Card"],"build_version":"2020-12-22","purchased_purges":2,"victory":false,"max_hp_per_floor":[68,68,68,68,68,68,68,68,75,75,75,75,75,75,75,75,75,75,75,75,75,75,75,75,75,75,75,75,75,75,75,75,75,75],"card_choices":[{"not_picked":["Wish","SpiritShield"],"picked":"Scrawl","floor":0.0},{"not_picked":["Collect","ClearTheMind","FlurryOfBlows"],"picked":"SKIP","floor":1.0},{"not_picked":["DeceiveReality","Weave","Crescendo"],"picked":"SKIP","floor":2.0},{"not_picked":["MasterReality","EmptyBody"],"picked":"InnerPeace","floor":3.0},{"not_picked":["Protect","CrushJoints"],"picked":"Tantrum","floor":4},{"not_picked":["DeceiveReality","JustLucky"],"picked":"EmptyFist","floor":5},{"not_picked":["Evaluate","Vengeance","ClearTheMind"],"picked":"SKIP","floor":12},{"not_picked":["ClearTheMind","Consecrate"],"picked":"Meditate","floor":13},{"not_picked":["EmptyBody","ClearTheMind","SashWhip"],"picked":"SKIP","floor":14},{"not_picked":["MasterReality","Establishment"],"picked":"Vault","floor":16},{"not_picked":["CutThroughFate+1","InnerPeace","ThirdEye+1"],"picked":"SKIP","floor":18},{"not_picked":["ForeignInfluence","ClearTheMind","FollowUp"],"picked":"SKIP","floor":21},{"not_picked":["CrushJoints","ClearTheMind"],"picked":"ForeignInfluence+1","floor":24},{"not_picked":["Fasting2","Perseverance","EmptyMind"],"picked":"SKIP","floor":25},{"not_picked":["Crescendo","Prostrate"],"picked":"FearNoEvil","floor":29},{"not_picked":["SashWhip","Nirvana"],"picked":"Scrawl","floor":31}],"player_experience":600623,"relics_obtained":[{"floor":9,"key":"Strawberry"},{"floor":12,"key":"Orichalcum"},{"floor":19,"key":"Nilry\u0027s Codex"},{"floor":20,"key":"Eternal Feather"},{"floor":25,"key":"Whetstone"},{"floor":26,"key":"Mummified Hand"},{"floor":31,"key":"Pocketwatch"}],"event_choices":[{"damage_healed":0,"gold_gain":0,"player_choice":"Obtained Book","damage_taken":16,"max_hp_gain":0,"max_hp_loss":0,"event_name":"Cursed Tome","floor":19,"gold_loss":0},{"damage_healed":0,"gold_gain":0,"player_choice":"Ignored","damage_taken":0,"max_hp_gain":0,"max_hp_loss":0,"event_name":"Vampires","floor":27,"gold_loss":0}],"is_beta":false,"boss_relics":[{"not_picked":["SlaversCollar","Ectoplasm"],"picked":"HolyWater"}],"items_purged_floors":[7,28],"is_endless":false,"potions_floor_spawned":[1,2,3,4,14,24,25],"killed_by":"Automaton","ascension_level":14}}