{"host":"ymmeoa1x24ihslbm","time":1614104692,"event":{"mods":["AchievementEnabler","BaseMod","Colored Map","Colored Powertips","Defuse TimeMaze Blight","Hermit","Highlight Path","Minty Spire (QoL Compilation)","Permanent Neow","Quick Restart","StSLib","Unceasing Turn Reminder"],"gold_per_floor":[115,194,212,224,2,2,30,30,77,93,93,109,109,109,109,205,205,216,229,244,244,254,254,271,271,271,291,92,92,542,555,555,665,665,688,713,726,726,751,751,778,778,854,890,947,947,980,980,980,987],"floor_reached":51,"language":"ENG","playtime":4966,"items_purged":[],"score":982,"play_id":"1d1eb9c2-4344-4ec1-8098-cafe2de81e97","local_time":"20210223192452","is_ascension_mode":true,"campfire_choices":[{"data":"hermit:ShadowCloak","floor":6.0,"key":"SMITH"},{"data":"hermit:FlashPowder","floor":8.0,"key":"SMITH"},{"data":"hermit:Quickdraw","floor":11.0,"key":"SMITH"},{"data":"hermit:Ricochet","floor":13.0,"key":"SMITH"},{"data":"hermit:Covet","floor":15.0,"key":"SMITH"},{"data":"hermit:WideOpen","floor":23.0,"key":"SMITH"},{"data":"hermit:Dissolve","floor":25.0,"key":"SMITH"},{"data":"hermit:Virtue","floor":29.0,"key":"SMITH"},{"data":"hermit:Scavenge","floor":32,"key":"SMITH"},{"data":"hermit:Dive","floor":40,"key":"SMITH"},{"data":"hermit:Glare","floor":42,"key":"SMITH"},{"data":"hermit:Reprieve","floor":46,"key":"SMITH"},{"data":"hermit:Gambit","floor":49,"key":"SMITH"}],"circlet_count":0,"master_deck":["hermit:Strike_Hermit","hermit:Strike_Hermit","hermit:Strike_Hermit","hermit:Strike_Hermit","hermit:Defend_Hermit","hermit:Defend_Hermit","hermit:Defend_Hermit","hermit:Defend_Hermit","hermit:Snapshot+1","hermit:Covet+1","hermit:FlashPowder+1","hermit:Quickdraw+1","hermit:ShadowCloak+1","hermit:Ricochet+1","hermit:Glare+1","hermit:Determination","hermit:Dissolve+1","CurseOfTheBell","hermit:Vantage+1","hermit:FatalDesire","Necronomicurse","hermit:WideOpen+1","hermit:Virtue+1","hermit:Dive+1","hermit:Scavenge+1","hermit:Reprieve+1","hermit:Manifest+1","hermit:Headshot+1","Writhe","Decay","hermit:Snipe+1","Shame","hermit:Midnight+1","hermit:HoleUp+1","hermit:Gambit+1"],"relics":["hermit:Momento","Chemical X","Odd Mushroom","Bag of Preparation","FossilizedHelix","Calling Bell","PreservedInsect","HornCleat","Bird Faced Urn","Necronomicon","InkBottle","Centennial Puzzle","Cursed Key","Juzu Bracelet","Bottled Flame","Nunchaku","TungstenRod","MealTicket"],"acts_visited":["Exordium","TheCity","TheBeyond"],"potions_floor_usage":[33,35,35,35,41,44,47,50],"damage_taken":[{"damage":2.0,"enemies":"2 Louse","floor":1.0,"turns":3.0},{"damage":0.0,"enemies":"Small Slimes","floor":3.0,"turns":3.0},{"damage":0.0,"enemies":"Jaw Worm","floor":4.0,"turns":3.0},{"damage":2.0,"enemies":"The Mushroom Lair","floor":7.0,"turns":5.0},{"damage":0.0,"enemies":"3 Louse","floor":10.0,"turns":2.0},{"damage":0.0,"enemies":"Exordium Thugs","floor":12.0,"turns":4.0},{"damage":36.0,"enemies":"Hexaghost","floor":16.0,"turns":14.0},{"damage":0.0,"enemies":"Chosen","floor":18.0,"turns":5.0},{"damage":0.0,"enemies":"3 Byrds","floor":19.0,"turns":7.0},{"damage":0.0,"enemies":"Sentry and Sphere","floor":20.0,"turns":7.0},{"damage":0.0,"enemies":"Snecko","floor":22.0,"turns":6.0},{"damage":0.0,"enemies":"Centurion and Healer","floor":24.0,"turns":7.0},{"damage":5.0,"enemies":"Snake Plant","floor":27.0,"turns":6.0},{"damage":0.0,"enemies":"Cultist and Chosen","floor":31.0,"turns":7.0},{"damage":0,"enemies":"Champ","floor":33,"turns":10},{"damage":6,"enemies":"3 Darklings","floor":35,"turns":7},{"damage":0,"enemies":"3 Shapes","floor":36,"turns":5},{"damage":0,"enemies":"Transient","floor":37,"turns":5},{"damage":6,"enemies":"Writhing Mass","floor":41,"turns":8},{"damage":38,"enemies":"Giant Head","floor":44,"turns":11},{"damage":0,"enemies":"Mind Bloom Boss Battle","floor":45,"turns":9},{"damage":28,"enemies":"Nemesis","floor":47,"turns":11},{"damage":23,"enemies":"Awakened One","floor":50,"turns":23}],"seed_played":"-3655662057654516235","potions_obtained":[{"floor":3.0,"key":"BlessingOfTheForge"},{"floor":10.0,"key":"Explosive Potion"},{"floor":12.0,"key":"SteroidPotion"},{"floor":19.0,"key":"SkillPotion"},{"floor":31,"key":"EntropicBrew"},{"floor":33,"key":"ColorlessPotion"},{"floor":36,"key":"hermit:Eclipse"},{"floor":41,"key":"SkillPotion"}],"is_trial":false,"path_per_floor":["M","?","M","M","$","R","?","R","T","M","R","M","R","?","R","B",null,"M","M","M","?","M","R","M","R","T","M","$","R","?","M","R","B",null,"M","M","M","?","T","R","M","R","T","E","?","R","E","?","R","B",null],"character_chosen":"HERMIT","items_purchased":["hermit:ShadowCloak","Chemical X","Centennial Puzzle","hermit:Dive"],"campfire_rested":0,"item_purchase_floors":[5,5,28,28],"current_hp_per_floor":[73,73,73,73,73,73,71,71,71,71,71,71,71,46,46,10,75,75,75,75,59,65,65,71,71,71,72,72,72,26,32,32,38,75,75,75,75,75,75,75,73,73,73,55,73,73,75,75,75,71],"gold":987,"neow_bonus":"UPGRADE_CARD","is_daily":false,"chose_seed":false,"campfire_upgraded":13,"win_rate":0.0,"timestamp":1614104692,"path_taken":["M","?","M","M","$","R","?","R","T","M","R","M","R","?","R","BOSS","M","M","M","?","M","R","M","R","T","M","$","R","?","?","R","BOSS","M","?","M","?","?","R","M","R","T","E","?","R","E","?","R","BOSS"],"items_purchased_type":["Card","Relic","Relic","Card"],"build_version":"2020-12-22","purchased_purges":0,"victory":true,"max_hp_per_floor":[75,75,75,75,75,75,75,75,75,75,75,75,75,75,75,75,75,75,75,75,75,75,75,75,75,75,75,75,75,75,75,75,75,75,75,75,75,75,75,75,75,75,75,75,75,75,75,75,75,75],"card_choices":[{"not_picked":["hermit:SprayPray","hermit:Virtue"],"picked":"hermit:FlashPowder","floor":1.0},{"not_picked":["hermit:BodyArmor","hermit:CursedWeapon"],"picked":"hermit:Quickdraw","floor":3.0},{"not_picked":["hermit:Coalescence","hermit:LuckOfTheDraw","hermit:TakeCover"],"picked":"SKIP","floor":4.0},{"not_picked":["hermit:ItchyTrigger","hermit:Feint"],"picked":"hermit:Ricochet","floor":7.0},{"not_picked":["hermit:Manifest","hermit:Vantage"],"picked":"hermit:Glare","floor":10.0},{"not_picked":["hermit:CalledShot","hermit:Desperado"],"picked":"hermit:Determination","floor":12.0},{"not_picked":["hermit:HighNoon","hermit:RoundhouseKick"],"picked":"hermit:Dissolve","floor":16.0},{"not_picked":["hermit:LowProfile","hermit:Desperado"],"picked":"hermit:Vantage+1","floor":18.0},{"not_picked":["hermit:Cheat+1","hermit:Snipe"],"picked":"hermit:FatalDesire","floor":19.0},{"not_picked":["hermit:CursedWeapon","hermit:Snipe","hermit:SprayPray"],"picked":"SKIP","floor":20.0},{"not_picked":["hermit:HoleUp","hermit:BodyArmor"],"picked":"hermit:WideOpen","floor":22.0},{"not_picked":["hermit:Enervate+1","hermit:BigShot","hermit:CursedWeapon"],"picked":"SKIP","floor":24.0},{"not_picked":["hermit:CalledShot","hermit:Ricochet"],"picked":"hermit:Virtue","floor":27.0},{"not_picked":["hermit:Dive","hermit:Cheat"],"picked":"hermit:Scavenge","floor":31},{"not_picked":["hermit:Magnum","hermit:FromBeyond"],"picked":"hermit:Reprieve","floor":33},{"not_picked":["hermit:Cheat+1","hermit:HoleUp"],"picked":"hermit:Manifest+1","floor":35},{"not_picked":["hermit:ItchyTrigger+1","hermit:Purgatory"],"picked":"hermit:Headshot+1","floor":36},{"not_picked":["hermit:Manifest+1","hermit:LowProfile","hermit:Desperado"],"picked":"SKIP","floor":37},{"not_picked":["hermit:Roulette","hermit:GhostlyPresence"],"picked":"hermit:Snipe+1","floor":41},{"not_picked":["hermit:HighCaliber","hermit:Snipe+1"],"picked":"hermit:Midnight+1","floor":44},{"not_picked":["hermit:PistolWhip","hermit:HighCaliber"],"picked":"hermit:HoleUp","floor":45},{"not_picked":["hermit:Feint+1","hermit:Dive"],"picked":"hermit:Gambit","floor":47}],"player_experience":693984,"relics_obtained":[{"floor":7.0,"key":"Odd Mushroom"},{"floor":9.0,"key":"Bag of Preparation"},{"floor":17.0,"key":"PreservedInsect"},{"floor":17.0,"key":"HornCleat"},{"floor":17.0,"key":"Bird Faced Urn"},{"floor":21.0,"key":"Necronomicon"},{"floor":26.0,"key":"InkBottle"},{"floor":39,"key":"Juzu Bracelet"},{"floor":43,"key":"Bottled Flame"},{"floor":44,"key":"Nunchaku"},{"floor":45,"key":"TungstenRod"},{"floor":47,"key":"MealTicket"}],"event_choices":[{"damage_healed":0.0,"max_hp_gain":0.0,"max_hp_loss":0.0,"gold_gain":79.0,"event_name":"Golden Wing","player_choice":"Gained Gold","floor":2.0,"gold_loss":0.0,"damage_taken":0.0},{"damage_healed":0.0,"max_hp_gain":0.0,"max_hp_loss":0.0,"gold_gain":0.0,"event_name":"Mushrooms","player_choice":"Fought Mushrooms","floor":7.0,"gold_loss":0.0,"damage_taken":0.0},{"damage_healed":0.0,"max_hp_gain":0.0,"max_hp_loss":0.0,"gold_gain":0.0,"event_name":"Scrap Ooze","player_choice":"Success","floor":14.0,"gold_loss":0.0,"damage_taken":25.0,"relics_obtained":["FossilizedHelix"]},{"damage_healed":0.0,"max_hp_gain":0.0,"max_hp_loss":0.0,"gold_gain":0.0,"event_name":"Cursed Tome","player_choice":"Obtained Book","floor":21.0,"gold_loss":0.0,"damage_taken":16.0},{"damage_healed":0.0,"max_hp_gain":0.0,"max_hp_loss":0.0,"gold_gain":450.0,"event_name":"Knowing Skull","player_choice":"GOLD GOLD GOLD GOLD GOLD ","floor":30.0,"potions_obtained":[],"gold_loss":0.0,"damage_taken":46.0,"cards_obtained":[]},{"damage_healed":19,"gold_gain":0,"player_choice":"Writhe","damage_taken":0,"max_hp_gain":0,"max_hp_loss":0,"event_name":"Winding Halls","floor":38,"gold_loss":0,"cards_obtained":["Writhe"]},{"damage_healed":0,"gold_gain":0,"player_choice":"Fight","damage_taken":0,"max_hp_gain":0,"max_hp_loss":0,"event_name":"MindBloom","floor":45,"gold_loss":0},{"damage_healed":0,"gold_gain":0,"player_choice":"Upgraded","damage_taken":0,"max_hp_gain":0,"max_hp_loss":0,"event_name":"Upgrade Shrine","floor":48,"gold_loss":0,"cards_upgraded":["hermit:HoleUp"]}],"is_beta":false,"boss_relics":[{"not_picked":["Sozu","Fusion Hammer"],"picked":"Calling Bell"},{"not_picked":["Runic Dome","Astrolabe"],"picked":"Cursed Key"}],"items_purged_floors":[],"is_endless":false,"potions_floor_spawned":[3,10,12,19,24,31,33,36,37,41],"ascension_level":1}}