{"host":"7gquyva492f4udta","time":1614110910,"event":{"mods":["BaseMod","Minty Spire (QoL Compilation)"],"gold_per_floor":[119,134,309,326,336,368,5,5,5,5,5],"floor_reached":10,"language":"ENG","playtime":955,"items_purged":["Doubt"],"score":88,"play_id":"db8a03ca-652a-4b74-8923-f0748099c249","local_time":"20210223140830","is_ascension_mode":true,"campfire_choices":[],"circlet_count":0,"master_deck":["Strike_P","Strike_P","Strike_P","Defend_P","Defend_P","Defend_P","Eruption","Vigilance","Adaptation","CrushJoints","TalkToTheHand","Conclude","InnerPeace","Good Instincts","Protect","CutThroughFate"],"relics":["Empty Cage","Oddly Smooth Stone","Melange","Meat on the Bone"],"acts_visited":["Exordium"],"potions_floor_usage":[5,6],"damage_taken":[{"damage":0,"enemies":"Small Slimes","floor":1,"turns":3},{"damage":0,"enemies":"Jaw Worm","floor":2,"turns":3},{"damage":0,"enemies":"Cultist","floor":4,"turns":4},{"damage":10,"enemies":"3 Louse","floor":5,"turns":5},{"damage":37,"enemies":"Lagavulin","floor":6,"turns":8},{"damage":22,"enemies":"3 Sentries","floor":10,"turns":4}],"seed_played":"4019938468256388288","potions_obtained":[{"floor":1,"key":"GamblersBrew"},{"floor":2,"key":"SkillPotion"},{"floor":5,"key":"LiquidMemories"}],"is_trial":false,"path_per_floor":["M","M","?","M","M","E","$","?","T","E"],"character_chosen":"WATCHER","items_purchased":["Melange","Good Instincts","Protect"],"campfire_rested":0,"item_purchase_floors":[7,7,7],"current_hp_per_floor":[65,65,65,65,55,18,18,18,18,0,0],"gold":5,"neow_bonus":"BOSS_RELIC","is_daily":false,"chose_seed":false,"campfire_upgraded":0,"win_rate":0.0,"timestamp":1614110910,"path_taken":["M","M","?","M","M","E","$","?","T","E"],"items_purchased_type":["Relic","Card","Card"],"build_version":"2020-12-22","purchased_purges":1,"victory":false,"max_hp_per_floor":[72,72,72,72,72,72,72,72,72,72,72],"card_choices":[{"not_picked":["EmptyBody","Prostrate"],"picked":"Adaptation","floor":1},{"not_picked":["Indignation","Fasting2"],"picked":"CrushJoints","floor":2},{"not_picked":["Meditate","Halt"],"picked":"TalkToTheHand","floor":4},{"not_picked":["BowlingBash","WreathOfFlame"],"picked":"Conclude","floor":5},{"not_picked":["Weave","Study"],"picked":"InnerPeace","floor":6}],"player_experience":315274,"relics_obtained":[{"floor":6,"key":"Oddly Smooth Stone"},{"floor":9,"key":"Meat on the Bone"}],"event_choices":[{"damage_healed":0,"gold_gain":175,"player_choice":"AGREE","damage_taken":0,"max_hp_gain":0,"max_hp_loss":0,"event_name":"Liars Game","floor":3,"gold_loss":0,"cards_obtained":["Doubt"]},{"damage_healed":0,"gold_gain":0,"player_choice":"1 cards matched","damage_taken":0,"max_hp_gain":0,"max_hp_loss":0,"event_name":"Match and Keep!","floor":8,"gold_loss":0,"cards_obtained":["CutThroughFate"]}],"is_beta":false,"boss_relics":[],"items_purged_floors":[7],"is_endless":false,"potions_floor_spawned":[1,2,5],"killed_by":"3 Sentries","ascension_level":6}}