{"host":"zxd2l8an9de7z7b9","time":1614097522,"event":{"mods":["100% Spire Juice","2.2 Compatiblity","AchievementEnabler","BaseMod","CapriCore","Colored Map","Colored Powertips","Marisa£¨Ùöéë¡¡Øª×âÞÞ£©","Minty Spire (QoL Compilation)","Rare Cards Sparkle","StSLib","SuperFastMode","Td1madao Mod","everything is the same but u backflip on backflip"],"gold_per_floor":[115,115,115,40,40,40,50,50,50,0,0,15,33,49,49,145,145,165,184,196,206,226,226,226],"floor_reached":23,"language":"KOR","playtime":883,"items_purged":["Strike_R"],"score":210,"play_id":"aa98ff0a-fc42-4fac-9de9-d19437f00ab4","local_time":"20210224012522","is_ascension_mode":false,"campfire_choices":[{"data":"Bash","floor":6,"key":"SMITH"},{"data":"Pommel Strike","floor":8,"key":"SMITH"},{"data":"Perfected Strike","floor":15,"key":"SMITH"}],"circlet_count":0,"master_deck":["Strike_R","Strike_R+1","Strike_R","Defend_R","Defend_R","Defend_R+1","Defend_R","Bash+1","Pommel Strike+1","Shrug It Off","Cleave","Flex","Clash","Sword Boomerang","Perfected Strike+1","Clothesline","Perfected Strike","True Grit","Flex","Shrug It Off+1","Anger+1","Iron Wave+1"],"relics":["Burning Blood","Question Card","Pear","Prayer Wheel","Mark of Pain"],"acts_visited":["Exordium","TheCity"],"potions_floor_usage":[16,20,21,23],"damage_taken":[{"damage":3,"enemies":"Jaw Worm","floor":1,"turns":5},{"damage":0,"enemies":"2 Louse","floor":7,"turns":3},{"damage":4,"enemies":"Small Slimes","floor":12,"turns":4},{"damage":0,"enemies":"Gremlin Gang","floor":13,"turns":3},{"damage":0,"enemies":"3 Louse","floor":14,"turns":3},{"damage":44,"enemies":"Hexaghost","floor":16,"turns":8},{"damage":43,"enemies":"2 Thieves","floor":18,"turns":4},{"damage":0,"enemies":"Spheric Guardian","floor":19,"turns":3},{"damage":27,"enemies":"Chosen and Byrds","floor":20,"turns":6},{"damage":25,"enemies":"Snake Plant","floor":21,"turns":4},{"damage":10,"enemies":"Cultist and Chosen","floor":22,"turns":5},{"damage":47,"enemies":"Slavers","floor":23,"turns":4}],"seed_played":"3428974204767972465","potions_obtained":[{"floor":7,"key":"Weak Potion"},{"floor":14,"key":"BloodPotion"},{"floor":19,"key":"LiquidBronze"},{"floor":22,"key":"Regen Potion"}],"is_trial":false,"path_per_floor":["M","?","?","$","T","R","M","R","T","?","$","M","M","M","R","B",null,"M","M","M","M","M","E"],"character_chosen":"IRONCLAD","items_purchased":[],"campfire_rested":0,"item_purchase_floors":[],"current_hp_per_floor":[80,64,69,69,69,69,75,75,85,85,85,87,93,95,95,57,95,58,64,43,43,39,4,4],"gold":226,"neow_bonus":"REMOVE_CARD","is_daily":false,"chose_seed":false,"campfire_upgraded":3,"win_rate":0.0,"timestamp":1614097522,"path_taken":["M","?","?","$","?","R","M","R","T","?","$","M","M","M","R","BOSS","M","?","M","M","M","E"],"items_purchased_type":[],"build_version":"2020-12-22","purchased_purges":1,"victory":false,"max_hp_per_floor":[80,80,85,85,85,85,85,85,95,95,95,95,95,95,95,95,95,95,95,95,95,95,95,95],"card_choices":[{"not_picked":["Heavy Blade","Fire Breathing"],"picked":"Pommel Strike","floor":1},{"not_picked":["Wild Strike","Pommel Strike","Heavy Blade"],"picked":"Shrug It Off","floor":7},{"not_picked":["Clash","Armaments","Flex"],"picked":"Cleave","floor":12},{"not_picked":["Second Wind","Havoc","Hemokinesis","Bloodletting"],"picked":"SKIP","floor":12},{"not_picked":["Feel No Pain","Entrench","Intimidate"],"picked":"Flex","floor":13},{"not_picked":["Evolve","Armaments","Shockwave"],"picked":"Clash","floor":13},{"not_picked":["Flame Barrier","Carnage","Combust"],"picked":"Sword Boomerang","floor":14},{"not_picked":["Spot Weakness","Second Wind","Dark Embrace"],"picked":"Perfected Strike","floor":14},{"not_picked":["Seeing Red","Reckless Charge","Havoc"],"picked":"Clothesline","floor":18},{"not_picked":["Evolve+1","Body Slam","Power Through"],"picked":"Perfected Strike","floor":18},{"not_picked":["Fire Breathing","Heavy Blade+1","Armaments"],"picked":"True Grit","floor":19},{"not_picked":["Wild Strike","Havoc","Flex","Twin Strike"],"picked":"SKIP","floor":19},{"not_picked":["Wild Strike","Havoc","Twin Strike"],"picked":"Flex","floor":19},{"not_picked":["Warcry+1","Twin Strike","Evolve"],"picked":"Shrug It Off+1","floor":20},{"not_picked":["Perfected Strike","Sword Boomerang","Rage+1","Shrug It Off"],"picked":"SKIP","floor":20},{"not_picked":["Cleave","Sword Boomerang","Heavy Blade"],"picked":"Anger+1","floor":21},{"not_picked":["Sword Boomerang","Perfected Strike","Reaper","Rampage"],"picked":"SKIP","floor":21},{"not_picked":["Clash","Flex","Clothesline"],"picked":"Iron Wave+1","floor":22},{"not_picked":["Shrug It Off","Havoc","Perfected Strike","Rampage"],"picked":"SKIP","floor":22}],"player_experience":464889,"relics_obtained":[{"floor":5,"key":"Question Card"},{"floor":9,"key":"Pear"}],"event_choices":[{"damage_healed":0,"gold_gain":0,"player_choice":"Entered Light","damage_taken":16,"max_hp_gain":0,"max_hp_loss":0,"event_name":"Shining Light","floor":2,"gold_loss":0,"cards_upgraded":["Strike_R","Defend_R"]},{"damage_healed":0,"gold_gain":0,"player_choice":"Donut","damage_taken":0,"max_hp_gain":5,"max_hp_loss":0,"event_name":"Big Fish","floor":3,"gold_loss":0},{"damage_healed":0,"gold_gain":0,"player_choice":"Paid Gold","damage_taken":0,"relics_obtained":["Prayer Wheel"],"max_hp_gain":0,"max_hp_loss":0,"event_name":"WeMeetAgain","floor":10,"gold_loss":50}],"is_beta":false,"boss_relics":[{"not_picked":["Cursed Key","SacredBark"],"picked":"Mark of Pain"}],"items_purged_floors":[4],"is_endless":false,"potions_floor_spawned":[7,14,19,22],"killed_by":"Slavers","ascension_level":0}}