{"host":"s4ojoik2izpnmj7q","time":1614074290,"event":{"mods":["ATMod(°¢èªMod)","Act Like it!","BaseMod","Better Skull","Minty Spire (QoL Compilation)","MostiFishMod","StSLib"],"gold_per_floor":[118,138,153,165,240,269,194,219,219,247,276,311,343,370,370,447,447,458,29,40,56,69,97,130,156,179,209,227,261,261,296,296,371,371,389,403,416,428,428,455,475,561,561,617,704,809,957,1064,1076,1178,1310,1322,1334,1188,1221,1221],"floor_reached":57,"language":"ZHS","playtime":1342,"items_purged":["Defend_P","Strike_P+1","Strike_P+1"],"score":4851,"play_id":"c453c954-78d1-4990-b100-fdbea7125674","local_time":"20210223175810","daily_mods":["Vintage","Heirloom","Time Dilation","Flight","DeadlyEvents","Elite Swarm","Lethality"],"is_ascension_mode":true,"campfire_choices":[{"floor":15.0,"key":"RECALL"},{"floor":32,"key":"REST"},{"floor":49,"key":"REST"},{"floor":53,"key":"REST"}],"circlet_count":0,"master_deck":["AscendersBane","Strike_P+1","Strike_P+1","Defend_P+1","Defend_P+1","Defend_P+1","Eruption+1","Vigilance+1","AT_ShrugMaster+1","MostiFishMod:KamiSmash+1","MostiFishMod:Disappear+1","DevaForm+1","DeusExMachina+1","Omniscience+1","Vault+1","MostiFishMod:Disappear+1","MostiFishMod:KamiSmash+1","Omniscience+1","MostiFishMod:KamiSmash+1","MostiFishMod:Disappear+1","Wish+1","Omniscience+1","Scrawl+1","Wish+1"],"relics":["Snecko Eye","DaveBox","AT_ATBox","DSteel32","Thread and Needle","Whetstone","SynthV:TestCard","AT_EbonyIvory","Pantograph","AT_SilvercatRing","AT_DeathDance","Du-Vu Doll","AT_SunfireAegis","Damaru","War Paint","Lizard Tail","Tiny Chest","SentryEyes","GreenFoldingFan","AT_BladeRuinedKing","Medical Kit","Art of War","Sundial","Molten Egg 2","Potion Belt","Oddly Smooth Stone","Ancient Tea Set","HollowDreamFlower","Vajra","AT_RedTearstoneRing","Centennial Puzzle","AT_BellDemon","Anchor","Pocketwatch","Dead Branch","Mummified Hand","Philosopher\u0027s Stone","AT_RabadonDeathcap","AT_BellowingDragoncrestRing","HornCleat","Singing Bowl","DaCapo","Kunai","GoldenEye","Eternal Feather","StrikeDummy","MealTicket","DianPoetry","ImprovedEquipment","AT_ChloranthyRing","Shuriken","Pear","Torii","MawBank","FossilizedHelix","PreservedInsect","Bottled Flame","Pen Nib","CaptainsWheel","ArrowTower","CombinedTypeHook","DiscerningMonocle","Yang","Happy Flower","TeardropLocket","AT_ImmortalShieldbow"],"acts_visited":["Exordium","TheCity","TheBeyond","TheEnding"],"potions_floor_usage":[],"damage_taken":[{"damage":3.0,"enemies":"Jaw Worm","floor":1.0,"turns":2.0},{"damage":10.0,"enemies":"Small Slimes","floor":2.0,"turns":2.0},{"damage":0.0,"enemies":"Cultist","floor":3.0,"turns":3.0},{"damage":0.0,"enemies":"Large Slime","floor":4.0,"turns":2.0},{"damage":0.0,"enemies":"Gremlin Nob","floor":6.0,"turns":2.0},{"damage":0.0,"enemies":"Lagavulin","floor":8.0,"turns":1.0},{"damage":0.0,"enemies":"Gremlin Nob","floor":10.0,"turns":2.0},{"damage":0.0,"enemies":"3 Sentries","floor":11.0,"turns":1.0},{"damage":0.0,"enemies":"Gremlin Nob","floor":12.0,"turns":1.0},{"damage":0.0,"enemies":"3 Sentries","floor":13.0,"turns":1.0},{"damage":0.0,"enemies":"Gremlin Nob","floor":14.0,"turns":1.0},{"damage":0,"enemies":"Slime Boss","floor":16,"turns":1},{"damage":2,"enemies":"2 Thieves","floor":18,"turns":1},{"damage":4,"enemies":"Shell Parasite","floor":20,"turns":2},{"damage":2,"enemies":"Shelled Parasite and Fungi","floor":21,"turns":1},{"damage":4,"enemies":"Cultist and Chosen","floor":22,"turns":2},{"damage":2,"enemies":"Book of Stabbing","floor":23,"turns":1},{"damage":4,"enemies":"Gremlin Leader","floor":24,"turns":2},{"damage":2,"enemies":"Slavers","floor":25,"turns":1},{"damage":2,"enemies":"Book of Stabbing","floor":27,"turns":1},{"damage":2,"enemies":"Centurion and Healer","floor":28,"turns":1},{"damage":2,"enemies":"Slavers","floor":29,"turns":1},{"damage":2,"enemies":"Gremlin Leader","floor":31,"turns":1},{"damage":2,"enemies":"Champ","floor":33,"turns":1},{"damage":2,"enemies":"Orb Walker","floor":35,"turns":1},{"damage":2,"enemies":"3 Shapes","floor":36,"turns":1},{"damage":2,"enemies":"Transient","floor":37,"turns":1},{"damage":0,"enemies":"3 Darklings","floor":38,"turns":1},{"damage":0,"enemies":"Giant Head","floor":40,"turns":1},{"damage":0,"enemies":"Writhing Mass","floor":41,"turns":1},{"damage":0,"enemies":"Reptomancer","floor":42,"turns":1},{"damage":0,"enemies":"Nemesis","floor":44,"turns":1},{"damage":0,"enemies":"Giant Head","floor":45,"turns":1},{"damage":0,"enemies":"Nemesis","floor":46,"turns":1},{"damage":0,"enemies":"Giant Head","floor":47,"turns":1},{"damage":0,"enemies":"Reptomancer","floor":48,"turns":2},{"damage":0,"enemies":"Time Eater","floor":50,"turns":1},{"damage":0,"enemies":"Donu and Deca","floor":51,"turns":1},{"damage":0,"enemies":"Shield and Spear","floor":55,"turns":1},{"damage":6,"enemies":"The Heart","floor":56,"turns":5}],"seed_played":"2333804826911215814","potions_obtained":[{"floor":2.0,"key":"SkillPotion"},{"floor":4.0,"key":"PowerPotion"},{"floor":10.0,"key":"Strength Potion"},{"floor":20,"key":"Ambrosia"},{"floor":22,"key":"Ancient Potion"},{"floor":27,"key":"Dexterity Potion"},{"floor":29,"key":"Regen Potion"},{"floor":31,"key":"GamblersBrew"},{"floor":48,"key":"DuplicationPotion"}],"is_trial":true,"path_per_floor":["M","M","M","M","?","E","$","E","T","E","E","E","E","E","R","B",null,"M","$","M","M","M","E","E","E","T","E","M","E","?","E","R","B",null,"M","M","M","M","T","E","M","E","T","E","E","E","E","E","R","B","B",null,"R","$","E","B",null],"character_chosen":"WATCHER","items_purchased":["Medical Kit","Art of War","DiscerningMonocle","Yang","Happy Flower","BottledMiracle"],"campfire_rested":3,"item_purchase_floors":[19,19,54,54,54,54],"current_hp_per_floor":[58,48,48,48,37,37,37,37,37,37,37,37,37,37,37,62,67,68,68,68,68,68,68,68,68,68,68,68,68,68,68,68,68,68,68,68,68,68,68,68,68,68,68,80,80,80,82,84,84,84,84,84,84,84,86,86],"gold":1221,"neow_bonus":"","is_daily":false,"chose_seed":false,"campfire_upgraded":0,"win_rate":0.0,"timestamp":1614074290,"path_taken":["M","M","M","M","?","E","$","E","T","E","E","E","E","E","R","BOSS","M","$","M","M","M","E","E","E","T","E","M","E","?","E","R","BOSS","M","M","M","M","?","E","M","E","T","E","E","E","E","E","R","BOSS","BOSS","R","$","E","BOSS"],"items_purchased_type":["Relic","Relic","Relic","Relic","Relic","Potion"],"build_version":"2020-12-22","purchased_purges":3,"victory":true,"max_hp_per_floor":[68,68,68,68,68,68,68,68,68,68,68,68,68,68,68,68,68,68,68,68,68,68,68,68,68,68,68,68,68,68,68,68,68,68,68,68,68,68,68,68,68,68,68,80,80,80,82,84,84,84,84,84,84,84,86,86],"card_choices":[{"not_picked":["AT_RealColorLess","Brilliance","MostiFishMod:Unraveling","AT_MachinaRedman"],"picked":"MostiFishMod:KamiSmash","floor":6.0},{"not_picked":["MostiFishMod:StarLaLaLa","ConjureBlade","MostiFishMod:Minus","Vault"],"picked":"MostiFishMod:Disappear","floor":8.0},{"not_picked":["Blasphemy","MostiFishMod:Unraveling","MostiFishMod:StarWish","MostiFishMod:Pointsdynamics"],"picked":"DevaForm","floor":10.0},{"not_picked":["SpiritShield","ConjureBlade","Establishment","MostiFishMod:Unraveling"],"picked":"DeusExMachina","floor":11.0},{"not_picked":["Wish","MostiFishMod:DustFall","Alpha","Vault"],"picked":"Omniscience","floor":12.0},{"not_picked":["Devotion","Alpha","MostiFishMod:StarLaLaLa","DeusExMachina"],"picked":"Vault","floor":13.0},{"not_picked":["Alpha","AT_RealColorLess","DeusExMachina","Devotion","MostiFishMod:Pointsdynamics"],"picked":"SKIP","floor":14.0},{"not_picked":["MostiFishMod:Moonprays","AT_MachinaRedman","Establishment","DevaForm"],"picked":"MostiFishMod:Disappear","floor":16},{"not_picked":["MostiFishMod:StarWish","DeusExMachina","MostiFishMod:Minus","Alpha","AT_MachinaRedman"],"picked":"SKIP","floor":23},{"not_picked":["DevaForm","MostiFishMod:Moonprays","DeusExMachina","MostiFishMod:Adaptation"],"picked":"MostiFishMod:KamiSmash+1","floor":24},{"not_picked":["Establishment","MasterReality","MostiFishMod:OutWit","MostiFishMod:Unraveling"],"picked":"Omniscience","floor":25},{"not_picked":["MostiFishMod:StarOceanP","Brilliance+1","MostiFishMod:Disappear+1","AT_RealColorLess"],"picked":"MostiFishMod:KamiSmash+1","floor":27},{"not_picked":["MasterReality","LessonLearned+1","AT_RealColorLess","AT_ChampionKick+1","MostiFishMod:StarOceanP"],"picked":"SKIP","floor":29},{"not_picked":["AT_MachinaRedman","AT_IrregularMenstruation","MostiFishMod:OutWit","MostiFishMod:StarHerder"],"picked":"MostiFishMod:Disappear+1","floor":31},{"not_picked":["AT_RealColorLess","MostiFishMod:Unraveling","Establishment","MostiFishMod:Adaptation"],"picked":"Wish","floor":40},{"not_picked":["MostiFishMod:Minus","ConjureBlade","Establishment","Wish"],"picked":"Omniscience","floor":42},{"not_picked":["AT_ChampionKick+1","AT_MachinaRedman","Blasphemy","MostiFishMod:StarHerder","Devotion"],"picked":"Singing Bowl","floor":44},{"not_picked":["Vault","Establishment","Ragnarok+1","ConjureBlade"],"picked":"Scrawl","floor":45},{"not_picked":["Alpha","MostiFishMod:StarLaLaLa","MostiFishMod:Adaptation","MostiFishMod:KamiSmash+1"],"picked":"Wish","floor":46},{"not_picked":["SpiritShield","Brilliance+1","MostiFishMod:StarWish","MostiFishMod:StarOceanP","LessonLearned+1"],"picked":"Singing Bowl","floor":47},{"not_picked":["Scrawl","Establishment","MostiFishMod:DustFall","MostiFishMod:StarLaLaLa","Vault"],"picked":"Singing Bowl","floor":48},{"not_picked":["Vault","SpiritShield","LessonLearned+1","ConjureBlade","MostiFishMod:OutWit"],"picked":"Singing Bowl","floor":55}],"player_experience":649683,"relics_obtained":[{"floor":1.0,"key":"Whetstone"},{"floor":1.0,"key":"SynthV:TestCard"},{"floor":2.0,"key":"AT_EbonyIvory"},{"floor":3.0,"key":"Pantograph"},{"floor":4.0,"key":"AT_SilvercatRing"},{"floor":6.0,"key":"AT_DeathDance"},{"floor":8.0,"key":"Du-Vu Doll"},{"floor":9.0,"key":"AT_SunfireAegis"},{"floor":10.0,"key":"Damaru"},{"floor":11.0,"key":"War Paint"},{"floor":12.0,"key":"Lizard Tail"},{"floor":13.0,"key":"Tiny Chest"},{"floor":14.0,"key":"SentryEyes"},{"floor":18,"key":"AT_BladeRuinedKing"},{"floor":20,"key":"Sundial"},{"floor":21,"key":"Molten Egg 2"},{"floor":22,"key":"Potion Belt"},{"floor":23,"key":"Oddly Smooth Stone"},{"floor":24,"key":"Ancient Tea Set"},{"floor":25,"key":"HollowDreamFlower"},{"floor":26,"key":"Vajra"},{"floor":27,"key":"AT_RedTearstoneRing"},{"floor":28,"key":"Centennial Puzzle"},{"floor":29,"key":"AT_BellDemon"},{"floor":31,"key":"Pocketwatch"},{"floor":31,"key":"Dead Branch"},{"floor":33,"key":"Mummified Hand"},{"floor":35,"key":"AT_RabadonDeathcap"},{"floor":35,"key":"AT_BellowingDragoncrestRing"},{"floor":36,"key":"HornCleat"},{"floor":36,"key":"Singing Bowl"},{"floor":37,"key":"DaCapo"},{"floor":37,"key":"Kunai"},{"floor":38,"key":"GoldenEye"},{"floor":40,"key":"Eternal Feather"},{"floor":40,"key":"StrikeDummy"},{"floor":41,"key":"MealTicket"},{"floor":41,"key":"DianPoetry"},{"floor":42,"key":"ImprovedEquipment"},{"floor":42,"key":"AT_ChloranthyRing"},{"floor":43,"key":"Shuriken"},{"floor":44,"key":"Pear"},{"floor":44,"key":"Torii"},{"floor":45,"key":"MawBank"},{"floor":45,"key":"FossilizedHelix"},{"floor":46,"key":"PreservedInsect"},{"floor":46,"key":"Bottled Flame"},{"floor":47,"key":"Pen Nib"},{"floor":47,"key":"CaptainsWheel"},{"floor":48,"key":"ArrowTower"},{"floor":48,"key":"CombinedTypeHook"},{"floor":55,"key":"TeardropLocket"},{"floor":55,"key":"AT_ImmortalShieldbow"}],"event_choices":[{"damage_healed":0.0,"max_hp_gain":0.0,"max_hp_loss":0.0,"gold_gain":75.0,"event_name":"World of Goop","player_choice":"Gather Gold","floor":5.0,"gold_loss":0.0,"damage_taken":11.0},{"damage_healed":0,"gold_gain":0,"player_choice":"Gave Potion","damage_taken":0,"relics_obtained":["Anchor"],"max_hp_gain":0,"max_hp_loss":0,"event_name":"WeMeetAgain","floor":30,"gold_loss":0}],"is_beta":false,"boss_relics":[{"not_picked":["GuanYuAspect","TimeKeys"],"picked":"GreenFoldingFan"},{"not_picked":["BloodWine","RhineFirstAidKit"],"picked":"Philosopher\u0027s Stone"}],"items_purged_floors":[7,19,54],"is_endless":false,"potions_floor_spawned":[2,4,10,12,20,22,27,29,31,38,42,44,47,48],"ascension_level":20}}