{"host":"xsuxkwaivmtd234a","time":1614109773,"event":{"mods":["BaseMod","Bestiary","Colored Map","Minty Spire (QoL Compilation)","Relic Stats","StSLib"],"gold_per_floor":[110,124,142,155,255,255,267,283,283,283,310,9,9,21,21,120,120,133,133,133,133,143,143,178,197,247,260,260,290,290,290,290,386,386,399,399,399,68,81,81,94,145,224,224,224,224,224],"floor_reached":46,"language":"ENG","playtime":2342,"items_purged":["Strike_B","Zap"],"score":753,"play_id":"44c6dfc4-7d8e-40e8-b828-f00adb29ef8d","local_time":"20210223144933","is_ascension_mode":true,"campfire_choices":[{"data":"Sunder","floor":6.0,"key":"SMITH"},{"floor":10.0,"key":"REST"},{"data":"White Noise","floor":15.0,"key":"SMITH"},{"floor":23.0,"key":"REST"},{"floor":30,"key":"REST"},{"floor":32,"key":"REST"},{"data":"Barrage","floor":40,"key":"SMITH"},{"floor":44,"key":"REST"}],"circlet_count":0,"master_deck":["AscendersBane","Defend_B+1","Defend_B+1","Defend_B+1","Defend_B+1","Dualcast","Ball Lightning","Ball Lightning+1","Reinforced Body","Sunder+1","Conserve Battery","White Noise+1","Turbo","Static Discharge","Echo Form","Beam Cell","Amplify","Sweeping Beam+1","Chill","Barrage+1","Conserve Battery+1","All For One","Beam Cell","Heatsinks","Machine Learning","Madness","Madness","Stack","Stack","Turbo","FTL","Barrage","Cold Snap","Go for the Eyes+1","Force Field+1","Tempest+1"],"relics":["FrozenCore","Bird Faced Urn","The Courier","Whetstone","Nilry\u0027s Codex","Letter Opener","Pen Nib","Mercury Hourglass","Gremlin Horn","SlaversCollar","Girya"],"acts_visited":["Exordium","TheCity","TheBeyond"],"potions_floor_usage":[27,29,45,45,46],"damage_taken":[{"damage":2.0,"enemies":"2 Louse","floor":1.0,"turns":3.0},{"damage":1.0,"enemies":"Cultist","floor":2.0,"turns":3.0},{"damage":0.0,"enemies":"Small Slimes","floor":3.0,"turns":2.0},{"damage":38.0,"enemies":"Exordium Thugs","floor":4.0,"turns":5.0},{"damage":7.0,"enemies":"Looter","floor":7.0,"turns":3.0},{"damage":13.0,"enemies":"Blue Slaver","floor":8.0,"turns":3.0},{"damage":5.0,"enemies":"3 Sentries","floor":11.0,"turns":2.0},{"damage":8.0,"enemies":"Red Slaver","floor":14.0,"turns":4.0},{"damage":5.0,"enemies":"Hexaghost","floor":16.0,"turns":9.0},{"damage":12.0,"enemies":"Shell Parasite","floor":18.0,"turns":6.0},{"damage":17.0,"enemies":"3 Byrds","floor":22.0,"turns":2.0},{"damage":0.0,"enemies":"Book of Stabbing","floor":24.0,"turns":3.0},{"damage":8.0,"enemies":"3 Cultists","floor":25.0,"turns":4.0},{"damage":16,"enemies":"Cultist and Chosen","floor":27,"turns":4},{"damage":26,"enemies":"Slavers","floor":29,"turns":4},{"damage":17,"enemies":"Collector","floor":33,"turns":6},{"damage":3,"enemies":"3 Shapes","floor":35,"turns":7},{"damage":9,"enemies":"Orb Walker","floor":39,"turns":3},{"damage":0,"enemies":"4 Shapes","floor":41,"turns":7},{"damage":71,"enemies":"2 Orb Walkers","floor":42,"turns":5},{"damage":3,"enemies":"Writhing Mass","floor":45,"turns":3},{"damage":28,"enemies":"Nemesis","floor":46,"turns":2}],"seed_played":"-9177593540286877804","potions_obtained":[{"floor":7.0,"key":"Weak Potion"},{"floor":11.0,"key":"EntropicBrew"},{"floor":16.0,"key":"Explosive Potion"},{"floor":22.0,"key":"FearPotion"},{"floor":25.0,"key":"AttackPotion"},{"floor":35,"key":"SmokeBomb"},{"floor":41,"key":"Energy Potion"}],"is_trial":false,"path_per_floor":["M","M","M","M","?","R","M","M","T","R","E","$","?","M","R","B",null,"M","?","?","?","M","R","E","M","T","M","?","E","R","T","R","B",null,"M","?","?","$","M","R","M","?","T","R","M","E"],"character_chosen":"DEFECT","items_purchased":["Turbo","Static Discharge","Echo Form","Beam Cell","Stack","Stack","Turbo","FTL","Barrage","Cold Snap"],"campfire_rested":5,"item_purchase_floors":[12,12,12,12,38,38,38,38,38,38],"current_hp_per_floor":[66,65,65,27,27,27,20,7,7,27,24,24,24,20,20,17,55,49,49,49,33,20,40,48,48,48,40,40,26,46,46,66,53,64,68,68,59,59,52,52,68,3,3,23,24,0,0],"gold":224,"neow_bonus":"ONE_RARE_RELIC","is_daily":false,"chose_seed":false,"campfire_upgraded":3,"win_rate":0.0,"timestamp":1614109773,"path_taken":["M","M","M","M","?","R","?","M","T","R","E","$","?","M","R","BOSS","M","?","?","?","?","R","E","M","T","M","?","E","R","?","R","BOSS","M","?","?","$","M","R","M","?","T","R","M","E"],"items_purchased_type":["Card","Card","Card","Card","Card","Card","Card","Card","Card","Card"],"build_version":"2020-12-22","purchased_purges":2,"victory":false,"max_hp_per_floor":[68,68,68,68,68,68,68,68,68,68,68,68,68,68,68,68,68,68,68,68,68,68,68,68,68,68,68,68,68,68,68,68,68,68,68,68,68,68,68,68,68,68,68,68,68,68,68],"relic_stats":{"Gremlin Horn":[8,8],"counters":[22,89],"Bird Faced Urn":[97],"Pen Nib":[5],"Whetstone":["Ball Lightning","Strike_B"],"Letter Opener":[134],"obtain_stats":[{"SlaversCollar":34,"Girya":42,"Gremlin Horn":31,"Nilry\u0027s Codex":21,"Bird Faced Urn":0,"The Courier":9,"Pen Nib":26,"Whetstone":11,"Letter Opener":24,"Cracked Core":0,"FrozenCore":17,"Mercury Hourglass":29},{"SlaversCollar":16,"Girya":20,"Gremlin Horn":15,"Nilry\u0027s Codex":10,"Bird Faced Urn":0,"The Courier":6,"Pen Nib":13,"Whetstone":7,"Letter Opener":12,"Cracked Core":0,"FrozenCore":9,"Mercury Hourglass":15},{"SlaversCollar":63,"Girya":84,"Gremlin Horn":57,"Nilry\u0027s Codex":40,"Bird Faced Urn":0,"The Courier":19,"Pen Nib":49,"Whetstone":21,"Letter Opener":45,"Cracked Core":0,"FrozenCore":34,"Mercury Hourglass":57}],"FrozenCore":[18],"Mercury Hourglass":[162]},"card_choices":[{"not_picked":["Coolheaded","Beam Cell"],"picked":"Ball Lightning","floor":1.0},{"not_picked":["Gash","Cold Snap"],"picked":"Ball Lightning","floor":2.0},{"not_picked":["Beam Cell","Compile Driver"],"picked":"Reinforced Body","floor":3.0},{"not_picked":["Storm","Ball Lightning"],"picked":"Sunder","floor":4.0},{"not_picked":["Coolheaded","Ball Lightning"],"picked":"Conserve Battery","floor":7.0},{"not_picked":["Steam","Force Field"],"picked":"White Noise","floor":8.0},{"not_picked":["Amplify","Streamline","Conserve Battery"],"picked":"SKIP","floor":11.0},{"not_picked":["Compile Driver","Gash","Reinforced Body"],"picked":"SKIP","floor":14.0},{"not_picked":["Multi-Cast","Meteor Strike"],"picked":"Amplify","floor":16.0},{"not_picked":["Streamline+1","Redo","Hello World"],"picked":"SKIP","floor":18.0},{"not_picked":["Steam","Cold Snap"],"picked":"Sweeping Beam+1","floor":22.0},{"not_picked":["Lockon","Ball Lightning"],"picked":"Chill","floor":24.0},{"not_picked":["Coolheaded","Auto Shields"],"picked":"Barrage","floor":25.0},{"not_picked":["Leap","Sweeping Beam"],"picked":"Conserve Battery+1","floor":27},{"not_picked":["Chaos","Sweeping Beam"],"picked":"Heatsinks","floor":29},{"not_picked":["Buffer","All For One"],"picked":"Machine Learning","floor":33},{"not_picked":["Steam Power+1","Leap","Tempest"],"picked":"SKIP","floor":35},{"not_picked":["BootSequence+1","Compile Driver"],"picked":"Go for the Eyes+1","floor":39},{"not_picked":["Steam Power+1","Turbo+1"],"picked":"Force Field+1","floor":41},{"not_picked":["Hologram","White Noise"],"picked":"Tempest+1","floor":42}],"player_experience":1353037,"relics_obtained":[{"floor":9.0,"key":"The Courier"},{"floor":11.0,"key":"Whetstone"},{"floor":21.0,"key":"Nilry\u0027s Codex"},{"floor":24.0,"key":"Letter Opener"},{"floor":26.0,"key":"Pen Nib"},{"floor":29,"key":"Mercury Hourglass"},{"floor":31,"key":"Gremlin Horn"},{"floor":42,"key":"Girya"}],"event_choices":[{"damage_healed":0.0,"max_hp_gain":0.0,"max_hp_loss":0.0,"gold_gain":100.0,"event_name":"Golden Shrine","player_choice":"Pray","floor":5.0,"gold_loss":0.0,"damage_taken":0.0},{"cards_removed":["Strike_B"],"damage_healed":0.0,"max_hp_gain":0.0,"max_hp_loss":0.0,"gold_gain":0.0,"event_name":"Purifier","player_choice":"Purged","floor":13.0,"gold_loss":0.0,"damage_taken":0.0},{"damage_healed":0.0,"max_hp_gain":0.0,"max_hp_loss":0.0,"gold_gain":0.0,"event_name":"Back to Basics","player_choice":"Simplicity","floor":19.0,"gold_loss":0.0,"damage_taken":0.0,"cards_upgraded":["Strike_B","Defend_B","Defend_B","Defend_B","Defend_B"]},{"damage_healed":0.0,"max_hp_gain":0.0,"max_hp_loss":0.0,"gold_gain":0.0,"event_name":"Vampires","player_choice":"Ignored","floor":20.0,"gold_loss":0.0,"damage_taken":0.0},{"damage_healed":0.0,"max_hp_gain":0.0,"max_hp_loss":0.0,"gold_gain":0.0,"event_name":"Cursed Tome","player_choice":"Obtained Book","floor":21.0,"gold_loss":0.0,"damage_taken":16.0},{"damage_healed":0,"gold_gain":0,"cards_transformed":["Strike_B","Strike_B"],"player_choice":"Became Test Subject","damage_taken":0,"max_hp_gain":0,"max_hp_loss":0,"event_name":"Drug Dealer","floor":28,"gold_loss":0,"cards_obtained":["All For One","Beam Cell"]},{"damage_healed":0,"gold_gain":0,"player_choice":"Ignored","damage_taken":0,"max_hp_gain":0,"max_hp_loss":0,"event_name":"Tomb of Lord Red Mask","floor":36,"gold_loss":0},{"damage_healed":0,"gold_gain":0,"player_choice":"Embrace Madness","damage_taken":9,"max_hp_gain":0,"max_hp_loss":0,"event_name":"Winding Halls","floor":37,"gold_loss":0,"cards_obtained":["Madness","Madness"]},{"damage_healed":0,"gold_gain":0,"player_choice":"Fight","damage_taken":0,"max_hp_gain":0,"max_hp_loss":0,"event_name":"Mysterious Sphere","floor":42,"gold_loss":0}],"is_beta":false,"boss_relics":[{"not_picked":["Coffee Dripper","Sozu"],"picked":"FrozenCore"},{"not_picked":["Busted Crown","Fusion Hammer"],"picked":"SlaversCollar"}],"items_purged_floors":[12,38],"is_endless":false,"potions_floor_spawned":[7,11,16,18,22,25,35,41,45],"killed_by":"Nemesis","ascension_level":10}}