{"host":"6bfiq9sgomorosoy","time":1614060165,"event":{"mods":["2.2 Compatiblity","AchievementEnabler","BaseMod","Better Note","Better Third Choice","BetterRewards","Conspire","Downfall","Googly Eyes","Highlight Path","Hubris","Minty Spire (QoL Compilation)","Quick Restart","Rare Cards Sparkle","Reliquary","Replay The Spire","StSLib"],"gold_per_floor":[118,18,0,19,36,68,68,85,110,128,128,128,18,29,127,227,227,247,247,257,271,7,7,20,20,47,59,59,59,74,86,86,86,86,86],"floor_reached":33,"language":"ENG","playtime":1715,"items_purged":[],"score":276,"play_id":"6741a097-1316-44e0-b710-427057156da5","local_time":"20210223190245","is_ascension_mode":false,"campfire_choices":[{"data":"Slimebound:FinishingTackle","floor":7,"key":"SMITH"},{"data":"Slimebound:RollThrough","floor":12,"key":"SMITH"},{"floor":23,"key":"REST"},{"floor":25,"key":"REST"},{"floor":29,"key":"REST"},{"floor":32,"key":"REST"}],"circlet_count":0,"master_deck":["Slimebound:Strike_Slimebound","Slimebound:Strike_Slimebound","Slimebound:Strike_Slimebound","Slimebound:Tackle","Slimebound:Defend_Slimebound","Slimebound:Defend_Slimebound","Slimebound:Defend_Slimebound","Slimebound:Defend_Slimebound","Slimebound:Split","Slimebound:CorrosiveSpit","Slimebound:SamplingLick","Slimebound:ProtectTheBoss","Slimebound:SamplingLick","Slimebound:Schlurp","Enlightenment","Slimebound:FinishingTackle+1","Slimebound:SlimeSpikes","Slimebound:LeechingTouch","Slimebound:DisruptingSlam","Slimebound:RollThrough+1","Slimebound:BestDefense","Slimebound:RainOfGoop","Slimebound:SplitMire","Slimebound:WasteNot","Slimebound:Dissolve+1","Slimebound:RejuvenatingLick+1","Slimebound:Repurpose","Slimebound:SamplingLick","Midas Touch","Slimebound:SamplingLick+1","Slimebound:GoopSpray","Slimebound:RainOfGoop","Slimebound:SamplingLick"],"relics":["Slimebound:AbsorbEndCombat","Bag of Preparation","reliquary:WeakTea","Blue Candle","hubris:RunicObelisk","reliquary:FerryPass","hubris:Icosahedron"],"acts_visited":["Exordium","TheCity"],"potions_floor_usage":[33,33,33],"damage_taken":[{"damage":2,"enemies":"Cultist","floor":1,"turns":4},{"damage":0,"enemies":"Jaw Worm","floor":4,"turns":3},{"damage":5,"enemies":"Small Slimes","floor":5,"turns":3},{"damage":23,"enemies":"Gremlin Nob","floor":6,"turns":4},{"damage":4,"enemies":"2 Fungi Beasts","floor":8,"turns":3},{"damage":2,"enemies":"Blue Slaver","floor":10,"turns":3},{"damage":12,"enemies":"Exordium Thugs","floor":14,"turns":3},{"damage":49,"enemies":"Hexaghost","floor":16,"turns":12},{"damage":10,"enemies":"Spheric Guardian","floor":18,"turns":4},{"damage":11,"enemies":"Chosen","floor":20,"turns":5},{"damage":63,"enemies":"3 Cultists","floor":21,"turns":6},{"damage":14,"enemies":"Snake Plant","floor":24,"turns":2},{"damage":22,"enemies":"Snecko","floor":27,"turns":7},{"damage":35,"enemies":"3 Cultists","floor":30,"turns":8},{"damage":9,"enemies":"Centurion and Healer","floor":31,"turns":6},{"damage":43,"enemies":"Pondfish","floor":33,"turns":10}],"seed_played":"8984062656575520550","potions_obtained":[{"floor":1,"key":"Ancient Potion"},{"floor":5,"key":"PowerPotion"},{"floor":10,"key":"bronze:BurnAndBuffPotion"},{"floor":30,"key":"Block Potion"}],"is_trial":false,"path_per_floor":["M","$","?","M","M","E","R","M","T","M","?","R","$","M","R","B",null,"M","?","M","M","$","R","M","R","T","M","?","R","M","M","R","B"],"character_chosen":"SLIMEBOUND","items_purchased":["Slimebound:SamplingLick","Slimebound:Schlurp","Slimebound:BestDefense","Slimebound:RainOfGoop","Slimebound:Repurpose","Slimebound:SamplingLick","Midas Touch"],"campfire_rested":4,"item_purchase_floors":[2,2,13,13,22,22,22],"current_hp_per_floor":[65,65,71,71,68,49,49,49,49,51,46,46,46,42,42,1,71,63,63,56,1,1,22,12,33,33,19,19,40,13,12,33,0,0,0],"gold":86,"neow_bonus":"THREE_CARDS","is_daily":false,"chose_seed":false,"campfire_upgraded":2,"win_rate":0.0,"timestamp":1614060165,"path_taken":["M","?","?","M","M","E","R","M","T","M","?","R","$","M","R","BOSS","M","?","?","M","$","R","M","R","T","M","?","R","M","M","R","BOSS"],"items_purchased_type":["Card","Card","Card","Card","Card","Card","Card"],"build_version":"2020-12-22","purchased_purges":0,"victory":false,"max_hp_per_floor":[65,65,71,71,71,71,71,71,71,71,71,71,71,71,71,71,71,71,71,71,71,71,71,71,71,71,71,71,71,71,71,71,71,71,71],"card_choices":[{"not_picked":["Slimebound:Prepare","Slimebound:LivingWall"],"picked":"Slimebound:SamplingLick","floor":0},{"not_picked":["Slimebound:ItLooksTasty","Slimebound:FinishingTackle"],"picked":"Slimebound:ProtectTheBoss","floor":1},{"not_picked":["Slimebound:Schlurp","Slimebound:ComboTackle"],"picked":"Slimebound:FinishingTackle","floor":4},{"not_picked":["Slimebound:PressTheAttack","Slimebound:TongueLash"],"picked":"Slimebound:SlimeSpikes","floor":5},{"not_picked":["Slimebound:Overexert","Slimebound:SlimeBrawl"],"picked":"Slimebound:LeechingTouch","floor":6},{"not_picked":["Slimebound:Schlurp","Slimebound:RejuvenatingLick"],"picked":"Slimebound:DisruptingSlam","floor":8},{"not_picked":["Slimebound:GoopSpray","Slimebound:ComboTackle"],"picked":"Slimebound:RollThrough","floor":10},{"not_picked":["Slimebound:HauntingLick","Slimebound:RollThrough"],"picked":"Slimebound:SplitMire","floor":14},{"not_picked":["Slimebound:DuplicatedForm","Slimebound:Teamwork"],"picked":"Slimebound:WasteNot","floor":16},{"not_picked":["Slimebound:SplitAcid+1","Slimebound:BestDefense"],"picked":"Slimebound:Dissolve+1","floor":18},{"not_picked":["Slimebound:Prepare","Slimebound:SplitLeeching"],"picked":"Slimebound:RejuvenatingLick+1","floor":20},{"not_picked":["Slimebound:PressTheAttack","Slimebound:DuplicatedForm","Slimebound:SplitLeeching"],"picked":"SKIP","floor":21},{"not_picked":["Slimebound:ComboTackle+1","Slimebound:Prepare"],"picked":"Slimebound:SamplingLick+1","floor":24},{"not_picked":["Slimebound:Nibble","Slimebound:SplitBruiser"],"picked":"Slimebound:GoopSpray","floor":27},{"not_picked":["Slimebound:SplitLeeching","Slimebound:SplitAcid"],"picked":"Slimebound:RainOfGoop","floor":30},{"not_picked":["Slimebound:SpikyOuterGoop","Slimebound:FinishingTackle+1"],"picked":"Slimebound:SamplingLick","floor":31}],"player_experience":149517,"relics_obtained":[{"floor":6,"key":"Bag of Preparation"},{"floor":9,"key":"reliquary:WeakTea"},{"floor":26,"key":"reliquary:FerryPass"}],"event_choices":[{"damage_healed":0,"gold_gain":0,"player_choice":"RENOUNCE","damage_taken":18,"max_hp_gain":0,"max_hp_loss":0,"event_name":"betterThird:BetterSerpent","floor":3,"gold_loss":18,"cards_obtained":["Enlightenment"]},{"damage_healed":0,"gold_gain":0,"player_choice":"Ignored","damage_taken":0,"max_hp_gain":0,"max_hp_loss":0,"event_name":"betterNote:BetterNote","floor":19,"gold_loss":0,"cards_obtained":["Defend_G"]}],"is_beta":false,"boss_relics":[{"not_picked":["Empty Cage","Ectoplasm"],"picked":"hubris:RunicObelisk"}],"items_purged_floors":[],"is_endless":false,"potions_floor_spawned":[1,5,10,14,18,30,31],"killed_by":"Pondfish","ascension_level":0}}