{"host":"72n3jwtrlpjobydj","time":1614086504,"event":{"mods":["AchievementEnabler","Act Like it!","Arknights","BaseMod","CapriCore","DeckTracker","Hermit","Koishi","Lobotomy","Marisa£¨Ùöéë¡¡Øª×âÞÞ£©","Minty Spire (QoL Compilation)","Permanent Neow","StSLib","SuperFastMode","The Cursed","The Gatherer","The Hierophant","The Immortal"],"gold_per_floor":[118,138,157,157,177,177,206,206,255,3,15,26,40,40,40,142,142,155,205,54,69,69,99,99,99,124,153,153,168,182,195,195,195,195],"floor_reached":33,"language":"KOR","playtime":1117,"items_purged":[],"score":289,"play_id":"cf158c6f-b25e-4bfe-bbbb-9fb5eb1bd8ac","local_time":"20210223222144","is_ascension_mode":false,"campfire_choices":[{"data":"Koishi:HauntingSlash","floor":6,"key":"SMITH"},{"floor":8,"key":"REST"},{"data":"Koishi:DreadfulBlow","floor":15,"key":"SMITH"},{"floor":24,"key":"REST"},{"floor":28,"key":"REST"},{"floor":32,"key":"RECALL"}],"circlet_count":0,"master_deck":["Koishi:BasicStrike","Koishi:BasicStrike","Koishi:BasicStrike","Koishi:BasicDefend","Koishi:BasicDefend","Koishi:BasicDefend","Koishi:Provoke","Koishi:HauntingSlash+1","Koishi:TremblingHands","Koishi:DreadfulBlow+1","Bandage Up","Koishi:TerrifyingSpectre","CurseOfTheBell","Koishi:SprinkleStarAndHeart","Koishi:SprinkleStarAndHeart","Koishi:PredatoryInstincts","Koishi:UnseenTerror+1","Koishi:DanmakuParanoia+1","Koishi:ImGoingToCallYouNow"],"relics":["Koishi:ImaginaryFriend","NeowsBlessing","CultistMask","Sundial","Bronze Scales","Sling","Calling Bell","Pen Nib","Mummified Hand","Koishi:ImperfectMetamorphosis","Anchor","Oddly Smooth Stone","Lantern"],"acts_visited":["Exordium","TheCity"],"potions_floor_usage":[7,16,16,16,23,29,33,33,33],"damage_taken":[{"damage":0,"enemies":"2 Louse","floor":1,"turns":1},{"damage":0,"enemies":"Jaw Worm","floor":2,"turns":1},{"damage":0,"enemies":"Cultist","floor":3,"turns":1},{"damage":9,"enemies":"3 Louse","floor":5,"turns":6},{"damage":35,"enemies":"Gremlin Nob","floor":7,"turns":8},{"damage":1,"enemies":"2 Fungi Beasts","floor":11,"turns":4},{"damage":5,"enemies":"Looter","floor":12,"turns":3},{"damage":7,"enemies":"Exordium Wildlife","floor":13,"turns":5},{"damage":50,"enemies":"Slime Boss","floor":16,"turns":15},{"damage":4,"enemies":"3 Byrds","floor":18,"turns":4},{"damage":7,"enemies":"Chosen","floor":21,"turns":5},{"damage":35,"enemies":"Gremlin Leader","floor":23,"turns":7},{"damage":33,"enemies":"Book of Stabbing","floor":27,"turns":6},{"damage":17,"enemies":"Centurion and Healer","floor":29,"turns":7},{"damage":17,"enemies":"Snake Plant","floor":30,"turns":5},{"damage":17,"enemies":"Shelled Parasite and Fungi","floor":31,"turns":8},{"damage":78,"enemies":"Champ","floor":33,"turns":21}],"seed_played":"3905469914483790180","potions_obtained":[{"floor":2,"key":"Energy Potion"},{"floor":7,"key":"BlessingOfTheForge"},{"floor":11,"key":"DistilledChaos"},{"floor":13,"key":"SteroidPotion"},{"floor":16,"key":"BlessingOfTheForge"},{"floor":23,"key":"Energy Potion"},{"floor":27,"key":"LiquidMemories"},{"floor":29,"key":"SneckoOil"},{"floor":30,"key":"DistilledChaos"}],"is_trial":false,"path_per_floor":["M","M","M","?","M","R","E","R","T","$","M","M","M","$","R","B",null,"M","?","$","M","?","E","R","?","T","E","R","M","M","M","R","B"],"character_chosen":"KOISHI","items_purchased":["Bandage Up","Sling","Anchor"],"campfire_rested":3,"item_purchase_floors":[10,10,20],"current_hp_per_floor":[60,60,60,60,54,54,28,46,46,46,52,54,57,57,57,12,60,60,60,60,57,47,28,47,47,47,28,47,49,46,48,48,0,0],"gold":195,"neow_bonus":"THREE_ENEMY_KILL","is_daily":false,"chose_seed":false,"campfire_upgraded":2,"win_rate":0.0,"timestamp":1614086504,"path_taken":["M","M","M","?","M","R","E","R","T","?","M","M","M","$","R","BOSS","M","?","$","?","?","E","R","?","T","E","R","M","M","M","R","BOSS"],"items_purchased_type":["Card","Relic","Relic"],"build_version":"2020-12-22","purchased_purges":0,"victory":false,"max_hp_per_floor":[60,60,60,60,60,60,60,60,60,60,60,60,60,60,60,60,60,60,60,60,60,65,65,65,65,65,65,65,65,65,65,65,65,65],"card_choices":[{"not_picked":["Koishi:BloodcurdlingScream","Koishi:SubconsciousSweep"],"picked":"Koishi:TremblingHands","floor":1},{"not_picked":["Koishi:EmbryosDream","Koishi:CatchAndRose","Koishi:Jaunt"],"picked":"SKIP","floor":2},{"not_picked":["Koishi:UnconsciousUrges","Koishi:PhantomStrike","Koishi:ReflexRadar"],"picked":"SKIP","floor":3},{"not_picked":["Koishi:GeneticsOfTheUnconscious","Koishi:BloodcurdlingScream"],"picked":"Koishi:DreadfulBlow","floor":5},{"not_picked":["Koishi:CatchAndRose","Koishi:SpiritedAway","Koishi:UnconsciousUprising"],"picked":"SKIP","floor":7},{"not_picked":["Koishi:TraumaticStroke","Koishi:Vanish","Koishi:SpiritedAway"],"picked":"SKIP","floor":11},{"not_picked":["Koishi:Jaunt","Koishi:EmbryosDream","Koishi:SubterraneanRose"],"picked":"SKIP","floor":12},{"not_picked":["Koishi:GeneticsOfTheUnconscious","Koishi:HeartfeltFancy","Koishi:IdleWhim"],"picked":"SKIP","floor":13},{"not_picked":["Koishi:ConditionedTeleport","Koishi:RuptureMind"],"picked":"Koishi:TerrifyingSpectre","floor":16},{"not_picked":["Koishi:EmbryosDream","Koishi:SubterraneanRose","Koishi:CatchAndRose"],"picked":"SKIP","floor":18},{"not_picked":["Koishi:FourthEye+1","Koishi:CatchAndRose"],"picked":"Koishi:PredatoryInstincts","floor":21},{"not_picked":["Koishi:ReleaseOfTheId+1","Koishi:PhantomBarrier"],"picked":"Koishi:UnseenTerror+1","floor":23},{"not_picked":["Koishi:Jaunt","Koishi:UnansweredLove+1","Koishi:PhantomBarrier+1"],"picked":"SKIP","floor":27},{"not_picked":["Koishi:ReflexRadar","Koishi:CatchAndRose","Koishi:Possession"],"picked":"SKIP","floor":29},{"not_picked":["Koishi:BloodcurdlingScream","Koishi:GeneticsOfTheUnconscious"],"picked":"Koishi:DanmakuParanoia+1","floor":30},{"not_picked":["Koishi:EmbryosDream+1","Koishi:CatchAndRose+1"],"picked":"Koishi:ImGoingToCallYouNow","floor":31}],"player_experience":131949,"relics_obtained":[{"floor":7,"key":"Sundial"},{"floor":9,"key":"Bronze Scales"},{"floor":17,"key":"Pen Nib"},{"floor":17,"key":"Mummified Hand"},{"floor":17,"key":"Koishi:ImperfectMetamorphosis"},{"floor":23,"key":"Oddly Smooth Stone"},{"floor":27,"key":"Lantern"}],"event_choices":[{"damage_healed":0,"gold_gain":0,"player_choice":"Trade","damage_taken":0,"relics_obtained":["CultistMask"],"max_hp_gain":0,"max_hp_loss":0,"event_name":"FaceTrader","floor":4,"gold_loss":0},{"damage_healed":0,"gold_gain":100,"player_choice":"Bet on Murderer","damage_taken":0,"max_hp_gain":0,"max_hp_loss":0,"event_name":"The Joust","floor":19,"gold_loss":50},{"damage_healed":0,"gold_gain":0,"player_choice":"Shed Blood","damage_taken":15,"max_hp_gain":5,"max_hp_loss":0,"event_name":"Forgotten Altar","floor":22,"gold_loss":0},{"damage_healed":0,"gold_gain":0,"player_choice":"Ignored","damage_taken":0,"max_hp_gain":0,"max_hp_loss":0,"event_name":"Ghosts","floor":25,"gold_loss":0}],"is_beta":false,"boss_relics":[{"not_picked":["Pandora\u0027s Box","Astrolabe"],"picked":"Calling Bell"}],"items_purged_floors":[],"is_endless":false,"potions_floor_spawned":[2,7,11,13,16,23,27,29,30],"killed_by":"Champ","ascension_level":0}}