{"host":"syozzdlzcqop4jia","time":1614123332,"event":{"mods":["AchievementEnabler","BaseMod","Colored Map","Colored Powertips","Minty Spire (QoL Compilation)","Quick Restart"],"gold_per_floor":[114,114,126,76,36,61,61,77,101,126,170,193,59,59,59,156,156,169,187,4,22,32,32,66,95,95,95,95],"floor_reached":27,"language":"ENG","playtime":1399,"items_purged":["Strike_B","Strike_B"],"score":292,"play_id":"49392bab-e364-4d0a-9445-505975c0f82c","local_time":"20210224003532","is_ascension_mode":true,"campfire_choices":[{"data":"Chaos","floor":7,"key":"SMITH"},{"data":"Zap","floor":15,"key":"SMITH"},{"floor":23,"key":"REST"}],"circlet_count":0,"master_deck":["Strike_B","Strike_B","Defend_B","Defend_B","Defend_B","Zap+1","Dualcast","Capacitor","Sweeping Beam","Chaos+1","Conserve Battery","Buffer","Barrage","Electrodynamics+1","Sweeping Beam","Doom and Gloom","Rainbow","Conserve Battery","Defragment","Cold Snap","Rainbow","Sweeping Beam","Sweeping Beam+1","Hologram","Clumsy"],"relics":["Cracked Core","Bronze Scales","MawBank","Blood Vial","Cursed Key","Red Mask","Pocketwatch","Vajra"],"acts_visited":["Exordium","TheCity"],"potions_floor_usage":[11,16],"damage_taken":[{"damage":0,"enemies":"Small Slimes","floor":1,"turns":2},{"damage":2,"enemies":"2 Louse","floor":3,"turns":3},{"damage":32,"enemies":"3 Sentries","floor":6,"turns":7},{"damage":5,"enemies":"Jaw Worm","floor":8,"turns":2},{"damage":1,"enemies":"Exordium Wildlife","floor":10,"turns":3},{"damage":5,"enemies":"Gremlin Nob","floor":11,"turns":4},{"damage":0,"enemies":"Large Slime","floor":12,"turns":5},{"damage":32,"enemies":"The Guardian","floor":16,"turns":8},{"damage":1,"enemies":"3 Byrds","floor":18,"turns":1},{"damage":23,"enemies":"2 Thieves","floor":19,"turns":3},{"damage":28,"enemies":"Centurion and Healer","floor":21,"turns":3},{"damage":18,"enemies":"3 Cultists","floor":22,"turns":5},{"damage":9,"enemies":"Masked Bandits","floor":24,"turns":3},{"damage":29,"enemies":"Gremlin Leader","floor":25,"turns":5},{"damage":15,"enemies":"Sentry and Sphere","floor":27,"turns":3}],"seed_played":"-5201675727410994095","potions_obtained":[{"floor":6,"key":"Regen Potion"},{"floor":8,"key":"PotionOfCapacity"},{"floor":12,"key":"Block Potion"},{"floor":16,"key":"Block Potion"},{"floor":21,"key":"FocusPotion"},{"floor":22,"key":"EssenceOfSteel"}],"is_trial":false,"path_per_floor":["M","?","M","?","$","E","R","M","T","M","E","M","$","?","R","B",null,"M","M","$","M","M","R","?","E","T","M"],"character_chosen":"DEFECT","items_purchased":["Chaos","Doom and Gloom","Defragment","Cold Snap"],"campfire_rested":1,"item_purchase_floors":[5,13,20,20],"current_hp_per_floor":[82,82,80,80,80,48,48,43,43,42,46,48,48,48,48,18,82,81,59,59,33,17,41,34,7,7,0,0],"gold":95,"neow_bonus":"TEN_PERCENT_HP_BONUS","is_daily":false,"chose_seed":false,"campfire_upgraded":2,"win_rate":0.0,"timestamp":1614123332,"path_taken":["M","?","M","?","$","E","R","M","T","M","E","M","$","?","R","BOSS","M","M","$","M","M","R","?","E","T","M"],"items_purchased_type":["Card","Card","Card","Card"],"build_version":"2020-12-22","purchased_purges":2,"victory":false,"max_hp_per_floor":[82,82,82,82,82,82,82,82,82,82,82,82,82,82,82,82,82,82,82,82,82,82,82,82,82,82,82,82],"card_choices":[{"not_picked":["Cold Snap","Leap"],"picked":"Capacitor","floor":1},{"not_picked":["Compile Driver","Doom and Gloom"],"picked":"Sweeping Beam","floor":3},{"not_picked":["Beam Cell","Double Energy"],"picked":"Conserve Battery","floor":6},{"not_picked":["Static Discharge","Cold Snap"],"picked":"Buffer","floor":8},{"not_picked":["Stack","FTL"],"picked":"Barrage","floor":10},{"not_picked":["Ball Lightning","Tempest"],"picked":"Electrodynamics","floor":11},{"not_picked":["Coolheaded","Compile Driver"],"picked":"Sweeping Beam","floor":12},{"not_picked":["Hyperbeam","Amplify"],"picked":"Rainbow","floor":16},{"not_picked":["Leap","Heatsinks+1","Go for the Eyes+1"],"picked":"SKIP","floor":18},{"not_picked":["Turbo","Stack"],"picked":"Conserve Battery","floor":19},{"not_picked":["Compile Driver+1","Hologram"],"picked":"Rainbow","floor":21},{"not_picked":["Barrage","Gash"],"picked":"Sweeping Beam","floor":22},{"not_picked":["Streamline","Heatsinks"],"picked":"Sweeping Beam+1","floor":24},{"not_picked":["Auto Shields","Beam Cell+1"],"picked":"Hologram","floor":25}],"player_experience":729996,"relics_obtained":[{"floor":6,"key":"Bronze Scales"},{"floor":9,"key":"MawBank"},{"floor":11,"key":"Blood Vial"},{"floor":24,"key":"Red Mask"},{"floor":25,"key":"Pocketwatch"},{"floor":26,"key":"Vajra"}],"event_choices":[{"damage_healed":0,"gold_gain":0,"player_choice":"Ignored","damage_taken":0,"max_hp_gain":0,"max_hp_loss":0,"event_name":"Liars Game","floor":2,"gold_loss":0},{"cards_removed":["Defend_B"],"damage_healed":0,"gold_gain":0,"player_choice":"Card Removal","damage_taken":0,"max_hp_gain":0,"max_hp_loss":0,"event_name":"The Cleric","floor":4,"gold_loss":50},{"damage_healed":0,"gold_gain":0,"player_choice":"Grow","damage_taken":0,"max_hp_gain":0,"max_hp_loss":0,"event_name":"Living Wall","floor":14,"gold_loss":0,"cards_upgraded":["Electrodynamics"]},{"damage_healed":0,"gold_gain":0,"player_choice":"Fought Bandits","damage_taken":0,"max_hp_gain":0,"max_hp_loss":0,"event_name":"Masked Bandits","floor":24,"gold_loss":0}],"is_beta":false,"boss_relics":[{"not_picked":["Sozu","Busted Crown"],"picked":"Cursed Key"}],"items_purged_floors":[13,20],"is_endless":false,"potions_floor_spawned":[6,8,12,16,21,22,25],"killed_by":"Sentry and Sphere","ascension_level":2}}