{"host":"mydft8i2zzydgggw","time":1614092256,"event":{"mods":["AchievementEnabler","BaseMod","Colored Map","Colored Powertips","DeckTracker","Keyboard Shortcuts","Minty Spire (QoL Compilation)","Rare Cards Sparkle","Relic Stats","StSLib","SuperFastMode","Together in Spire","everything is the same but u backflip on backflip"],"gold_per_floor":[112,124,140,140,215,215,230,230,230],"floor_reached":8,"language":"KOR","playtime":101,"items_purged":[],"score":82,"play_id":"003a68de-ac35-4d20-a50a-af4ff17146b9","local_time":"20210223235736","is_ascension_mode":true,"campfire_choices":[{"data":"Calculated Gamble","floor":6,"key":"SMITH"}],"circlet_count":0,"master_deck":["AscendersBane","Strike_G","Strike_G","Strike_G","Strike_G","Strike_G","Defend_G","Defend_G","Defend_G","Defend_G","Defend_G","Survivor","Neutralize","Noxious Fumes","Sucker Punch","Calculated Gamble+1"],"relics":["Ring of the Snake","NeowsBlessing","Letter Opener"],"acts_visited":["Exordium"],"potions_floor_usage":[],"damage_taken":[{"damage":0,"enemies":"Jaw Worm","floor":1,"turns":1},{"damage":0,"enemies":"Cultist","floor":2,"turns":1},{"damage":0,"enemies":"2 Louse","floor":3,"turns":1},{"damage":13,"enemies":"Large Slime","floor":7,"turns":8},{"damage":20,"enemies":"Lagavulin","floor":8,"turns":3}],"seed_played":"-2342783484405305589","potions_obtained":[{"floor":1,"key":"Explosive Potion"},{"floor":3,"key":"Energy Potion"}],"is_trial":false,"path_per_floor":["M","M","M","?","?","R","M","E"],"character_chosen":"THE_SILENT","items_purchased":[],"campfire_rested":0,"item_purchase_floors":[],"current_hp_per_floor":[59,59,59,41,30,30,17,0,0],"gold":230,"neow_bonus":"THREE_ENEMY_KILL","is_daily":false,"chose_seed":false,"campfire_upgraded":1,"win_rate":0.0,"timestamp":1614092256,"path_taken":["M","M","M","?","?","R","M","E"],"items_purchased_type":[],"build_version":"2020-12-22","purchased_purges":0,"victory":false,"max_hp_per_floor":[66,66,66,66,66,66,66,66,66],"relic_stats":{"counters":[5,14],"Letter Opener":[15],"obtain_stats":[{"NeowsBlessing":0,"Letter Opener":4,"Ring of the Snake":0},{"NeowsBlessing":0,"Letter Opener":3,"Ring of the Snake":0},{"NeowsBlessing":0,"Letter Opener":3,"Ring of the Snake":0}],"Ring of the Snake":[10]},"card_choices":[{"not_picked":["Catalyst","Underhanded Strike"],"picked":"Noxious Fumes","floor":1},{"not_picked":["Backstab","Dagger Spray"],"picked":"Sucker Punch","floor":2},{"not_picked":["Dagger Throw","Poisoned Stab"],"picked":"Calculated Gamble","floor":3},{"not_picked":["Poisoned Stab","Noxious Fumes","Calculated Gamble"],"picked":"SKIP","floor":7}],"player_experience":300480,"relics_obtained":[],"event_choices":[{"damage_healed":0,"gold_gain":0,"player_choice":"Success","damage_taken":18,"relics_obtained":["Letter Opener"],"max_hp_gain":0,"max_hp_loss":0,"event_name":"Scrap Ooze","floor":4,"gold_loss":0},{"damage_healed":0,"gold_gain":75,"player_choice":"Gather Gold","damage_taken":11,"max_hp_gain":0,"max_hp_loss":0,"event_name":"World of Goop","floor":5,"gold_loss":0}],"is_beta":false,"boss_relics":[],"items_purged_floors":[],"is_endless":false,"potions_floor_spawned":[1,3],"killed_by":"Lagavulin","ascension_level":14}}