{"host":"tf5skwcwe0vlu2md","time":1614084260,"event":{"mods":["BaseMod","Downfall","Highlight Path","Minty Spire (QoL Compilation)","Quick Restart","StSLib","The Hierophant"],"gold_per_floor":[114,114,114,20,36,70,70,95,141,152,167,194,194,207,207,302,302,315,330,330,330,355,390,403,403,403],"floor_reached":25,"playtime":1212,"items_purged":[],"score":378,"play_id":"e1111312-e212-4df4-9e0f-3af4e199d2f9","local_time":"20210223234420","is_ascension_mode":true,"campfire_choices":[{"data":"Flex","floor":7,"key":"SMITH"},{"data":"Seeing Red","floor":13,"key":"SMITH"},{"data":"Bash","floor":15,"key":"SMITH"}],"circlet_count":0,"master_deck":["Strike_R","Strike_R","Strike_R","Strike_R","Strike_R","Defend_R","Defend_R","Defend_R","Defend_R","Bash+1","Flex+1","Wild Strike","Hemokinesis","Intimidate","Thunderclap","Seeing Red+1","Twin Strike","Pommel Strike","Carnage","Headbutt","Fiend Fire","Infernal Blade","Havoc+1","Rupture","Corruption","Shrug It Off+1","Seeing Red"],"relics":["Burning Blood","Blood Vial","Matryoshka","The Courier","Vajra","Nunchaku","Question Card","Runic Cube","Red Mask","Unceasing Top"],"acts_visited":["Exordium","TheCity"],"potions_floor_usage":[8,8,11,12,22,22],"damage_taken":[{"damage":15,"enemies":"Jaw Worm","floor":1,"turns":5},{"damage":9,"enemies":"2 Louse","floor":5,"turns":2},{"damage":46,"enemies":"Lagavulin","floor":6,"turns":6},{"damage":7,"enemies":"3 Sentries","floor":8,"turns":6},{"damage":2,"enemies":"Small Slimes","floor":10,"turns":1},{"damage":0,"enemies":"Looter","floor":11,"turns":2},{"damage":15,"enemies":"Lagavulin","floor":12,"turns":5},{"damage":1,"enemies":"3 Louse","floor":14,"turns":3},{"damage":2,"enemies":"Slime Boss","floor":16,"turns":5},{"damage":7,"enemies":"3 Byrds","floor":18,"turns":4},{"damage":4,"enemies":"Chosen","floor":19,"turns":4},{"damage":23,"enemies":"Masked Bandits","floor":22,"turns":3},{"damage":46,"enemies":"Gremlin Leader","floor":23,"turns":7},{"damage":18,"enemies":"Snake Plant","floor":24,"turns":3},{"damage":10,"enemies":"Book of Stabbing","floor":25,"turns":1}],"seed_played":"9188517566102414675","potions_obtained":[{"floor":1,"key":"Regen Potion"},{"floor":6,"key":"ColorlessPotion"},{"floor":8,"key":"AttackPotion"},{"floor":10,"key":"LiquidMemories"},{"floor":16,"key":"BlessingOfTheForge"},{"floor":18,"key":"EssenceOfSteel"},{"floor":24,"key":"Swift Potion"}],"is_trial":false,"path_per_floor":["M","?","T","$","M","E","R","E","T","M","M","E","R","M","R","B",null,"M","M","?","?","?","E","M","E"],"character_chosen":"IRONCLAD","items_purchased":["Wild Strike","Hemokinesis"],"campfire_rested":0,"item_purchase_floors":[4,4],"current_hp_per_floor":[71,68,68,68,67,29,29,45,45,51,59,52,52,59,59,65,82,83,87,87,70,55,17,7,0,0],"gold":403,"neow_bonus":"TEN_PERCENT_HP_BONUS","is_daily":false,"chose_seed":false,"campfire_upgraded":3,"win_rate":0.0,"timestamp":1614084260,"path_taken":["M","?","?","$","M","E","R","E","T","M","M","E","R","M","R","BOSS","M","M","?","?","?","E","M","E"],"items_purchased_type":["Card","Card"],"build_version":"2020-12-13","purchased_purges":0,"victory":false,"max_hp_per_floor":[88,88,88,88,88,88,88,88,88,88,88,88,88,88,88,88,88,88,88,88,93,93,93,93,93,93],"card_choices":[{"not_picked":["Sentinel","Headbutt"],"picked":"Flex","floor":1},{"not_picked":["Burning Pact","True Grit"],"picked":"Intimidate","floor":5},{"not_picked":["Uppercut","Dark Embrace"],"picked":"Thunderclap","floor":6},{"not_picked":["Twin Strike","Sentinel"],"picked":"Seeing Red","floor":8},{"not_picked":["Inflame","Searing Blow"],"picked":"Twin Strike","floor":10},{"not_picked":["Headbutt","Blood for Blood"],"picked":"Pommel Strike","floor":11},{"not_picked":["Body Slam","Anger"],"picked":"Carnage","floor":12},{"not_picked":["Iron Wave","Havoc","Perfected Strike"],"picked":"Headbutt","floor":14},{"not_picked":["Corruption","Limit Break","Offering"],"picked":"Fiend Fire","floor":16},{"not_picked":["Feel No Pain+1","Searing Blow+1","Havoc"],"picked":"Infernal Blade","floor":18},{"not_picked":["Rage","Wild Strike","Shrug It Off"],"picked":"Havoc+1","floor":19},{"not_picked":["Anger+1","Pommel Strike","Fire Breathing"],"picked":"Corruption","floor":22},{"not_picked":["Perfected Strike","Limit Break","Carnage"],"picked":"Shrug It Off+1","floor":23},{"not_picked":["Anger","Thunderclap","Combust"],"picked":"Seeing Red","floor":24}],"player_experience":323012,"relics_obtained":[{"floor":3,"key":"Matryoshka"},{"floor":6,"key":"The Courier"},{"floor":8,"key":"Vajra"},{"floor":9,"key":"Nunchaku"},{"floor":12,"key":"Question Card"},{"floor":22,"key":"Red Mask"},{"floor":23,"key":"Unceasing Top"}],"event_choices":[{"damage_healed":0,"gold_gain":0,"player_choice":"Success","damage_taken":3,"relics_obtained":["Blood Vial"],"max_hp_gain":0,"max_hp_loss":0,"event_name":"Scrap Ooze","floor":2,"gold_loss":0},{"damage_healed":0,"gold_gain":0,"player_choice":"Read","damage_taken":0,"max_hp_gain":0,"max_hp_loss":0,"event_name":"The Library","floor":20,"gold_loss":0,"cards_obtained":["Rupture"]},{"damage_healed":0,"gold_gain":0,"player_choice":"Shed Blood","damage_taken":22,"max_hp_gain":5,"max_hp_loss":0,"event_name":"Forgotten Altar","floor":21,"gold_loss":0},{"damage_healed":0,"gold_gain":0,"player_choice":"Fought Bandits","damage_taken":0,"max_hp_gain":0,"max_hp_loss":0,"event_name":"Masked Bandits","floor":22,"gold_loss":0}],"is_beta":false,"boss_relics":[{"not_picked":["Runic Pyramid","Sozu"],"picked":"Runic Cube"}],"items_purged_floors":[],"is_endless":false,"potions_floor_spawned":[1,6,8,10,16,18,24],"killed_by":"Book of Stabbing","ascension_level":6}}