{"host":"f97mkdti7dx29mjq","time":1614110670,"event":{"mods":["BaseMod","Colored Powertips","Minty Spire (QoL Compilation)","Quick Restart","Rare Cards Sparkle","StSLib"],"gold_per_floor":[110,285,285,298,298,328,199,233,282,292,292,312,138,195,195,291,291,307,291,291,291,305,305,305],"floor_reached":23,"language":"ENG","playtime":1628,"items_purged":["Strike_B","Regret"],"score":224,"play_id":"08a8eb85-4b58-4633-9be5-6eb9b8af3f90","local_time":"20210223150430","is_ascension_mode":false,"campfire_choices":[{"data":"White Noise","floor":11,"key":"SMITH"},{"data":"Conserve Battery","floor":15,"key":"SMITH"}],"circlet_count":0,"master_deck":["Strike_B","Strike_B","Defend_B","Defend_B","Defend_B","Defend_B","Zap","Dualcast","Conserve Battery","Doubt","Sweeping Beam","White Noise+1","Conserve Battery+1","Gash","Conserve Battery","Storm","Self Repair","Multi-Cast","Amplify","Redo+1","Fusion+1","RitualDagger","Cold Snap"],"relics":["Cracked Core","NeowsBlessing","Oddly Smooth Stone","Regal Pillow","Mummified Hand","Anchor","Omamori","SlaversCollar","WarpedTongs"],"acts_visited":["Exordium","TheCity"],"potions_floor_usage":[14,16,16,23,23],"damage_taken":[{"damage":0,"enemies":"Jaw Worm","floor":1,"turns":1},{"damage":0,"enemies":"Small Slimes","floor":4,"turns":1},{"damage":0,"enemies":"Gremlin Nob","floor":6,"turns":1},{"damage":14,"enemies":"Lagavulin","floor":8,"turns":9},{"damage":5,"enemies":"Cultist","floor":10,"turns":4},{"damage":12,"enemies":"Exordium Thugs","floor":12,"turns":5},{"damage":16,"enemies":"Lagavulin Event","floor":14,"turns":7},{"damage":26,"enemies":"Slime Boss","floor":16,"turns":10},{"damage":11,"enemies":"Chosen","floor":18,"turns":6},{"damage":1,"enemies":"2 Thieves","floor":19,"turns":5},{"damage":11,"enemies":"Snake Plant","floor":22,"turns":7},{"damage":87,"enemies":"Gremlin Leader","floor":23,"turns":13}],"seed_played":"-527747479317482244","potions_obtained":[{"floor":4,"key":"LiquidMemories"},{"floor":6,"key":"SpeedPotion"},{"floor":8,"key":"Strength Potion"},{"floor":14,"key":"GamblersBrew"},{"floor":19,"key":"Block Potion"}],"is_trial":false,"path_per_floor":["M","?","?","M","?","E","$","E","T","M","R","M","$","?","R","B",null,"M","M","?","?","M","E"],"character_chosen":"DEFECT","items_purchased":["Conserve Battery","Self Repair"],"campfire_rested":0,"item_purchase_floors":[7,13],"current_hp_per_floor":[75,75,75,75,75,75,75,61,61,56,56,44,44,35,35,16,75,71,75,69,69,72,0,0],"gold":305,"neow_bonus":"THREE_ENEMY_KILL","is_daily":false,"chose_seed":false,"campfire_upgraded":2,"win_rate":0.0,"timestamp":1614110670,"path_taken":["M","?","?","M","?","E","?","E","T","M","R","?","$","?","R","BOSS","M","M","?","?","M","E"],"items_purchased_type":["Card","Card"],"build_version":"2020-12-22","purchased_purges":2,"victory":false,"max_hp_per_floor":[75,75,75,75,75,75,75,75,75,75,75,75,75,75,75,75,75,75,75,75,75,75,75,75],"card_choices":[{"not_picked":["Turbo","Beam Cell"],"picked":"Conserve Battery","floor":1},{"not_picked":["Rip and Tear","Turbo"],"picked":"Sweeping Beam","floor":4},{"not_picked":["Undo","Heatsinks"],"picked":"White Noise","floor":6},{"not_picked":["Leap","Streamline"],"picked":"Gash","floor":8},{"not_picked":["Doom and Gloom","Aggregate"],"picked":"Conserve Battery","floor":10},{"not_picked":["Leap","Steam"],"picked":"Storm","floor":12},{"not_picked":["Compile Driver","Steam Power"],"picked":"Multi-Cast","floor":14},{"not_picked":["Seek","Reboot"],"picked":"Amplify","floor":16},{"not_picked":["Rebound+1","Stack+1"],"picked":"Redo+1","floor":18},{"not_picked":["Compile Driver","Double Energy"],"picked":"Fusion+1","floor":19},{"not_picked":["Capacitor","Barrage"],"picked":"Cold Snap","floor":22}],"player_experience":192038,"relics_obtained":[{"floor":6,"key":"Regal Pillow"},{"floor":8,"key":"Mummified Hand"},{"floor":9,"key":"Anchor"},{"floor":14,"key":"Omamori"}],"event_choices":[{"damage_healed":0,"gold_gain":175,"player_choice":"AGREE","damage_taken":0,"max_hp_gain":0,"max_hp_loss":0,"event_name":"Liars Game","floor":2,"gold_loss":0,"cards_obtained":["Doubt"]},{"damage_healed":0,"gold_gain":0,"player_choice":"Box","damage_taken":0,"relics_obtained":["Oddly Smooth Stone"],"max_hp_gain":0,"max_hp_loss":0,"event_name":"Big Fish","floor":3,"gold_loss":0,"cards_obtained":["Regret"]},{"cards_removed":["Strike_B"],"damage_healed":0,"gold_gain":0,"player_choice":"Forget","damage_taken":0,"max_hp_gain":0,"max_hp_loss":0,"event_name":"Living Wall","floor":5,"gold_loss":0},{"damage_healed":0,"gold_gain":30,"player_choice":"Searched \u00272\u0027 times","damage_taken":0,"max_hp_gain":0,"max_hp_loss":0,"event_name":"Dead Adventurer","floor":14,"gold_loss":0},{"damage_healed":0,"gold_gain":0,"player_choice":"Joined the Cult","damage_taken":6,"max_hp_gain":0,"max_hp_loss":0,"event_name":"Nest","floor":20,"gold_loss":0,"cards_obtained":["RitualDagger"]},{"damage_healed":0,"gold_gain":0,"player_choice":"Rummage","damage_taken":0,"relics_obtained":["WarpedTongs"],"max_hp_gain":0,"max_hp_loss":0,"event_name":"Accursed Blacksmith","floor":21,"gold_loss":0,"cards_obtained":["Pain"]}],"is_beta":false,"boss_relics":[{"not_picked":["Runic Dome","Tiny House"],"picked":"SlaversCollar"}],"items_purged_floors":[7,13],"is_endless":false,"potions_floor_spawned":[4,6,8,10,14,19],"killed_by":"Gremlin Leader","ascension_level":0}}