{"host":"e60lxwgnuildi45x","time":1614098035,"event":{"mods":["100% Spire Juice","ATMod(阿瑾Mod)","Act Like it!","BaseMod","Colored Powertips","Conspire","Decade(王小明)","Energized Spire","Gensokyo","GungeonMod","Hallownest","KinomotoSakuraMod(木之本樱)","Lobotomy","LobotomyExtend","Luminous","Marisa（F雨　魔理沙）","Marked Mod","Minty Spire (QoL Compilation)","Nova Terra(诺娃・泰拉)","Pale of the Ancients","Quarter Circle Forward PUNCH!","Reimu（博丽灵梦）","Reliquary","Remilia（蕾米莉亚）","Replay The Spire","Shop Mod","Spicy Shops","StSLib","The Administrix","The Blackbeard","The Construct","The Cursed","The Gatherer","The Hierophant","The Marked","The Poker Player","The Runesmith","The Senshi","The Servant 0.9.4","WarShipGirlsR/战舰少女R mod","Warlord Emblem","Yakumo Yukari mod","Youmu（魂魄妖梦）","Yuri Mod","[GremlinLeader]The Maniac","【遗物卡牌】REMEMod"],"gold_per_floor":[210,210,207,227,225,225,85,115,189,203,203,214,38,57,57,158,158,158,169,169,179,229,254,269,297,320,320,320,337,372,390,390,390,390],"floor_reached":33,"language":"ZHS","playtime":2364,"items_purged":["Poor:ReiMu"],"score":359,"play_id":"7efb1c7e-9ba9-45b1-95f9-2390675b88a1","local_time":"20210224003355","is_ascension_mode":false,"campfire_choices":[{"data":"LightFlow","floor":6,"key":"SMITH"},{"data":"AT_FamilyPortrait","floor":11,"key":"SMITH"},{"data":"rmod:expeditionaryescort","floor":15,"key":"SMITH"},{"data":"rmod:abidefaith","floor":27,"key":"SMITH"},{"floor":32,"key":"REST"}],"circlet_count":0,"master_deck":["rmod:defend","rmod:defend","rmod:defend","rmod:defend","rmod:basicallowance","rmod:maingunfire","LightFlow+1","AT_FamilyPortrait+1","rmod:tearstotiara","rmod:windflower","rmod:intelligenceanalysis","rmod:acesubmarine","rmod:expeditionaryescort+1","rmod:luckystar","rmod:maintain","rmod:unsinkable+1","rmod:chargemoney","rmod:timeschanged","rmod:guardianhero","Bite","Bite","Bite","Bite","Bite","rmod:bulid+1","Amnesia","rmod:abidefaith+1","Looming Evil","rmod:garrisonisland+1","rmod:ring+1","rmod:firesupport+1"],"relics":["rmod:firstchargereward","AT_ATBox","REME_ComplimentaryCards","YidongShenshe:ReiMu","LetterFromLob","reliquary:SharkskinSheath","DemoMod:GnawedKey","reliquary:RedPaperclip","Ring of Greed","The Courier","Blue Doll","Ring of Fury","Runesmith:AutoHammer","Art of War","reliquary:Boomerang","Pear"],"acts_visited":["Exordium","TheCity"],"potions_floor_usage":[5,5,10,19,25,28,29,30,31,33,33],"damage_taken":[{"damage":0,"enemies":"Small Slimes","floor":1,"turns":3},{"damage":0,"enemies":"2 Louse","floor":3,"turns":2},{"damage":0,"enemies":"Cultist","floor":4,"turns":2},{"damage":0,"enemies":"Exordium Thugs","floor":5,"turns":4},{"damage":0,"enemies":"Gremlin Nob","floor":8,"turns":2},{"damage":0,"enemies":"Looter","floor":10,"turns":2},{"damage":0,"enemies":"Lots of Slimes","floor":12,"turns":2},{"damage":0,"enemies":"3 Louse","floor":14,"turns":2},{"damage":7,"enemies":"Fading Forest","floor":16,"turns":11},{"damage":0,"enemies":"3 Byrds","floor":19,"turns":5},{"damage":0,"enemies":"Chosen","floor":21,"turns":3},{"damage":6,"enemies":"Replay:Snechameleon","floor":23,"turns":3},{"damage":12,"enemies":"Centurion and Healer","floor":24,"turns":3},{"damage":40,"enemies":"Book of Stabbing","floor":25,"turns":5},{"damage":0,"enemies":"3 Cultists","floor":29,"turns":3},{"damage":15,"enemies":"Replay:Snechameleon","floor":30,"turns":4},{"damage":24,"enemies":"Snake Plant","floor":31,"turns":4},{"damage":37,"enemies":"Collector","floor":33,"turns":7}],"seed_played":"4947884144346090547","potions_obtained":[{"floor":1,"key":"Toxic Potion"},{"floor":4,"key":"Weak Potion"},{"floor":8,"key":"AttackPotion"},{"floor":14,"key":"Languid Potion"},{"floor":16,"key":"Energy Potion"},{"floor":23,"key":"FearPotion"},{"floor":25,"key":"Regen Potion"},{"floor":28,"key":"REME_GoldPotion"},{"floor":28,"key":"Dexterity Potion"},{"floor":29,"key":"Weak Potion"},{"floor":31,"key":"Energy Potion"}],"is_trial":false,"path_per_floor":["M","?","M","M","M","R","?","E","T","M","R","M","$","M","R","B",null,"M","M","?","M","?","E","M","E","T","R","?","M","E","M","R","B"],"character_chosen":"PRAEFECT","items_purchased":["DemoMod:GnawedKey","rmod:unsinkable+1"],"campfire_rested":1,"item_purchase_floors":[13,13],"current_hp_per_floor":[75,75,75,75,75,75,75,75,75,75,75,75,75,75,75,68,75,75,75,52,52,52,48,44,12,12,12,12,24,21,3,21,0,0],"gold":390,"neow_bonus":"HUNDRED_GOLD","is_daily":false,"chose_seed":false,"campfire_upgraded":4,"win_rate":0.0,"timestamp":1614098035,"path_taken":["M","?","M","M","M","R","?","E","T","M","R","M","$","?","R","BOSS","M","M","?","M","?","E","M","E","T","R","?","M","E","M","R","BOSS"],"items_purchased_type":["Relic","Card"],"build_version":"2020-12-22","purchased_purges":1,"victory":false,"max_hp_per_floor":[75,75,75,75,75,75,75,75,75,75,75,75,75,75,75,75,75,75,75,52,52,52,52,52,52,52,52,52,52,62,62,62,62,62],"card_choices":[{"not_picked":["rmod:aluminumsupply","rmod:firesupport"],"picked":"rmod:tearstotiara","floor":1},{"not_picked":["rmod:luckystar","rmod:aluminumsupply"],"picked":"rmod:windflower","floor":3},{"not_picked":["rmod:ammunitionsupply","rmod:diamondstrike"],"picked":"rmod:intelligenceanalysis","floor":4},{"not_picked":["rmod:bulid","rmod:rockthrower"],"picked":"rmod:acesubmarine","floor":5},{"not_picked":["rmod:diamondstrike","rmod:firesupport"],"picked":"rmod:expeditionaryescort","floor":8},{"not_picked":["rmod:fuelsupply","rmod:windflower"],"picked":"rmod:luckystar","floor":10},{"not_picked":["rmod:ammunitionsupply","rmod:firesupport"],"picked":"rmod:maintain","floor":12},{"not_picked":["rmod:guardianhero","rmod:victimresponsibility"],"picked":"rmod:chargemoney","floor":14},{"not_picked":["rmod:abidefaith","rmod:windflower"],"picked":"rmod:timeschanged","floor":16},{"not_picked":["rmod:steelsupply","rmod:supportescort+1"],"picked":"rmod:guardianhero","floor":19},{"not_picked":["rmod:unsinkable","rmod:tearstotiara"],"picked":"rmod:bulid+1","floor":21},{"not_picked":["rmod:guardianhero","rmod:aluminumsupply","rmod:desperatesituation"],"picked":"SKIP","floor":23},{"not_picked":["rmod:firesupport","rmod:intelligenceanalysis","rmod:salvage"],"picked":"SKIP","floor":24},{"not_picked":["rmod:aluminumsupply","rmod:luckystar"],"picked":"rmod:abidefaith","floor":25},{"not_picked":["rmod:fuelsupply","rmod:aviationdawn"],"picked":"rmod:garrisonisland+1","floor":29},{"not_picked":["rmod:abidefaith","rmod:goodsister"],"picked":"rmod:ring+1","floor":30},{"not_picked":["rmod:goodsister+1","rmod:punchline"],"picked":"rmod:firesupport+1","floor":31}],"player_experience":617659,"relics_obtained":[{"floor":5,"key":"LetterFromLob"},{"floor":8,"key":"Replay:Mystery Machine"},{"floor":9,"key":"Runesmith:Nanobots"},{"floor":22,"key":"Ring of Greed"},{"floor":22,"key":"The Courier"},{"floor":22,"key":"Blue Doll"},{"floor":22,"key":"Ring of Fury"},{"floor":23,"key":"Runesmith:AutoHammer"},{"floor":25,"key":"Art of War"},{"floor":26,"key":"reliquary:Boomerang"},{"floor":30,"key":"Pear"}],"event_choices":[{"damage_healed":0,"gold_gain":0,"player_choice":"带走神社","damage_taken":0,"relics_obtained":["YidongShenshe:ReiMu"],"max_hp_gain":0,"max_hp_loss":0,"event_name":"yidonshenshe","floor":2,"gold_loss":0,"cards_obtained":["Poor:ReiMu"]},{"damage_healed":0,"gold_gain":0,"player_choice":"Paid Gold","damage_taken":0,"relics_obtained":["reliquary:SharkskinSheath"],"max_hp_gain":0,"max_hp_loss":0,"event_name":"WeMeetAgain","floor":7,"gold_loss":140},{"damage_healed":0,"gold_gain":0,"player_choice":"Became a vampire","damage_taken":0,"max_hp_gain":0,"max_hp_loss":23,"event_name":"Vampires","floor":20,"gold_loss":0,"cards_obtained":["Bite","Bite","Bite","Bite","Bite"]},{"damage_healed":0,"gold_gain":0,"player_choice":"Got Potions","damage_taken":0,"max_hp_gain":0,"max_hp_loss":0,"event_name":"Lab","floor":28,"gold_loss":0}],"is_beta":false,"boss_relics":[{"not_picked":["Ectoplasm","Snecko Eye"],"picked":"reliquary:RedPaperclip"}],"items_purged_floors":[13],"is_endless":false,"potions_floor_spawned":[1,4,8,14,16,23,25,29,31],"killed_by":"Collector","ascension_level":0}}