{"host":"snampf0t8p8psf53","time":1614065792,"event":{"mods":["AchievementEnabler","BaseMod","Bestiary","Curses Come First","DeckTracker","Minty Spire (QoL Compilation)","Permanent Neow","StSLib","SuperFastMode"],"gold_per_floor":[119,139,139,153,171,202,220,8,8,27,41,69,69,85,85,183,183,203,217,236,336,350,382,394,429,429,49,49,62,62,92,92,196,196,207,219,128,141,141,141,141,141],"floor_reached":41,"language":"ENG","playtime":1423,"items_purged":[],"score":570,"play_id":"7a7792d4-6576-4143-8dd7-c6d82acbd5ac","local_time":"20210222233632","is_ascension_mode":true,"campfire_choices":[{"data":"Demon Form","floor":15,"key":"SMITH"},{"floor":28,"key":"REST"},{"floor":32,"key":"REST"},{"floor":40,"key":"RECALL"}],"circlet_count":0,"master_deck":["Strike_R","Strike_R","Strike_R","Strike_R","Strike_R","Defend_R","Defend_R","Defend_R","Defend_R","Bash","Demon Form+1","Uppercut","Feed","Juggernaut","Dark Embrace","Dark Embrace","Clothesline+1","Bludgeon","Barricade","Carnage+1","Flame Barrier","Fiend Fire","Sever Soul","Perfected Strike","Sever Soul+1"],"relics":["Snecko Eye","Meat on the Bone","Lantern","Toy Ornithopter","Sozu","Paper Frog","Blood Vial","Darkstone Periapt","Mummified Hand","Sundial","Runic Cube"],"acts_visited":["Exordium","TheCity","TheBeyond"],"potions_floor_usage":[18,20,20],"damage_taken":[{"damage":11,"enemies":"Small Slimes","floor":1,"turns":4},{"damage":6,"enemies":"Cultist","floor":2,"turns":3},{"damage":6,"enemies":"Jaw Worm","floor":4,"turns":3},{"damage":16,"enemies":"Lots of Slimes","floor":5,"turns":5},{"damage":14,"enemies":"Gremlin Nob","floor":6,"turns":3},{"damage":14,"enemies":"Blue Slaver","floor":7,"turns":3},{"damage":6,"enemies":"Exordium Wildlife","floor":10,"turns":4},{"damage":0,"enemies":"Looter","floor":11,"turns":2},{"damage":13,"enemies":"Lagavulin","floor":12,"turns":3},{"damage":16,"enemies":"Blue Slaver","floor":14,"turns":3},{"damage":0,"enemies":"Slime Boss","floor":16,"turns":5},{"damage":10,"enemies":"Shell Parasite","floor":18,"turns":4},{"damage":19,"enemies":"Spheric Guardian","floor":19,"turns":4},{"damage":10,"enemies":"Snake Plant","floor":20,"turns":3},{"damage":32,"enemies":"Centurion and Healer","floor":22,"turns":6},{"damage":14,"enemies":"Book of Stabbing","floor":23,"turns":3},{"damage":17,"enemies":"Chosen and Byrds","floor":24,"turns":4},{"damage":31,"enemies":"Gremlin Leader","floor":25,"turns":4},{"damage":30,"enemies":"Sentry and Sphere","floor":29,"turns":5},{"damage":49,"enemies":"Book of Stabbing","floor":31,"turns":5},{"damage":27,"enemies":"Collector","floor":33,"turns":8},{"damage":0,"enemies":"3 Shapes","floor":35,"turns":5},{"damage":0,"enemies":"Orb Walker","floor":36,"turns":2},{"damage":48,"enemies":"Maw","floor":38,"turns":6},{"damage":56,"enemies":"Reptomancer","floor":41,"turns":2}],"seed_played":"-2983779241113535952","potions_obtained":[{"floor":6,"key":"Swift Potion"},{"floor":7,"key":"LiquidBronze"},{"floor":11,"key":"Block Potion"}],"is_trial":false,"path_per_floor":["M","M","?","M","M","E","M","$","T","M","M","E","?","M","R","B",null,"M","M","M","?","M","E","M","E","T","$","R","M","?","E","R","B",null,"M","M","$","M","$","R","E"],"character_chosen":"IRONCLAD","items_purchased":["Uppercut","Lantern","Barricade","Mummified Hand","Sever Soul","Perfected Strike"],"campfire_rested":2,"item_purchase_floors":[8,8,27,27,37,37],"current_hp_per_floor":[69,63,80,74,58,44,42,42,42,48,48,47,47,46,46,49,86,76,57,60,60,43,44,39,20,20,20,48,35,67,32,61,48,98,98,98,98,53,53,53,0,0],"gold":141,"neow_bonus":"BOSS_RELIC","is_daily":false,"chose_seed":false,"campfire_upgraded":1,"win_rate":0.0,"timestamp":1614065792,"path_taken":["M","M","?","M","M","E","M","$","T","?","M","E","?","M","R","BOSS","M","M","M","?","?","E","M","E","T","$","R","M","?","E","R","BOSS","M","M","$","M","$","R","E"],"items_purchased_type":["Card","Relic","Card","Relic","Card","Card"],"build_version":"2020-12-22","purchased_purges":0,"victory":false,"max_hp_per_floor":[80,80,80,80,80,80,80,80,80,80,80,80,80,83,83,86,86,86,86,89,89,92,95,95,95,95,95,95,98,98,98,98,98,98,98,98,98,101,101,101,101,101],"card_choices":[{"not_picked":["Perfected Strike","Clash"],"picked":"Rampage","floor":1},{"not_picked":["Warcry","Armaments","Reckless Charge"],"picked":"SKIP","floor":2},{"not_picked":["Pommel Strike","Thunderclap","Headbutt"],"picked":"SKIP","floor":4},{"not_picked":["Pummel","Combust","Flex"],"picked":"SKIP","floor":5},{"not_picked":["Shrug It Off","Dropkick","Body Slam"],"picked":"SKIP","floor":6},{"not_picked":["Shockwave","Armaments"],"picked":"Demon Form","floor":7},{"not_picked":["Iron Wave","Ghostly Armor","Pommel Strike"],"picked":"SKIP","floor":10},{"not_picked":["Armaments","Twin Strike","Cleave"],"picked":"SKIP","floor":11},{"not_picked":["Havoc","Disarm"],"picked":"Feed","floor":12},{"not_picked":["True Grit","Infernal Blade","Sentinel"],"picked":"SKIP","floor":14},{"not_picked":["Brutality","Berserk"],"picked":"Juggernaut","floor":16},{"not_picked":["Combust","Reckless Charge+1","Clash"],"picked":"SKIP","floor":18},{"not_picked":["Dual Wield","Pommel Strike+1"],"picked":"Dark Embrace","floor":19},{"not_picked":["Whirlwind","Iron Wave"],"picked":"Dark Embrace","floor":20},{"not_picked":["Wild Strike","Pommel Strike+1"],"picked":"Clothesline+1","floor":22},{"not_picked":["Disarm","Rupture+1"],"picked":"Bludgeon","floor":23},{"not_picked":["Thunderclap+1","Warcry","Pommel Strike"],"picked":"SKIP","floor":24},{"not_picked":["Flex","Pommel Strike","Shrug It Off"],"picked":"SKIP","floor":25},{"not_picked":["Reckless Charge+1","Rampage+1"],"picked":"Carnage+1","floor":29},{"not_picked":["Second Wind","Warcry"],"picked":"Flame Barrier","floor":31},{"not_picked":["Barricade","Limit Break"],"picked":"Fiend Fire","floor":33},{"not_picked":["Bloodletting+1","Cleave+1","Headbutt+1"],"picked":"SKIP","floor":35},{"not_picked":["Headbutt+1","Anger+1","Dual Wield"],"picked":"SKIP","floor":36},{"not_picked":["Clash+1","Armaments+1"],"picked":"Sever Soul+1","floor":38}],"player_experience":176513,"relics_obtained":[{"floor":6,"key":"Meat on the Bone"},{"floor":12,"key":"Toy Ornithopter"},{"floor":23,"key":"Paper Frog"},{"floor":25,"key":"Blood Vial"},{"floor":26,"key":"Darkstone Periapt"},{"floor":31,"key":"Sundial"}],"event_choices":[{"cards_removed":["Rampage"],"damage_healed":17,"gold_gain":0,"player_choice":"Offered Uncommon","damage_taken":0,"max_hp_gain":0,"max_hp_loss":0,"event_name":"Bonfire Elementals","floor":3,"gold_loss":0},{"damage_healed":0,"gold_gain":0,"player_choice":"Ignored","damage_taken":0,"max_hp_gain":0,"max_hp_loss":0,"event_name":"Liars Game","floor":13,"gold_loss":0},{"damage_healed":0,"gold_gain":100,"player_choice":"Pray","damage_taken":0,"max_hp_gain":0,"max_hp_loss":0,"event_name":"Golden Shrine","floor":21,"gold_loss":0},{"damage_healed":32,"gold_gain":0,"player_choice":"Heal","damage_taken":0,"max_hp_gain":0,"max_hp_loss":0,"event_name":"The Library","floor":30,"gold_loss":0}],"is_beta":false,"boss_relics":[{"not_picked":["Busted Crown","SacredBark"],"picked":"Sozu"},{"not_picked":["Velvet Choker","Pandora\u0027s Box"],"picked":"Runic Cube"}],"items_purged_floors":[],"is_endless":false,"potions_floor_spawned":[6,7,11,14,16,18,19,22,33,35,38],"killed_by":"Reptomancer","ascension_level":1}}