{"host":"6vlgvs18q6xl6x95","time":1614078808,"event":{"mods":["Act Like it!","Arknights","BaseMod","Colored Powertips","Downfall","HololiveMod","Lobotomy","LobotomyExtend","Minty Spire (QoL Compilation)","MostiFishMod","Prisma Mod","Quick Restart","Replay The Spire","StSLib","The Blackbeard","WarShipGirlsR/’ΩΩ¢…Ÿ≈ÆR mod","Youmu£®ªÍ∆«—˝√Œ£©","[IsaacMod]“‘»ˆº‚À˛","noobMod"],"gold_per_floor":[118,150,175,189,189,189,218,237,289,308,308,308,321,321,321,420,420,437,456,456,472,490,490,523,548,548,580,609,609,609,659,659,788,788,801,815,139,212,228,228,228,228],"floor_reached":40,"language":"ZHS","playtime":2650,"items_purged":["CommonCold"],"score":576,"play_id":"01330e41-c48e-4a20-be24-c07ad8931570","local_time":"20210223191328","is_ascension_mode":false,"campfire_choices":[{"data":"blackbeard:GoldenGuillotine","floor":6,"key":"SMITH"},{"floor":12,"key":"RECALL"},{"data":"blackbeard:WoodenLeg","floor":15,"key":"SMITH"},{"data":"blackbeard:CaptainsHat","floor":23,"key":"SMITH"},{"data":"blackbeard:BoostMorale","floor":32,"key":"SMITH"}],"circlet_count":0,"master_deck":["blackbeard:BlackbeardStrike","blackbeard:BlackbeardStrike","blackbeard:BlackbeardStrike","blackbeard:BlackbeardStrike","blackbeard:IntimidatingStrike","blackbeard:BlackbeardDefend","blackbeard:BlackbeardDefend","blackbeard:BlackbeardDefend","blackbeard:BlackbeardDefend","blackbeard:Cutlass+1","BettingIsNotGood","blackbeard:Dagger","blackbeard:TacticalRetreat","blackbeard:GoldenGuillotine+1","blackbeard:WoodenLeg+1","blackbeard:Sword","blackbeard:Lifeboat","blackbeard:RemoveScurvy","blackbeard:CaptainsHat+1","blackbeard:Sword","blackbeard:Fencing+1","DespairKnight","blackbeard:BoostMorale+1","blackbeard:PirateHook","blackbeard:Anchor+1","blackbeard:RemoveScurvy","blackbeard:AgileStrike","blackbeard:BountyHunter","blackbeard:RearmingStrike","blackbeard:RemoveScurvy","blackbeard:Salvager","blackbeard:WoodenLeg","MostiFishMod:PerfectForm","blackbeard:WoodenLeg","blackbeard:Upgrade","QueenOfHatred","blackbeard:SmithingHammer"],"relics":["blackbeard:LoadTheGoldenCannons","HushsDoor","ice","DaveBox","CogitoBucket","SatanicBible","GuanYuAspect","SynthV:TestCard","LetterFromLob","Ring of Peace","RhineCircuit","GuppysTail","BookOfRevelations","Mirror","GuppysPaw","RottenBaby","Damocles","Medical Kit","blackbeard:Penknife","BookofShadows"],"acts_visited":["Exordium","TheCity","TheBeyond"],"potions_floor_usage":[],"damage_taken":[{"damage":0,"enemies":"2 Louse","floor":1,"turns":2},{"damage":4,"enemies":"ats:Genji","floor":2,"turns":4},{"damage":0,"enemies":"Small Slimes","floor":3,"turns":4},{"damage":10,"enemies":"Blue Slaver","floor":4,"turns":3},{"damage":0,"enemies":"Red Slaver","floor":7,"turns":4},{"damage":33,"enemies":"Gremlin Gang","floor":8,"turns":5},{"damage":0,"enemies":"Blue Slaver","floor":10,"turns":4},{"damage":6,"enemies":"Exordium Thugs","floor":13,"turns":5},{"damage":0,"enemies":"Hexaghost","floor":16,"turns":9},{"damage":0,"enemies":"2 Thieves","floor":18,"turns":2},{"damage":0,"enemies":"3 Byrds","floor":19,"turns":4},{"damage":31,"enemies":"3 Cultists","floor":21,"turns":4},{"damage":30,"enemies":"Cultist and Chosen","floor":22,"turns":8},{"damage":0,"enemies":"Book of Stabbing","floor":24,"turns":4},{"damage":8,"enemies":"Snake Plant","floor":25,"turns":4},{"damage":4,"enemies":"Replay:Snechameleon","floor":27,"turns":4},{"damage":4,"enemies":"Centurion and Healer","floor":28,"turns":4},{"damage":0,"enemies":"Shelled Parasite and Fungi","floor":31,"turns":5},{"damage":0,"enemies":"Champ","floor":33,"turns":7},{"damage":26,"enemies":"3 Darklings","floor":35,"turns":4},{"damage":0,"enemies":"Orb Walker","floor":36,"turns":2},{"damage":0,"enemies":"3 Darklings","floor":39,"turns":3},{"damage":7,"enemies":"Nemesis","floor":40,"turns":2}],"seed_played":"-6762006183795465924","potions_obtained":[{"floor":2,"key":"Slimebound:ThreeZeroPotion"},{"floor":3,"key":"Energy Potion"},{"floor":7,"key":"Strength Potion"}],"is_trial":false,"path_per_floor":["M","M","M","M","?","R","M","M","T","M","?","R","M","?","R","B",null,"M","M","?","M","M","R","E","M","T","E","M","M","?","M","R","B",null,"M","M","$","T","M","E"],"character_chosen":"BLACKBEARD_CLASS","items_purchased":["GuppysTail","GuppysPaw","RottenBaby","blackbeard:WoodenLeg","MostiFishMod:PerfectForm","Damocles","Medical Kit","blackbeard:WoodenLeg","blackbeard:Upgrade"],"campfire_rested":0,"item_purchase_floors":[17,34,34,34,34,37,37,37,37],"current_hp_per_floor":[38,36,38,35,35,35,38,15,15,25,25,25,32,32,32,38,28,28,28,28,8,13,13,29,32,32,49,1,1,1,11,11,35,45,29,40,40,40,55,0,0,0],"gold":228,"neow_bonus":"","is_daily":false,"chose_seed":false,"campfire_upgraded":4,"win_rate":0.0,"timestamp":1614078808,"path_taken":["M","M","M","M","?","R","M","M","T","M","?","R","?","?","R","BOSS","M","M","?","M","M","R","E","M","T","E","?","M","?","M","R","BOSS","M","M","$","?","M","E"],"items_purchased_type":["Relic","Relic","Relic","Card","Card","Relic","Relic","Card","Card"],"build_version":"2020-12-22","purchased_purges":1,"victory":false,"max_hp_per_floor":[38,38,38,38,38,38,38,38,38,38,38,38,38,38,38,38,28,28,28,28,28,30,30,36,42,42,52,67,67,67,73,73,78,45,52,53,53,53,59,62,62,62],"card_choices":[{"not_picked":[],"picked":"BettingIsNotGood","floor":0},{"not_picked":["blackbeard:Fencing","blackbeard:FieryDefense"],"picked":"blackbeard:Dagger","floor":1},{"not_picked":["blackbeard:Dagger","blackbeard:DoubleCannonball","blackbeard:Sword","blackbeard:Spear"],"picked":"blackbeard:TacticalRetreat","floor":2},{"not_picked":["blackbeard:JollyRoger","blackbeard:BuriedTreasure","blackbeard:FieryDefense","blackbeard:RearmingStrike"],"picked":"blackbeard:GoldenGuillotine","floor":3},{"not_picked":["blackbeard:CaptainsCabin","blackbeard:ChaoticDefense","blackbeard:Provisioning","blackbeard:FieryDefense"],"picked":"blackbeard:WoodenLeg","floor":4},{"not_picked":["blackbeard:GoldenStrike","blackbeard:PiratesWill","blackbeard:BlindAttacks","blackbeard:SwordDance"],"picked":"blackbeard:Sword","floor":7},{"not_picked":["blackbeard:GoldenStrike","blackbeard:Sharpening","blackbeard:Spear","blackbeard:GoldenDefense"],"picked":"blackbeard:Lifeboat","floor":8},{"not_picked":["blackbeard:PiratesWill","blackbeard:ChaoticDefense","blackbeard:CatONineTails","blackbeard:Dagger"],"picked":"blackbeard:RemoveScurvy","floor":10},{"not_picked":["blackbeard:Spear","blackbeard:DeadlyArsenal","blackbeard:BlindAttacks","blackbeard:FieryDefense"],"picked":"Bomb","floor":13},{"not_picked":["blackbeard:GoldenRain","blackbeard:BoostMorale","blackbeard:UndeadForm","blackbeard:Intoxication"],"picked":"blackbeard:CaptainsHat","floor":16},{"not_picked":["blackbeard:BlindAttacks","blackbeard:TacticalRetreat","blackbeard:GoldenDefense","blackbeard:WiseDefense"],"picked":"blackbeard:Sword","floor":18},{"not_picked":["blackbeard:SwordDance","blackbeard:AgileStrike","blackbeard:BrownPants+1","blackbeard:DelayedPain"],"picked":"blackbeard:Fencing+1","floor":19},{"not_picked":["OSAHOGD","WallGazer"],"picked":"DespairKnight","floor":19},{"not_picked":["blackbeard:Spear","blackbeard:TacticalRetreat","blackbeard:Dagger","blackbeard:RearmingStrike"],"picked":"blackbeard:PirateHook","floor":21},{"not_picked":["blackbeard:Sharpening+1","blackbeard:VengefulSpirit","blackbeard:CaptainsCabin","blackbeard:RearmingStrike"],"picked":"blackbeard:Anchor+1","floor":22},{"not_picked":["blackbeard:GoldenRain","blackbeard:DoubleBottom","blackbeard:CannonballSupply","blackbeard:Dagger"],"picked":"blackbeard:RemoveScurvy","floor":24},{"not_picked":["ShyLook","SpiderBud"],"picked":"Yin","floor":24},{"not_picked":["blackbeard:Dagger","blackbeard:GhostInTheRum+1","blackbeard:DeadlyArsenal+1","blackbeard:TerrorOfTheSeas"],"picked":"blackbeard:AgileStrike","floor":25},{"not_picked":["blackbeard:DeadlyArsenal","blackbeard:CaptainsCabin","blackbeard:GoldenGuillotine","blackbeard:Fencing"],"picked":"blackbeard:BountyHunter","floor":27},{"not_picked":["blackbeard:TerrorOfTheSeas","blackbeard:SwordDance","blackbeard:Provisioning","blackbeard:JollyRoger"],"picked":"blackbeard:RearmingStrike","floor":28},{"not_picked":["blackbeard:BlindAttacks","blackbeard:Dagger","blackbeard:CannonballSupply","blackbeard:TacticalRetreat+1"],"picked":"blackbeard:RemoveScurvy","floor":31},{"not_picked":["blackbeard:GoldenRain","blackbeard:PirateStrength","blackbeard:Lifeboat","blackbeard:Murder"],"picked":"blackbeard:Salvager","floor":33},{"not_picked":["blackbeard:Spear","blackbeard:RearmingStrike","blackbeard:DelayedPain","blackbeard:GoldenCannonball+1","blackbeard:AgileStrike"],"picked":"SKIP","floor":35},{"not_picked":["blackbeard:CannonballSupply","blackbeard:Murder","blackbeard:DoubleCannonball","blackbeard:RearmingStrike+1","blackbeard:Sword"],"picked":"SKIP","floor":36},{"not_picked":["BigBadWolf","LaLuna"],"picked":"QueenOfHatred","floor":39},{"not_picked":["blackbeard:DoubleBottom","blackbeard:Scrap+1","blackbeard:FishingNets+1","blackbeard:GhostInTheRum+1"],"picked":"blackbeard:SmithingHammer","floor":39}],"player_experience":116787,"relics_obtained":[{"floor":1,"key":"SynthV:TestCard"},{"floor":1,"key":"LetterFromLob"},{"floor":5,"key":"Ring of Peace"},{"floor":24,"key":"BookOfRevelations"},{"floor":26,"key":"Mirror"},{"floor":38,"key":"blackbeard:Penknife"},{"floor":39,"key":"BookofShadows"}],"event_choices":[{"damage_healed":0,"gold_gain":0,"player_choice":"Upgraded","damage_taken":0,"max_hp_gain":0,"max_hp_loss":0,"event_name":"Upgrade Shrine","floor":14,"gold_loss":0,"cards_upgraded":["blackbeard:Cutlass"]},{"damage_healed":0,"gold_gain":0,"player_choice":"Read","damage_taken":0,"max_hp_gain":0,"max_hp_loss":0,"event_name":"The Library","floor":20,"gold_loss":0,"cards_obtained":["blackbeard:BoostMorale"]}],"is_beta":false,"boss_relics":[{"not_picked":["Honey Jar","Astrolabe"],"picked":"RhineCircuit"},{"not_picked":[]},{"not_picked":["blackbeard:SoberMinded","Replay:Grab Bag"],"picked":"blackbeard:LoadTheGoldenCannons"},{"not_picked":[]}],"items_purged_floors":[37],"is_endless":false,"potions_floor_spawned":[2,3,7,13,16,18,19,22,35,39],"killed_by":"Nemesis","ascension_level":0}}