{"host":"ormi09wwzv7sq47a","time":1614103665,"event":{"mods":["2.2 Compatiblity","AchievementEnabler","Act Like it!","BaseMod","Bestiary","Better Altar","Better Note","Better Sensory Stone","Better Silent Start","Better Skull","Better Third Choice","Better Vampires","BetterRewards","Block Reminder","Card Forge","Colored Map","Colored Powertips","Curses Come First","DeckTracker","Downfall","Highlight Path","Minty Spire (QoL Compilation)","Permanent Neow","Quick Restart","Rare Cards Sparkle","Relic Stats","Shop Mod","StSLib","The Jungle"],"gold_per_floor":[114,43,53,71,46,46,46,77,103,103,137,186,203,230,230,330,330,345,362,362,374,374,374,374,389,465,465,481,500,500,531,531,626,626,645,645,645,660,69,94,26,26,52,52,52,70,86,97,97,97,97,97,49,84,84,84,84],"floor_reached":55,"language":"ENG","playtime":2944,"items_purged":["champ:Execute"],"score":1416,"play_id":"94d0c4e0-9b2a-4625-bf7d-c2da8d8af51d","local_time":"20210223150745","is_ascension_mode":true,"campfire_choices":[{"data":"champ:StanceDance","floor":6.0,"key":"SMITH"},{"data":"champ:ShieldWall","floor":10.0,"key":"SMITH"},{"data":"champ:TornadoPunch","floor":15.0,"key":"SMITH"},{"data":"champ:ShieldThrow","floor":23,"key":"SMITH"},{"data":"champ:StanceDance","floor":27,"key":"SMITH"},{"floor":30,"key":"RECALL"},{"data":"champ:SkillfulDodge","floor":32,"key":"SMITH"},{"data":"champ:ShieldThrow","floor":42,"key":"SMITH"},{"floor":44,"key":"DIG"},{"floor":49,"key":"DIG"},{"floor":52,"key":"DIG"}],"circlet_count":0,"master_deck":["champ:Strike+1","champ:Strike+1","champ:Strike+1","champ:Strike+1","champ:Defend+1","champ:Defend+1","champ:Defend+1","champ:Defend+1","champ:Taunt","champ:ShieldWall+1","champ:SkillfulDodge","champ:StanceDance+1","champ:SkillfulDodge","champ:Haymaker","champ:ShieldSigil","champ:TornadoPunch+1","champ:SkillfulDodge+1","champ:BringItOn","champ:DancingMaster","champ:Circumvent","champ:FalseCounter","champ:ShieldThrow+1","champ:SetATrap","champ:StanceDance+1","champ:FocusedDefense+1","Necronomicurse","champ:ShieldThrow+1","champ:ArenaPreparation+1","champ:Circumvent","champ:DefensiveShout+1","champ:IronFortress+1","champ:ShieldThrow+1","champ:IgnorePain","champ:CalledShot+1","champ:SkillfulDodge+1","champ:StanceDance+1","champ:Circumvent+1","champ:ViciousMockery+1","champ:Circumvent+1","champ:SwordSigil+1"],"relics":["champ:ChampionCrownUpgraded","Hammer of Thor","Seething Fire","Anvil of the Gods","Bird Faced Urn","champ:DuelingGlove","Toy Ornithopter","Lantern","Nunchaku","Odd Mushroom","Necronomicon","bronze:DecasWashers","hexamod:BolsterEngine","Coffee Dripper","Blue Candle","ClockworkSouvenir","Shovel","Toxic Egg 2","bronze:BronzeIdol","Guardian:PocketSentry","Du-Vu Doll","Shuriken","Gremlin Horn"],"acts_visited":["Exordium","TheCity","TheBeyond","TheEnding"],"potions_floor_usage":[33,47,55,55],"damage_taken":[{"damage":0.0,"enemies":"Cultist","floor":1.0,"turns":4.0},{"damage":4.0,"enemies":"Jaw Worm","floor":3.0,"turns":3.0},{"damage":3.0,"enemies":"2 Louse","floor":4.0,"turns":2.0},{"damage":6.0,"enemies":"Gremlin Nob","floor":8.0,"turns":3.0},{"damage":15.0,"enemies":"Lagavulin","floor":11.0,"turns":8.0},{"damage":0.0,"enemies":"Large Slime","floor":13.0,"turns":5.0},{"damage":0.0,"enemies":"The Mushroom Lair","floor":14.0,"turns":3.0},{"damage":31.0,"enemies":"Slime Boss","floor":16.0,"turns":10.0},{"damage":9.0,"enemies":"Shell Parasite","floor":18.0,"turns":5.0},{"damage":35.0,"enemies":"Spheric Guardian","floor":19.0,"turns":3.0},{"damage":26,"enemies":"3 Cultists","floor":21,"turns":5},{"damage":22,"enemies":"Cultist and Chosen","floor":25,"turns":4},{"damage":30,"enemies":"Sentry and Sphere","floor":28,"turns":4},{"damage":20,"enemies":"3 Cultists","floor":29,"turns":4},{"damage":25,"enemies":"Slavers","floor":31,"turns":3},{"damage":48,"enemies":"Collector","floor":33,"turns":8},{"damage":20,"enemies":"3 Darklings","floor":35,"turns":3},{"damage":35,"enemies":"3 Shapes","floor":38,"turns":4},{"damage":18,"enemies":"Reptomancer","floor":40,"turns":4},{"damage":10,"enemies":"Writhing Mass","floor":46,"turns":2},{"damage":35,"enemies":"Maw","floor":47,"turns":6},{"damage":35,"enemies":"Sphere and 2 Shapes","floor":48,"turns":5},{"damage":16,"enemies":"Awakened One","floor":50,"turns":9},{"damage":95,"enemies":"Shield and Spear","floor":54,"turns":8},{"damage":59,"enemies":"The Heart","floor":55,"turns":5}],"seed_played":"7615412768638845266","potions_obtained":[{"floor":1.0,"key":"Fruit Juice"},{"floor":4.0,"key":"SneckoOil"},{"floor":11.0,"key":"SteroidPotion"},{"floor":14.0,"key":"Energy Potion"},{"floor":18.0,"key":"SkillPotion"},{"floor":28,"key":"champ:UltimateStancePotion"},{"floor":38,"key":"LiquidMemories"},{"floor":46,"key":"Fire Potion"},{"floor":54,"key":"CultistPotion"}],"is_trial":false,"path_per_floor":["M","$","M","M","$","R","$","E","T","R","E","T","M","?","R","B",null,"M","M","?","M","?","R","?","M","T","R","M","M","R","E","R","B",null,"M","?","?","M","$","E","$","R","T","R","$","M","M","M","R","B",null,"R","$","E","B"],"character_chosen":"THE_CHAMP","items_purchased":["champ:ShieldWall","champ:SkillfulDodge","champ:StanceDance","champ:Haymaker","champ:ShieldSigil","champ:BringItOn","ClockworkSouvenir","Shovel","champ:IgnorePain","champ:SkillfulDodge+1","champ:Circumvent+1"],"campfire_rested":0,"item_purchase_floors":[0,0,0,2,2,5,39,39,39,41,53],"current_hp_per_floor":[47,47,45,42,42,42,42,36,36,36,23,23,27,34,34,27,78,71,76,76,70,54,54,54,54,54,54,58,60,60,60,60,59,86,90,85,85,90,90,82,82,82,82,82,82,82,90,90,90,90,90,90,90,15,0,0,0],"gold":84,"neow_bonus":"","is_daily":false,"chose_seed":false,"campfire_upgraded":7,"win_rate":0.0,"timestamp":1614103665,"path_taken":["M","?","M","?","$","R","?","E","T","R","E","?","M","?","R","BOSS","M","M","?","M","?","R","?","M","T","R","M","M","R","E","R","BOSS","M","?","?","M","?","E","$","R","T","R","$","M","M","M","R","BOSS","R","$","E","BOSS"],"items_purchased_type":["Card","Card","Card","Card","Card","Card","Relic","Relic","Card","Card","Card"],"build_version":"2020-12-22","purchased_purges":1,"victory":false,"max_hp_per_floor":[95,95,95,95,95,95,95,95,95,95,95,95,95,95,95,95,95,95,95,95,95,95,95,95,95,95,95,95,95,95,95,95,95,95,95,95,90,90,90,90,90,90,90,90,90,90,90,90,90,90,90,90,90,90,90,90,90],"relic_stats":{"Nunchaku":[14],"Shovel":4,"Gremlin Horn":[0,0],"counters":[46,203],"Shuriken":[3],"Bird Faced Urn":[48],"Blue Candle":[0],"Necronomicon":[26],"obtain_stats":[{"champ:DuelingGlove":0,"Lantern":11,"Tiny House":34,"Calipers":44,"Gremlin Horn":54,"champ:ChampionCrown":0,"Hammer of Thor":0,"Bag of Preparation":0,"Juzu Bracelet":30,"ClockworkSouvenir":39,"Blood Vial":27,"Centennial Puzzle":28,"Nunchaku":12,"Shovel":0,"HornCleat":9,"champ:DefensiveTrainingManual":49,"Gambling Chip":0,"Philosopher\u0027s Stone":17,"MealTicket":19,"Necronomicon":22,"Toxic Egg 2":40,"hexamod:CandleOfCauterizing":43,"bronze:DecasWashers":26,"Blue Candle":36,"hexamod:Sixitude":39,"Eternal Feather":54,"champ:ChampionCrownUpgraded":17,"Guardian:PocketSentry":44,"Seething Fire":0,"Letter Opener":24,"Odd Mushroom":14,"bronze:BronzeIdol":43,"Peace Pipe":7,"Du-Vu Doll":49,"Anvil of the Gods":0,"Shuriken":52,"Bird Faced Urn":0,"Turnip":45,"Coffee Dripper":34,"hexamod:BolsterEngine":31,"Toy Ornithopter":8},{"champ:DuelingGlove":21,"Lantern":6,"Tiny House":13,"Calipers":16,"Gremlin Horn":45,"champ:ChampionCrown":0,"Hammer of Thor":0,"Bag of Preparation":0,"Juzu Bracelet":12,"ClockworkSouvenir":39,"Blood Vial":11,"Centennial Puzzle":11,"Nunchaku":26,"Shovel":0,"HornCleat":5,"champ:DefensiveTrainingManual":18,"Gambling Chip":0,"Philosopher\u0027s Stone":8,"MealTicket":9,"Necronomicon":32,"Toxic Egg 2":40,"hexamod:CandleOfCauterizing":15,"bronze:DecasWashers":33,"Blue Candle":38,"hexamod:Sixitude":15,"Eternal Feather":20,"champ:ChampionCrownUpgraded":29,"Guardian:PocketSentry":40,"Seething Fire":0,"Letter Opener":11,"Odd Mushroom":28,"bronze:BronzeIdol":40,"Peace Pipe":5,"Du-Vu Doll":43,"Anvil of the Gods":0,"Shuriken":44,"Bird Faced Urn":21,"Turnip":16,"Coffee Dripper":37,"hexamod:BolsterEngine":36,"Toy Ornithopter":25},{"champ:DuelingGlove":83,"Lantern":18,"Tiny House":47,"Calipers":56,"Gremlin Horn":198,"champ:ChampionCrown":0,"Hammer of Thor":0,"Bag of Preparation":0,"Juzu Bracelet":41,"ClockworkSouvenir":164,"Blood Vial":37,"Centennial Puzzle":37,"Nunchaku":103,"Shovel":0,"HornCleat":14,"champ:DefensiveTrainingManual":64,"Gambling Chip":0,"Philosopher\u0027s Stone":26,"MealTicket":29,"Necronomicon":134,"Toxic Egg 2":168,"hexamod:CandleOfCauterizing":53,"bronze:DecasWashers":138,"Blue Candle":160,"hexamod:Sixitude":53,"Eternal Feather":80,"champ:ChampionCrownUpgraded":121,"Guardian:PocketSentry":168,"Seething Fire":0,"Letter Opener":37,"Odd Mushroom":111,"bronze:BronzeIdol":168,"Peace Pipe":14,"Du-Vu Doll":181,"Anvil of the Gods":0,"Shuriken":190,"Bird Faced Urn":83,"Turnip":56,"Coffee Dripper":157,"hexamod:BolsterEngine":149,"Toy Ornithopter":95}],"Toy Ornithopter":35},"card_choices":[{"not_picked":["champ:AdrenalArmor","champ:BerserkersShout"],"picked":"champ:SkillfulDodge","floor":1.0},{"not_picked":["champ:BringItOn","champ:PerfectedStrike"],"picked":"champ:TornadoPunch","floor":3.0},{"not_picked":["champ:PerfectedStrike","champ:AdrenalArmor"],"picked":"champ:SkillfulDodge","floor":4.0},{"not_picked":["champ:BerserkersShout","champ:PreciseThrust","champ:DeathBlow"],"picked":"SKIP","floor":8.0},{"not_picked":["champ:AdrenalArmor","champ:PerfectedStrike"],"picked":"champ:DancingMaster","floor":11.0},{"not_picked":["champ:EnGarde","champ:ShieldSlam"],"picked":"champ:Circumvent","floor":13.0},{"not_picked":["champ:BerserkerStyle","champ:Backstep"],"picked":"champ:FalseCounter","floor":14.0},{"not_picked":["champ:Devastate","champ:HoldFirm"],"picked":"champ:ShieldThrow","floor":16.0},{"not_picked":["champ:FlashCut","champ:Lariat"],"picked":"champ:SetATrap","floor":18.0},{"not_picked":["champ:PreciseThrust","champ:CrownThrow"],"picked":"champ:StanceDance","floor":19.0},{"not_picked":["champ:StanceDance","champ:Haymaker"],"picked":"champ:FocusedDefense+1","floor":21},{"not_picked":["champ:BerserkersShout+1","champ:CrownThrow"],"picked":"champ:ArenaPreparation+1","floor":25},{"not_picked":["champ:Shatter","champ:GladiatorStyle"],"picked":"champ:Circumvent","floor":28},{"not_picked":["champ:GutPunch","champ:BerserkersShout"],"picked":"champ:DefensiveShout+1","floor":29},{"not_picked":["champ:CrookedStrike","champ:ShieldSlam"],"picked":"champ:IronFortress+1","floor":31},{"not_picked":["champ:SwordThrow","champ:SteelEdge"],"picked":"champ:ShieldThrow","floor":33},{"not_picked":["champ:PreciseThrust+1","champ:BerserkerStyle","champ:BringItOn+1"],"picked":"SKIP","floor":35},{"not_picked":["champ:EndlessRage+1","champ:ViciousMockery","champ:BerserkersShout+1"],"picked":"SKIP","floor":38},{"not_picked":["champ:Endure+1","champ:Encircle+1"],"picked":"champ:CalledShot+1","floor":40},{"not_picked":["champ:EnGarde+1","champ:ShieldSigil+1"],"picked":"champ:StanceDance+1","floor":46},{"not_picked":["champ:ArenaPreparation+1","champ:BerserkersShout+1"],"picked":"champ:Circumvent+1","floor":47},{"not_picked":["champ:TornadoPunch","champ:BladeFlurry+1"],"picked":"champ:ViciousMockery+1","floor":48},{"not_picked":["champ:FocusedDefense+1","champ:Parry+1"],"picked":"champ:SwordSigil+1","floor":54}],"player_experience":1150615,"relics_obtained":[{"floor":8.0,"key":"Toy Ornithopter"},{"floor":11.0,"key":"Lantern"},{"floor":12.0,"key":"Nunchaku"},{"floor":14.0,"key":"Odd Mushroom"},{"floor":22,"key":"Necronomicon"},{"floor":26,"key":"bronze:DecasWashers"},{"floor":31,"key":"hexamod:BolsterEngine"},{"floor":40,"key":"Toxic Egg 2"},{"floor":43,"key":"bronze:BronzeIdol"},{"floor":44,"key":"Guardian:PocketSentry"},{"floor":49,"key":"Du-Vu Doll"},{"floor":52,"key":"Shuriken"},{"floor":54,"key":"Gremlin Horn"}],"event_choices":[{"damage_healed":0.0,"max_hp_gain":0.0,"max_hp_loss":0.0,"gold_gain":0.0,"event_name":"Mushrooms","player_choice":"Fought Mushrooms","floor":14.0,"gold_loss":0.0,"damage_taken":0.0},{"damage_healed":0,"gold_gain":0,"player_choice":"Obtained Book","damage_taken":16,"max_hp_gain":0,"max_hp_loss":0,"event_name":"Cursed Tome","floor":22,"gold_loss":0},{"damage_healed":0,"gold_gain":0,"player_choice":"Copied","damage_taken":0,"max_hp_gain":0,"max_hp_loss":0,"event_name":"Duplicator","floor":24,"gold_loss":0,"cards_obtained":["champ:ShieldThrow"]},{"damage_healed":0,"gold_gain":0,"player_choice":"Max HP","damage_taken":0,"max_hp_gain":0,"max_hp_loss":5,"event_name":"Winding Halls","floor":37,"gold_loss":0}],"is_beta":false,"boss_relics":[{"not_picked":["Pandora\u0027s Box","Cursed Key"],"picked":"champ:ChampionCrownUpgraded"},{"not_picked":["Philosopher\u0027s Stone","Runic Pyramid"],"picked":"Coffee Dripper"}],"items_purged_floors":[0],"is_endless":false,"potions_floor_spawned":[1,4,11,14,18,28,38,46,54],"killed_by":"The Heart","ascension_level":9}}