{"host":"63beink0jfv5ch5g","time":1614050838,"event":{"mods":["ATMod(°¢èªMod)","AchievementEnabler","Act Like it!","Aspiration","BaseMod","CapriCore","Conspire","Gensokyo","GungeonMod","Hallownest","Marisa£¨ìFÓê¡¡Ä§ÀíÉ³£©","Minty Spire (QoL Compilation)","MostiFishMod","Pale of the Ancients","Quick Restart","Reimu£¨²©ÀöÁéÃÎ£©","Replay The Spire","SOS£¨Ë¹°Í´ïÖ®×Ó£©","Shop Mod","StSLib","The Bug Knight","Waifu the Spire","óô»ðÖ¸ÄÏ"],"gold_per_floor":[119,119,119,169,99,99,130,130,130,142,142,92,42,52,52,150,150,163,0,0,20,20,49,49,80,151,151,170,170,205,221,221,320,320,337,337,351,351,363,383,383,383,406,439,439,439,449,467,159,159],"floor_reached":51,"language":"ZHS","playtime":2964,"items_purged":["Defend_Lin:ReiMu","Strike_Lin:ReiMu"],"score":1183,"play_id":"5e7f082c-ac70-4cd3-94dd-3628400f93d7","local_time":"20210223112718","is_ascension_mode":true,"campfire_choices":[{"data":"UniversalSpiritual:ReiMu","floor":6.0,"key":"SMITH"},{"floor":8.0,"key":"RECALL"},{"data":"AT_FamilyPortrait","floor":15.0,"key":"SMITH"},{"data":"PrayRite:ReiMu","floor":24.0,"key":"SMITH"},{"data":"SpreadBorder2:ReiMu","floor":29.0,"key":"SMITH"},{"data":"SpiritualOutbreak2:ReiMu","floor":29.0,"key":"SMITH"},{"data":"Stagnation:ReiMu","floor":32.0,"key":"SMITH"},{"data":"RainPray2:ReiMu","floor":32.0,"key":"SMITH"},{"data":"SubcavityFantasy:ReiMu","floor":41.0,"key":"SMITH"},{"data":"NB:ReiMu","floor":41.0,"key":"SMITH"},{"data":"RainPray2:ReiMu","floor":46.0,"key":"SMITH"},{"data":"RainPray2:ReiMu","floor":46.0,"key":"SMITH"}],"circlet_count":0,"master_deck":["Strike_Lin:ReiMu+1","NB:ReiMu+1","Stagnation:ReiMu+1","AT_FamilyPortrait+1","UniversalSpiritual:ReiMu+1","Amulet:ReiMu+1","RainPray2:ReiMu+1","RainPray2:ReiMu+1","RainPray2:ReiMu+1","PrayRite:ReiMu+1","RainPray2:ReiMu+1","SpiritualOutbreak2:ReiMu+1","SpreadBorder2:ReiMu+1","SubcavityFantasy:ReiMu+1","RainPray2:ReiMu+1","Gensokyo:MedicineKit","RainPray2:ReiMu","CollectionFlower2:ReiMu","AT_FamilyPortrait","FantasyBorder:ReiMu"],"relics":["FlyPower:ReiMu","DaveBox","AT_ATBox","CombinedTypeHook","NeowsBlessing","SynthV:TestCard","Smiling Mask","DemoMod:Orange","Gremlin Horn","Strawberry","FadedRune:ReiMu","DemoMod:MonsterBlood","Replay:Arrowhead","Ornamental Fan","Bow_fan:ReiMu","ChiXiaoBlade","AT_ArchangelStaff","AT_SpeedBoots"],"acts_visited":["Exordium","Gensokyo:Gensokyo","Gensokyo:Gensokyoer"],"potions_floor_usage":[],"damage_taken":[{"damage":0.0,"enemies":"Gensokyo:2_Kodama","floor":1.0,"turns":1.0},{"damage":0.0,"enemies":"Gensokyo:Cirno","floor":7.0,"turns":2.0},{"damage":0.0,"enemies":"Gensokyo:Python","floor":10.0,"turns":1.0},{"damage":0.0,"enemies":"Gensokyo:Gryphon","floor":14.0,"turns":3.0},{"damage":5.0,"enemies":"Gensokyo:Kokoro","floor":16.0,"turns":11.0},{"damage":0.0,"enemies":"Gensokyo:2_Gloops","floor":18.0,"turns":3.0},{"damage":0.0,"enemies":"Gensokyo:CosmicMonolith","floor":21.0,"turns":4.0},{"damage":0.0,"enemies":"Gensokyo:Tenshi","floor":23.0,"turns":7.0},{"damage":0.0,"enemies":"Gensokyo:Reisen","floor":25.0,"turns":4.0},{"damage":0.0,"enemies":"Gensokyo:Slime_Group","floor":28.0,"turns":3.0},{"damage":16.0,"enemies":"Gensokyo:Koishi","floor":30.0,"turns":7.0},{"damage":0.0,"enemies":"Gensokyo:Mirror_and_Dog","floor":31.0,"turns":2.0},{"damage":0.0,"enemies":"Gensokyo:Eiki","floor":33.0,"turns":11.0},{"damage":0.0,"enemies":"Gensokyo:3_Boulders","floor":35.0,"turns":3.0},{"damage":0.0,"enemies":"Gensokyo:3_Bats","floor":37.0,"turns":2.0},{"damage":0.0,"enemies":"Gensokyo:3_Boulders","floor":39.0,"turns":2.0},{"damage":0.0,"enemies":"Gensokyo:Rafflesia","floor":40.0,"turns":5.0},{"damage":0.0,"enemies":"Gensokyo:Kasen","floor":44.0,"turns":3.0},{"damage":0.0,"enemies":"Gensokyo:Sharpion","floor":47.0,"turns":3.0},{"damage":0.0,"enemies":"Gensokyo:4_Bats","floor":48.0,"turns":1.0},{"damage":47,"enemies":"Gensokyo:Scarlet_Devils","floor":50,"turns":7}],"seed_played":"-6814724697146990534","potions_obtained":[{"floor":7.0,"key":"Ancient Potion"},{"floor":18.0,"key":"Explosive Potion"},{"floor":30.0,"key":"Energy Potion"},{"floor":33.0,"key":"Strength Potion"},{"floor":37.0,"key":"ZuzhouPotion:ReiMu"},{"floor":39.0,"key":"Adrenaline Potion"},{"floor":47.0,"key":"GrandPatriotsElixir:ReiMu"}],"is_trial":false,"path_per_floor":["M","?","?","T","?","R","E","R","T","M","?","$","$","M","R","B",null,"M","?","?","M","$","E","R","E","T","?","M","R","E","M","R","B",null,"M","?","M","?","M","M","R","?","T","E","?","R","M","M","R","B",null],"character_chosen":"REIMU","items_purchased":["CollectionFlower2:ReiMu","AT_FamilyPortrait","FantasyBorder:ReiMu"],"campfire_rested":0,"item_purchase_floors":[49,49,49],"current_hp_per_floor":[59,33,33,33,33,33,45,45,45,45,42,42,42,42,42,37,72,72,72,72,72,72,79,79,79,79,85,85,85,69,69,69,69,81,81,85,85,85,86,86,86,86,86,86,86,86,86,86,86,39],"gold":159,"neow_bonus":"THREE_ENEMY_KILL","is_daily":false,"chose_seed":false,"campfire_upgraded":11,"win_rate":0.0,"timestamp":1614050838,"path_taken":["M","?","?","?","?","R","E","R","T","?","?","?","$","M","R","BOSS","M","?","?","M","$","E","R","E","T","?","M","R","E","?","R","BOSS","M","?","?","?","M","M","R","?","T","E","?","R","M","?","R","BOSS"],"items_purchased_type":["Card","Card","Card"],"build_version":"2020-12-22","purchased_purges":2,"victory":true,"max_hp_per_floor":[65,65,65,65,65,65,77,77,77,77,84,84,84,84,84,84,84,84,84,78,78,78,85,85,85,85,85,85,85,85,85,85,85,85,85,85,85,85,86,86,86,86,86,86,86,86,86,86,86,86],"card_choices":[{"not_picked":["RainPray2:ReiMu","Enchanting:ReiMu"],"picked":"UniversalSpiritual:ReiMu","floor":1.0},{"not_picked":["SafetyPray:ReiMu","MountainWay:ReiMu","SpringWay:ReiMu","YinYang:ReiMu"],"picked":"Amulet:ReiMu","floor":3.0},{"not_picked":["OrbThrow:ReiMu","YinYangSign:ReiMu","SpringWay:ReiMu","AlertArray:ReiMu"],"picked":"RainPray2:ReiMu","floor":3.0},{"not_picked":["BlastKick2:ReiMu","Conquer:ReiMu","YinYangSange:ReiMu","UpKicking:ReiMu"],"picked":"RainPray2:ReiMu","floor":7.0},{"not_picked":["KyokaiOfKami:ReiMu","BarrageOfMoneybags:ReiMu","EmergencyTakeOff:ReiMu","Meditation:ReiMu"],"picked":"RainPray2:ReiMu","floor":10.0},{"not_picked":["SafetyPray:ReiMu","Conquer:ReiMu","MikOfLucky:ReiMu","EmergencyTakeOff:ReiMu","SubcavityInstant:ReiMu"],"picked":"SKIP","floor":14.0},{"not_picked":["YinYang:ReiMu","OctopathSalyBorderN:ReiMu","HakureiPhantom:ReiMu","KamiRite:ReiMu"],"picked":"PrayRite:ReiMu","floor":16.0},{"not_picked":["WonderfulDomain:ReiMu","CareerPray:ReiMu+1","SpringWay:ReiMu","ForcedLanding:ReiMu"],"picked":"RainPray2:ReiMu","floor":18.0},{"not_picked":["SubcavityInstant:ReiMu","FantasyMoon:ReiMu","SpringWay:ReiMu+1","Amulet:ReiMu","Conquer:ReiMu"],"picked":"SKIP","floor":21.0},{"not_picked":["Dreaming:ReiMu","Enchanting:ReiMu","Intuition:ReiMu","Meditation:ReiMu+1"],"picked":"SpiritualOutbreak2:ReiMu","floor":23.0},{"not_picked":["CleanRite:ReiMu","Intuition:ReiMu","FantasyBorder:ReiMu+1","SubcavityInstant:ReiMu"],"picked":"SpreadBorder2:ReiMu","floor":25.0},{"not_picked":["SpringWay:ReiMu","AirStrike:ReiMu","SpiritualOutbreak2:ReiMu","SubAcupoint:ReiMu","CareerPray:ReiMu+1"],"picked":"SKIP","floor":28.0},{"not_picked":["PrepareRite:ReiMu","Conquer:ReiMu","CareerPray:ReiMu","YinYangSign:ReiMu","SubcavityInstant:ReiMu+1"],"picked":"SKIP","floor":30.0},{"not_picked":["Determination:ReiMu","KamiSacrifice:ReiMu","FantasyMoon:ReiMu+1","Conquer:ReiMu+1","SpringWay:ReiMu+1"],"picked":"SKIP","floor":31.0},{"not_picked":["Shading:ReiMu","KamiRite:ReiMu","Dreaming:ReiMu","OctopathSalyBorderN:ReiMu"],"picked":"SubcavityFantasy:ReiMu","floor":33.0},{"not_picked":["TightArray:ReiMu","OrbThrow:ReiMu+1","Shading:ReiMu","Intuition:ReiMu+1","SealNeedle:ReiMu+1"],"picked":"SKIP","floor":35.0},{"not_picked":["SpringWay:ReiMu+1","CareerPray:ReiMu+1","SubAcupoint:ReiMu+1","TightArray:ReiMu+1","Mountainwind:ReiMu+1"],"picked":"SKIP","floor":37.0},{"not_picked":["Meditation:ReiMu+1","FoulBorder2:ReiMu+1","Dreaming2:ReiMu","UniversalSpiritual:ReiMu"],"picked":"RainPray2:ReiMu","floor":39.0},{"not_picked":["Intuition:ReiMu+1","OrbThrow:ReiMu+1","KamiSacrifice:ReiMu+1","AirManeuver:ReiMu+1","Meditation:ReiMu"],"picked":"SKIP","floor":40.0},{"not_picked":["SpringWay:ReiMu+1","Enchanting:ReiMu+1","Conquer:ReiMu","TightArray:ReiMu","SubcavityInstant:ReiMu+1"],"picked":"SKIP","floor":44.0},{"not_picked":["FantasyMoon:ReiMu+1","Crusade:ReiMu","SafetyPray:ReiMu+1","Conquer:ReiMu","AirStrike:ReiMu"],"picked":"SKIP","floor":47.0},{"not_picked":["AlertArray:ReiMu+1","UpKicking:ReiMu+1","SubcavityInstant:ReiMu","PayForSelf:ReiMu"],"picked":"RainPray2:ReiMu","floor":48.0}],"player_experience":190193,"relics_obtained":[{"floor":1.0,"key":"SynthV:TestCard"},{"floor":4.0,"key":"Smiling Mask"},{"floor":7.0,"key":"DemoMod:Orange"},{"floor":9.0,"key":"Gremlin Horn"},{"floor":23.0,"key":"DemoMod:MonsterBlood"},{"floor":25.0,"key":"Replay:Arrowhead"},{"floor":26.0,"key":"Ornamental Fan"},{"floor":30.0,"key":"Bow_fan:ReiMu"},{"floor":43.0,"key":"AT_ArchangelStaff"},{"floor":44.0,"key":"AT_SpeedBoots"}],"event_choices":[],"is_beta":false,"boss_relics":[{"not_picked":["TimeKeys","ChewingGum","HereWithMe"]},{"not_picked":["conspire:SlowCooker","Busted Crown"],"picked":"ChiXiaoBlade"}],"items_purged_floors":[12,13],"is_endless":false,"potions_floor_spawned":[7,18,30,33,37,39,47],"ascension_level":6}}