{"host":"ev0u5pyx0moiq7pp","time":1614088417,"event":{"mods":["Act Like it!","BaseMod","CapriCore","Challenge The Spire","Colored Map","Colored Powertips","Custom Start","DeckTracker","Elementarium","Energized Spire","Hubris","Koishi","Luminous","Minty Spire (QoL Compilation)","Quick Restart","Random Character Button","Ruina","Shop Mod","StSLib","Synergy Search","The Bladedancer","The Bug Knight","The Hierophant","The Immortal","The Necromancer","The Runesmith"],"gold_per_floor":[116,116,116,116,216,216,230,257,257,257,286,41,75,75,75,75,75],"floor_reached":16,"language":"DEU","playtime":783,"items_purged":[],"score":174,"play_id":"065ea8f6-9c19-45b0-b572-464aa4eedd0e","local_time":"20210223145337","is_ascension_mode":true,"campfire_choices":[{"floor":6,"key":"RECALL"},{"data":"Bone_Shift","floor":10,"key":"SMITH"},{"floor":15,"key":"REST"}],"circlet_count":0,"master_deck":["Strike_W","Strike_W","Strike_W","Strike_W","Defend_W","Defend_W+1","Defend_W","Defend_W","Negative_Energy_Arrows","Bone_Wall+1","Spectral_Walk","Negative_Energy_Javelin","Bone_Shift+1","Spectral_Armor","Spectral_Armor","Negative_Energy_Burst","Bones_to_Steel","Parasite"],"relics":["Vampire_Amulet","NeowsBlessing","hubris:Icosahedron","hubris:CrystalStatue","The Courier","DollysMirror","hubris:SlimyHat"],"acts_visited":["Exordium"],"potions_floor_usage":[13,16],"damage_taken":[{"damage":0,"enemies":"Small Slimes","floor":1,"turns":1},{"damage":0,"enemies":"Jaw Worm","floor":7,"turns":1},{"damage":0,"enemies":"Lagavulin","floor":8,"turns":1},{"damage":35,"enemies":"3 Sentries","floor":11,"turns":13},{"damage":23,"enemies":"Gremlin Nob","floor":13,"turns":6},{"damage":54,"enemies":"Hexaghost","floor":16,"turns":21}],"seed_played":"7833745618045427288","potions_obtained":[{"floor":11,"key":"LiquidBronze"},{"floor":13,"key":"ColorlessPotion"}],"is_trial":false,"path_per_floor":["M","?","?","$","?","R","M","E","T","R","E","$","E","?","R","B"],"character_chosen":"NECROMANCER","items_purchased":["Spectral_Armor","DollysMirror","Negative_Energy_Burst"],"campfire_rested":1,"item_purchase_floors":[12,12,12],"current_hp_per_floor":[75,75,60,60,60,60,62,64,64,64,35,35,14,32,54,0,0],"gold":75,"neow_bonus":"THREE_ENEMY_KILL","is_daily":false,"chose_seed":false,"campfire_upgraded":1,"win_rate":0.0,"timestamp":1614088417,"path_taken":["M","?","?","?","?","R","?","E","T","R","E","$","E","?","R","BOSS"],"items_purchased_type":["Card","Relic","Card"],"build_version":"2020-12-22","purchased_purges":0,"victory":false,"max_hp_per_floor":[75,75,75,75,75,75,75,75,75,75,75,75,75,75,75,75,75],"card_choices":[{"not_picked":["Death_March_Dance","Death_Coil"],"picked":"Spectral_Walk","floor":1},{"not_picked":["Finger_Of_Death","Acid_Javelin"],"picked":"Negative_Energy_Javelin","floor":7},{"not_picked":["Bone_Spikes","Acid_Javelin"],"picked":"Bone_Shift","floor":8},{"not_picked":["Blood_Curse","Blood_Whip","Corrupt"],"picked":"SKIP","floor":11},{"not_picked":["Death_Coil","Thousand_Bone_Knives"],"picked":"Bones_to_Steel","floor":13}],"player_experience":576241,"relics_obtained":[{"floor":8,"key":"hubris:CrystalStatue"},{"floor":11,"key":"The Courier"},{"floor":13,"key":"hubris:SlimyHat"}],"event_choices":[{"damage_healed":0,"gold_gain":0,"player_choice":"Entered Light","damage_taken":15,"max_hp_gain":0,"max_hp_loss":0,"event_name":"Shining Light","floor":3,"gold_loss":0,"cards_upgraded":["Bone_Wall","Defend_W"]},{"damage_healed":0,"gold_gain":100,"player_choice":"Gold","damage_taken":0,"max_hp_gain":0,"max_hp_loss":0,"event_name":"Wheel of Change","floor":5,"gold_loss":0},{"damage_healed":18,"gold_gain":0,"player_choice":"Healed and dodged fight","damage_taken":0,"max_hp_gain":0,"max_hp_loss":0,"event_name":"Mushrooms","floor":14,"gold_loss":0,"cards_obtained":["Parasite"]}],"is_beta":false,"boss_relics":[],"items_purged_floors":[],"is_endless":false,"potions_floor_spawned":[11,13],"killed_by":"Hexaghost","ascension_level":5}}