{"host":"wqwfknj40rilnol1","time":1614098877,"event":{"mods":["AchievementEnabler","Aspiration","BaseMod","BetterRewards","Block Reminder","Colored Map","Conspire","Highlight Path","Hubris","Minty Spire (QoL Compilation)","Permanent Neow","Quick Restart","Relic Stats","Replay The Spire","Shop Mod","StSLib","The Cursed"],"gold_per_floor":[110,125,125,139,139,139,171,171,171,171,171,206,206,220,220,317,317,334,259,59,59,59,59,73,98,98,98,110,127,140,140,140,243,243,257,306,40,52,52,52,52,52],"floor_reached":41,"language":"ENG","playtime":1538,"items_purged":["Fasting2"],"score":437,"play_id":"e77a3e71-c574-47cd-a8b1-7f48ccde85db","local_time":"20210223174757","is_ascension_mode":true,"campfire_choices":[{"data":"Replay:DivineShield","floor":6,"key":"SMITH"},{"data":"Omniscience","floor":8,"key":"SMITH"},{"data":"WindmillStrike","floor":13,"key":"SMITH"},{"floor":15,"key":"REST"},{"data":"Ragnarok","floor":23,"key":"SMITH"},{"data":"Fasting2","floor":27,"key":"SMITH"},{"data":"Strike_P","floor":32,"key":"PURGE"}],"circlet_count":0,"master_deck":["Strike_P+1","Strike_P","Defend_P","Defend_P","Defend_P","Defend_P","Eruption+1","Vigilance","Replay:DivineShield+1","Conclude","Evaluate","Omniscience+1","WindmillStrike+1","Ragnarok+1","Wallop","Fasting2+1","Replay:DivineShield+1","Replay:Battleflow+1","Replay:AtTheReady","FlurryOfBlows","Flame Barrier","CutThroughFate+1","Halt","hubris:EnhanceAbility","Discovery","Fasting2"],"relics":["conspire:SpecialSausage","ReplayTheSpireMod:Ring of Exchange","Bottled Flame","Replay:Bottled Flurry","Spirit Poop","Gremlin Food","conspire:RoyalGoblet","aspiration:Lifesprig","Blue Candle","hubris:GrandSneckoEye","Gremlin Horn"],"acts_visited":["Exordium","TheCity","TheBeyond"],"potions_floor_usage":[12,25,25,30,33,33],"damage_taken":[{"damage":0,"enemies":"Cultist","floor":1,"turns":2},{"damage":0,"enemies":"Small Slimes","floor":2,"turns":3},{"damage":0,"enemies":"2 Louse","floor":4,"turns":1},{"damage":16,"enemies":"Gremlin Nob","floor":7,"turns":3},{"damage":26,"enemies":"Lagavulin","floor":12,"turns":5},{"damage":0,"enemies":"Exordium Thugs","floor":14,"turns":2},{"damage":22,"enemies":"Slime Boss","floor":16,"turns":6},{"damage":0,"enemies":"Spheric Guardian","floor":18,"turns":1},{"damage":0,"enemies":"Chosen","floor":24,"turns":3},{"damage":14,"enemies":"Slavers","floor":25,"turns":2},{"damage":0,"enemies":"Centurion and Healer","floor":28,"turns":1},{"damage":2,"enemies":"Sentry and Sphere","floor":29,"turns":3},{"damage":9,"enemies":"Chosen and Byrds","floor":30,"turns":5},{"damage":13,"enemies":"conspire:MysteriousRune","floor":33,"turns":4},{"damage":20,"enemies":"3 Shapes","floor":35,"turns":4},{"damage":0,"enemies":"3 Darklings","floor":38,"turns":1},{"damage":24,"enemies":"Maw","floor":41,"turns":4}],"seed_played":"-6045943869017490124","potions_obtained":[{"floor":1,"key":"Strength Potion"},{"floor":4,"key":"StancePotion"},{"floor":14,"key":"Flashbang"},{"floor":24,"key":"Adrenaline Potion"},{"floor":28,"key":"EssenceOfSteel"},{"floor":30,"key":"Block Potion"},{"floor":33,"key":"Explosive Potion"},{"floor":36,"key":"SneckoOil"},{"floor":38,"key":"BlessingOfTheForge"}],"is_trial":false,"path_per_floor":["M","M","?","M","?","R","E","R","T","$","?","E","R","M","R","B",null,"M","?","$","?","?","R","M","E","T","R","M","M","M","?","R_BF","B",null,"M","?","$","M","PTL","PTL","M"],"character_chosen":"WATCHER","items_purchased":["Wallop","Fasting2","hubris:EnhanceAbility","Discovery"],"campfire_rested":1,"item_purchase_floors":[20,20,37,37],"current_hp_per_floor":[72,72,72,72,72,72,56,56,56,56,56,30,30,30,51,29,72,72,72,72,72,72,72,72,58,58,58,58,56,47,47,47,34,72,52,24,24,24,24,24,0,0],"gold":52,"neow_bonus":"BOSS_RELIC","is_daily":false,"chose_seed":false,"campfire_upgraded":5,"win_rate":0.0,"timestamp":1614098877,"path_taken":["M","?","?","M","?","R","E","R","T","$","?","E","R","M","R","BOSS","M","?","$","?","?","R","M","E","T","R","?","M","M","?","R_BF","BOSS","M","?","$","M","PTL","PTL","M"],"items_purchased_type":["Card","Card","Card","Card"],"build_version":"2020-12-22","purchased_purges":1,"victory":false,"max_hp_per_floor":[72,72,72,72,72,72,72,72,72,72,72,72,72,72,72,72,72,72,72,72,72,72,72,72,72,72,72,72,72,72,72,72,72,72,72,72,72,72,72,72,72,72],"relic_stats":{"Gremlin Horn":[0,0],"counters":[17,50],"Blue Candle":[0],"obtain_stats":[{"Gremlin Food":12,"ReplayTheSpireMod:Ring of Exchange":3,"Bottled Flame":7,"aspiration:Lifesprig":25,"conspire:RoyalGoblet":17,"Gremlin Horn":36,"Blue Candle":26,"Spirit Poop":11,"conspire:SpecialSausage":0,"Replay:Bottled Flurry":9,"hubris:GrandSneckoEye":34,"PureWater":0},{"Gremlin Food":5,"ReplayTheSpireMod:Ring of Exchange":2,"Bottled Flame":4,"aspiration:Lifesprig":10,"conspire:RoyalGoblet":7,"Gremlin Horn":15,"Blue Candle":10,"Spirit Poop":4,"conspire:SpecialSausage":0,"Replay:Bottled Flurry":4,"hubris:GrandSneckoEye":14,"PureWater":0},{"Gremlin Food":14,"ReplayTheSpireMod:Ring of Exchange":5,"Bottled Flame":9,"aspiration:Lifesprig":28,"conspire:RoyalGoblet":22,"Gremlin Horn":45,"Blue Candle":28,"Spirit Poop":9,"conspire:SpecialSausage":0,"Replay:Bottled Flurry":9,"hubris:GrandSneckoEye":41,"PureWater":0}]},"card_choices":[{"not_picked":["Weave","Replay:ManipulateFuture"],"picked":"Replay:DivineShield","floor":1},{"not_picked":["JustLucky","Indignation"],"picked":"Conclude","floor":2},{"not_picked":["FollowUp","ReachHeaven"],"picked":"Evaluate","floor":4},{"not_picked":["EmptyFist","InnerPeace"],"picked":"Omniscience","floor":7},{"not_picked":["Replay:Hum","TalkToTheHand"],"picked":"WindmillStrike","floor":12},{"not_picked":["WheelKick","Consecrate","Evaluate"],"picked":"SKIP","floor":14},{"not_picked":["Scrawl","Replay:AllIn"],"picked":"Ragnarok","floor":16},{"not_picked":["PathToVictory+1","JustLucky","SashWhip"],"picked":"SKIP","floor":18},{"not_picked":["Prostrate","BowlingBash","CrushJoints"],"picked":"SKIP","floor":24},{"not_picked":["Evaluate","FlyingSleeves"],"picked":"Replay:Battleflow+1","floor":25},{"not_picked":["Judgement","Meditate","Evaluate"],"picked":"SKIP","floor":28},{"not_picked":["WreathOfFlame","Replay:ManipulateFuture+1"],"picked":"Replay:AtTheReady","floor":29},{"not_picked":["JustLucky","SandsOfTime"],"picked":"FlurryOfBlows","floor":30},{"not_picked":["JustLucky+1","Prostrate"],"picked":"CutThroughFate+1","floor":35},{"not_picked":["ThirdEye","SandsOfTime+1"],"picked":"Halt","floor":36},{"not_picked":["SashWhip+1","Halt"],"picked":"Fasting2","floor":38}],"player_experience":315190,"relics_obtained":[{"floor":3,"key":"ReplayTheSpireMod:Ring of Exchange"},{"floor":7,"key":"Bottled Flame"},{"floor":9,"key":"Replay:Bottled Flurry"},{"floor":12,"key":"Gremlin Food"},{"floor":25,"key":"aspiration:Lifesprig"},{"floor":26,"key":"Blue Candle"},{"floor":36,"key":"Gremlin Horn"}],"event_choices":[{"damage_healed":0,"gold_gain":0,"player_choice":"Grow","damage_taken":0,"max_hp_gain":0,"max_hp_loss":0,"event_name":"Living Wall","floor":5,"gold_loss":0,"cards_upgraded":["Eruption"]},{"cards_removed":["TheCursedMod:Dregs"],"damage_healed":0,"gold_gain":0,"player_choice":"Offered Curse","damage_taken":0,"relics_obtained":["Spirit Poop"],"max_hp_gain":0,"max_hp_loss":0,"event_name":"Bonfire Elementals","floor":11,"gold_loss":0},{"cards_removed":["Strike_P"],"damage_healed":0,"gold_gain":0,"player_choice":"Gave Gold","damage_taken":0,"max_hp_gain":0,"max_hp_loss":0,"event_name":"Beggar","floor":19,"gold_loss":75},{"damage_healed":0,"gold_gain":0,"player_choice":"Leave","damage_taken":0,"max_hp_gain":0,"max_hp_loss":0,"event_name":"conspire:Investor","floor":21,"gold_loss":0},{"damage_healed":0,"gold_gain":0,"player_choice":"Copied","damage_taken":0,"max_hp_gain":0,"max_hp_loss":0,"event_name":"Duplicator","floor":22,"gold_loss":0,"cards_obtained":["Replay:DivineShield"]},{"damage_healed":0,"gold_gain":0,"player_choice":"Read","damage_taken":0,"max_hp_gain":0,"max_hp_loss":0,"event_name":"The Library","floor":31,"gold_loss":0,"cards_obtained":["Flame Barrier"]}],"is_beta":false,"boss_relics":[{"not_picked":["hubris:EmptyBottle","conspire:RunicOctahedron"],"picked":"conspire:RoyalGoblet"},{"not_picked":["Pandora\u0027s Box","VioletLotus"],"picked":"hubris:GrandSneckoEye"}],"items_purged_floors":[20],"is_endless":false,"potions_floor_spawned":[1,4,14,24,28,30,33,38],"killed_by":"Maw","ascension_level":1}}