{"host":"pu1pmxeu7vyxsds8","time":1614106705,"event":{"mods":["Act Like it!","BaseMod","Block Reminder","Minty Spire (QoL Compilation)","Permanent Neow","Quick Restart","Relic Stats"],"gold_per_floor":[114,125,142,142,92,127,127,156,156,156,68,79,107,67,67,168,168,181,181,194,194,209,209,244,244,244,255,283,300,300,300],"floor_reached":30,"language":"SPA","playtime":1497,"items_purged":[],"score":360,"play_id":"cc8cb363-b3f4-45cb-bb7a-4c7603b5a9d6","local_time":"20210223155825","is_ascension_mode":true,"campfire_choices":[{"data":"Blade Dance","floor":7.0,"key":"SMITH"},{"floor":10.0,"key":"REST"},{"data":"Calculated Gamble","floor":15.0,"key":"SMITH"},{"data":"Prepared","floor":23.0,"key":"SMITH"},{"data":"Prepared","floor":25.0,"key":"SMITH"}],"circlet_count":0,"master_deck":["Strike_G","Strike_G","Defend_G","Defend_G","Defend_G","Defend_G","Defend_G","Survivor","Neutralize","Noxious Fumes","Dagger Throw","Blade Dance+1","Underhanded Strike","Prepared+1","Dagger Throw+1","Eviscerate+1","Prepared+1","Calculated Gamble+1","Unload+1","Backstab+1","Eviscerate+1","Tactician","Distraction+1","PiercingWail","Dagger Spray+1"],"relics":["HoveringKite","Nunchaku","Molten Egg 2","Dream Catcher","Thread and Needle","Lantern","SlaversCollar","Paper Crane","Pen Nib","Bag of Preparation"],"acts_visited":["Exordium","TheCity"],"potions_floor_usage":[30,30],"damage_taken":[{"damage":1.0,"enemies":"Jaw Worm","floor":1.0,"turns":4.0},{"damage":4.0,"enemies":"Small Slimes","floor":2.0,"turns":3.0},{"damage":6.0,"enemies":"Cultist","floor":3.0,"turns":4.0},{"damage":24.0,"enemies":"Gremlin Nob","floor":6.0,"turns":5.0},{"damage":9.0,"enemies":"3 Sentries","floor":8.0,"turns":7.0},{"damage":4.0,"enemies":"Blue Slaver","floor":12.0,"turns":3.0},{"damage":0.0,"enemies":"Gremlin Nob","floor":13.0,"turns":3.0},{"damage":3.0,"enemies":"Slime Boss","floor":16.0,"turns":6.0},{"damage":2.0,"enemies":"3 Byrds","floor":18.0,"turns":5.0},{"damage":9.0,"enemies":"2 Thieves","floor":20.0,"turns":4.0},{"damage":9.0,"enemies":"Snecko","floor":22.0,"turns":3.0},{"damage":28.0,"enemies":"Book of Stabbing","floor":24.0,"turns":5.0},{"damage":0.0,"enemies":"Chosen and Byrds","floor":27.0,"turns":4.0},{"damage":17.0,"enemies":"Slavers","floor":28.0,"turns":4.0},{"damage":0.0,"enemies":"Sentry and Sphere","floor":29.0,"turns":3.0},{"damage":10,"enemies":"Book of Stabbing","floor":30,"turns":1}],"seed_played":"-8045369996745210286","potions_obtained":[{"floor":1.0,"key":"BlessingOfTheForge"},{"floor":6.0,"key":"Block Potion"},{"floor":12.0,"key":"Weak Potion"},{"floor":13.0,"key":"PowerPotion"},{"floor":27.0,"key":"CunningPotion"},{"floor":29.0,"key":"Regen Potion"}],"is_trial":false,"path_per_floor":["M","M","M","?","?","E","R","E","T","R","?","M","E","$","R","B",null,"M","?","M","?","M","R","E","R","T","M","E","M","E"],"character_chosen":"THE_SILENT","items_purchased":["Calculated Gamble"],"campfire_rested":1,"item_purchase_floors":[14],"current_hp_per_floor":[69,65,59,59,59,35,35,26,26,47,47,43,43,43,43,40,70,68,68,59,59,50,50,22,22,22,22,5,5,0,0],"gold":300,"neow_bonus":"BOSS_RELIC","is_daily":false,"chose_seed":false,"campfire_upgraded":4,"win_rate":0.0,"timestamp":1614106705,"path_taken":["M","M","M","?","?","E","R","E","T","R","?","?","E","$","R","BOSS","M","?","M","?","?","R","E","R","T","M","E","M","E"],"items_purchased_type":["Card"],"build_version":"2020-12-22","purchased_purges":0,"victory":false,"max_hp_per_floor":[70,70,70,70,70,70,70,70,70,70,70,70,70,70,70,70,70,70,70,70,70,70,70,70,70,70,70,70,70,70,70],"relic_stats":{"Nunchaku":[15],"Dream Catcher":1,"counters":[16,64],"HoveringKite":[39],"Pen Nib":[4],"Bag of Preparation":[4],"obtain_stats":[{"SlaversCollar":17,"Nunchaku":6,"Dream Catcher":9,"Lantern":13,"HoveringKite":0,"Molten Egg 2":8,"Thread and Needle":11,"Pen Nib":26,"Bag of Preparation":28,"Paper Crane":24,"Ring of the Snake":0},{"SlaversCollar":8,"Nunchaku":4,"Dream Catcher":5,"Lantern":7,"HoveringKite":0,"Molten Egg 2":5,"Thread and Needle":5,"Pen Nib":12,"Bag of Preparation":14,"Paper Crane":12,"Ring of the Snake":0},{"SlaversCollar":35,"Nunchaku":16,"Dream Catcher":23,"Lantern":29,"HoveringKite":0,"Molten Egg 2":23,"Thread and Needle":23,"Pen Nib":52,"Bag of Preparation":60,"Paper Crane":52,"Ring of the Snake":0}]},"card_choices":[{"not_picked":["Catalyst","Backflip"],"picked":"Noxious Fumes","floor":1.0},{"not_picked":["Dodge and Roll","Endless Agony"],"picked":"Dagger Throw","floor":2.0},{"not_picked":["Slice","Deflect"],"picked":"Blade Dance","floor":3.0},{"not_picked":["Dagger Spray","Quick Slash"],"picked":"Underhanded Strike","floor":6.0},{"not_picked":["Endless Agony+1","Catalyst"],"picked":"Prepared","floor":8.0},{"not_picked":["Deadly Poison","Adrenaline"],"picked":"Dagger Throw+1","floor":10.0},{"not_picked":["Cloak And Dagger","Backflip"],"picked":"Eviscerate+1","floor":12.0},{"not_picked":["Deflect","Acrobatics"],"picked":"Prepared","floor":13.0},{"not_picked":["Bullet Time","Die Die Die+1"],"picked":"Unload+1","floor":16.0},{"not_picked":["Finisher+1","Poisoned Stab+1"],"picked":"Backstab+1","floor":18.0},{"not_picked":["PiercingWail","Dodge and Roll"],"picked":"Eviscerate+1","floor":20.0},{"not_picked":["Expertise","Deflect"],"picked":"Tactician","floor":22.0},{"not_picked":["Deadly Poison","Night Terror"],"picked":"Distraction+1","floor":24.0},{"not_picked":["Poisoned Stab+1","Sucker Punch+1","Flying Knee+1"],"picked":"SKIP","floor":27.0},{"not_picked":["Poisoned Stab+1","Terror+1"],"picked":"PiercingWail","floor":28.0},{"not_picked":["Crippling Poison","Slice+1"],"picked":"Dagger Spray+1","floor":29.0}],"player_experience":52505,"relics_obtained":[{"floor":6.0,"key":"Nunchaku"},{"floor":8.0,"key":"Molten Egg 2"},{"floor":9.0,"key":"Dream Catcher"},{"floor":13.0,"key":"Lantern"},{"floor":24.0,"key":"Paper Crane"},{"floor":26.0,"key":"Pen Nib"},{"floor":28.0,"key":"Bag of Preparation"}],"event_choices":[{"cards_removed":["Strike_G"],"damage_healed":0.0,"max_hp_gain":0.0,"max_hp_loss":0.0,"gold_gain":0.0,"event_name":"Living Wall","player_choice":"Forget","floor":4.0,"gold_loss":0.0,"damage_taken":0.0},{"cards_removed":["Strike_G"],"damage_healed":0.0,"max_hp_gain":0.0,"max_hp_loss":0.0,"gold_gain":0.0,"event_name":"The Cleric","player_choice":"Card Removal","floor":5.0,"gold_loss":50.0,"damage_taken":0.0},{"damage_healed":0.0,"max_hp_gain":0.0,"max_hp_loss":0.0,"gold_gain":0.0,"event_name":"WeMeetAgain","player_choice":"Paid Gold","floor":11.0,"gold_loss":88.0,"damage_taken":0.0,"relics_obtained":["Thread and Needle"]},{"damage_healed":0.0,"max_hp_gain":0.0,"max_hp_loss":0.0,"gold_gain":0.0,"event_name":"Ghosts","player_choice":"Ignored","floor":19.0,"gold_loss":0.0,"damage_taken":0.0},{"cards_removed":["Strike_G"],"damage_healed":0.0,"max_hp_gain":0.0,"max_hp_loss":0.0,"gold_gain":0.0,"event_name":"Back to Basics","player_choice":"Elegance","floor":21.0,"gold_loss":0.0,"damage_taken":0.0}],"is_beta":false,"boss_relics":[{"not_picked":["SacredBark","WristBlade"],"picked":"SlaversCollar"}],"items_purged_floors":[],"is_endless":false,"potions_floor_spawned":[1,6,12,13,27,29],"killed_by":"Book of Stabbing","ascension_level":3}}