{"host":"mp4nw1ahnxiisuiw","time":1614102745,"event":{"mods":["AchievementEnabler","BaseMod","Better Note","Block Reminder","Colored Map","Colored Powertips","Curses Come First","DeckTracker","Dio Mod","Hero for Fun","Highlight Path","Koishi","Marisa????????","Minty Spire (QoL Compilation)","Permanent Neow","Quick Restart","Rare Cards Sparkle","Relic Sorter","Relic Stats","Remilia??????","Small Relic Pack","Spikes Relics","StSLib","Td1madao Mod","The Animator","The Bug Knight","Waifu the Spire"],"gold_per_floor":[113,113,133,145,145,2,2,34,34,34,61,61,77,90,90,186,186,202,215,215,195,195,195],"floor_reached":22,"language":"ENG","playtime":683,"items_purged":[],"score":194,"play_id":"8953349c-cf7f-48ff-98a8-642ba9f04ccd","local_time":"20210223185225","is_ascension_mode":false,"campfire_choices":[{"floor":10,"key":"RECALL"},{"floor":12,"key":"REST"},{"floor":15,"key":"REST"}],"circlet_count":0,"master_deck":["Strike_B","Strike_B","Strike_B","Strike_B","Defend_B","Defend_B","Defend_B","Zap","Dualcast","Sweeping Beam","Steam","DiskWipe","Redo","Cold Snap","Heatsinks"],"relics":["Busted Crown","SpikesRelics:DaevaFist","relicPack:DSword","Eternal Feather","Tiny Chest","Singing Bowl","Inserter"],"acts_visited":["Exordium","TheCity"],"potions_floor_usage":[11,16,16,22],"damage_taken":[{"damage":3,"enemies":"2 Louse","floor":1,"turns":2},{"damage":4,"enemies":"Cultist","floor":3,"turns":4},{"damage":11,"enemies":"Jaw Worm","floor":4,"turns":2},{"damage":11,"enemies":"Lagavulin","floor":8,"turns":5},{"damage":14,"enemies":"Gremlin Nob","floor":11,"turns":4},{"damage":7,"enemies":"3 Louse","floor":13,"turns":3},{"damage":8,"enemies":"Red Slaver","floor":14,"turns":3},{"damage":23,"enemies":"The Guardian","floor":16,"turns":9},{"damage":34,"enemies":"3 Byrds","floor":18,"turns":5},{"damage":28,"enemies":"2 Thieves","floor":19,"turns":5},{"damage":22,"enemies":"Snake Plant","floor":22,"turns":4}],"seed_played":"-4985382990507360612","potions_obtained":[{"floor":4,"key":"Block Potion"},{"floor":11,"key":"Explosive Potion"},{"floor":14,"key":"PotionOfCapacity"},{"floor":21,"key":"Swift Potion"}],"is_trial":false,"path_per_floor":["M","?","M","M","?","$","?","E","T","R","E","R","M","M","R","B",null,"M","M","?","?","M"],"character_chosen":"DEFECT","items_purchased":["SpikesRelics:DaevaFist"],"campfire_rested":2,"item_purchase_floors":[6],"current_hp_per_floor":[72,72,68,57,75,75,40,29,29,35,23,52,45,37,66,45,79,45,19,19,19,0,0],"gold":195,"neow_bonus":"BOSS_RELIC","is_daily":false,"chose_seed":false,"campfire_upgraded":0,"win_rate":0.0,"timestamp":1614102745,"path_taken":["M","?","?","M","?","$","?","E","T","R","E","R","M","M","R","BOSS","M","M","?","?","M"],"items_purchased_type":["Relic"],"build_version":"2020-12-22","purchased_purges":0,"victory":false,"max_hp_per_floor":[75,75,75,75,75,75,75,75,75,75,77,77,77,77,77,79,79,79,81,81,81,81,81],"relic_stats":{"Busted Crown":20,"Inserter":[7],"Singing Bowl":6,"counters":[11,46],"Eternal Feather":18,"Tiny Chest":0,"obtain_stats":[{"Busted Crown":0,"relicPack:DSword":7,"Inserter":17,"Singing Bowl":11,"Eternal Feather":8,"Tiny Chest":9,"SpikesRelics:DaevaFist":6,"Cracked Core":0},{"Busted Crown":0,"relicPack:DSword":3,"Inserter":8,"Singing Bowl":5,"Eternal Feather":4,"Tiny Chest":4,"SpikesRelics:DaevaFist":3,"Cracked Core":0},{"Busted Crown":0,"relicPack:DSword":8,"Inserter":32,"Singing Bowl":17,"Eternal Feather":13,"Tiny Chest":13,"SpikesRelics:DaevaFist":8,"Cracked Core":0}]},"card_choices":[{"not_picked":[],"picked":"Sweeping Beam","floor":1},{"not_picked":["Steam Power"],"picked":"SKIP","floor":3},{"not_picked":[],"picked":"Steam","floor":4},{"not_picked":[],"picked":"DiskWipe","floor":8},{"not_picked":["Ball Lightning"],"picked":"Singing Bowl","floor":11},{"not_picked":[],"picked":"Redo","floor":13},{"not_picked":[],"picked":"Cold Snap","floor":14},{"not_picked":["Rainbow"],"picked":"Singing Bowl","floor":16},{"not_picked":[],"picked":"Heatsinks","floor":18},{"not_picked":["RefreshScreen"],"picked":"Singing Bowl","floor":19}],"player_experience":108725,"relics_obtained":[{"floor":8,"key":"Eternal Feather"},{"floor":9,"key":"Tiny Chest"},{"floor":11,"key":"Singing Bowl"}],"event_choices":[{"cards_removed":["Defend_B"],"damage_healed":0,"gold_gain":0,"player_choice":"Purged","damage_taken":0,"max_hp_gain":0,"max_hp_loss":0,"event_name":"Purifier","floor":2,"gold_loss":0},{"damage_healed":25,"gold_gain":0,"player_choice":"Banana","damage_taken":0,"max_hp_gain":0,"max_hp_loss":0,"event_name":"Big Fish","floor":5,"gold_loss":0},{"cards_removed":["Heatsinks"],"damage_healed":0,"gold_gain":0,"player_choice":"Give","damage_taken":0,"max_hp_gain":0,"max_hp_loss":0,"event_name":"betterNote:BetterNote","floor":20,"gold_loss":0,"cards_obtained":["Ignore"]},{"damage_healed":0,"gold_gain":0,"player_choice":"Bought 1 Potion","damage_taken":0,"max_hp_gain":0,"max_hp_loss":0,"event_name":"The Woman in Blue","floor":21,"gold_loss":0}],"is_beta":false,"boss_relics":[{"not_picked":["Calling Bell","SacredBark"],"picked":"Inserter"}],"items_purged_floors":[],"is_endless":false,"potions_floor_spawned":[4,11,14],"killed_by":"Snake Plant","ascension_level":0}}