{"host":"m4gb89kpcfic7v2a","time":1614067801,"event":{"mods":["BaseMod","BetterRewards","Downfall","Minty Spire (QoL Compilation)","Reliquary","StSLib"],"gold_per_floor":[110,127,141,154,119,119,154,169,169,180,194,194,52,71,71,175,175,195,195,206,219,219,219],"floor_reached":22,"language":"ENG","playtime":1869,"items_purged":[],"score":321,"play_id":"b0396690-e358-4c68-b8f7-3d2030345e6f","local_time":"20210223011001","is_ascension_mode":true,"campfire_choices":[{"data":"SashWhip","floor":6,"key":"SMITH"},{"data":"Eruption","floor":12,"key":"SMITH"},{"floor":15,"key":"REST"}],"circlet_count":0,"master_deck":["Strike_P+1","Strike_P","Strike_P","Strike_P","Defend_P","Defend_P","Defend_P","Defend_P","Eruption+1","Vigilance","Wireheading","SashWhip+1","Consecrate","FlurryOfBlows","MentalFortress","Nirvana","BattleHymn","LessonLearned+1","Wireheading","Judgement+1","FlurryOfBlows","Pray+1"],"relics":["HolyWater","Lee\u0027s Waffle","Sundial"],"acts_visited":["Exordium","TheCity"],"potions_floor_usage":[21],"damage_taken":[{"damage":0,"enemies":"2 Louse","floor":1,"turns":2},{"damage":21,"enemies":"Jaw Worm","floor":2,"turns":4},{"damage":5,"enemies":"Cultist","floor":3,"turns":5},{"damage":11,"enemies":"2 Fungi Beasts","floor":4,"turns":4},{"damage":14,"enemies":"Gremlin Nob","floor":7,"turns":4},{"damage":3,"enemies":"3 Louse","floor":8,"turns":3},{"damage":9,"enemies":"Blue Slaver","floor":10,"turns":5},{"damage":7,"enemies":"Exordium Thugs","floor":11,"turns":4},{"damage":6,"enemies":"Looter","floor":14,"turns":2},{"damage":39,"enemies":"The Guardian","floor":16,"turns":10},{"damage":29,"enemies":"2 Thieves","floor":18,"turns":3},{"damage":17,"enemies":"3 Byrds","floor":20,"turns":5},{"damage":28,"enemies":"Snecko","floor":21,"turns":6},{"damage":12,"enemies":"Sentry and Sphere","floor":22,"turns":2}],"seed_played":"210288319452244150","potions_obtained":[{"floor":1,"key":"hexamod:SoulburnPotion"},{"floor":3,"key":"champ:CounterPotion"},{"floor":7,"key":"BlessingOfTheForge"},{"floor":21,"key":"CultistPotion"}],"is_trial":false,"path_per_floor":["M","M","M","M","?","R","E","M","T","M","M","R","$","M","R","B",null,"M","?","M","M","M"],"character_chosen":"WATCHER","items_purchased":["Lee\u0027s Waffle","Wireheading","SashWhip","LessonLearned","Wireheading"],"campfire_rested":1,"item_purchase_floors":[0,0,0,13,13],"current_hp_per_floor":[79,58,53,42,61,61,47,44,44,35,28,28,28,22,45,6,79,50,50,33,5,0,0],"gold":219,"neow_bonus":"","is_daily":false,"chose_seed":false,"campfire_upgraded":2,"win_rate":0.0,"timestamp":1614067801,"path_taken":["M","M","M","M","?","R","E","M","T","M","M","R","$","M","R","BOSS","M","?","M","M","?"],"items_purchased_type":["Relic","Card","Card","Card","Card"],"build_version":"2020-12-22","purchased_purges":0,"victory":false,"max_hp_per_floor":[79,79,79,79,79,79,79,79,79,79,79,79,79,79,79,79,79,79,79,79,79,79,79],"card_choices":[{"not_picked":["Swivel","ThirdEye","Vengeance"],"picked":"SKIP","floor":1},{"not_picked":["BowlingBash","Wallop","DeceiveReality"],"picked":"SKIP","floor":2},{"not_picked":["Halt","Protect"],"picked":"Consecrate","floor":3},{"not_picked":["PathToVictory","Worship"],"picked":"FlurryOfBlows","floor":4},{"not_picked":["EmptyBody","Meditate","DeceiveReality"],"picked":"SKIP","floor":7},{"not_picked":["ClearTheMind","CrushJoints"],"picked":"MentalFortress","floor":8},{"not_picked":["LikeWater","Conclude"],"picked":"Nirvana","floor":10},{"not_picked":["Wallop","ClearTheMind"],"picked":"BattleHymn","floor":11},{"not_picked":["SpiritShield","Crescendo","FollowUp"],"picked":"SKIP","floor":14},{"not_picked":["LessonLearned","Wish"],"picked":"Judgement","floor":16},{"not_picked":["Consecrate","Evaluate"],"picked":"FlurryOfBlows","floor":18},{"not_picked":["SignatureMove","Crescendo"],"picked":"Pray+1","floor":20},{"not_picked":["EmptyFist+1","Meditate","PathToVictory"],"picked":"SKIP","floor":21}],"player_experience":233612,"relics_obtained":[{"floor":7,"key":"Sundial"}],"event_choices":[{"damage_healed":19,"gold_gain":0,"player_choice":"Healed","damage_taken":0,"max_hp_gain":0,"max_hp_loss":0,"event_name":"The Cleric","floor":5,"gold_loss":35},{"damage_healed":0,"gold_gain":0,"player_choice":"Forge","damage_taken":0,"max_hp_gain":0,"max_hp_loss":0,"event_name":"Accursed Blacksmith","floor":19,"gold_loss":0,"cards_upgraded":["Judgement"]}],"is_beta":false,"boss_relics":[{"not_picked":["Runic Dome","Snecko Eye"],"picked":"HolyWater"}],"items_purged_floors":[],"is_endless":false,"potions_floor_spawned":[1,3,7,8,10,14,21],"killed_by":"Sentry and Sphere","ascension_level":2}}