{"host":"l46m38yewlsb1e16","time":1614051264,"event":{"mods":["BaseMod","Infinite Spire","Minty Spire (QoL Compilation)","Replay The Spire","Shop Mod","StSLib","The Jungle"],"gold_per_floor":[219,18,18,18,39,77,77,27,104,128,9,23,123,156,156,279,279,303,391,391,391,391,391,305,305,373,181,121,121,135,135,135,255,255,271,271,287,287,287,287,328,346,346,346,366,366,366],"floor_reached":46,"language":"ENG","playtime":3844,"items_purged":["Strike_G","Strike_G","Strike_G","Strike_G","Defend_G"],"score":700,"play_id":"2f9cd7df-d8a9-4339-b013-45e19096333f","local_time":"20210223033424","is_ascension_mode":true,"campfire_choices":[{"data":"Noxious Fumes","floor":15,"key":"SMITH"},{"data":"Neutralize","floor":23,"key":"SMITH"},{"data":"Defend_G+1","floor":25,"key":"SMITH"},{"data":"Tools of the Trade","floor":29,"key":"SMITH"},{"floor":32,"key":"REST"},{"data":"infinitespire:NeuralNetwork","floor":40,"key":"SMITH"},{"data":"Crow Ritual","floor":44,"key":"SMITH"}],"circlet_count":0,"master_deck":["Defend_G+2","Defend_G","Defend_G","Defend_G","Survivor","Neutralize+1","Bouncing Flask","Poisoned Stab","PiercingWail","Flying Knee","Predator","Bane+1","Dash+1","Noxious Fumes+1","Sucker Punch+1","Bane+1","Tools of the Trade+1","Cloak And Dagger","Blade Dance+1","RitualDagger+1","Dodge and Roll","Dodge and Roll","Poisoned Stab+1","ReplayTheSpireMod:Speed Training+1","Crow Ritual+1","infinitespire:NeuralNetwork+1","infinitespire:FutureSight","ReplayTheSpireMod:Echoes of Time","Adrenaline","Dagger Throw+1","Bouncing Flask","Draining Mist+1","Dodge and Roll+1","Bouncing Flask"],"relics":["Ring of the Snake","Golden Idol","Molten Egg 2","Smiling Mask","Juzu Bracelet","Replay:Bronze Core","Simple Rune","Regal Pillow","infinitespire:Bottled Soul","Replay:Bottled Steam","ReplayTheSpireMod:ShopPack","Snecko Eye","infinitespire:Beetle Shell","Bottled Flame","Pantograph"],"acts_visited":["Exordium","TheCity","TheBeyond"],"potions_floor_usage":[14,18,30,35,41,46],"damage_taken":[{"damage":0,"enemies":"2 Louse","floor":1,"turns":5},{"damage":1,"enemies":"Small Slimes","floor":5,"turns":5},{"damage":25,"enemies":"3 Sentries","floor":6,"turns":10},{"damage":0,"enemies":"Jaw Worm","floor":10,"turns":3},{"damage":10,"enemies":"Exordium Wildlife","floor":12,"turns":3},{"damage":3,"enemies":"Lagavulin","floor":14,"turns":5},{"damage":0,"enemies":"Slime Boss","floor":16,"turns":8},{"damage":11,"enemies":"Shell Parasite","floor":18,"turns":4},{"damage":0,"enemies":"2 Thieves","floor":30,"turns":4},{"damage":9,"enemies":"Automaton","floor":33,"turns":10},{"damage":6,"enemies":"3 Shapes","floor":35,"turns":4},{"damage":5,"enemies":"Orb Walker","floor":37,"turns":3},{"damage":35,"enemies":"Giant Head","floor":41,"turns":9},{"damage":12,"enemies":"Transient","floor":42,"turns":5},{"damage":0,"enemies":"4 Shapes","floor":45,"turns":2},{"damage":20,"enemies":"Writhing Mass","floor":46,"turns":7}],"seed_played":"-6986129312037059015","potions_obtained":[{"floor":5,"key":"GhostInAJar"},{"floor":12,"key":"Dexterity Potion"},{"floor":14,"key":"Languid Potion"},{"floor":18,"key":"Swift Potion"},{"floor":19,"key":"Venom Potion"},{"floor":19,"key":"LifebloodPotion"},{"floor":37,"key":"PowerPotion"},{"floor":45,"key":"PowerPotion"}],"is_trial":false,"path_per_floor":["M","$","?","?","M","E","?","$","T","M","$","M","?","E","R","B",null,"M","?","?","?","?","R","$","R","T","$","?","R","M","AVR","R","B",null,"M","?","M","?","AVR","R","E","M","T","R","M","M"],"character_chosen":"THE_SILENT","items_purchased":["Poisoned Stab","PiercingWail","Flying Knee","Noxious Fumes","Dodge and Roll","Poisoned Stab+1","Purity"],"campfire_rested":1,"item_purchase_floors":[2,2,2,11,24,27,27],"current_hp_per_floor":[63,63,63,63,62,37,34,34,34,34,34,24,24,21,21,21,54,43,27,27,21,21,21,21,21,21,21,21,21,21,21,55,46,60,54,54,49,65,65,65,30,18,18,18,18,0,0],"gold":366,"neow_bonus":"HUNDRED_GOLD","is_daily":false,"chose_seed":false,"campfire_upgraded":6,"win_rate":0.0,"timestamp":1614051264,"path_taken":["M","$","?","?","M","E","?","?","T","M","$","?","?","E","R","BOSS","M","?","?","?","?","R","$","R","T","$","?","R","M","AVR","R","BOSS","M","?","M","?","AVR","R","E","M","T","R","M","M"],"items_purchased_type":["Card","Card","Card","Card","Card","Card","Card"],"build_version":"2020-12-22","purchased_purges":5,"victory":false,"max_hp_per_floor":[70,70,65,65,65,65,65,65,65,65,65,65,65,65,65,65,65,65,65,65,65,65,65,65,65,65,65,65,65,65,65,65,65,65,65,65,65,65,65,65,65,65,65,65,65,65,65],"card_choices":[{"not_picked":["Outmaneuver","Quick Slash"],"picked":"Bouncing Flask","floor":1},{"not_picked":["ReplayTheSpireMod:Tripwire","Outmaneuver"],"picked":"Predator","floor":5},{"not_picked":["Backstab+1","Backflip"],"picked":"Bane+1","floor":6},{"not_picked":["Slice+1","Doppelganger"],"picked":"Dash+1","floor":10},{"not_picked":["Deflect","ReplayTheSpireMod:Shiv Toss"],"picked":"Sucker Punch+1","floor":12},{"not_picked":["Blade Dance","Doppelganger"],"picked":"Bane+1","floor":14},{"not_picked":["Die Die Die+1","Doppelganger"],"picked":"Tools of the Trade","floor":16},{"not_picked":["PiercingWail+1","Prepared"],"picked":"Cloak And Dagger","floor":18},{"not_picked":["Well Laid Plans","Tactician"],"picked":"Blade Dance+1","floor":19},{"not_picked":["Outmaneuver","Backflip"],"picked":"ReplayTheSpireMod:Speed Training+1","floor":30},{"not_picked":["Chrysalis","Transmutation"],"picked":"Crow Ritual","floor":31},{"not_picked":["Storm of Steel","Doppelganger"],"picked":"Adrenaline","floor":33},{"not_picked":["Prepared+1","Cloak And Dagger+1"],"picked":"Dagger Throw+1","floor":35},{"not_picked":["Poisoned Stab+1","Slice+1"],"picked":"Bouncing Flask","floor":37},{"not_picked":["Slice+1","Malaise"],"picked":"Draining Mist+1","floor":41},{"not_picked":["Distraction","Finisher+1"],"picked":"Dodge and Roll+1","floor":42},{"not_picked":["Quick Slash+1","Bane+1"],"picked":"Bouncing Flask","floor":45}],"player_experience":404699,"relics_obtained":[{"floor":6,"key":"Molten Egg 2"},{"floor":14,"key":"Juzu Bracelet"},{"floor":19,"key":"Simple Rune"},{"floor":26,"key":"Replay:Bottled Steam"},{"floor":41,"key":"Bottled Flame"},{"floor":43,"key":"Pantograph"}],"event_choices":[{"damage_healed":0,"gold_gain":0,"player_choice":"Lose Max HP","damage_taken":0,"relics_obtained":["Golden Idol"],"max_hp_gain":0,"max_hp_loss":5,"event_name":"Golden Idol","floor":3,"gold_loss":0},{"damage_healed":0,"gold_gain":0,"player_choice":"Success","damage_taken":3,"relics_obtained":["Smiling Mask"],"max_hp_gain":0,"max_hp_loss":0,"event_name":"Scrap Ooze","floor":7,"gold_loss":0},{"damage_healed":0,"gold_gain":100,"player_choice":"Pray","damage_taken":0,"max_hp_gain":0,"max_hp_loss":0,"event_name":"Golden Shrine","floor":13,"gold_loss":0},{"damage_healed":0,"gold_gain":0,"player_choice":"Opened","damage_taken":0,"relics_obtained":["Regal Pillow"],"max_hp_gain":0,"max_hp_loss":0,"event_name":"The Mausoleum","floor":20,"gold_loss":0},{"damage_healed":0,"gold_gain":0,"player_choice":"Joined the Cult","damage_taken":6,"max_hp_gain":0,"max_hp_loss":0,"event_name":"Nest","floor":21,"gold_loss":0,"cards_obtained":["RitualDagger"]},{"damage_healed":0,"gold_gain":0,"player_choice":"Gave Potion","damage_taken":0,"relics_obtained":["infinitespire:Bottled Soul"],"max_hp_gain":0,"max_hp_loss":0,"event_name":"WeMeetAgain","floor":22,"gold_loss":0},{"cards_removed":["Strike_G"],"damage_healed":0,"gold_gain":0,"player_choice":"Removed Attack","damage_taken":0,"max_hp_gain":0,"max_hp_loss":0,"event_name":"Falling","floor":36,"gold_loss":0},{"cards_removed":["Purity"],"damage_healed":16,"gold_gain":0,"player_choice":"Offered Uncommon","damage_taken":0,"max_hp_gain":0,"max_hp_loss":0,"event_name":"Bonfire Elementals","floor":38,"gold_loss":0}],"is_beta":false,"boss_relics":[{"not_picked":["WristBlade","Runic Pyramid"],"picked":"Replay:Bronze Core"},{"not_picked":["Snecko Heart","Pandora\u0027s Box"],"picked":"Snecko Eye"}],"items_purged_floors":[2,8,11,24,27],"is_endless":false,"potions_floor_spawned":[5,12,14,18,37,45],"killed_by":"Writhing Mass","ascension_level":7}}