{"host":"9brt9rggm379u2p7","time":1614093341,"event":{"mods":["AchievementEnabler","BaseMod","Highlight Path","Minty Spire (QoL Compilation)","Permanent Neow","Quick Restart","SuperFastMode"],"gold_per_floor":[13,13,29,44,119,119,119,132,177,19,19,52,52,66,66,66,66],"floor_reached":16,"language":"ENG","playtime":499,"items_purged":["Strike_R"],"score":250,"play_id":"1c4dd15f-212c-4e9a-b793-07f2bdf6a222","local_time":"20210224001541","is_ascension_mode":true,"campfire_choices":[{"data":"Iron Wave","floor":6,"key":"SMITH"},{"floor":13,"key":"REST"},{"data":"Dark Embrace","floor":15,"key":"SMITH"}],"circlet_count":0,"master_deck":["AscendersBane","Strike_R","Strike_R","Strike_R","Defend_R","Defend_R","Defend_R","Bash","Clash","Iron Wave+1","Fire Breathing","Burning Pact","Limit Break","Brutality","Dark Embrace+1"],"relics":["Burning Blood","Golden Idol","PreservedInsect","Toy Ornithopter","Lantern"],"acts_visited":["Exordium"],"potions_floor_usage":[12,12],"damage_taken":[{"damage":13,"enemies":"Cultist","floor":1,"turns":5},{"damage":9,"enemies":"Jaw Worm","floor":3,"turns":3},{"damage":9,"enemies":"Small Slimes","floor":4,"turns":4},{"damage":10,"enemies":"Looter","floor":8,"turns":4},{"damage":0,"enemies":"Gremlin Nob","floor":12,"turns":2},{"damage":33,"enemies":"Exordium Thugs","floor":14,"turns":6},{"damage":20,"enemies":"Hexaghost","floor":16,"turns":9}],"seed_played":"2428971176551184763","potions_obtained":[{"floor":3,"key":"AttackPotion"},{"floor":4,"key":"Ancient Potion"},{"floor":11,"key":"Strength Potion"}],"is_trial":false,"path_per_floor":["M","?","M","M","?","R","?","M","T","$","?","E","R","M","R","B"],"character_chosen":"IRONCLAD","items_purchased":["Limit Break"],"campfire_rested":1,"item_purchase_floors":[10],"current_hp_per_floor":[61,35,32,29,18,18,13,9,9,9,9,25,47,20,20,0,0],"gold":66,"neow_bonus":"REMOVE_TWO","is_daily":false,"chose_seed":false,"campfire_upgraded":2,"win_rate":0.0,"timestamp":1614093341,"path_taken":["M","?","M","M","?","R","?","M","T","$","?","E","R","M","R","BOSS"],"items_purchased_type":["Card"],"build_version":"2020-12-22","purchased_purges":1,"victory":false,"max_hp_per_floor":[75,75,75,75,75,75,75,75,75,75,75,75,75,75,75,75,75],"card_choices":[{"not_picked":["True Grit","Sword Boomerang"],"picked":"Clash","floor":1},{"not_picked":["Perfected Strike","Headbutt"],"picked":"Iron Wave","floor":3},{"not_picked":["Heavy Blade","Cleave"],"picked":"Fire Breathing","floor":4},{"not_picked":["Anger","Flex"],"picked":"Burning Pact","floor":8},{"not_picked":["Headbutt","Anger"],"picked":"Brutality","floor":12},{"not_picked":["Havoc","Clash"],"picked":"Dark Embrace","floor":14}],"player_experience":435831,"relics_obtained":[{"floor":9,"key":"Toy Ornithopter"},{"floor":12,"key":"Lantern"}],"event_choices":[{"damage_healed":0,"gold_gain":0,"player_choice":"Take Damage","damage_taken":26,"relics_obtained":["Golden Idol"],"max_hp_gain":0,"max_hp_loss":0,"event_name":"Golden Idol","floor":2,"gold_loss":0},{"damage_healed":0,"gold_gain":75,"player_choice":"Gather Gold","damage_taken":11,"max_hp_gain":0,"max_hp_loss":0,"event_name":"World of Goop","floor":5,"gold_loss":0},{"damage_healed":0,"gold_gain":0,"player_choice":"Success","damage_taken":5,"relics_obtained":["PreservedInsect"],"max_hp_gain":0,"max_hp_loss":0,"event_name":"Scrap Ooze","floor":7,"gold_loss":0},{"damage_healed":0,"gold_gain":0,"player_choice":"Got Potions","damage_taken":0,"max_hp_gain":0,"max_hp_loss":0,"event_name":"Lab","floor":11,"gold_loss":0}],"is_beta":false,"boss_relics":[],"items_purged_floors":[10],"is_endless":false,"potions_floor_spawned":[3,4],"killed_by":"Hexaghost","ascension_level":20}}