{"host":"nx6k9gttpbkpebht","time":1614116798,"event":{"mods":["BaseMod","Colored Map","Colored Powertips","DeckTracker","Downfall","Googly Eyes","Minty Spire (QoL Compilation)","StSLib"],"gold_per_floor":[114,126,126,301,301,317,348,359,359,359,379,411,411,411,411,513,563,563,573,573,592,602,602,637,650,650,660,660,168,192,107,107,107,107],"floor_reached":33,"language":"ENG","playtime":1953,"items_purged":["Strike_B"],"score":277,"play_id":"e72c7552-5277-4559-b0ad-68fa08fd8fac","local_time":"20210223224638","is_ascension_mode":false,"campfire_choices":[{"floor":10,"key":"REST"},{"data":"Dualcast","floor":13,"key":"SMITH"},{"floor":15,"key":"REST"},{"floor":23,"key":"REST"},{"floor":28,"key":"REST"},{"data":"Defragment","floor":32,"key":"SMITH"}],"circlet_count":0,"master_deck":["Strike_B+1","Strike_B+1","Defend_B","Defend_B","Defend_B","Defend_B","Zap+1","Dualcast+1","Cold Snap+1","Doubt","Gash","Streamline","Beam Cell","Glacier","Darkness","Static Discharge","Streamline+1","Melter","Redo","Defragment+1","Machine Learning"],"relics":["Cracked Core","PreservedInsect","Kunai","Bird Faced Urn","Tiny House","Gremlin Horn","InkBottle","Oddly Smooth Stone","Toxic Egg 2","Pen Nib","MealTicket"],"acts_visited":["Exordium","TheCity"],"potions_floor_usage":[7,11,16,22,22,24,24,25,27],"damage_taken":[{"damage":1,"enemies":"Cultist","floor":1,"turns":3},{"damage":0,"enemies":"2 Louse","floor":2,"turns":2},{"damage":3,"enemies":"Small Slimes","floor":6,"turns":2},{"damage":19,"enemies":"Gremlin Nob","floor":7,"turns":4},{"damage":18,"enemies":"Exordium Thugs","floor":8,"turns":5},{"damage":3,"enemies":"Red Slaver","floor":11,"turns":3},{"damage":3,"enemies":"Lagavulin","floor":12,"turns":5},{"damage":19,"enemies":"The Guardian","floor":16,"turns":12},{"damage":16,"enemies":"Shell Parasite","floor":18,"turns":8},{"damage":31,"enemies":"2 Thieves","floor":19,"turns":4},{"damage":28,"enemies":"Sentry and Sphere","floor":21,"turns":6},{"damage":31,"enemies":"Centurion and Healer","floor":22,"turns":6},{"damage":21,"enemies":"Book of Stabbing","floor":24,"turns":5},{"damage":3,"enemies":"Snecko","floor":25,"turns":6},{"damage":4,"enemies":"Sentry and Sphere","floor":27,"turns":3},{"damage":56,"enemies":"Collector","floor":33,"turns":6}],"seed_played":"9130350322129972330","potions_obtained":[{"floor":2,"key":"Weak Potion"},{"floor":6,"key":"Weak Potion"},{"floor":11,"key":"Explosive Potion"},{"floor":17,"key":"FairyPotion"},{"floor":21,"key":"EntropicBrew"},{"floor":22,"key":"Swift Potion"},{"floor":24,"key":"Block Potion"},{"floor":25,"key":"LiquidMemories"}],"is_trial":false,"path_per_floor":["M","M","?","?","?","M","E","M","T","R","M","E","R","?","R","B",null,"M","M","?","M","M","R","E","M","T","M","R","$","T","?","R","B"],"character_chosen":"DEFECT","items_purchased":["Oddly Smooth Stone","Toxic Egg 2"],"campfire_rested":4,"item_purchase_floors":[29,29],"current_hp_per_floor":[81,81,65,65,65,62,43,25,25,49,46,43,43,43,67,48,87,71,42,42,14,12,38,21,22,22,22,48,48,48,48,48,0,0],"gold":107,"neow_bonus":"TEN_PERCENT_HP_BONUS","is_daily":false,"chose_seed":false,"campfire_upgraded":2,"win_rate":0.0,"timestamp":1614116798,"path_taken":["M","M","?","?","?","M","E","M","T","R","?","E","R","?","R","BOSS","M","?","?","M","?","R","E","M","T","M","R","$","?","?","R","BOSS"],"items_purchased_type":["Relic","Relic"],"build_version":"2020-12-22","purchased_purges":1,"victory":false,"max_hp_per_floor":[82,82,82,82,82,82,82,82,82,82,82,82,82,82,82,82,87,87,87,87,87,87,87,87,87,87,87,87,87,87,87,87,87,87],"card_choices":[{"not_picked":["Hologram","Skim"],"picked":"Cold Snap","floor":1},{"not_picked":["Scrape","White Noise","Barrage"],"picked":"SKIP","floor":2},{"not_picked":["Chill","Steam Power"],"picked":"Gash","floor":6},{"not_picked":["Scrape","Reprogram"],"picked":"Streamline","floor":7},{"not_picked":["Double Energy","Barrage"],"picked":"Beam Cell","floor":8},{"not_picked":["Aggregate","Genetic Algorithm"],"picked":"Glacier","floor":11},{"not_picked":["Sweeping Beam","Hello World"],"picked":"Darkness","floor":12},{"not_picked":["Barrage","Compile Driver"],"picked":"Static Discharge","floor":17},{"not_picked":["Coolheaded+1","Hologram"],"picked":"Streamline+1","floor":18},{"not_picked":["Scrape","Hello World","Streamline+1"],"picked":"SKIP","floor":19},{"not_picked":["Beam Cell+1","Aggregate+1"],"picked":"Redo","floor":21},{"not_picked":["Ball Lightning","Hologram"],"picked":"Defragment","floor":22},{"not_picked":["Darkness","Ball Lightning","Coolheaded"],"picked":"SKIP","floor":24},{"not_picked":["Beam Cell","Ball Lightning","Leap"],"picked":"SKIP","floor":25},{"not_picked":["Double Energy+1","Barrage"],"picked":"Machine Learning","floor":27}],"player_experience":53136,"relics_obtained":[{"floor":7,"key":"PreservedInsect"},{"floor":9,"key":"Kunai"},{"floor":12,"key":"Bird Faced Urn"},{"floor":24,"key":"Gremlin Horn"},{"floor":26,"key":"InkBottle"},{"floor":30,"key":"Pen Nib"}],"event_choices":[{"damage_healed":0,"gold_gain":0,"player_choice":"Entered Light","damage_taken":16,"max_hp_gain":0,"max_hp_loss":0,"event_name":"Shining Light","floor":3,"gold_loss":0,"cards_upgraded":["Cold Snap","Strike_B"]},{"damage_healed":0,"gold_gain":175,"player_choice":"AGREE","damage_taken":0,"max_hp_gain":0,"max_hp_loss":0,"event_name":"Liars Game","floor":4,"gold_loss":0,"cards_obtained":["Doubt"]},{"damage_healed":0,"gold_gain":0,"player_choice":"Forge","damage_taken":0,"max_hp_gain":0,"max_hp_loss":0,"event_name":"Accursed Blacksmith","floor":5,"gold_loss":0,"cards_upgraded":["Zap"]},{"damage_healed":0,"gold_gain":0,"player_choice":"Ignored","damage_taken":0,"max_hp_gain":0,"max_hp_loss":0,"event_name":"NoteForYourself","floor":14,"gold_loss":0},{"damage_healed":0,"gold_gain":0,"cards_transformed":["Strike_B"],"player_choice":"Transformed","damage_taken":0,"max_hp_gain":0,"max_hp_loss":0,"event_name":"Transmorgrifier","floor":20,"gold_loss":0,"cards_obtained":["Melter"]},{"damage_healed":0,"gold_gain":0,"player_choice":"Obtained Relic","damage_taken":0,"relics_obtained":["MealTicket"],"max_hp_gain":0,"max_hp_loss":0,"event_name":"Addict","floor":31,"gold_loss":85}],"is_beta":false,"boss_relics":[{"not_picked":["Velvet Choker","Cursed Key"],"picked":"Tiny House"}],"items_purged_floors":[29],"is_endless":false,"potions_floor_spawned":[2,6,11,21,22,24,25],"killed_by":"Collector","ascension_level":0}}