{"host":"gf8hyl7jhl0is674","time":1614064689,"event":{"mods":["2.2 Compatiblity","Act Like it!","Astrologer","BaseMod","CapriCore","Colored Map","Gensokyo","Minty Spire (QoL Compilation)","Permanent Neow","Relic Sorter","StSLib","The Alterego","The Blue Laboratory","The Fake Hero","The Gatherer","The Runesmith","The Senshi","TheSwordswoman","Unceasing Turn Reminder","Waifu the Spire"],"gold_per_floor":[115,40,40,59,59,59,89,105,105,123,135,192,210,244,244,340,340,352,352,362,362,52,52,72,72,98,118,150,169,179,206,206,309,309,325,340,340,54,72,102,120,145,172,172,172,72,72,86,86,86,86,86,86,119,119],"floor_reached":56,"language":"ENG","playtime":4541,"items_purged":["Gatherer:Strike_Gatherer","Gatherer:Defend_Gatherer+1"],"score":1284,"play_id":"a7ce38a8-08c5-48c0-ba2b-18279c49e181","local_time":"20210223001809","is_ascension_mode":false,"metric_token":1297,"campfire_choices":[{"data":"Gatherer:Centralize","floor":6,"key":"SMITH"},{"data":"Gatherer:AlchemyTrial","floor":15,"key":"SMITH"},{"data":"Gatherer:SpareBottle","floor":23,"key":"SMITH"},{"data":"Gatherer:Pollute","floor":32,"key":"SMITH"},{"floor":47,"key":"RECALL"},{"data":"Gatherer:GlowingPlant","floor":49,"key":"SMITH"},{"data":"Gatherer:GlowingPlant","floor":52,"key":"SMITH"}],"circlet_count":0,"master_deck":["Gatherer:Strike_Gatherer+1","Gatherer:Defend_Gatherer+1","Gatherer:Defend_Gatherer+1","Gatherer:Defend_Gatherer+1","Gatherer:Centralize+1","Gatherer:FlowerWhip","Gatherer:FruitForce","Gatherer:SpareBottle+1","Gatherer:AcidicSpray+1","Gatherer:AlchemyTrial+1","Gatherer:ScherryThrow","Gatherer:Pollute+1","Gatherer:QuickSynthesis","Gatherer:RecoveryHerb","Gatherer:ScherryThrow+1","Gatherer:MindSearch","Gatherer:Snatch+1","Gatherer:Duality+1","Gatherer:Convert+1","Gatherer:ColorfulGarden","Gatherer:SmartManeuver+1","Gatherer:BigPouch+1","Gatherer:ColorfulGarden","Gatherer:Misfortune+1","Gatherer:GlowingPlant+1","Gatherer:Shadow+1","Gatherer:Light","Gatherer:Snatch+1","Gatherer:WitheringStrike+1","Parasite","Gatherer:Solidify+1","Gatherer:FeelingFine+1","Gatherer:GlowingPlant+1","Gatherer:Shadow+1","Gatherer:Light"],"relics":["Gatherer:MiracleBag","NlothsMask","StoneCalendar","Molten Egg 2","Akabeko","Ice Cream","Vajra","Blue Candle","Nunchaku","Philosopher\u0027s Stone","Incense Burner","Ancient Tea Set","Gatherer:Leftovers","Bag of Preparation"],"acts_visited":["Exordium","TheCity","TheBeyond","TheEnding"],"potions_floor_usage":[7,11,18,24,27,28,28,31,31,35,36,40,41,49,55],"damage_taken":[{"damage":3,"enemies":"Jaw Worm","floor":1,"turns":4},{"damage":1,"enemies":"Cultist","floor":4,"turns":4},{"damage":20,"enemies":"Gremlin Nob","floor":7,"turns":4},{"damage":2,"enemies":"Small Slimes","floor":8,"turns":3},{"damage":0,"enemies":"Red Slaver","floor":10,"turns":3},{"damage":2,"enemies":"Looter","floor":11,"turns":3},{"damage":10,"enemies":"Lagavulin Event","floor":12,"turns":6},{"damage":0,"enemies":"Large Slime","floor":13,"turns":4},{"damage":0,"enemies":"Lagavulin","floor":14,"turns":5},{"damage":6,"enemies":"Hexaghost","floor":16,"turns":7},{"damage":3,"enemies":"3 Byrds","floor":18,"turns":5},{"damage":2,"enemies":"Shell Parasite","floor":20,"turns":5},{"damage":0,"enemies":"Snake Plant","floor":24,"turns":4},{"damage":0,"enemies":"Snecko","floor":27,"turns":5},{"damage":24,"enemies":"Slavers","floor":28,"turns":5},{"damage":22,"enemies":"Cultist and Chosen","floor":29,"turns":6},{"damage":8,"enemies":"3 Cultists","floor":30,"turns":5},{"damage":0,"enemies":"Gremlin Leader","floor":31,"turns":6},{"damage":21,"enemies":"Champ","floor":33,"turns":8},{"damage":13,"enemies":"Orb Walker","floor":35,"turns":3},{"damage":0,"enemies":"3 Darklings","floor":36,"turns":5},{"damage":9,"enemies":"Transient","floor":39,"turns":5},{"damage":18,"enemies":"Reptomancer","floor":40,"turns":7},{"damage":0,"enemies":"Writhing Mass","floor":41,"turns":4},{"damage":2,"enemies":"Giant Head","floor":42,"turns":6},{"damage":1,"enemies":"3 Darklings","floor":48,"turns":4},{"damage":36,"enemies":"Awakened One","floor":50,"turns":11},{"damage":24,"enemies":"Shield and Spear","floor":54,"turns":7},{"damage":44,"enemies":"The Heart","floor":55,"turns":8}],"seed_played":"8900429546503019071","potions_obtained":[{"floor":1,"key":"blueLaboratory:PhilterOfMotion"},{"floor":4,"key":"blueLaboratory:BubblePotion"},{"floor":11,"key":"DistilledChaos"},{"floor":14,"key":"Weak Potion"},{"floor":20,"key":"ColorlessPotion"},{"floor":24,"key":"CultistPotion"},{"floor":27,"key":"blueLaboratory:BottleOfVodka"},{"floor":29,"key":"SpeedPotion"},{"floor":33,"key":"blueLaboratory:FruitPunch"},{"floor":36,"key":"DuplicationPotion"},{"floor":40,"key":"blueLaboratory:LouseDecoction"}],"is_trial":false,"path_per_floor":["M","$","?","M","?","R","E","M","T","M","M","?","M","E","R","B",null,"M","?","M","?","$","R","M","$","T","M","E","M","M","E","R","B",null,"M","M","?","$","M","E","M","E","T","?","?","$","R","M","R","B",null,"R","$","E","B",null],"character_chosen":"THE_GATHERER","items_purchased":["Ice Cream","Incense Burner"],"campfire_rested":0,"item_purchase_floors":[22,38],"current_hp_per_floor":[73,73,73,72,72,72,52,50,50,50,48,38,38,42,42,40,76,73,73,72,72,72,72,72,72,72,72,51,32,29,34,34,19,76,65,67,67,67,60,44,44,46,46,46,46,46,46,49,49,20,78,78,78,57,17],"gold":119,"neow_bonus":"TRANSFORM_CARD","is_daily":false,"chose_seed":false,"campfire_upgraded":6,"win_rate":0.0,"timestamp":1614064689,"path_taken":["M","$","?","?","?","R","E","M","T","M","?","?","M","E","R","BOSS","M","?","M","?","$","R","M","$","T","?","E","M","M","E","R","BOSS","M","M","?","$","M","E","?","E","T","?","?","?","R","M","R","BOSS","R","$","E","BOSS"],"items_purchased_type":["Relic","Relic"],"build_version":"2020-12-22","purchased_purges":2,"victory":true,"max_hp_per_floor":[76,76,76,76,76,76,76,76,76,76,76,76,76,76,76,76,76,76,76,76,76,76,76,76,76,76,76,76,76,76,76,76,76,76,78,78,78,78,78,78,78,78,78,78,78,78,78,78,78,78,78,78,78,78,78],"card_choices":[{"not_picked":["Gatherer:FlowerPower","Gatherer:FlowerBeam"],"picked":"Gatherer:SmartManeuver","floor":1},{"not_picked":["Gatherer:FlowerShield","Gatherer:RottenStipe"],"picked":"Gatherer:AcidicSpray","floor":4},{"not_picked":["Gatherer:Duality","Gatherer:WitheringStrike"],"picked":"Gatherer:AlchemyTrial","floor":7},{"not_picked":["Gatherer:ScentOfRosmari","Gatherer:SealedBomb","Gatherer:ScrollOfWall"],"picked":"SKIP","floor":8},{"not_picked":["Gatherer:GatherMaterial","Gatherer:CollectorsShot"],"picked":"Gatherer:ScherryThrow","floor":10},{"not_picked":["Gatherer:CollectorsShot","Gatherer:FragileHammer"],"picked":"Gatherer:Pollute","floor":11},{"not_picked":["Gatherer:WoolGloves","Gatherer:MiningStrike+1"],"picked":"Gatherer:QuickSynthesis","floor":12},{"not_picked":["Gatherer:PotentialSlash+1","Gatherer:CollectorsShot+1"],"picked":"Gatherer:RecoveryHerb","floor":13},{"not_picked":["Gatherer:StoneFence","Gatherer:Pollute"],"picked":"Gatherer:ScherryThrow+1","floor":14},{"not_picked":["Gatherer:ScrollOfPurity","Gatherer:LuckyClover"],"picked":"Gatherer:MindSearch","floor":16},{"not_picked":["Gatherer:BalancedGrowth","Gatherer:FlowerFalling+1"],"picked":"Gatherer:Snatch+1","floor":18},{"not_picked":["Gatherer:DrugPower+1","Gatherer:AromaProtection"],"picked":"Gatherer:Duality+1","floor":20},{"not_picked":["Gatherer:GatherMaterial","Gatherer:Uplift+1"],"picked":"Gatherer:Convert+1","floor":24},{"not_picked":["Gatherer:FlowerFalling+1","Gatherer:SaveValuables","Gatherer:ScherryThrow+1"],"picked":"SKIP","floor":27},{"not_picked":["Gatherer:BambuSword+1","Gatherer:Frenzy+1"],"picked":"Gatherer:ColorfulGarden","floor":28},{"not_picked":["Gatherer:TacticalStrike+1","Gatherer:CollectorsShot+1"],"picked":"Gatherer:SmartManeuver+1","floor":29},{"not_picked":["Gatherer:SaveValuables+1","Gatherer:Transmute"],"picked":"Gatherer:BigPouch+1","floor":30},{"not_picked":["Gatherer:AcidicSpray+1","Gatherer:Herbalism","Gatherer:Nutrients"],"picked":"SKIP","floor":31},{"not_picked":["Gatherer:ScrollOfPurity","Gatherer:PoisonMastery"],"picked":"Gatherer:ColorfulGarden","floor":33},{"not_picked":["Gatherer:TacticalStrike+1","Gatherer:Convert","Gatherer:CarefulStrike+1"],"picked":"SKIP","floor":35},{"not_picked":["Gatherer:UpgradeBag+1","Gatherer:Duality+1"],"picked":"Gatherer:Misfortune+1","floor":36},{"not_picked":["Gatherer:PotentialSlash+1","Gatherer:DrugPower+1"],"picked":"Gatherer:Snatch+1","floor":39},{"not_picked":["Gatherer:Herbalism+1","Gatherer:GatherMaterial+1"],"picked":"Gatherer:WitheringStrike+1","floor":40},{"not_picked":["Gatherer:Polymorphism+1","Gatherer:WoolGloves"],"picked":"Gatherer:Solidify+1","floor":41},{"not_picked":["Gatherer:Transmute+1","Gatherer:Misfortune+1"],"picked":"Gatherer:FeelingFine+1","floor":42},{"not_picked":["Gatherer:Transmute+1","Gatherer:SealedBomb+1"],"picked":"Gatherer:GlowingPlant","floor":48},{"not_picked":["Gatherer:FlowerBeam+1","Gatherer:Snatch+1","Gatherer:SaveValuables+1"],"picked":"SKIP","floor":54}],"player_experience":374206,"relics_obtained":[{"floor":7,"key":"StoneCalendar"},{"floor":14,"key":"Akabeko"},{"floor":26,"key":"Vajra"},{"floor":28,"key":"Blue Candle"},{"floor":31,"key":"Nunchaku"},{"floor":40,"key":"Ancient Tea Set"},{"floor":42,"key":"Gatherer:Leftovers"},{"floor":54,"key":"Bag of Preparation"}],"event_choices":[{"cards_removed":["Gatherer:SmartManeuver"],"damage_healed":0,"gold_gain":0,"player_choice":"Got a Spare Bottle","damage_taken":0,"max_hp_gain":0,"max_hp_loss":0,"event_name":"Gatherer:BottleCollector","floor":3,"gold_loss":0,"cards_obtained":["Gatherer:SpareBottle"]},{"damage_healed":0,"gold_gain":0,"player_choice":"Trade","damage_taken":0,"relics_obtained":["NlothsMask"],"max_hp_gain":0,"max_hp_loss":0,"event_name":"FaceTrader","floor":5,"gold_loss":0},{"damage_healed":0,"gold_gain":0,"player_choice":"Searched \u00272\u0027 times","damage_taken":0,"relics_obtained":["Molten Egg 2"],"max_hp_gain":0,"max_hp_loss":0,"event_name":"Dead Adventurer","floor":12,"gold_loss":0},{"damage_healed":0,"gold_gain":0,"player_choice":"Simplicity","damage_taken":0,"max_hp_gain":0,"max_hp_loss":0,"event_name":"Back to Basics","floor":19,"gold_loss":0,"cards_upgraded":["Gatherer:Strike_Gatherer","Gatherer:Strike_Gatherer","Gatherer:Strike_Gatherer","Gatherer:Strike_Gatherer","Gatherer:Defend_Gatherer","Gatherer:Defend_Gatherer","Gatherer:Defend_Gatherer","Gatherer:Defend_Gatherer"]},{"damage_healed":0,"gold_gain":0,"player_choice":"Upgraded","damage_taken":0,"max_hp_gain":0,"max_hp_loss":0,"event_name":"Upgrade Shrine","floor":21,"gold_loss":0,"cards_upgraded":["Gatherer:AcidicSpray"]},{"damage_healed":0,"gold_gain":0,"cards_transformed":["Gatherer:Strike_Gatherer"],"player_choice":"Transformed","damage_taken":0,"max_hp_gain":0,"max_hp_loss":0,"event_name":"Transmorgrifier","floor":37,"gold_loss":0,"cards_obtained":["Gatherer:GlowingPlant"]},{"cards_removed":["Gatherer:Strike_Gatherer"],"damage_healed":0,"gold_gain":0,"player_choice":"Removed Attack","damage_taken":0,"max_hp_gain":0,"max_hp_loss":0,"event_name":"Falling","floor":44,"gold_loss":0}],"is_beta":false,"boss_relics":[{"not_picked":["Velvet Choker","Runic Dome"],"picked":"Gatherer:MiracleBag"},{"not_picked":["Pandora\u0027s Box","Snecko Eye"],"picked":"Philosopher\u0027s Stone"}],"items_purged_floors":[2,46],"is_endless":false,"potions_floor_spawned":[1,4,11,14,20,24,27,29,33,36,40],"ascension_level":0}}