{"host":"i1peby39mt3us2ef","time":1614038588,"event":{"mods":["BaseMod","Downfall","Minty Spire (QoL Compilation)","Replay The Spire","StSLib","The Cursed"],"gold_per_floor":[117,117,136,149,224,259,274,292,292,311,328,339,339,305,305,405,405,417,436,436,436,436,436,436,448,448,448,508,558,290,340,340,442,442,457,458,508,570,587,587,602,612,612,632,108,119,119,133,133,133,133],"floor_reached":50,"language":"ENG","playtime":5367,"items_purged":["Decay","Pain"],"score":675,"play_id":"e640b4b1-50ef-4f56-9690-ad9214165dbe","local_time":"20210222170308","is_ascension_mode":false,"campfire_choices":[{"floor":15,"key":"REST"},{"floor":23,"key":"RECALL"},{"floor":27,"key":"REST"},{"floor":32,"key":"REST"},{"floor":40,"key":"REST"},{"floor":47,"key":"REST"},{"floor":49,"key":"REST"}],"circlet_count":0,"master_deck":["Strike_R+1","Strike_R+1","Strike_R+1","Strike_R+1","Defend_R+1","Defend_R+1","Defend_R+1","Defend_R+1","Bash","Inflame","Infernal Blade","Uppercut+1","Thunderclap","Rage","Heavy Blade","Flex","Flex","Twin Strike","Replay:Undeath\u0027s Touch","Replay:Undeath\u0027s Touch","Barricade","Iron Wave","Carnage","RitualDagger","Flex","ReplayTheSpireMod:Stacked","Bludgeon","Chrysalis+1","Bandage Up+1","True Grit+1","Heavy Blade","Anger","Clash+1","Armaments+1","Sword Boomerang+1","Hemokinesis+1","Replay:Many Hands","Flame Barrier","Spot Weakness","Anger","Flex+1"],"relics":["Burning Blood","Bronze Scales","Fusion Hammer","SsserpentHead","Champion Belt","Astrolabe","WarpedTongs","Paper Frog","Counterbalance"],"acts_visited":["Exordium","TheCity","TheBeyond"],"potions_floor_usage":[6,10,11,33,33,42,50,50],"damage_taken":[{"damage":5,"enemies":"Cultist","floor":1,"turns":4},{"damage":14,"enemies":"Small Slimes","floor":3,"turns":4},{"damage":0,"enemies":"Jaw Worm","floor":4,"turns":1},{"damage":5,"enemies":"Gremlin Nob","floor":6,"turns":3},{"damage":17,"enemies":"2 Fungi Beasts","floor":7,"turns":3},{"damage":13,"enemies":"Blue Slaver","floor":8,"turns":3},{"damage":15,"enemies":"3 Louse","floor":10,"turns":3},{"damage":23,"enemies":"Gremlin Gang","floor":11,"turns":4},{"damage":9,"enemies":"Blue Slaver","floor":12,"turns":3},{"damage":59,"enemies":"Fading Forest","floor":16,"turns":11},{"damage":8,"enemies":"3 Byrds","floor":18,"turns":3},{"damage":5,"enemies":"Spheric Guardian","floor":19,"turns":3},{"damage":14,"enemies":"Snecko","floor":25,"turns":4},{"damage":21,"enemies":"3 Cultists","floor":28,"turns":5},{"damage":37,"enemies":"Pondfish","floor":33,"turns":8},{"damage":6,"enemies":"3 Shapes","floor":35,"turns":8},{"damage":20,"enemies":"3 Darklings","floor":38,"turns":6},{"damage":37,"enemies":"Sphere and 2 Shapes","floor":39,"turns":6},{"damage":19,"enemies":"4 Shapes","floor":41,"turns":5},{"damage":36,"enemies":"Maw","floor":42,"turns":8},{"damage":25,"enemies":"3 Darklings","floor":44,"turns":5},{"damage":19,"enemies":"4 Shapes","floor":46,"turns":5},{"damage":35,"enemies":"Writhing Mass","floor":48,"turns":4},{"damage":100,"enemies":"Replay:Hell Engine","floor":50,"turns":10}],"seed_played":"3993312272198605467","potions_obtained":[{"floor":1,"key":"champ:CounterPotion"},{"floor":2,"key":"FairyPotion"},{"floor":2,"key":"sneckomod:MuddlingPotion"},{"floor":8,"key":"Block Potion"},{"floor":11,"key":"Fruit Juice"},{"floor":12,"key":"ElixirPotion"},{"floor":28,"key":"SneckoOil"},{"floor":39,"key":"bronze:BurnAndBuffPotion"},{"floor":41,"key":"GamblersBrew"},{"floor":44,"key":"ElixirPotion"}],"is_trial":false,"path_per_floor":["M","?","M","M","?","E","M","M","T","M","M","M","?","$","R","B",null,"M","M","?","?","?","R","?","M","T","R","M","?","$","?","R","B",null,"M","$","?","M","M","R","M","M","T","M","$","M","R","M","R","B"],"character_chosen":"IRONCLAD","items_purchased":["Replay:Undeath\u0027s Touch","Secret Weapon","Anger","Counterbalance","Flame Barrier","Spot Weakness"],"campfire_rested":6,"item_purchase_floors":[14,30,36,45,45,45],"current_hp_per_floor":[88,88,80,86,75,76,65,58,58,49,37,34,34,34,61,18,93,91,92,92,86,86,86,86,78,78,93,78,78,78,66,93,62,93,93,93,93,85,54,81,74,50,50,31,31,24,51,22,49,0,0],"gold":133,"neow_bonus":"TEN_PERCENT_HP_BONUS","is_daily":false,"chose_seed":false,"campfire_upgraded":0,"win_rate":0.0,"timestamp":1614038588,"path_taken":["M","?","?","M","?","E","M","M","T","M","M","M","?","?","R","BOSS","M","M","?","?","?","R","?","M","T","R","?","?","$","?","R","BOSS","M","?","?","?","M","R","M","M","T","M","$","M","R","M","R","BOSS"],"items_purchased_type":["Card","Card","Card","Relic","Card","Card"],"build_version":"2020-12-22","purchased_purges":2,"victory":false,"max_hp_per_floor":[88,88,88,88,88,88,88,88,88,88,93,93,93,93,93,93,93,93,93,93,93,93,93,93,93,93,93,93,93,93,93,93,93,93,93,93,93,93,93,93,93,93,93,93,93,93,93,93,93,93,93],"card_choices":[{"not_picked":["Reckless Charge","Cleave"],"picked":"Inflame","floor":1},{"not_picked":["Reckless Charge","Second Wind"],"picked":"Infernal Blade","floor":3},{"not_picked":["Clash","Bloodletting"],"picked":"Uppercut","floor":4},{"not_picked":["Second Wind","Blood for Blood"],"picked":"Thunderclap","floor":6},{"not_picked":["Shrug It Off","ReplayTheSpireMod:Muscle Training"],"picked":"Rage","floor":7},{"not_picked":["ReplayReversal","Pommel Strike"],"picked":"Heavy Blade","floor":8},{"not_picked":["Headbutt","Body Slam"],"picked":"Flex","floor":10},{"not_picked":["Run Through","Clash"],"picked":"Flex","floor":11},{"not_picked":["Fire Breathing","True Grit"],"picked":"Twin Strike","floor":12},{"not_picked":["Bludgeon","Reaper"],"picked":"Barricade","floor":16},{"not_picked":["Defy Death+1","Sword Boomerang"],"picked":"Iron Wave","floor":18},{"not_picked":["Seeing Red","Thunderclap"],"picked":"Carnage","floor":19},{"not_picked":["Cleave","ReplayTheSpireMod:Strike From Hell"],"picked":"Flex","floor":25},{"not_picked":["Clash","Entrench+1"],"picked":"ReplayTheSpireMod:Stacked","floor":28},{"not_picked":["Reaper","Berserk"],"picked":"Bludgeon","floor":33},{"not_picked":["ReplayReversal+1","Perfected Strike"],"picked":"Heavy Blade","floor":35},{"not_picked":["True Grit+1","Dark Embrace"],"picked":"Clash+1","floor":38},{"not_picked":["Massacre+1","Clash"],"picked":"Armaments+1","floor":39},{"not_picked":["Bloodletting","Dark Embrace"],"picked":"Sword Boomerang+1","floor":41},{"not_picked":["Body Slam+1","Clash+1"],"picked":"Hemokinesis+1","floor":42},{"not_picked":["ReplayTheSpireMod:Strike From Hell+1","True Grit+1"],"picked":"Replay:Many Hands","floor":44},{"not_picked":["Twin Strike+1","Body Slam+1"],"picked":"Anger","floor":46},{"not_picked":["Body Slam","Replay:Undeath\u0027s Touch"],"picked":"Flex+1","floor":48}],"player_experience":76085,"relics_obtained":[{"floor":6,"key":"Bronze Scales"},{"floor":26,"key":"Champion Belt"},{"floor":43,"key":"Paper Frog"}],"event_choices":[{"damage_healed":0,"gold_gain":0,"player_choice":"Got Potions","damage_taken":0,"max_hp_gain":0,"max_hp_loss":0,"event_name":"Lab","floor":2,"gold_loss":0},{"damage_healed":0,"gold_gain":75,"player_choice":"Gather Gold","damage_taken":11,"max_hp_gain":0,"max_hp_loss":0,"event_name":"World of Goop","floor":5,"gold_loss":0},{"damage_healed":0,"gold_gain":0,"player_choice":"Ignored","damage_taken":0,"max_hp_gain":0,"max_hp_loss":0,"event_name":"Vampires","floor":20,"gold_loss":0},{"damage_healed":0,"gold_gain":0,"player_choice":"Joined the Cult","damage_taken":6,"max_hp_gain":0,"max_hp_loss":0,"event_name":"Nest","floor":21,"gold_loss":0,"cards_obtained":["RitualDagger"]},{"damage_healed":0,"gold_gain":0,"player_choice":"Simplicity","damage_taken":0,"max_hp_gain":0,"max_hp_loss":0,"event_name":"Back to Basics","floor":22,"gold_loss":0,"cards_upgraded":["Strike_R","Strike_R","Strike_R","Strike_R","Strike_R","Defend_R","Defend_R","Defend_R","Defend_R"]},{"damage_healed":0,"gold_gain":0,"player_choice":"Trade","damage_taken":0,"relics_obtained":["SsserpentHead"],"max_hp_gain":0,"max_hp_loss":0,"event_name":"FaceTrader","floor":24,"gold_loss":0},{"damage_healed":0,"gold_gain":0,"player_choice":"Smashed Altar","damage_taken":0,"max_hp_gain":0,"max_hp_loss":0,"event_name":"Forgotten Altar","floor":29,"gold_loss":0,"cards_obtained":["Decay"]},{"damage_healed":0,"gold_gain":0,"player_choice":"CARD ","damage_taken":12,"max_hp_gain":0,"max_hp_loss":0,"event_name":"Knowing Skull","floor":31,"potions_obtained":[],"gold_loss":0,"cards_obtained":["Discovery"]},{"damage_healed":0,"gold_gain":0,"player_choice":"Rummage","damage_taken":0,"relics_obtained":["WarpedTongs"],"max_hp_gain":0,"max_hp_loss":0,"event_name":"Accursed Blacksmith","floor":37,"gold_loss":0,"cards_obtained":["Pain"]}],"is_beta":false,"boss_relics":[{"not_picked":["SacredBark","Replay:Bronze Core"],"picked":"Fusion Hammer"},{"not_picked":["ReplayTheSpireMod:DimensionalGlitch","bronze:MakeshiftBattery"],"picked":"Astrolabe"}],"items_purged_floors":[30,45],"is_endless":false,"potions_floor_spawned":[1,4,8,11,12,28,39,41,44,48],"killed_by":"Replay:Hell Engine","ascension_level":0}}