{"host":"mp4nw1ahnxiisuiw","time":1614122658,"event":{"mods":["AchievementEnabler","BaseMod","Better Note","Block Reminder","Colored Map","Colored Powertips","Curses Come First","DeckTracker","Dio Mod","Hero for Fun","Highlight Path","Koishi","Marisa????????","Minty Spire (QoL Compilation)","Permanent Neow","Quick Restart","Rare Cards Sparkle","Relic Sorter","Relic Stats","Remilia??????","Small Relic Pack","Spikes Relics","StSLib","Td1madao Mod","The Animator","The Bug Knight","Waifu the Spire"],"gold_per_floor":[117,117,142,157,169,200,217,217,217,247,261,261,275,295,295,295,295],"floor_reached":16,"language":"ENG","playtime":710,"items_purged":[],"score":114,"play_id":"fe18cbab-7c6e-4d42-b922-2ff2dcae527c","local_time":"20210224002418","is_ascension_mode":false,"campfire_choices":[{"floor":8.0,"key":"REST"},{"floor":12.0,"key":"REST"},{"data":"Prostrate","floor":15,"key":"SMITH"}],"circlet_count":0,"master_deck":["Strike_P","Strike_P","Strike_P","Strike_P","Defend_P","Defend_P","Defend_P","Defend_P","Eruption","Vigilance","FollowUp","Prostrate+1","Halt","Wallop","BowlingBash","Vengeance","CrushJoints","EmptyFist","FlurryOfBlows"],"relics":["Philosopher\u0027s Stone","Blood Vial","Pen Nib","Tiny Chest","Pear"],"acts_visited":["Exordium"],"potions_floor_usage":[16,16],"damage_taken":[{"damage":0.0,"enemies":"Cultist","floor":1.0,"turns":3.0},{"damage":2.0,"enemies":"Jaw Worm","floor":4.0,"turns":4.0},{"damage":2.0,"enemies":"Small Slimes","floor":5.0,"turns":3.0},{"damage":62.0,"enemies":"Gremlin Nob","floor":6.0,"turns":6.0},{"damage":0.0,"enemies":"Blue Slaver","floor":7.0,"turns":2.0},{"damage":20.0,"enemies":"3 Sentries","floor":10.0,"turns":5.0},{"damage":2.0,"enemies":"3 Louse","floor":11.0,"turns":3.0},{"damage":0,"enemies":"Exordium Wildlife","floor":13,"turns":4},{"damage":0,"enemies":"Blue Slaver","floor":14,"turns":2},{"damage":56,"enemies":"The Guardian","floor":16,"turns":9}],"seed_played":"-7228191163708814847","potions_obtained":[{"floor":4.0,"key":"SpeedPotion"},{"floor":6.0,"key":"Dexterity Potion"},{"floor":11.0,"key":"EssenceOfSteel"},{"floor":13,"key":"LiquidMemories"}],"is_trial":false,"path_per_floor":["M","?","T","M","M","E","M","R","T","E","M","R","M","M","R","B"],"character_chosen":"WATCHER","items_purchased":[],"campfire_rested":2,"item_purchase_floors":[],"current_hp_per_floor":[72,72,72,70,70,10,12,33,33,25,25,49,51,53,53,0,0],"gold":295,"neow_bonus":"BOSS_RELIC","is_daily":false,"chose_seed":false,"campfire_upgraded":1,"win_rate":0.0,"timestamp":1614122658,"path_taken":["M","?","?","M","M","E","M","R","T","E","M","R","M","M","R","BOSS"],"items_purchased_type":[],"build_version":"2020-12-22","purchased_purges":0,"victory":false,"max_hp_per_floor":[72,72,72,72,72,72,72,72,72,82,82,82,82,82,82,82,82],"relic_stats":{"Blood Vial":16,"counters":[10,41],"Tiny Chest":0,"Pen Nib":[5],"obtain_stats":[{"Blood Vial":3,"Pear":10,"Philosopher\u0027s Stone":0,"Tiny Chest":9,"Pen Nib":6,"PureWater":0},{"Blood Vial":1,"Pear":6,"Philosopher\u0027s Stone":0,"Tiny Chest":5,"Pen Nib":4,"PureWater":0},{"Blood Vial":3,"Pear":23,"Philosopher\u0027s Stone":0,"Tiny Chest":18,"Pen Nib":16,"PureWater":0}]},"card_choices":[{"not_picked":["Nirvana","ThirdEye"],"picked":"FollowUp","floor":1.0},{"not_picked":["BowlingBash","CutThroughFate"],"picked":"Prostrate","floor":4.0},{"not_picked":["WheelKick","EmptyFist"],"picked":"Halt","floor":5.0},{"not_picked":["MentalFortress","EmptyBody"],"picked":"Wallop","floor":6.0},{"not_picked":["FlyingSleeves","EmptyFist"],"picked":"BowlingBash","floor":7.0},{"not_picked":["Vault","FlurryOfBlows"],"picked":"Vengeance","floor":10.0},{"not_picked":["ThirdEye","Perseverance"],"picked":"CrushJoints","floor":11.0},{"not_picked":["Meditate","CarveReality"],"picked":"EmptyFist","floor":13},{"not_picked":["ThirdEye","Tantrum"],"picked":"FlurryOfBlows","floor":14}],"player_experience":119231,"relics_obtained":[{"floor":3.0,"key":"Blood Vial"},{"floor":6.0,"key":"Pen Nib"},{"floor":9.0,"key":"Tiny Chest"},{"floor":10.0,"key":"Pear"}],"event_choices":[{"damage_healed":0.0,"max_hp_gain":0.0,"max_hp_loss":0.0,"gold_gain":0.0,"event_name":"The Cleric","player_choice":"Leave","floor":2.0,"gold_loss":0.0,"damage_taken":0.0}],"is_beta":false,"boss_relics":[],"items_purged_floors":[],"is_endless":false,"potions_floor_spawned":[4,6,11,13],"killed_by":"The Guardian","ascension_level":0}}