{"host":"kj5ejyofr70ax6r3","time":1614104330,"event":{"mods":["BaseMod","BetterRewards","Colored Map","Downfall","GifTheSpireLib","Minty Spire (QoL Compilation)","Replay The Spire","Shop Mod","StSLib"],"gold_per_floor":[99,111,51,51,51,61,131,147,36,53,53,53,503,503,513,612,612,412,412,12,28,28,40,40,40,40,40],"floor_reached":25,"language":"ENG","playtime":1119,"items_purged":["downfall:Icky"],"score":282,"play_id":"c1ef7cc6-2d39-4a47-8adc-e44ccebdb0c3","local_time":"20210223121850","is_ascension_mode":true,"campfire_choices":[{"floor":1,"key":"RECALL"},{"floor":11,"key":"REST"},{"data":"Doubt","floor":18,"key":"PURGE"}],"circlet_count":0,"master_deck":["bronze:Strike","bronze:Strike","bronze:Strike","bronze:Strike+1","bronze:Defend","bronze:Defend","bronze:Defend+1","bronze:Defend","bronze:Replicate","bronze:Goto","bronze:DelayedGuard+1","bronze:GetLatest","bronze:WhirlingStrike","bronze:OilSpill","bronze:BronzeOrb","bronze:ChildClass","bronze:Overheat","bronze:ItsAFeature","bronze:WildBeam","bronze:WildBeam","bronze:ThunderWave","downfall:Icky","downfall:Icky","bronze:Repair","bronze:HardenedForm","bronze:GetLatest","bronze:Repair+1","bronze:Separator","bronze:DelayedSlice","bronze:Repulsor+1","Hallucinations","bronze:Constructor"],"relics":["bronze:PlatinumCore","downfall:BrokenWingStatue","downfall:HeartBlessingRed","downfall:HeartBlessingBlue","Nloth\u0027s Gift","MerchantsRug","Ring of Peace","Ring of Hypnosis","Strawberry"],"acts_visited":["Exordium","TheCity"],"potions_floor_usage":[16,16,23,25],"damage_taken":[{"damage":1,"enemies":"Cultist","floor":2,"turns":4},{"damage":0,"enemies":"downfall:FleeingMerchant","floor":3,"turns":4},{"damage":12,"enemies":"Jaw Worm","floor":6,"turns":2},{"damage":0,"enemies":"Small Slimes","floor":8,"turns":2},{"damage":0,"enemies":"downfall:FleeingMerchant","floor":9,"turns":4},{"damage":11,"enemies":"Gremlin Gang","floor":10,"turns":6},{"damage":8,"enemies":"Red Slaver","floor":15,"turns":3},{"damage":58,"enemies":"DF_ARCHETYPE_STREAMLINE","floor":16,"turns":10},{"damage":15,"enemies":"downfall:FleeingMerchant","floor":20,"turns":4},{"damage":1,"enemies":"3 Byrds","floor":21,"turns":5},{"damage":10,"enemies":"downfall:LooterAlt2","floor":23,"turns":4},{"damage":109,"enemies":"Gremlin Leader","floor":25,"turns":6}],"seed_played":"-278868694666498776","potions_obtained":[{"floor":2,"key":"hexamod:SoulburnPotion"},{"floor":15,"key":"Doom Potion"},{"floor":16,"key":"Block Potion"},{"floor":21,"key":"Elixir"}],"is_trial":false,"path_per_floor":["R","M","$","?","?","M","T","M","$","M","R","?","?","?","M","B",null,"R_BF","?","$","M","?","M","T","E"],"character_chosen":"THE_AUTOMATON","items_purchased":["bronze:OilSpill","bronze:ItsAFeature","bronze:WildBeam","MerchantsRug","bronze:Repair+1","bronze:Separator","bronze:DelayedSlice"],"campfire_rested":1,"item_purchase_floors":[3,9,9,20,20,20,20],"current_hp_per_floor":[70,69,69,69,69,57,57,57,57,46,67,67,67,67,59,8,70,80,80,65,80,80,77,84,0,0,0],"gold":40,"neow_bonus":"THREE_CARDS","is_daily":false,"chose_seed":false,"campfire_upgraded":0,"win_rate":0.0,"timestamp":1614104330,"path_taken":["R","M","?","?","?","?","T","M","?","M","R","?","?","?","M","BOSS","R_BF","?","?","M","?","?","T","E"],"items_purchased_type":["Card","Card","Card","Relic","Card","Card","Card"],"build_version":"2020-12-22","purchased_purges":1,"victory":false,"max_hp_per_floor":[70,70,70,70,70,70,70,70,70,70,70,70,70,70,70,70,70,80,80,80,80,80,80,87,87,87,87],"card_choices":[{"not_picked":["bronze:Invalidate","bronze:Allocate"],"picked":"bronze:DelayedGuard","floor":0},{"not_picked":["bronze:Iterate","bronze:BugBarrage"],"picked":"bronze:GetLatest","floor":2},{"not_picked":["bronze:Refactor","bronze:Turbo"],"picked":"bronze:WhirlingStrike","floor":3},{"not_picked":["bronze:ForLoop","bronze:Frontload"],"picked":"bronze:BronzeOrb","floor":6},{"not_picked":["bronze:OilSpill","bronze:Overheat"],"picked":"bronze:ChildClass","floor":8},{"not_picked":["bronze:SpaghettiCode","bronze:Return"],"picked":"bronze:Overheat","floor":9},{"not_picked":["bronze:CutThrough","bronze:Refactor"],"picked":"bronze:WildBeam","floor":10},{"not_picked":["bronze:WildBeam","bronze:ItsAFeature"],"picked":"bronze:Repair","floor":15},{"not_picked":["bronze:CleanCode","bronze:Format"],"picked":"bronze:HardenedForm","floor":16},{"not_picked":["bronze:BugBarrage","bronze:ChosenStrike"],"picked":"bronze:GetLatest","floor":20},{"not_picked":["bronze:ClassDefault","bronze:Branch"],"picked":"bronze:Repulsor+1","floor":21},{"not_picked":["bronze:Invalidate","bronze:CloningBeam+1"],"picked":"bronze:Constructor","floor":23}],"player_experience":205421,"relics_obtained":[{"floor":22,"key":"Ring of Peace"},{"floor":22,"key":"Ring of Hypnosis"},{"floor":24,"key":"Strawberry"}],"event_choices":[],"is_beta":false,"boss_relics":[{"not_picked":["Abe\u0027s Treasure","ChewingGum"],"picked":"bronze:PlatinumCore"}],"items_purged_floors":[20],"is_endless":false,"potions_floor_spawned":[2,15,16,21],"killed_by":"Gremlin Leader","ascension_level":4}}