{"host":"hyzmf9jejtktdcwr","time":1614093010,"event":{"mods":["100% Spire Juice","ATMod(°¢èªMod)","Act Like it!","Arknights","Aspiration","BaseMod","Dota2Spire","Hermit","Luminous","Minty Spire (QoL Compilation)","MostiFishMod","Prisma Mod","Quick Restart","Reliquary","Shop Mod","StSLib","The Animator","The Blackbeard","The Construct","The Poker Player","[IsaacMod]ÒÔÈö¼âËþ"],"gold_per_floor":[111,722,722,742,742,776,796,796,796,828,828,532,532,566,566,686,686,707,732,748,748,748,787,787,787,813,848,862,206,242,281,281,281,281],"floor_reached":33,"language":"ZHS","playtime":1362,"items_purged":["ats:Armor Crushing Shot","Injury","ats:Strike C"],"score":650,"play_id":"c246d202-8544-4e09-89a1-70636979957f","local_time":"20210223231010","is_ascension_mode":true,"campfire_choices":[{"data":"ats:Emotion Absorption","floor":8,"key":"SMITH"},{"data":"AT_FamilyPortrait","floor":15,"key":"SMITH"},{"data":"ats:Healing Strengthening","floor":25,"key":"SMITH"},{"data":"ats:Soul Absorption","floor":32,"key":"SMITH"}],"circlet_count":0,"master_deck":["AscendersBane","ats:Strike G","ats:Strike S+1","ats:Defend","ats:Defend","ats:Defend+1","ats:Emotion Absorption+1","AT_FamilyPortrait+1","ats:Mental Burst","ats:Wolf Pack","ats:Thorns","ats:Healing Strengthening+1","ats:Blood Oath","ats:Calcification","ats:Neurotoxin","ats:Red Shift","ats:Soul Rend","MostiFishMod:Neptune","MostiFishMod:TheEndOfMoonlight","MostiFishMod:SparklingWater","MostiFishMod:FantasySummer","MostiFishMod:NightSea","ats:Soul Rend","ats:Red Shift","ats:Sashimi Platter","ats:Cat Scratch+1","ats:Blood Oath+1","ats:Mental Burst+1","ats:Dogmatic Field","ats:Consecutive Shot Auto+1","ats:Soul Absorption+1"],"relics":["ats:Sanity","DaveBox","AT_ATBox","HushsDoor","Leech","SynthV","SynthV:TestCard","ats:Originium","Dota2Spire:OctarineCore","reliquary:Aerogel","AT_RabadonDeathcap","MostiFishMod:AdaptiveDefenses","Golden Idol","reliquary:Knoch","MoonlightInvasionPlan","GuppysHairball","GuppysCollar","ats:Bonebreaker","aspiration:RitualStick","ats:Ability Aura","Bird Faced Urn","AT_BladeRuinedKing","reliquary:PurpleTingedLeaf","Red Mask","aspiration:Lifesprig"],"acts_visited":["Exordium","TheCity"],"potions_floor_usage":[16,23,33,33],"damage_taken":[{"damage":3,"enemies":"Small Slimes","floor":1,"turns":2},{"damage":0,"enemies":"Jaw Worm","floor":2,"turns":1},{"damage":0,"enemies":"2 Louse","floor":4,"turns":2},{"damage":6,"enemies":"Gremlin Nob","floor":6,"turns":4},{"damage":10,"enemies":"Exordium Thugs","floor":7,"turns":3},{"damage":9,"enemies":"3 Sentries","floor":10,"turns":3},{"damage":7,"enemies":"Gremlin Nob","floor":14,"turns":4},{"damage":0,"enemies":"Slime Boss","floor":16,"turns":4},{"damage":0,"enemies":"Shell Parasite","floor":18,"turns":1},{"damage":0,"enemies":"3 Byrds","floor":19,"turns":3},{"damage":37,"enemies":"Snake Plant","floor":20,"turns":3},{"damage":76,"enemies":"Slavers","floor":23,"turns":6},{"damage":29,"enemies":"Gremlin Leader","floor":27,"turns":4},{"damage":0,"enemies":"Chosen and Byrds","floor":28,"turns":4},{"damage":12,"enemies":"Masked Bandits","floor":30,"turns":3},{"damage":2,"enemies":"Book of Stabbing","floor":31,"turns":2},{"damage":79,"enemies":"Collector","floor":33,"turns":5}],"seed_played":"-1385216563279138333","potions_obtained":[{"floor":1,"key":"DuplicationPotion"},{"floor":6,"key":"Ancient Potion"},{"floor":20,"key":"FairyPotion"},{"floor":27,"key":"ats:Burn Small Potion"},{"floor":28,"key":"EssenceOfSteel"}],"is_trial":false,"path_per_floor":["M","M","?","M","?","E","M","R","T","E","?","$","?","E","R","B",null,"M","M","M","?","?","E","?","R","T","E","M","$","?","E","R","B"],"character_chosen":"DOCTOR_CLASS","items_purchased":["MostiFishMod:AdaptiveDefenses","ats:Neurotoxin","GuppysHairball","GuppysCollar","ats:Soul Rend","ats:Red Shift","ats:Dogmatic Field","AT_BladeRuinedKing","reliquary:PurpleTingedLeaf"],"campfire_rested":0,"item_purchase_floors":[12,12,17,17,17,17,29,29,29],"current_hp_per_floor":[64,64,57,59,45,45,38,38,38,34,34,34,34,49,49,58,37,37,37,11,11,11,37,30,30,30,37,37,37,37,37,37,0,0],"gold":281,"neow_bonus":"REMOVE_CARD","is_daily":false,"chose_seed":false,"campfire_upgraded":4,"win_rate":0.0,"timestamp":1614093010,"path_taken":["M","M","?","M","?","E","?","R","T","E","?","$","?","E","R","BOSS","M","?","M","?","?","E","?","R","T","E","M","$","?","E","R","BOSS"],"items_purchased_type":["Relic","Card","Relic","Relic","Card","Card","Card","Relic","Relic"],"build_version":"2020-12-22","purchased_purges":3,"victory":false,"max_hp_per_floor":[72,72,72,72,72,72,72,72,72,72,72,72,72,72,72,72,37,37,37,37,37,37,37,37,37,37,37,37,37,37,37,37,37,37],"card_choices":[{"not_picked":["ats:Powerful Strike","ats:Closed Bolt Burst Fire"],"picked":"ats:Mental Burst","floor":1},{"not_picked":["ats:Phantom","ats:Counter Healing Mode","ats:Hammer On","ats:Chain Hook"],"picked":"ats:Wolf Pack","floor":2},{"not_picked":["ats:Absolute Focus","ats:Apocalypse","ats:Curse Doll","ats:Very Hot Blade"],"picked":"ats:Thorns","floor":4},{"not_picked":["ats:Fractured Body","ats:Healing Drone","ats:Closed Bolt Burst Fire","ats:Leaping Hammer"],"picked":"ats:Healing Strengthening","floor":6},{"not_picked":["ats:Consecutive Shot Auto","Bomb","ats:Closed Bolt Burst Fire","ats:Collapsing Strike"],"picked":"ats:Blood Oath","floor":7},{"not_picked":["ats:Curse Doll","ats:Revitalization","ats:Soul Absorption","ats:Overload"],"picked":"ats:Calcification","floor":10},{"not_picked":["ats:Hammer On","ats:Explosion Area Strengthen","ats:Demon Strength","ats:Phantom"],"picked":"ats:Red Shift","floor":14},{"not_picked":["ats:Shadow Assault","ats:Volcano","ats:Calcification","ats:Dogmatic Field"],"picked":"ats:Soul Rend","floor":16},{"not_picked":["ats:Powerful Strike","ats:Soul Absorption","ats:Guard Mode","ats:Explosion Area Strengthen+1"],"picked":"ats:Sashimi Platter","floor":18},{"not_picked":["ats:Blood Oath","ats:Sword Rain","ats:Flexible Camouflage","ats:Magnetic Hammer+1","ats:Explosion Area Strengthen"],"picked":"SKIP","floor":19},{"not_picked":["ats:Leaping Hammer","ats:Mental Burst","ats:Revitalization","ats:Assault Order"],"picked":"ats:Cat Scratch+1","floor":20},{"not_picked":["ats:Hammer On","ats:Poison Spread","ats:Ignite","ats:Magnetic Hammer"],"picked":"ats:Blood Oath+1","floor":23},{"not_picked":["ats:Assault Order","ats:Guardian Obelisk+1","ats:Durian","ats:Revitalization"],"picked":"ats:Mental Burst+1","floor":27},{"not_picked":["ats:Closed Bolt Burst Fire","ats:Neurotoxin","ats:Hammer On","ats:Cat Scratch+1","ats:Powerful Strike+1"],"picked":"SKIP","floor":28},{"not_picked":["ats:Revitalization","ats:Leaping Hammer","ats:Wolf Pack","ats:Flame Of Heaven+1"],"picked":"ats:Consecutive Shot Auto+1","floor":30},{"not_picked":["ats:Part Time Job","ats:Closed Bolt Burst Fire+1","ats:Revitalization+1","ats:Serious Mode"],"picked":"ats:Soul Absorption","floor":31}],"player_experience":231489,"relics_obtained":[{"floor":1,"key":"SynthV:TestCard"},{"floor":6,"key":"ats:Originium"},{"floor":6,"key":"Dota2Spire:OctarineCore"},{"floor":9,"key":"reliquary:Aerogel"},{"floor":10,"key":"ats:Originium"},{"floor":10,"key":"AT_RabadonDeathcap"},{"floor":14,"key":"ats:Originium"},{"floor":14,"key":"reliquary:Knoch"},{"floor":23,"key":"ats:Originium"},{"floor":23,"key":"ats:Bonebreaker"},{"floor":26,"key":"ats:Ability Aura"},{"floor":27,"key":"Bird Faced Urn"},{"floor":30,"key":"Red Mask"},{"floor":31,"key":"aspiration:Lifesprig"}],"event_choices":[{"cards_removed":["ats:Defend"],"damage_healed":0,"gold_gain":0,"player_choice":"Card Removal","damage_taken":7,"max_hp_gain":0,"max_hp_loss":0,"event_name":"Golden Wing","floor":3,"gold_loss":0},{"damage_healed":0,"gold_gain":0,"player_choice":"Entered Light","damage_taken":14,"max_hp_gain":0,"max_hp_loss":0,"event_name":"Shining Light","floor":5,"gold_loss":0,"cards_upgraded":["ats:Defend","ats:Strike S"]},{"damage_healed":0,"gold_gain":0,"player_choice":"Take Wound","damage_taken":0,"relics_obtained":["Golden Idol"],"max_hp_gain":0,"max_hp_loss":0,"event_name":"Golden Idol","floor":13,"gold_loss":0,"cards_obtained":["Injury"]},{"damage_healed":0,"gold_gain":0,"player_choice":"Ignored","damage_taken":0,"max_hp_gain":0,"max_hp_loss":0,"event_name":"Ghosts","floor":22,"gold_loss":0},{"damage_healed":0,"gold_gain":0,"player_choice":"Fought Bandits","damage_taken":0,"max_hp_gain":0,"max_hp_loss":0,"event_name":"Masked Bandits","floor":30,"gold_loss":0}],"is_beta":false,"boss_relics":[{"not_picked":["aspiration:SecretTechniqueScroll","Astrolabe"],"picked":"MoonlightInvasionPlan"},{"not_picked":[]}],"items_purged_floors":[12,17,29],"is_endless":false,"potions_floor_spawned":[1,6,7,20,27,28],"killed_by":"Collector","ascension_level":11}}