{"host":"dpbezu80jg8zk7un","time":1614105461,"event":{"mods":["BaseMod","Colored Map","Colored Powertips","Custom Start","DeckTracker","Minty Spire (QoL Compilation)","Quick Restart","StSLib","SuperFastMode"],"gold_per_floor":[110,110,122,134,134,134,59,75,75,75,110,26,26,61,61,140,140,158,208,108,108,120,152,152,181,204,224,224,234,267,102,102,173,173,183,58,69,69,85,114,129,146,146,175,185,218,231,261,261,261,261,261,261,35,68,68],"floor_reached":57,"language":"KOR","playtime":1853,"items_purged":["Strike_P","Strike_P","Strike_P","Defend_P"],"score":3805,"play_id":"bb537bec-90d0-4d43-b57f-e3165f47123e","local_time":"20210224033741","is_ascension_mode":true,"campfire_choices":[{"data":"Eruption","floor":6.0,"key":"SMITH"},{"data":"CrushJoints","floor":10.0,"key":"SMITH"},{"data":"Adaptation","floor":13.0,"key":"SMITH"},{"data":"SandsOfTime","floor":15.0,"key":"SMITH"},{"data":"Vault","floor":24.0,"key":"SMITH"},{"data":"EmptyMind","floor":28.0,"key":"SMITH"},{"data":"InnerPeace","floor":32.0,"key":"SMITH"},{"floor":49,"key":"RECALL"},{"data":"TalkToTheHand","floor":53,"key":"SMITH"}],"circlet_count":0,"master_deck":["AscendersBane","Defend_P+1","Eruption+1","Vigilance+1","EmptyMind+1","FearNoEvil","SandsOfTime+1","CrushJoints+1","Adaptation+1","Vault+1","InnerPeace+1","Adaptation","TalkToTheHand+1","Fasting2"],"relics":["PureWater","Pear","Akabeko","Runic Pyramid","CloakClasp","Torii","Anchor","Omamori","Bag of Preparation","Sozu","WarpedTongs","War Paint","Bottled Lightning","Dream Catcher","MealTicket","Art of War","InkBottle"],"acts_visited":["Exordium","TheCity","TheBeyond","TheEnding"],"potions_floor_usage":[56],"damage_taken":[{"damage":0.0,"enemies":"Jaw Worm","floor":1.0,"turns":4.0},{"damage":0.0,"enemies":"2 Louse","floor":3.0,"turns":4.0},{"damage":2.0,"enemies":"Small Slimes","floor":4.0,"turns":3.0},{"damage":0.0,"enemies":"2 Fungi Beasts","floor":8.0,"turns":3.0},{"damage":0.0,"enemies":"Gremlin Nob","floor":11.0,"turns":2.0},{"damage":0.0,"enemies":"Lagavulin","floor":14.0,"turns":3.0},{"damage":0.0,"enemies":"Slime Boss","floor":16.0,"turns":3.0},{"damage":13.0,"enemies":"Shell Parasite","floor":18.0,"turns":3.0},{"damage":0.0,"enemies":"Spheric Guardian","floor":22.0,"turns":2.0},{"damage":0.0,"enemies":"Gremlin Leader","floor":23.0,"turns":4.0},{"damage":0.0,"enemies":"Book of Stabbing","floor":25.0,"turns":3.0},{"damage":0.0,"enemies":"Centurion and Healer","floor":27.0,"turns":3.0},{"damage":1.0,"enemies":"Snake Plant","floor":29.0,"turns":3.0},{"damage":0.0,"enemies":"Slavers","floor":30.0,"turns":2.0},{"damage":0.0,"enemies":"Collector","floor":33.0,"turns":4.0},{"damage":0.0,"enemies":"Orb Walker","floor":35.0,"turns":2.0},{"damage":3,"enemies":"3 Shapes","floor":37,"turns":4},{"damage":0,"enemies":"3 Darklings","floor":39,"turns":2},{"damage":0,"enemies":"Giant Head","floor":40,"turns":3},{"damage":0,"enemies":"4 Shapes","floor":41,"turns":3},{"damage":0,"enemies":"Sphere and 2 Shapes","floor":42,"turns":2},{"damage":0,"enemies":"Reptomancer","floor":44,"turns":2},{"damage":0,"enemies":"Spire Growth","floor":45,"turns":2},{"damage":0,"enemies":"Giant Head","floor":46,"turns":4},{"damage":0,"enemies":"Jaw Worm Horde","floor":47,"turns":2},{"damage":0,"enemies":"Reptomancer","floor":48,"turns":2},{"damage":0,"enemies":"Awakened One","floor":50,"turns":3},{"damage":0,"enemies":"Donu and Deca","floor":51,"turns":3},{"damage":0,"enemies":"Shield and Spear","floor":55,"turns":2},{"damage":34,"enemies":"The Heart","floor":56,"turns":7}],"seed_played":"8622974411021614407","potions_obtained":[{"floor":3.0,"key":"DuplicationPotion"},{"floor":8.0,"key":"ColorlessPotion"},{"floor":16.0,"key":"BlessingOfTheForge"},{"floor":27.0,"key":"Ancient Potion"}],"is_trial":false,"path_per_floor":["M","?","M","M","?","R","$","M","T","R","E","$","R","E","R","B",null,"M","?","$","?","M","E","R","E","T","M","R","M","E","$","R","B",null,"M","$","M","?","M","E","M","M","T","E","M","E","M","E","R","B","B",null,"R","$","E","B",null],"character_chosen":"WATCHER","items_purchased":["Adaptation","Bag of Preparation","Fasting2"],"campfire_rested":0,"item_purchase_floors":[12,31,54],"current_hp_per_floor":[43,48,48,46,39,39,39,39,39,39,49,49,49,49,49,49,75,62,62,62,38,38,38,38,38,38,38,38,37,37,37,37,37,75,75,75,72,72,72,72,72,72,72,72,72,72,72,72,72,72,72,84,84,88,88,54],"gold":68,"neow_bonus":"REMOVE_TWO","is_daily":false,"chose_seed":false,"campfire_upgraded":8,"win_rate":0.0,"timestamp":1614105461,"path_taken":["M","?","M","M","?","R","$","M","T","R","E","$","R","E","R","BOSS","M","?","$","?","M","E","R","E","T","M","R","M","E","$","R","BOSS","M","$","M","?","M","E","M","M","T","E","M","E","M","E","R","BOSS","BOSS","R","$","E","BOSS"],"items_purchased_type":["Card","Relic","Card"],"build_version":"2020-12-22","purchased_purges":4,"victory":true,"max_hp_per_floor":[68,73,73,73,73,73,73,73,73,73,83,83,83,83,83,83,83,83,83,83,88,88,88,88,88,88,88,88,88,88,88,88,88,88,88,88,88,88,88,88,88,88,88,88,88,88,88,88,88,88,88,88,88,88,88,88],"card_choices":[{"not_picked":["SashWhip","JustLucky"],"picked":"EmptyMind","floor":1.0},{"not_picked":["DeceiveReality","SashWhip"],"picked":"FearNoEvil","floor":3.0},{"not_picked":["PathToVictory","Protect"],"picked":"SandsOfTime","floor":4.0},{"not_picked":["FearNoEvil","Crescendo"],"picked":"CrushJoints","floor":8.0},{"not_picked":["CutThroughFate","DevaForm","Evaluate"],"picked":"SKIP","floor":11.0},{"not_picked":["SandsOfTime","Halt","TalkToTheHand"],"picked":"SKIP","floor":14.0},{"not_picked":["Omniscience","Judgement"],"picked":"Vault","floor":16.0},{"not_picked":["Wireheading","CrushJoints"],"picked":"InnerPeace","floor":18.0},{"not_picked":["Protect","LikeWater","FearNoEvil"],"picked":"SKIP","floor":22.0},{"not_picked":["Prostrate","CrushJoints","EmptyFist"],"picked":"SKIP","floor":23.0},{"not_picked":["Vengeance","Indignation","ReachHeaven"],"picked":"SKIP","floor":25.0},{"not_picked":["CutThroughFate+1","InnerPeace","ThirdEye"],"picked":"SKIP","floor":27.0},{"not_picked":["EmptyFist","Conclude","CrushJoints"],"picked":"SKIP","floor":29.0},{"not_picked":["Sanctity","Prostrate","Devotion"],"picked":"SKIP","floor":30.0},{"not_picked":["Fasting2","ThirdEye","Crescendo"],"picked":"SKIP","floor":35.0},{"not_picked":["Conclude","Swivel","EmptyBody"],"picked":"SKIP","floor":37},{"not_picked":["Protect","ClearTheMind","FlurryOfBlows"],"picked":"SKIP","floor":39},{"not_picked":["Prostrate","FlurryOfBlows","Halt"],"picked":"SKIP","floor":40},{"not_picked":["FlyingSleeves+1","Consecrate"],"picked":"Adaptation","floor":41},{"not_picked":["FlyingSleeves","BowlingBash","CutThroughFate"],"picked":"SKIP","floor":42},{"not_picked":["Meditate+1","SashWhip+1","Tantrum+1"],"picked":"SKIP","floor":44},{"not_picked":["Swivel","LessonLearned","EmptyBody"],"picked":"SKIP","floor":45},{"not_picked":["PathToVictory","EmptyBody","WreathOfFlame"],"picked":"SKIP","floor":46},{"not_picked":["Evaluate","ClearTheMind","Study"],"picked":"SKIP","floor":47},{"not_picked":["Study","SignatureMove"],"picked":"TalkToTheHand","floor":48},{"not_picked":["BattleHymn","ClearTheMind","SignatureMove+1"],"picked":"SKIP","floor":55}],"player_experience":2989956,"relics_obtained":[{"floor":11.0,"key":"Pear"},{"floor":14.0,"key":"Akabeko"},{"floor":23.0,"key":"CloakClasp"},{"floor":25.0,"key":"Torii"},{"floor":26.0,"key":"Anchor"},{"floor":30.0,"key":"Omamori"},{"floor":40,"key":"War Paint"},{"floor":43,"key":"Bottled Lightning"},{"floor":44,"key":"Dream Catcher"},{"floor":46,"key":"MealTicket"},{"floor":48,"key":"Art of War"},{"floor":55,"key":"InkBottle"}],"event_choices":[{"damage_healed":0.0,"max_hp_gain":5.0,"max_hp_loss":0.0,"gold_gain":0.0,"event_name":"Big Fish","player_choice":"Donut","floor":2.0,"gold_loss":0.0,"damage_taken":0.0},{"cards_removed":["Defend_P"],"damage_healed":0.0,"max_hp_gain":0.0,"max_hp_loss":0.0,"gold_gain":0.0,"event_name":"Golden Wing","player_choice":"Card Removal","floor":5.0,"gold_loss":0.0,"damage_taken":7.0},{"damage_healed":0.0,"max_hp_gain":0.0,"max_hp_loss":0.0,"gold_gain":50.0,"event_name":"Nest","player_choice":"Stole From Cult","floor":19.0,"gold_loss":0.0,"damage_taken":0.0},{"damage_healed":0.0,"max_hp_gain":5.0,"max_hp_loss":0.0,"gold_gain":0.0,"event_name":"Forgotten Altar","player_choice":"Shed Blood","floor":21.0,"gold_loss":0.0,"damage_taken":29.0},{"damage_healed":0,"gold_gain":0,"player_choice":"Rummage","damage_taken":0,"relics_obtained":["WarpedTongs"],"max_hp_gain":0,"max_hp_loss":0,"event_name":"Accursed Blacksmith","floor":38,"gold_loss":0,"cards_obtained":["Pain"]}],"is_beta":false,"boss_relics":[{"not_picked":["Pandora\u0027s Box","Runic Dome"],"picked":"Runic Pyramid"},{"not_picked":["Tiny House","HolyWater"],"picked":"Sozu"}],"items_purged_floors":[7,20,36,54],"is_endless":false,"potions_floor_spawned":[3,8,16,18,22,27,33,35,37,41,46,55],"ascension_level":20}}