{"host":"npubv26u89aif4fa","time":1614065341,"event":{"mods":["Astrologer","BaseMod","Better Vampires","Better-Laid Plans","CapriCore","Colored Powertips","GifTheSpireLib","GungeonMod","HornydragonMod","Hubris","Jedi Mod","Minty Spire (QoL Compilation)","Potionbrewer","Quick Restart","Remilia（蕾米莉亚）","Replay The Spire","StSLib","The Administrix","The Alterego","The Blackbeard","The Bug Knight","The Cursed","The Immortal","The Marked","The Runesmith","The Showman","Yuri Mod","残留之物"],"gold_per_floor":[119,119,119,137,150,180,180,190,237,256,291,304,334,353,353,454,454,467,467,467,467,102,129,240,269,269,286,286,301,334,360,360,360,360,373,283,296,313,323,354,37,37,91,91,136,167,204,281,281,299,299,299,27,78,84],"floor_reached":56,"language":"ZHS","playtime":6643,"items_purged":["blackbeard:BlackbeardStrike","blackbeard:BlackbeardStrike","blackbeard:BlackbeardDefend"],"score":1677,"play_id":"67f7667e-9922-4ecf-a915-f155c695d378","local_time":"20210223152901","is_ascension_mode":true,"campfire_choices":[{"floor":7.0,"key":"RECALL"},{"data":"blackbeard:Provisioning","floor":15.0,"key":"SMITH"},{"data":"hubris:DuctTapeCard","floor":32.0,"key":"SMITH"},{"data":"blackbeard:CannonballSupply","floor":42.0,"key":"SMITH"},{"data":"blackbeard:FinalBarrage","floor":49,"key":"SMITH"},{"data":"blackbeard:Fencing","floor":52,"key":"SMITH"}],"circlet_count":0,"master_deck":["blackbeard:IntimidatingStrike","blackbeard:BlackbeardDefend","blackbeard:BlackbeardDefend+1","blackbeard:BlackbeardDefend","blackbeard:Cutlass","blackbeard:Halberd+1","blackbeard:Provisioning+1","blackbeard:Toast","blackbeard:Anchor","blackbeard:Sharpening","blackbeard:DoubleCannonball","blackbeard:BoostMorale","blackbeard:Rum","blackbeard:FinalBarrage+1","blackbeard:CloakAndCannonball+1","blackbeard:GoldenCannonball","blackbeard:CaptainsHat+1","blackbeard:TheDrunkenSailor+1","blackbeard:PirateEarring+1","blackbeard:JollyRoger+1","blackbeard:TacticalRetreat","blackbeard:TacticalRetreat+1","blackbeard:CannonballSupply+1","blackbeard:DoubleBottom","blackbeard:Fencing+1","blackbeard:DoubleCannonball+1","blackbeard:CannonBarrage+1","hubris:DuctTapeCard","blackbeard:GoldenDefense+1","blackbeard:TacticalRetreat"],"relics":["blackbeard:LoadTheCannons","DemoMod:PinkGuonStone","jedi:kaleidoscope","hubris:SphereOfDissonance","PlaceholderMod:LiveLive","hubris:Icosahedron","Nunchaku","Happy Flower","Frozen Egg 2","hubris:DuctTape","HollowMod:StagPassRelic","PlaceholderMod:DeVermisMysteriis","Replay:Bottled Snecko","Replay:Rubber Ducky","Black Star","Replay:Bandana","hubris:PeanutButter","hubris:EmptyBottle","PreservedInsect","Pear","hubris:CuriousFeather","Vajra","Akabeko","ReplayFunnel","Mirror"],"acts_visited":["Exordium","TheCity","TheBeyond","TheEnding"],"potions_floor_usage":[55,55,55,55,55,55,55,55],"damage_taken":[{"damage":0.0,"enemies":"2 Louse","floor":1.0,"turns":3.0},{"damage":0.0,"enemies":"Jaw Worm","floor":4.0,"turns":3.0},{"damage":0.0,"enemies":"Small Slimes","floor":5.0,"turns":2.0},{"damage":27.0,"enemies":"Gremlin Nob","floor":6.0,"turns":5.0},{"damage":0.0,"enemies":"2 Fungi Beasts","floor":8.0,"turns":3.0},{"damage":0.0,"enemies":"Blue Slaver","floor":10.0,"turns":4.0},{"damage":0.0,"enemies":"Replay:BlueRogue","floor":11.0,"turns":4.0},{"damage":0.0,"enemies":"Gremlin Gang","floor":12.0,"turns":4.0},{"damage":14.0,"enemies":"Gremlin Nob","floor":13.0,"turns":3.0},{"damage":0.0,"enemies":"Large Slime","floor":14.0,"turns":4.0},{"damage":0.0,"enemies":"The Guardian","floor":16.0,"turns":9.0},{"damage":4.0,"enemies":"2 Thieves","floor":18.0,"turns":3.0},{"damage":0.0,"enemies":"Gremlin Leader","floor":23.0,"turns":8.0},{"damage":0.0,"enemies":"Chosen","floor":24.0,"turns":3.0},{"damage":0.0,"enemies":"HollowMod:Nosk","floor":25.0,"turns":5.0},{"damage":0.0,"enemies":"Snecko","floor":27.0,"turns":2.0},{"damage":0.0,"enemies":"Centurion and Healer","floor":29.0,"turns":4.0},{"damage":0.0,"enemies":"Replay:Snechameleon","floor":30.0,"turns":3.0},{"damage":1.0,"enemies":"Collector","floor":33.0,"turns":8.0},{"damage":0.0,"enemies":"3 Shapes","floor":35.0,"turns":7.0},{"damage":0.0,"enemies":"Orb Walker","floor":37.0,"turns":2.0},{"damage":0.0,"enemies":"Transient","floor":38.0,"turns":5.0},{"damage":0.0,"enemies":"Spire Growth","floor":39.0,"turns":3.0},{"damage":0.0,"enemies":"R_Hoarder","floor":40.0,"turns":4.0},{"damage":0.0,"enemies":"Nemesis","floor":45.0,"turns":6.0},{"damage":6.0,"enemies":"Sphere and 2 Shapes","floor":46.0,"turns":5.0},{"damage":0.0,"enemies":"4 Shapes","floor":47.0,"turns":3.0},{"damage":0,"enemies":"Awakened One","floor":50,"turns":8},{"damage":0,"enemies":"Shield and Spear","floor":54,"turns":3},{"damage":14,"enemies":"The Heart","floor":55,"turns":9}],"seed_played":"8776494706997205802","potions_obtained":[{"floor":1.0,"key":"SkillPotion"},{"floor":8.0,"key":"DemoMod:LeadSkinPotion"},{"floor":10.0,"key":"Ancient Potion"},{"floor":21.0,"key":"LifebloodPotion"},{"floor":24.0,"key":"potionbrewer:ToxicPotion"},{"floor":30.0,"key":"DemoMod:LeadSkinPotion"}],"is_trial":false,"path_per_floor":["M","?","?","M","M","E","R","M","T","M","E","M","E","M","R","B",null,"M","?","?","?","$","E","M","E","T","M","?","M","E","T","R","B",null,"M","?","M","M","M","E","$","R","T","$","E","M","M","?","R","B",null,"R","$","E","B",null],"character_chosen":"BLACKBEARD_CLASS","items_purchased":["Nunchaku","Happy Flower","hubris:EmptyBottle","blackbeard:DoubleCannonball","Akabeko"],"campfire_rested":0,"item_purchase_floors":[22,22,41,41,53],"current_hp_per_floor":[75,75,75,75,75,55,55,55,55,55,55,55,41,41,41,41,82,78,78,78,78,78,78,78,78,78,78,78,78,78,78,78,77,82,82,82,82,82,82,82,82,82,82,82,92,86,86,63,63,63,92,92,92,92,78],"gold":84,"neow_bonus":"ONE_RANDOM_RARE_CARD","is_daily":false,"chose_seed":false,"campfire_upgraded":5,"win_rate":0.0,"timestamp":1614065341,"path_taken":["M","?","?","M","M","E","R","M","T","M","E","M","E","M","R","BOSS","M","?","?","?","$","E","M","E","T","?","?","M","E","?","R","BOSS","M","?","?","?","M","E","$","R","T","?","E","M","?","?","R","BOSS","R","$","E","BOSS"],"items_purchased_type":["Relic","Relic","Relic","Card","Relic"],"build_version":"2020-12-22","purchased_purges":3,"victory":true,"max_hp_per_floor":[75,75,75,75,75,82,82,82,82,82,82,82,82,82,82,82,82,82,82,82,82,82,82,82,82,82,82,82,82,82,82,82,82,82,82,82,82,82,82,82,82,82,82,82,92,92,92,92,92,92,92,92,92,92,92],"card_choices":[{"not_picked":["blackbeard:PiratesWill","blackbeard:Fencing"],"picked":"blackbeard:Provisioning","floor":1.0},{"not_picked":["blackbeard:RearmingStrike","blackbeard:Dagger"],"picked":"blackbeard:Toast","floor":4.0},{"not_picked":["blackbeard:Sword","blackbeard:DelayedPain"],"picked":"blackbeard:ArmorUp","floor":5.0},{"not_picked":["blackbeard:TacticalRetreat","blackbeard:GhostInTheRum"],"picked":"blackbeard:Anchor","floor":6.0},{"not_picked":["blackbeard:Spear","blackbeard:BeatUp"],"picked":"blackbeard:Sharpening","floor":8.0},{"not_picked":["blackbeard:Sharpening","blackbeard:CatONineTails"],"picked":"blackbeard:DoubleCannonball","floor":10.0},{"not_picked":["blackbeard:BeatUp","blackbeard:FishingNets"],"picked":"blackbeard:BoostMorale","floor":11.0},{"not_picked":["blackbeard:Toast","blackbeard:CloakAndCannonball"],"picked":"blackbeard:Fencing","floor":12.0},{"not_picked":["blackbeard:RearmingStrike","blackbeard:GoldenStrike","blackbeard:Eyepatch"],"picked":"SKIP","floor":13.0},{"not_picked":["blackbeard:BeatUp","blackbeard:FieryDefense"],"picked":"blackbeard:Rum","floor":14.0},{"not_picked":["blackbeard:Halberd","blackbeard:PirateStrength"],"picked":"blackbeard:FinalBarrage","floor":16.0},{"not_picked":["blackbeard:Shrapnel","blackbeard:Sword"],"picked":"blackbeard:CloakAndCannonball+1","floor":18.0},{"not_picked":["blackbeard:TacticalRetreat","blackbeard:Sword","blackbeard:FieryDefense"],"picked":"SKIP","floor":23.0},{"not_picked":["blackbeard:Sharpening","blackbeard:SwordDance"],"picked":"blackbeard:CaptainsHat+1","floor":24.0},{"not_picked":["blackbeard:Sword","blackbeard:SwordDance"],"picked":"blackbeard:TheDrunkenSailor+1","floor":25.0},{"not_picked":["blackbeard:GoldenDefense","blackbeard:Sharpening"],"picked":"blackbeard:PirateEarring+1","floor":27.0},{"not_picked":["blackbeard:SmithingHammer","blackbeard:Dagger"],"picked":"blackbeard:JollyRoger+1","floor":29.0},{"not_picked":["blackbeard:FieryDefense","blackbeard:SwordDance","blackbeard:TacticalRetreat"],"picked":"SKIP","floor":30.0},{"not_picked":["blackbeard:TacticalRetreat","blackbeard:Recklessness+1","blackbeard:FieryDefense"],"picked":"SKIP","floor":35.0},{"not_picked":["blackbeard:Recklessness+1","blackbeard:FieryDefense"],"picked":"blackbeard:TacticalRetreat","floor":35.0},{"not_picked":["blackbeard:Spear","blackbeard:Toast+1"],"picked":"blackbeard:TacticalRetreat+1","floor":37.0},{"not_picked":["blackbeard:CloakAndCannonball","blackbeard:BlindAttacks"],"picked":"blackbeard:CannonballSupply","floor":38.0},{"not_picked":["blackbeard:BuriedTreasure+1","blackbeard:DeadlyArsenal+1"],"picked":"blackbeard:DoubleBottom","floor":39.0},{"not_picked":["blackbeard:InfiniteBarrage+1","blackbeard:WiseDefense+1"],"picked":"blackbeard:Fencing","floor":40.0},{"not_picked":["blackbeard:Shrapnel","blackbeard:Intoxication+1"],"picked":"blackbeard:CannonBarrage+1","floor":45.0},{"not_picked":["blackbeard:TacticalRetreat","blackbeard:RearmingStrike","blackbeard:GoldenStrike+1"],"picked":"SKIP","floor":46.0},{"not_picked":["blackbeard:Dagger+1","blackbeard:FieryDefense","blackbeard:Provisioning+1"],"picked":"SKIP","floor":47.0},{"not_picked":["blackbeard:DoubleCannonball+1","blackbeard:Bandana+1"],"picked":"blackbeard:GoldenDefense+1","floor":48},{"not_picked":["blackbeard:Anchor+1","blackbeard:Shrapnel+1"],"picked":"blackbeard:TacticalRetreat","floor":48},{"not_picked":["blackbeard:WiseDefense","blackbeard:RearmingStrike","blackbeard:BlindAttacks"],"picked":"SKIP","floor":54}],"player_experience":389844,"relics_obtained":[{"floor":6.0,"key":"DemoMod:PinkGuonStone"},{"floor":11.0,"key":"jedi:kaleidoscope"},{"floor":13.0,"key":"hubris:SphereOfDissonance"},{"floor":23.0,"key":"Frozen Egg 2"},{"floor":25.0,"key":"hubris:DuctTape"},{"floor":26.0,"key":"HollowMod:StagPassRelic"},{"floor":28.0,"key":"PlaceholderMod:DeVermisMysteriis"},{"floor":30.0,"key":"Replay:Bottled Snecko"},{"floor":31.0,"key":"Replay:Rubber Ducky"},{"floor":40.0,"key":"Replay:Bandana"},{"floor":40.0,"key":"hubris:PeanutButter"},{"floor":43.0,"key":"PreservedInsect"},{"floor":45.0,"key":"Pear"},{"floor":45.0,"key":"hubris:CuriousFeather"},{"floor":48,"key":"Vajra"},{"floor":54,"key":"ReplayFunnel"},{"floor":54,"key":"Mirror"}],"event_choices":[{"damage_healed":0.0,"max_hp_gain":0.0,"max_hp_loss":0.0,"gold_gain":0.0,"event_name":"The Library","player_choice":"Read","floor":19.0,"gold_loss":0.0,"damage_taken":0.0,"cards_obtained":["blackbeard:GoldenCannonball"]},{"damage_healed":0.0,"max_hp_gain":0.0,"max_hp_loss":0.0,"gold_gain":0.0,"event_name":"Lab","player_choice":"Got Potions","floor":21.0,"gold_loss":0.0,"damage_taken":0.0},{"cards_removed":["blackbeard:BlackbeardStrike"],"damage_healed":0.0,"max_hp_gain":0.0,"max_hp_loss":0.0,"gold_gain":0.0,"event_name":"Designer","player_choice":"Upgrade and Remove","floor":36.0,"gold_loss":90.0,"damage_taken":0.0,"cards_upgraded":["blackbeard:BlackbeardDefend"]}],"is_beta":false,"boss_relics":[{"not_picked":["hubris:TerracottaHorce","hubris:Stopwatch"],"picked":"PlaceholderMod:LiveLive"},{"not_picked":["hubris:HollowSoul","Philosopher\u0027s Stone"],"picked":"Black Star"}],"items_purged_floors":[22,41,53],"is_endless":false,"potions_floor_spawned":[1,8,10,13,14,24,30,33,37,40,47,54],"ascension_level":1}}