{"host":"lg1piimdyocafd6j","time":1614086215,"event":{"mods":["AchievementEnabler","BaseMod","Better Third Choice","BetterRewards","Colored Map","Colored Powertips","Downfall","Minty Spire (QoL Compilation)","Quick Restart","Rare Cards Sparkle","Remove Card Discount Mod","Shop Mod","StSLib","SuperFastMode"],"gold_per_floor":[109,122,149,149,164,164,164,164],"floor_reached":7,"language":"ENG","playtime":441,"items_purged":["Defend_B","Dualcast","Zap","Strike_B","Strike_B","Strike_B","Strike_B","Defend_B","Defend_B","Defend_B"],"score":41,"play_id":"40a641ad-d86e-4963-9dbb-881815891ec7","local_time":"20210223141655","is_ascension_mode":false,"campfire_choices":[{"floor":6,"key":"RECALL"}],"circlet_count":0,"master_deck":["Redo","Conserve Battery","Leap","Lockon","Loop","Loop+1","Glacier","Streamline","Glacier","Conserve Battery","Loop","Defragment","Conserve Battery"],"relics":["Cracked Core","Orrery"],"acts_visited":["Exordium"],"potions_floor_usage":[],"damage_taken":[{"damage":0,"enemies":"Cultist","floor":1,"turns":3},{"damage":7,"enemies":"2 Louse","floor":2,"turns":3},{"damage":0,"enemies":"Small Slimes","floor":5,"turns":3},{"damage":0,"enemies":"3 Sentries","floor":7,"turns":10}],"seed_played":"-7284372207140708219","potions_obtained":[{"floor":1,"key":"SpeedPotion"}],"is_trial":false,"path_per_floor":["M","M","T","?","M","R","E"],"character_chosen":"DEFECT","items_purchased":["Redo","Orrery","Glacier","Streamline","Glacier","Conserve Battery"],"campfire_rested":0,"item_purchase_floors":[0,0,0,0,0,0],"current_hp_per_floor":[75,68,68,68,68,68,68,68],"gold":164,"neow_bonus":"","is_daily":false,"chose_seed":false,"campfire_upgraded":0,"win_rate":0.0,"timestamp":1614086215,"path_taken":["M","M","?","?","M","R","E"],"items_purchased_type":["Card","Relic","Card","Card","Card","Card"],"build_version":"2020-12-22","purchased_purges":10,"victory":false,"max_hp_per_floor":[75,75,75,75,75,75,75,75],"card_choices":[{"not_picked":["Leap","Barrage"],"picked":"Conserve Battery","floor":0},{"not_picked":["Hologram","Seek"],"picked":"Leap","floor":0},{"not_picked":["Reprogram","Aggregate"],"picked":"Lockon","floor":0},{"not_picked":["Cold Snap","Storm"],"picked":"Loop","floor":0},{"not_picked":["Streamline","Auto Shields"],"picked":"Loop","floor":0},{"not_picked":["Doom and Gloom","Go for the Eyes"],"picked":"Loop","floor":1},{"not_picked":["BootSequence","Static Discharge"],"picked":"Defragment","floor":2},{"not_picked":["Redo","Doom and Gloom"],"picked":"Conserve Battery","floor":5}],"player_experience":195358,"relics_obtained":[],"event_choices":[{"damage_healed":0,"gold_gain":0,"player_choice":"Forge","damage_taken":0,"max_hp_gain":0,"max_hp_loss":0,"event_name":"Accursed Blacksmith","floor":4,"gold_loss":0,"cards_upgraded":["Loop"]}],"is_beta":false,"boss_relics":[],"items_purged_floors":[0,0,0,0,0,0,0,0,0,0],"is_endless":false,"potions_floor_spawned":[1],"killed_by":"3 Sentries","ascension_level":0}}