{"host":"ajak9mjnql5yolum","time":1614113839,"event":{"mods":["BaseMod","Better Match","Better Note","Block Reminder","Colored Powertips","Fox Events","Minty Spire (QoL Compilation)","Shop Mod","StSLib"],"gold_per_floor":[110,1,1,1,12,12,37,37,83,258,275,292,306,306,306,411,411,430,445,370,384,384,384,399,399,425,438,438,11,22,33,33,135,135,153,153,203,214,214,214],"floor_reached":39,"language":"ENG","playtime":1656,"items_purged":[],"score":449,"play_id":"4a7cbe89-cdc2-4284-8b00-14e7b2ae63ff","local_time":"20210223145719","is_ascension_mode":true,"campfire_choices":[{"data":"Survivor","floor":6,"key":"SMITH"},{"data":"Poisoned Stab","floor":8,"key":"SMITH"},{"data":"Leg Sweep","floor":15,"key":"SMITH"},{"floor":23,"key":"REST"},{"floor":25,"key":"REST"},{"floor":32,"key":"REST"}],"circlet_count":0,"master_deck":["Strike_G","Strike_G","Strike_G","Strike_G","Strike_G","Defend_G","Defend_G","Defend_G","Defend_G","Defend_G","Survivor+1","Neutralize+1","Leg Sweep+1","Flying Knee","Flash of Steel","Choke","Poisoned Stab+1","Doubt","Sucker Punch","Noxious Fumes","Bane","Adrenaline","Cloak And Dagger","Deadly Poison","PiercingWail","Bullet Time","Dagger Throw","Apotheosis","Noxious Fumes+1","Caltrops","Burst","PiercingWail+1","Deflect","Cloak And Dagger+1"],"relics":["Ring of the Snake","NeowsBlessing","Bag of Preparation","Vajra","SlaversCollar","Potion Belt","MerchantsRug","Pen Nib","Coffee Dripper","Thread and Needle"],"acts_visited":["Exordium","TheCity","TheBeyond"],"potions_floor_usage":[13,16,19,21,31],"damage_taken":[{"damage":0,"enemies":"Small Slimes","floor":1,"turns":1},{"damage":0,"enemies":"Jaw Worm","floor":5,"turns":1},{"damage":0,"enemies":"Lagavulin","floor":7,"turns":1},{"damage":0,"enemies":"Cultist","floor":11,"turns":2},{"damage":3,"enemies":"Large Slime","floor":12,"turns":6},{"damage":0,"enemies":"2 Fungi Beasts","floor":13,"turns":2},{"damage":32,"enemies":"Hexaghost","floor":16,"turns":8},{"damage":18,"enemies":"Spheric Guardian","floor":18,"turns":5},{"damage":22,"enemies":"2 Thieves","floor":19,"turns":4},{"damage":11,"enemies":"3 Cultists","floor":21,"turns":6},{"damage":30,"enemies":"Shelled Parasite and Fungi","floor":24,"turns":7},{"damage":11,"enemies":"Snake Plant","floor":27,"turns":4},{"damage":25,"enemies":"Centurion and Healer","floor":30,"turns":6},{"damage":0,"enemies":"3 Cultists","floor":31,"turns":3},{"damage":19,"enemies":"Automaton","floor":33,"turns":8},{"damage":42,"enemies":"3 Darklings","floor":35,"turns":6},{"damage":4,"enemies":"Mind Bloom Boss Battle","floor":37,"turns":6},{"damage":1,"enemies":"3 Shapes","floor":38,"turns":5},{"damage":32,"enemies":"Transient","floor":39,"turns":3}],"seed_played":"-9109217842868835335","potions_obtained":[{"floor":1,"key":"Poison Potion"},{"floor":5,"key":"LiquidMemories"},{"floor":13,"key":"Energy Potion"},{"floor":16,"key":"PowerPotion"},{"floor":24,"key":"Fire Potion"},{"floor":27,"key":"FearPotion"},{"floor":33,"key":"Explosive Potion"},{"floor":35,"key":"Dexterity Potion"}],"is_trial":false,"path_per_floor":["M","$","?","?","M","R","E","R","T","?","M","M","M","?","R","B",null,"M","M","?","M","?","R","M","R","T","M","?","$","M","M","R","B",null,"M","?","?","M","M"],"character_chosen":"THE_SILENT","items_purchased":["Flying Knee","Flash of Steel","MerchantsRug","Apotheosis","Pen Nib"],"campfire_rested":3,"item_purchase_floors":[2,2,29,29,29],"current_hp_per_floor":[70,70,63,63,63,63,63,63,70,70,70,67,67,67,67,35,77,59,37,37,26,51,74,44,67,67,56,56,56,31,31,54,35,77,35,35,31,30,0,0],"gold":214,"neow_bonus":"THREE_ENEMY_KILL","is_daily":false,"chose_seed":false,"campfire_upgraded":3,"win_rate":0.0,"timestamp":1614113839,"path_taken":["M","$","?","?","M","R","E","R","T","?","M","M","?","?","R","BOSS","M","?","?","M","?","R","M","R","T","M","?","$","M","M","R","BOSS","M","?","?","M","M"],"items_purchased_type":["Card","Card","Relic","Card","Relic"],"build_version":"2020-12-22","purchased_purges":0,"victory":false,"max_hp_per_floor":[70,70,70,70,70,70,70,70,77,77,77,77,77,77,77,77,77,77,77,77,77,77,77,77,77,77,77,77,77,77,77,77,77,77,77,77,77,77,77,77],"card_choices":[{"not_picked":["Prepared","Finisher"],"picked":"Leg Sweep","floor":1},{"not_picked":["Underhanded Strike","Finisher"],"picked":"Choke","floor":5},{"not_picked":["Glass Knife","Eviscerate"],"picked":"Poisoned Stab","floor":7},{"not_picked":["Underhanded Strike","Expertise"],"picked":"Sucker Punch","floor":11},{"not_picked":["Acrobatics","Outmaneuver"],"picked":"Noxious Fumes","floor":12},{"not_picked":["Catalyst","Slice"],"picked":"Bane","floor":13},{"not_picked":["Doppelganger","Corpse Explosion"],"picked":"Adrenaline","floor":16},{"not_picked":["Catalyst","Poisoned Stab"],"picked":"Cloak And Dagger","floor":18},{"not_picked":["Dodge and Roll","Underhanded Strike"],"picked":"Deadly Poison","floor":19},{"not_picked":["Backflip","Outmaneuver"],"picked":"PiercingWail","floor":21},{"not_picked":["Eviscerate+1","Acrobatics"],"picked":"Bullet Time","floor":24},{"not_picked":["Flying Knee","All Out Attack"],"picked":"Dagger Throw","floor":27},{"not_picked":["Well Laid Plans","Catalyst"],"picked":"Noxious Fumes+1","floor":30},{"not_picked":["Dagger Throw","Prepared+1"],"picked":"Caltrops","floor":31},{"not_picked":["Tools of the Trade","Glass Knife"],"picked":"Burst","floor":33},{"not_picked":["Heel Hook","Slice"],"picked":"PiercingWail+1","floor":35},{"not_picked":["Flying Knee+1","Backflip"],"picked":"Deflect","floor":37},{"not_picked":["Acrobatics","PiercingWail"],"picked":"Cloak And Dagger+1","floor":38}],"player_experience":434649,"relics_obtained":[{"floor":7,"key":"Vajra"},{"floor":9,"key":"Strawberry"},{"floor":26,"key":"Potion Belt"},{"floor":37,"key":"Thread and Needle"}],"event_choices":[{"damage_healed":0,"gold_gain":0,"player_choice":"Success","damage_taken":7,"relics_obtained":["Bag of Preparation"],"max_hp_gain":0,"max_hp_loss":0,"event_name":"Scrap Ooze","floor":3,"gold_loss":0},{"damage_healed":0,"gold_gain":0,"player_choice":"Grow","damage_taken":0,"max_hp_gain":0,"max_hp_loss":0,"event_name":"Living Wall","floor":4,"gold_loss":0,"cards_upgraded":["Neutralize"]},{"damage_healed":0,"gold_gain":175,"player_choice":"AGREE","damage_taken":0,"max_hp_gain":0,"max_hp_loss":0,"event_name":"Liars Game","floor":10,"gold_loss":0,"cards_obtained":["Doubt"]},{"damage_healed":0,"gold_gain":0,"player_choice":"Cursed","damage_taken":0,"max_hp_gain":0,"max_hp_loss":0,"event_name":"Wheel of Change","floor":14,"gold_loss":0,"cards_obtained":["Decay"]},{"cards_removed":["Decay"],"damage_healed":0,"gold_gain":0,"player_choice":"Gave Gold","damage_taken":0,"max_hp_gain":0,"max_hp_loss":0,"event_name":"Beggar","floor":20,"gold_loss":75},{"damage_healed":25,"gold_gain":0,"player_choice":"Heal","damage_taken":0,"max_hp_gain":0,"max_hp_loss":0,"event_name":"The Library","floor":22,"gold_loss":0},{"damage_healed":0,"gold_gain":0,"player_choice":"Ignored","damage_taken":0,"max_hp_gain":0,"max_hp_loss":0,"event_name":"Ghosts","floor":28,"gold_loss":0},{"damage_healed":0,"gold_gain":0,"player_choice":"Fight","damage_taken":0,"max_hp_gain":0,"max_hp_loss":0,"event_name":"MindBloom","floor":37,"gold_loss":0}],"is_beta":false,"boss_relics":[{"not_picked":["Black Star","Calling Bell"],"picked":"SlaversCollar"},{"not_picked":["Velvet Choker","Snecko Eye"],"picked":"Coffee Dripper"}],"items_purged_floors":[],"is_endless":false,"potions_floor_spawned":[1,5,13,16,24,27,33,35],"killed_by":"Transient","ascension_level":2}}