{"host":"ly3xxjo8nz2ssae4","time":1614043419,"event":{"mods":["BaseMod","Colored Map","DeckTracker","Highlight Path","Minty Spire (QoL Compilation)","Quick Restart"],"gold_per_floor":[218,393,40,40,55,83,83,112,112,112,142,142,155,175,175,280,280,295,108,119,136,148,182,182,198,221,59,77,88,105,119,119,224,224,236,248,46,60,73,91,124,136,148,174,186,226,238,282,294,306,318,330,15,49,49,49],"floor_reached":55,"language":"ENG","playtime":13239,"items_purged":["Doubt","Strike_B","Strike_B","Strike_B"],"score":853,"play_id":"c18414cb-c903-4341-83c7-2a059f24e1a6","local_time":"20210222202339","is_ascension_mode":false,"campfire_choices":[{"data":"Zap","floor":7.0,"key":"SMITH"},{"data":"Scrape","floor":10.0,"key":"SMITH"},{"data":"Dualcast","floor":12.0,"key":"SMITH"},{"data":"Go for the Eyes","floor":15.0,"key":"SMITH"},{"floor":24.0,"key":"RECALL"},{"floor":32.0,"key":"REST"},{"data":"White Noise","floor":42.0,"key":"SMITH"},{"data":"Glacier","floor":45.0,"key":"SMITH"},{"data":"White Noise","floor":47.0,"key":"SMITH"},{"floor":49.0,"key":"REST"},{"data":"Tempest","floor":52.0,"key":"SMITH"}],"circlet_count":0,"master_deck":["Strike_B","Defend_B","Defend_B","Defend_B","Defend_B","Zap+1","Dualcast+1","Scrape+1","Gash","Melter","Steam","Turbo","Tempest+1","Cold Snap","Glacier+1","Go for the Eyes+1","All For One","Hologram+1","Swift Strike","Steam","Gash+1","White Noise+1","Melter+1","Blizzard","Steam Power+1","FTL","White Noise+1","Reboot","Go for the Eyes","Biased Cognition","Chill+1","Glacier","Capacitor","Conserve Battery","Defragment+1","Parasite","Turbo+1","Beam Cell+1","Gash+1","Capacitor+1","Electrodynamics","Loop","Beam Cell+1"],"relics":["Cracked Core","Anchor","Eternal Feather","Smiling Mask","PreservedInsect","CaptainsWheel","Sozu","Bronze Scales","SlaversCollar","MawBank","Bottled Lightning","Lantern","Mummified Hand","Cables","Pear"],"acts_visited":["TheCity","TheBeyond","TheEnding"],"potions_floor_usage":[],"damage_taken":[{"damage":1.0,"enemies":"Jaw Worm","floor":1.0,"turns":3.0},{"damage":0.0,"enemies":"Cultist","floor":5.0,"turns":2.0},{"damage":21.0,"enemies":"Lagavulin","floor":6.0,"turns":8.0},{"damage":13.0,"enemies":"3 Sentries","floor":8.0,"turns":6.0},{"damage":7.0,"enemies":"Gremlin Nob","floor":11.0,"turns":3.0},{"damage":0.0,"enemies":"Small Slimes","floor":13.0,"turns":2.0},{"damage":10.0,"enemies":"Exordium Thugs","floor":14.0,"turns":3.0},{"damage":40.0,"enemies":"The Guardian","floor":16.0,"turns":14.0},{"damage":5.0,"enemies":"2 Thieves","floor":18.0,"turns":4.0},{"damage":0.0,"enemies":"Chosen","floor":20.0,"turns":4.0},{"damage":4.0,"enemies":"Shelled Parasite and Fungi","floor":21.0,"turns":4.0},{"damage":17.0,"enemies":"Snecko","floor":22.0,"turns":5.0},{"damage":7.0,"enemies":"Gremlin Leader","floor":23.0,"turns":4.0},{"damage":12.0,"enemies":"3 Cultists","floor":25.0,"turns":4.0},{"damage":22.0,"enemies":"Shelled Parasite and Fungi","floor":28.0,"turns":3.0},{"damage":0.0,"enemies":"Sentry and Sphere","floor":29.0,"turns":3.0},{"damage":0.0,"enemies":"Centurion and Healer","floor":30.0,"turns":4.0},{"damage":0.0,"enemies":"3 Cultists","floor":31.0,"turns":4.0},{"damage":29.0,"enemies":"Champ","floor":33.0,"turns":13.0},{"damage":0.0,"enemies":"3 Shapes","floor":35.0,"turns":2.0},{"damage":6.0,"enemies":"3 Darklings","floor":36.0,"turns":4.0},{"damage":0.0,"enemies":"4 Shapes","floor":38.0,"turns":5.0},{"damage":10.0,"enemies":"Transient","floor":39.0,"turns":5.0},{"damage":17.0,"enemies":"Writhing Mass","floor":40.0,"turns":7.0},{"damage":7.0,"enemies":"Nemesis","floor":41.0,"turns":5.0},{"damage":6.0,"enemies":"4 Shapes","floor":44.0,"turns":4.0},{"damage":1.0,"enemies":"Giant Head","floor":46.0,"turns":6.0},{"damage":53.0,"enemies":"Reptomancer","floor":48.0,"turns":4.0},{"damage":3.0,"enemies":"Awakened One","floor":50.0,"turns":11.0},{"damage":0.0,"enemies":"Shield and Spear","floor":54.0,"turns":4.0},{"damage":99,"enemies":"The Heart","floor":55,"turns":8}],"seed_played":"1192436135458310127","potions_obtained":[{"floor":1.0,"key":"PowerPotion"},{"floor":5.0,"key":"Fire Potion"},{"floor":16.0,"key":"Fire Potion"}],"is_trial":false,"path_per_floor":["M","?","$","?","M","E","R","E","T","R","E","R","M","M","R","B",null,"M","$","M","M","M","E","R","M","T","$","M","M","M","M","R","B",null,"M","M","$","M","M","M","E","R","T","M","R","E","R","E","R","B",null,"R","$","E","B"],"character_chosen":"DEFECT","items_purchased":["Anchor","Gash","Melter","Swift Strike","Steam","FTL","White Noise","Glacier","Capacitor","Conserve Battery","Cables","Loop"],"campfire_rested":2,"item_purchase_floors":[3,3,3,19,19,27,27,37,37,37,53,53],"current_hp_per_floor":[74,74,74,67,67,46,55,42,42,51,44,53,53,43,52,12,75,70,70,70,66,49,42,57,45,45,45,23,23,23,23,63,34,75,75,69,69,69,59,42,35,56,56,50,71,70,75,22,68,65,75,75,75,85,0,0],"gold":49,"neow_bonus":"HUNDRED_GOLD","is_daily":false,"chose_seed":false,"campfire_upgraded":8,"win_rate":0.0,"timestamp":1614043419,"path_taken":["M","?","$","?","M","E","R","E","T","R","E","R","M","M","R","BOSS","M","$","M","M","M","E","R","M","T","$","M","M","M","M","R","BOSS","M","M","$","?","M","M","E","R","T","M","R","E","R","E","R","BOSS","R","$","E","BOSS"],"items_purchased_type":["Relic","Card","Card","Card","Card","Card","Card","Card","Card","Card","Relic","Card"],"build_version":"2020-12-22","purchased_purges":4,"victory":false,"max_hp_per_floor":[75,75,75,75,75,75,75,75,75,75,75,75,75,75,75,75,75,75,75,75,75,75,75,75,75,75,75,75,75,75,75,75,75,75,75,75,75,75,75,75,75,75,75,75,75,75,75,75,75,75,75,75,75,85,85,85],"card_choices":[{"not_picked":["Storm","Heatsinks"],"picked":"Scrape","floor":1.0},{"not_picked":["Cold Snap","Stack"],"picked":"Steam","floor":5.0},{"not_picked":["Steam","Tempest"],"picked":"Turbo","floor":6.0},{"not_picked":["Streamline","Compile Driver"],"picked":"Tempest","floor":8.0},{"not_picked":["Barrage","Meteor Strike"],"picked":"Cold Snap","floor":11.0},{"not_picked":["Doom and Gloom","Stack"],"picked":"Glacier","floor":13.0},{"not_picked":["Hologram","Tempest"],"picked":"Go for the Eyes","floor":14.0},{"not_picked":["Electrodynamics","Echo Form"],"picked":"All For One","floor":16.0},{"not_picked":["Tempest+1","Sweeping Beam"],"picked":"Hologram+1","floor":18.0},{"not_picked":["Ball Lightning","Hologram"],"picked":"Gash+1","floor":20.0},{"not_picked":["Consume","Sweeping Beam"],"picked":"White Noise","floor":21.0},{"not_picked":["Streamline","Compile Driver"],"picked":"Melter+1","floor":22.0},{"not_picked":["Meteor Strike","Melter+1"],"picked":"Blizzard","floor":23.0},{"not_picked":["Steam","Cold Snap"],"picked":"Steam Power+1","floor":25.0},{"not_picked":["Leap+1","Barrage","Lockon"],"picked":"SKIP","floor":28.0},{"not_picked":["Coolheaded","Reprogram"],"picked":"Reboot","floor":29.0},{"not_picked":["Streamline","Coolheaded"],"picked":"Go for the Eyes","floor":30.0},{"not_picked":["Ball Lightning","Rip and Tear+1","Cold Snap"],"picked":"SKIP","floor":31.0},{"not_picked":["Amplify","Reboot"],"picked":"Biased Cognition","floor":33.0},{"not_picked":["Conserve Battery","Hello World","Compile Driver+1"],"picked":"SKIP","floor":35.0},{"not_picked":["Cold Snap","Redo"],"picked":"Chill+1","floor":36.0},{"not_picked":["Rainbow","Ball Lightning+1","Doom and Gloom"],"picked":"SKIP","floor":38.0},{"not_picked":["Redo+1","Hello World"],"picked":"Defragment+1","floor":39.0},{"not_picked":["Go for the Eyes","Ball Lightning"],"picked":"Turbo+1","floor":40.0},{"not_picked":["Ball Lightning+1","Sweeping Beam"],"picked":"Beam Cell+1","floor":41.0},{"not_picked":["Sweeping Beam+1","Aggregate+1"],"picked":"Gash+1","floor":44.0},{"not_picked":["Go for the Eyes","Self Repair"],"picked":"Capacitor+1","floor":46.0},{"not_picked":["Genetic Algorithm+1","Double Energy+1"],"picked":"Electrodynamics","floor":48.0},{"not_picked":["Barrage+1","Reprogram+1"],"picked":"Beam Cell+1","floor":54.0}],"player_experience":217378,"relics_obtained":[{"floor":6.0,"key":"Eternal Feather"},{"floor":8.0,"key":"Smiling Mask"},{"floor":9.0,"key":"PreservedInsect"},{"floor":11.0,"key":"CaptainsWheel"},{"floor":23.0,"key":"Bronze Scales"},{"floor":41.0,"key":"MawBank"},{"floor":43.0,"key":"Bottled Lightning"},{"floor":46.0,"key":"Lantern"},{"floor":48.0,"key":"Mummified Hand"},{"floor":54.0,"key":"Pear"}],"event_choices":[{"damage_healed":0.0,"max_hp_gain":0.0,"max_hp_loss":0.0,"gold_gain":175.0,"event_name":"Liars Game","player_choice":"AGREE","floor":2.0,"gold_loss":0.0,"damage_taken":0.0,"cards_obtained":["Doubt"]},{"damage_healed":0.0,"max_hp_gain":0.0,"max_hp_loss":0.0,"gold_gain":0.0,"event_name":"Wheel of Change","player_choice":"Damaged","floor":4.0,"gold_loss":0.0,"damage_taken":7.0}],"is_beta":false,"boss_relics":[{"not_picked":["SacredBark","Ectoplasm"],"picked":"Sozu"},{"not_picked":["Coffee Dripper","Velvet Choker"],"picked":"SlaversCollar"}],"items_purged_floors":[3,19,27,37],"is_endless":false,"potions_floor_spawned":[1,5,16,20,22,28,29,30,35,38,40,46],"killed_by":"The Heart","ascension_level":0}}