{"host":"2yqfi47fogfu1ic4","time":1614073707,"event":{"mods":["AchievementEnabler","BaseMod","Colored Map","Colored Powertips","Highlight Path","Minty Spire (QoL Compilation)","Permanent Neow","Relic Stats","StSLib"],"gold_per_floor":[109,119,119,139,157,157,157,157,183,210,7,20,40,67,67,67,67],"floor_reached":16,"language":"DEU","playtime":795,"items_purged":[],"score":224,"play_id":"262d4d2a-4600-45e9-8e9d-438b7cc205a0","local_time":"20210223104826","is_ascension_mode":true,"campfire_choices":[{"data":"Skewer","floor":6,"key":"SMITH"},{"data":"Blade Dance","floor":8,"key":"SMITH"},{"data":"Phantasmal Killer","floor":15,"key":"SMITH"}],"circlet_count":0,"master_deck":["AscendersBane","Strike_G","Strike_G","Strike_G","Strike_G","Strike_G","Defend_G","Defend_G","Defend_G","Defend_G","Defend_G","Survivor","Neutralize","Skewer+1","Slice","Blade Dance+1","Cloak And Dagger","Predator","Leg Sweep","Terror","Phantasmal Killer+1"],"relics":["Black Star","Centennial Puzzle","Bag of Marbles","Tiny Chest","Membership Card","Bird Faced Urn","Sundial"],"acts_visited":["Exordium"],"potions_floor_usage":[5,10],"damage_taken":[{"damage":6,"enemies":"Small Slimes","floor":1,"turns":5},{"damage":0,"enemies":"Cultist","floor":2,"turns":3},{"damage":2,"enemies":"Jaw Worm","floor":4,"turns":4},{"damage":5,"enemies":"Red Slaver","floor":5,"turns":3},{"damage":12,"enemies":"Lagavulin","floor":10,"turns":6},{"damage":8,"enemies":"Blue Slaver","floor":12,"turns":4},{"damage":0,"enemies":"Large Slime","floor":13,"turns":3},{"damage":8,"enemies":"Gremlin Nob","floor":14,"turns":3},{"damage":10,"enemies":"Slime Boss","floor":16,"turns":3}],"seed_played":"3272647233016285069","potions_obtained":[{"floor":1,"key":"Strength Potion"},{"floor":4,"key":"Weak Potion"}],"is_trial":false,"path_per_floor":["M","M","?","M","M","R","?","R","T","E","$","M","M","E","R","B"],"character_chosen":"THE_SILENT","items_purchased":["Membership Card","Predator"],"campfire_rested":0,"item_purchase_floors":[11,11],"current_hp_per_floor":[53,53,44,42,37,37,37,37,37,25,25,17,17,9,9,0,0],"gold":67,"neow_bonus":"BOSS_RELIC","is_daily":false,"chose_seed":false,"campfire_upgraded":3,"win_rate":0.0,"timestamp":1614073706,"path_taken":["M","M","?","M","?","R","?","R","T","E","$","M","M","E","R","BOSS"],"items_purchased_type":["Relic","Card"],"build_version":"2020-12-22","purchased_purges":0,"victory":false,"max_hp_per_floor":[66,66,66,66,66,66,66,66,66,66,66,66,66,66,66,66,66],"relic_stats":{"Centennial Puzzle":[9],"counters":[9,34],"Sundial":[0],"Bird Faced Urn":[0],"Tiny Chest":0,"Black Star":2,"obtain_stats":[{"Centennial Puzzle":9,"Sundial":14,"Bird Faced Urn":14,"Tiny Chest":10,"Black Star":0,"Bag of Marbles":10,"Membership Card":11,"Ring of the Snake":0},{"Centennial Puzzle":4,"Sundial":8,"Bird Faced Urn":8,"Tiny Chest":5,"Black Star":0,"Bag of Marbles":5,"Membership Card":5,"Ring of the Snake":0},{"Centennial Puzzle":15,"Sundial":31,"Bird Faced Urn":31,"Tiny Chest":21,"Black Star":0,"Bag of Marbles":21,"Membership Card":21,"Ring of the Snake":0}]},"card_choices":[{"not_picked":["Setup","Deadly Poison"],"picked":"Skewer","floor":1},{"not_picked":["Deflect","Distraction"],"picked":"Slice","floor":2},{"not_picked":["Bane","Dodge and Roll"],"picked":"Blade Dance","floor":4},{"not_picked":["Backflip","Quick Slash"],"picked":"Cloak And Dagger","floor":5},{"not_picked":["Caltrops","Underhanded Strike","Quick Slash"],"picked":"SKIP","floor":10},{"not_picked":["Outmaneuver","PiercingWail"],"picked":"Leg Sweep","floor":12},{"not_picked":["Choke","Footwork"],"picked":"Terror","floor":13},{"not_picked":["Bane","Well Laid Plans"],"picked":"Phantasmal Killer","floor":14}],"player_experience":1970128,"relics_obtained":[{"floor":9,"key":"Centennial Puzzle"},{"floor":10,"key":"Bag of Marbles"},{"floor":10,"key":"Tiny Chest"},{"floor":14,"key":"Bird Faced Urn"},{"floor":14,"key":"Sundial"}],"event_choices":[{"damage_healed":0,"gold_gain":0,"player_choice":"Damaged","damage_taken":9,"max_hp_gain":0,"max_hp_loss":0,"event_name":"Wheel of Change","floor":3,"gold_loss":0},{"damage_healed":0,"gold_gain":0,"player_choice":"0 cards matched","damage_taken":0,"max_hp_gain":0,"max_hp_loss":0,"event_name":"Match and Keep!","floor":7,"gold_loss":0,"cards_obtained":[]}],"is_beta":false,"boss_relics":[],"items_purged_floors":[],"is_endless":false,"potions_floor_spawned":[1,4],"killed_by":"Slime Boss","ascension_level":20}}