{"host":"03jd0k347uuzjnun","time":1614080664,"event":{"mods":["BaseMod","Bestiary","Minty Spire (QoL Compilation)","Permanent Neow","Quick Restart","Random Character Button","Relic Stats"],"gold_per_floor":[109,22,22,22,22,53,67,86,86,123,142,142,67,96,96,182,182,208,225,225,225,252,252,252],"floor_reached":23,"language":"ENG","playtime":977,"items_purged":["Dualcast"],"score":502,"play_id":"1bd0be8c-f149-4e71-b1c7-9308ff64abf5","local_time":"20210223124424","is_ascension_mode":true,"campfire_choices":[{"data":"Go for the Eyes","floor":12.0,"key":"SMITH"},{"data":"FTL","floor":15.0,"key":"SMITH"}],"circlet_count":0,"master_deck":["AscendersBane","Strike_B","Strike_B","Strike_B","Strike_B","Defend_B","Defend_B","Defend_B","Defend_B","Zap","Go for the Eyes+1","Hyperbeam+1","FTL+1","Echo Form","BootSequence","Skim","Echo Form","Turbo","Conserve Battery+1"],"relics":["Cracked Core","NeowsBlessing","Matryoshka","PreservedInsect","CeramicFish","Nunchaku","Black Star","MutagenicStrength"],"acts_visited":["Exordium","TheCity"],"potions_floor_usage":[22,23],"damage_taken":[{"damage":0.0,"enemies":"Small Slimes","floor":1.0,"turns":1.0},{"damage":0.0,"enemies":"Lagavulin","floor":6.0,"turns":1.0},{"damage":0.0,"enemies":"Cultist","floor":7.0,"turns":1.0},{"damage":0.0,"enemies":"2 Louse","floor":8.0,"turns":1.0},{"damage":0.0,"enemies":"3 Sentries","floor":10.0,"turns":1.0},{"damage":4.0,"enemies":"Looter","floor":11.0,"turns":3.0},{"damage":0.0,"enemies":"Blue Slaver","floor":14.0,"turns":3.0},{"damage":23.0,"enemies":"Slime Boss","floor":16.0,"turns":8.0},{"damage":21.0,"enemies":"Shell Parasite","floor":18.0,"turns":5.0},{"damage":7.0,"enemies":"Chosen","floor":19.0,"turns":3.0},{"damage":36,"enemies":"Snake Plant","floor":22,"turns":5},{"damage":18,"enemies":"Slavers","floor":23,"turns":2}],"seed_played":"527325053314439326","potions_obtained":[{"floor":1.0,"key":"Dexterity Potion"},{"floor":5.0,"key":"Block Potion"},{"floor":10.0,"key":"BlessingOfTheForge"},{"floor":14.0,"key":"Swift Potion"},{"floor":18.0,"key":"SneckoOil"},{"floor":19.0,"key":"Regen Potion"},{"floor":22,"key":"BlessingOfTheForge"}],"is_trial":false,"path_per_floor":["M","$","?","$","?","E","M","M","T","E","M","R","$","M","R","B",null,"M","M","?","?","M","E"],"character_chosen":"DEFECT","items_purchased":["Hyperbeam"],"campfire_rested":0,"item_purchase_floors":[2],"current_hp_per_floor":[64,64,64,64,64,64,64,64,64,64,60,60,60,60,60,37,63,42,35,35,35,13,0,0],"gold":252,"neow_bonus":"THREE_ENEMY_KILL","is_daily":false,"chose_seed":false,"campfire_upgraded":2,"win_rate":0.0,"timestamp":1614080664,"path_taken":["M","$","?","?","?","E","M","M","T","E","?","R","$","M","R","BOSS","M","M","?","?","M","E"],"items_purchased_type":["Card"],"build_version":"2020-12-22","purchased_purges":1,"victory":false,"max_hp_per_floor":[71,71,71,71,71,71,71,71,71,71,71,71,71,71,71,71,71,71,71,71,71,71,71,71],"relic_stats":{"Nunchaku":[5],"counters":[12,34],"CeramicFish":45,"PreservedInsect":73,"Black Star":0,"obtain_stats":[{"Nunchaku":10,"Matryoshka":6,"NeowsBlessing":0,"CeramicFish":9,"MutagenicStrength":20,"PreservedInsect":9,"Black Star":17,"Cracked Core":0},{"Nunchaku":5,"Matryoshka":2,"NeowsBlessing":0,"CeramicFish":4,"MutagenicStrength":10,"PreservedInsect":4,"Black Star":8,"Cracked Core":0},{"Nunchaku":5,"Matryoshka":2,"NeowsBlessing":0,"CeramicFish":4,"MutagenicStrength":27,"PreservedInsect":4,"Black Star":19,"Cracked Core":0}]},"card_choices":[{"not_picked":["Storm","Turbo"],"picked":"Go for the Eyes","floor":1.0},{"not_picked":["Skim","Compile Driver"],"picked":"FTL","floor":6.0},{"not_picked":["Compile Driver","Go for the Eyes"],"picked":"Echo Form","floor":7.0},{"not_picked":["Hello World","Redo","Compile Driver"],"picked":"SKIP","floor":8.0},{"not_picked":["Turbo","Double Energy"],"picked":"BootSequence","floor":10.0},{"not_picked":["Darkness","Barrage","Coolheaded"],"picked":"SKIP","floor":11.0},{"not_picked":["Lockon","Cold Snap"],"picked":"Skim","floor":14.0},{"not_picked":["Hyperbeam","Buffer"],"picked":"Echo Form","floor":16.0},{"not_picked":["Go for the Eyes+1","Compile Driver+1"],"picked":"Turbo","floor":18.0},{"not_picked":["Barrage","Sweeping Beam","Darkness+1"],"picked":"SKIP","floor":19.0},{"not_picked":["Stack","Turbo"],"picked":"Conserve Battery+1","floor":22}],"player_experience":1441489,"relics_obtained":[{"floor":6.0,"key":"Matryoshka"},{"floor":9.0,"key":"PreservedInsect"},{"floor":9.0,"key":"CeramicFish"},{"floor":10.0,"key":"Nunchaku"}],"event_choices":[{"damage_healed":0.0,"max_hp_gain":0.0,"max_hp_loss":0.0,"gold_gain":0.0,"event_name":"Upgrade Shrine","player_choice":"Upgraded","floor":3.0,"gold_loss":0.0,"damage_taken":0.0,"cards_upgraded":["Hyperbeam"]},{"damage_healed":0.0,"max_hp_gain":0.0,"max_hp_loss":0.0,"gold_gain":0.0,"event_name":"Lab","player_choice":"Got Potions","floor":5.0,"gold_loss":0.0,"damage_taken":0.0},{"damage_healed":0,"gold_gain":0,"player_choice":"Inject Mutagens","damage_taken":0,"relics_obtained":["MutagenicStrength"],"max_hp_gain":0,"max_hp_loss":0,"event_name":"Drug Dealer","floor":20,"gold_loss":0},{"damage_healed":0,"gold_gain":0,"player_choice":"Ignored","damage_taken":0,"max_hp_gain":0,"max_hp_loss":0,"event_name":"The Mausoleum","floor":21,"gold_loss":0}],"is_beta":false,"boss_relics":[{"not_picked":["SlaversCollar","Fusion Hammer"],"picked":"Black Star"}],"items_purged_floors":[13],"is_endless":false,"potions_floor_spawned":[1,10,11,14,18,19,22],"killed_by":"Slavers","ascension_level":20}}