{"host":"zefmhu9ryehjj4p1","time":1614103029,"event":{"mods":["100% Spire Juice","2.2 Compatiblity","Act Like it!","Aspiration","BaseMod","Beaked The Cultist","Better Note","CapriCore","Colored Powertips","Conspire","DeckTracker","Downfall","Ekko","Elementarium","Friendly Minions","Gensokyo","Hallownest","Hermit","Highlight Path","Hubris","Infinite Spire","Koishi","Luminous","Marisa????????","Minty Spire (QoL Compilation)","Random Character Button","Reimu??????","Reliquary","Replay The Spire","Ruina","Shade Mod","Shapeshifter Mod","StSLib","The Administrix","The Blue Laboratory","The Bug Knight","The Construct","The Cursed","The Gatherer","The Hierophant","The Immortal","The Judge","The Jungle","The Marked","The Mystic","The Runesmith","The Senshi","The Servant 0.9.4","The Vixen","The Wild Card","TheBandit","TheVacant","Wandering Minibosses"],"gold_per_floor":[112,72,4,15,15,50,50,83,83,117,130,130,148,148,148,148,148,148],"floor_reached":16,"language":"ENG","playtime":571,"items_purged":[],"score":118,"play_id":"d123e6b7-0ad7-44d6-a05a-a7083a6cca37","local_time":"20210223185709","is_ascension_mode":false,"campfire_choices":[{"floor":7,"key":"REST"},{"floor":15,"key":"RECALL"}],"circlet_count":0,"master_deck":["bronze:Strike","bronze:Strike","bronze:Strike","bronze:Strike","bronze:Defend","bronze:Defend","bronze:Defend","bronze:Defend","bronze:Replicate","bronze:Goto","Regret","bronze:Optimize","bronze:WildBeam","bronze:BronzeOrb","bronze:DelayedGuard","bronze:DarkDash","bronze:Optimize","Parasite","bronze:BugBarrage","Decay"],"relics":["bronze:BronzeCore","Juzu Bracelet","PaintedHorse:ReiMu","hubris:DisguiseKit","hubris:Towel","Matryoshka","infinitespire:Magic Flask","Meat on the Bone","reliquary:TridentHead","HollowMod:PaleOreRelic"],"acts_visited":["Exordium"],"potions_floor_usage":[],"damage_taken":[{"damage":3,"enemies":"Jaw Worm","floor":1,"turns":4},{"damage":2,"enemies":"2 Louse","floor":4,"turns":3},{"damage":37,"enemies":"Gremlin Nob","floor":6,"turns":4},{"damage":27,"enemies":"3 Sentries","floor":8,"turns":8},{"damage":7,"enemies":"Gremlin Nob","floor":10,"turns":3},{"damage":6,"enemies":"Cultist","floor":11,"turns":3},{"damage":0,"enemies":"3 Louse","floor":13,"turns":2},{"damage":56,"enemies":"The Guardian","floor":16,"turns":7}],"seed_played":"1486697238675409895","potions_obtained":[{"floor":4,"key":"blueLaboratory:Moonshine"},{"floor":6,"key":"LifebloodPotion"},{"floor":13,"key":"blueLaboratory:PhilterOfMotion"}],"is_trial":false,"path_per_floor":["M","?","?","M","?","E","R","E","T","E","M","?","M","?","R","B"],"character_chosen":"THE_AUTOMATON","items_purchased":[],"campfire_rested":1,"item_purchase_floors":[],"current_hp_per_floor":[67,67,67,65,65,28,49,22,22,27,33,50,50,50,50,0,0,0],"gold":148,"neow_bonus":"RANDOM_EVENT","is_daily":false,"chose_seed":false,"campfire_upgraded":0,"win_rate":0.0,"timestamp":1614103029,"path_taken":["M","?","?","M","?","E","R","E","T","E","M","?","M","?","R","BOSS"],"items_purchased_type":[],"build_version":"2020-12-22","purchased_purges":0,"victory":false,"max_hp_per_floor":[70,70,70,70,70,70,70,70,70,70,70,70,70,70,70,70,70,70],"card_choices":[{"not_picked":["bronze:WildBeam","bronze:Invalidate"],"picked":"bronze:Optimize","floor":1},{"not_picked":["bronze:WhirlingStrike","bronze:NullPointer","Koishi:RacingHeart"],"picked":"bronze:WildBeam","floor":4},{"not_picked":["bronze:Safeguard","bronze:Deprecate","Koishi:RacingHeart"],"picked":"bronze:BronzeOrb","floor":6},{"not_picked":["bronze:Deprecate","bronze:SpaghettiCode","Koishi:ImGoingToCallYouNow"],"picked":"bronze:DelayedGuard","floor":8},{"not_picked":["bronze:DigitalCarnage","bronze:FineTuning","Koishi:GeneticsOfTheUnconscious"],"picked":"bronze:DarkDash","floor":10},{"not_picked":["bronze:Iterate","bronze:WildBeam","Koishi:Bloodlust"],"picked":"bronze:Optimize","floor":11},{"not_picked":["bronze:Boost","bronze:ChosenStrike","Koishi:PhantomBarrier"],"picked":"bronze:BugBarrage","floor":13}],"player_experience":210307,"relics_obtained":[{"floor":6,"key":"Matryoshka"},{"floor":8,"key":"infinitespire:Magic Flask"},{"floor":9,"key":"Meat on the Bone"},{"floor":9,"key":"reliquary:TridentHead"},{"floor":10,"key":"HollowMod:PaleOreRelic"}],"event_choices":[{"damage_healed":0,"gold_gain":0,"player_choice":"Box","damage_taken":0,"relics_obtained":["Juzu Bracelet"],"max_hp_gain":0,"max_hp_loss":0,"event_name":"Big Fish","floor":0,"gold_loss":0,"cards_obtained":["Regret"]},{"damage_healed":0,"gold_gain":0,"player_choice":"Donate","damage_taken":0,"relics_obtained":["PaintedHorse:ReiMu"],"max_hp_gain":0,"max_hp_loss":0,"event_name":"yidonshenshe","floor":2,"gold_loss":40},{"damage_healed":0,"gold_gain":0,"player_choice":"Paid Gold","damage_taken":0,"relics_obtained":["hubris:DisguiseKit"],"max_hp_gain":0,"max_hp_loss":0,"event_name":"WeMeetAgain","floor":3,"gold_loss":68},{"damage_healed":17,"gold_gain":0,"player_choice":"Healed and dodged fight","damage_taken":0,"max_hp_gain":0,"max_hp_loss":0,"event_name":"Mushrooms","floor":12,"gold_loss":0,"cards_obtained":["Parasite"]},{"damage_healed":0,"gold_gain":0,"player_choice":"Cursed","damage_taken":0,"max_hp_gain":0,"max_hp_loss":0,"event_name":"Wheel of Change","floor":14,"gold_loss":0,"cards_obtained":["Decay"]}],"is_beta":false,"boss_relics":[],"items_purged_floors":[],"is_endless":false,"potions_floor_spawned":[4,6,13],"killed_by":"The Guardian","ascension_level":0}}