{"host":"zmzacdglms6ret13","time":1614054171,"event":{"mods":["Act Like it!","BaseMod","Colored Map","Decade(王小明)","Downfall","Energized Spire","Highlight Path","Marisa（F雨　魔理沙）","Minty Spire (QoL Compilation)","MostiFishMod","Pale of the Ancients","Quick Restart","Replay The Spire","RumiaBox-露米娅的神秘盒子","SOS（斯巴达之子）","StSLib","Td1madao Mod","The Construct","The Cursed","The IronCluck","The Servant 0.9.4","Waifu the Spire","Warlord Emblem"],"gold_per_floor":[109,129,149,169,12,43,43,72,72,84,117,130,150,175,175,276,276,287,318,70,83,94,124,124,143,169,169,201,201,201,235,235,340,340,351,351,371,371,383,383,410,426,426,426,453,29,41,41,41,41,58,77,93,165,165,180,180,180,180,180],"floor_reached":61,"language":"ZHS","playtime":2050,"items_purged":["Dualcast","Strike_B","Strike_B"],"score":2111,"play_id":"095e97cf-806f-4b83-a2f2-1e6232a7c597","local_time":"20210223122251","is_ascension_mode":true,"campfire_choices":[{"data":"Zap","floor":7,"key":"SMITH"},{"data":"Fusion","floor":15,"key":"SMITH"},{"data":"MostiFishMod:Culaccino","floor":24,"key":"SMITH"},{"data":"Steam Power","floor":30,"key":"SMITH"},{"data":"Cold Snap","floor":32,"key":"SMITH"},{"data":"MostiFishMod:InterfaceCompatibility","floor":40,"key":"SMITH"},{"floor":44,"key":"REST"},{"floor":49,"key":"RECALL"},{"data":"Blizzard","floor":55,"key":"SMITH"},{"floor":57,"key":"REST"}],"circlet_count":0,"master_deck":["Defend_B","Defend_B","Defend_B","Defend_B","Cold Snap+1","Blizzard+1","Gash","Gash","Fusion+1","Gash","MostiFishMod:Culaccino+1","Gash","MostiFishMod:Distribution","Steam Power+1","MostiFishMod:InterfaceCompatibility+1","Scrape"],"relics":["Cracked Core","DaveBox","FeatherPendant","SynthV:TestCard","AddBug","SecretRecord","SecretRecord","SecretRecord","SecretRecord","SecretRecord","SecretRecord","SecretRecord"],"acts_visited":["Exordium","TheCity","TheBeyond","TheBeyond"],"potions_floor_usage":[11,16,19,31],"damage_taken":[{"damage":0,"enemies":"Cultist","floor":1,"turns":2},{"damage":0,"enemies":"Small Slimes","floor":2,"turns":2},{"damage":0,"enemies":"Jaw Worm","floor":3,"turns":2},{"damage":0,"enemies":"Blue Slaver","floor":4,"turns":2},{"damage":24,"enemies":"Lagavulin","floor":6,"turns":4},{"damage":4,"enemies":"3 Sentries","floor":8,"turns":4},{"damage":0,"enemies":"Exordium Wildlife","floor":10,"turns":3},{"damage":0,"enemies":"Gremlin Nob","floor":11,"turns":3},{"damage":0,"enemies":"2 Fungi Beasts","floor":12,"turns":3},{"damage":0,"enemies":"Large Slime","floor":13,"turns":3},{"damage":0,"enemies":"3 Sentries","floor":14,"turns":4},{"damage":0,"enemies":"Slime Boss","floor":16,"turns":5},{"damage":0,"enemies":"2 Thieves","floor":18,"turns":2},{"damage":12,"enemies":"Masked Bandits","floor":19,"turns":3},{"damage":0,"enemies":"3 Byrds","floor":21,"turns":2},{"damage":0,"enemies":"3 Cultists","floor":22,"turns":3},{"damage":0,"enemies":"Book of Stabbing","floor":23,"turns":4},{"damage":0,"enemies":"Snecko","floor":25,"turns":2},{"damage":0,"enemies":"Replay:Snechameleon","floor":28,"turns":3},{"damage":0,"enemies":"Gremlin Leader","floor":31,"turns":3},{"damage":0,"enemies":"Collector","floor":33,"turns":3},{"damage":23,"enemies":"3 Darklings","floor":35,"turns":3},{"damage":0,"enemies":"Orb Walker","floor":37,"turns":2},{"damage":0,"enemies":"Spire Growth","floor":39,"turns":1},{"damage":0,"enemies":"Reptomancer","floor":41,"turns":2},{"damage":17,"enemies":"Writhing Mass","floor":42,"turns":2},{"damage":0,"enemies":"Nemesis","floor":45,"turns":1},{"damage":0,"enemies":"Maw","floor":47,"turns":3},{"damage":0,"enemies":"Awakened One","floor":50,"turns":3},{"damage":0,"enemies":"Awakened One","floor":51,"turns":1},{"damage":0,"enemies":"Awakened One","floor":52,"turns":3},{"damage":0,"enemies":"paleoftheancients:BASlime1","floor":53,"turns":1},{"damage":60,"enemies":"paleoftheancients:BASlime1","floor":56,"turns":2},{"damage":0,"enemies":"paleoftheancients:N","floor":60,"turns":2}],"seed_played":"1321149511120804624","potions_obtained":[{"floor":1,"key":"Swift Potion"},{"floor":2,"key":"FocusPotion"},{"floor":10,"key":"SkillPotion"},{"floor":13,"key":"Fire Potion"},{"floor":16,"key":"LiquidBronze"},{"floor":23,"key":"Explosive Potion"},{"floor":31,"key":"FearPotion"},{"floor":39,"key":"Slimebound:ThreeZeroPotion"},{"floor":47,"key":"Elixir"}],"is_trial":false,"path_per_floor":["M","M","M","M","$","E","R","E","T","M","E","M","M","E","R","B",null,"M","?","$","M","M","E","R","M","T","?","E","?","R","E","R","B",null,"M","?","M","?","M","R","E","M","T","R","E","$","M","?","R","B","M","M","M","T","R","M","R","T","?","B",null],"character_chosen":"DEFECT","items_purchased":["Replay:Wax Seal","Orichalcum","TimeFreeze","ZombieArmy"],"campfire_rested":2,"item_purchase_floors":[5,20,46,46],"current_hp_per_floor":[82,82,82,82,82,58,58,54,54,54,54,54,54,54,54,54,82,82,70,70,70,70,70,70,70,70,54,54,54,54,54,54,54,82,59,59,59,59,59,59,59,42,42,66,66,66,66,66,66,82,82,82,82,82,82,22,46,46,46,46],"gold":180,"neow_bonus":"TEN_PERCENT_HP_BONUS","is_daily":false,"chose_seed":false,"campfire_upgraded":7,"win_rate":0.0,"timestamp":1614054171,"path_taken":["M","M","M","M","$","E","R","E","T","M","E","M","?","E","R","BOSS","M","?","$","M","M","E","R","M","T","?","E","?","R","E","R","BOSS","M","?","M","?","M","R","E","M","T","R","E","$","M","?","R","BOSS","M","M","?","T","R","M","R","T","?","BOSS"],"items_purchased_type":["Relic","Relic","Relic","Relic"],"build_version":"2020-12-22","purchased_purges":3,"victory":true,"max_hp_per_floor":[82,82,82,82,82,82,82,82,82,82,82,82,82,82,82,82,82,82,82,82,82,82,82,82,82,82,82,82,82,82,82,82,82,82,82,82,82,82,82,82,82,82,82,82,82,82,82,82,82,82,82,82,82,82,82,82,82,82,82,82],"card_choices":[{"not_picked":["Chaos","Self Repair","Melter"],"picked":"SKIP","floor":1},{"not_picked":["Loop","Go for the Eyes","Coolheaded","Panic Button"],"picked":"Cold Snap","floor":2},{"not_picked":["ReplayTheSpireMod:System Scan","MostiFishMod:GatherIntelligence","MostiFishMod:FluxCapactior","Beam Cell"],"picked":"Blizzard","floor":3},{"not_picked":["Chill","ReplayTheSpireMod:Reroute Power","Beam Cell","Reprogram","ReplayTheSpireMod:System Scan"],"picked":"SKIP","floor":4},{"not_picked":["Barrage","Static Discharge","Chill","Stack"],"picked":"Gash","floor":6},{"not_picked":["Stack","Go for the Eyes","ReplaySolidLightProjector","Static Discharge"],"picked":"Gash","floor":8},{"not_picked":["Redo","Streamline","MostiFishMod:DawningShadow","FIFO Queue","Rebound"],"picked":"SKIP","floor":10},{"not_picked":["Beam Cell","MostiFishMod:Impulse","Fusion","Redo","BasicCrystalCard"],"picked":"SKIP","floor":11},{"not_picked":["Beam Cell","MostiFishMod:Impulse","Redo","BasicCrystalCard"],"picked":"Fusion","floor":11},{"not_picked":["Redo","Beam Cell","Lockon","Conserve Battery","MostiFishMod:PushDownKick"],"picked":"SKIP","floor":12},{"not_picked":["Leap","Hello World","Aggregate","ReplayTheSpireMod:System Scan"],"picked":"Gash","floor":13},{"not_picked":["ReplayTheSpireMod:Omega Cannon","Redo","Rebound","Steam","Auto Shields"],"picked":"SKIP","floor":14},{"not_picked":["Multi-Cast","MostiFishMod:Exploitation","MostiFishMod:DawningShadow","Seek"],"picked":"MostiFishMod:Culaccino","floor":16},{"not_picked":["Force Field","Go for the Eyes","Crystallizer","Steam","MostiFishMod:GatherIntelligence"],"picked":"SKIP","floor":18},{"not_picked":["Go for the Eyes","Biased Cognition","MostiFishMod:PushDownKick+1","Hello World+1","MostiFishMod:GatherIntelligence"],"picked":"SKIP","floor":21},{"not_picked":["Barrage","Ball Lightning","Beam Cell","ReplayGash","Hologram"],"picked":"SKIP","floor":22},{"not_picked":["BasicCrystalCard","Consume","Barrage","Creative AI","Turbo"],"picked":"SKIP","floor":23},{"not_picked":["Fusion","Steam+1","Stack","Darkness+1"],"picked":"Gash","floor":25},{"not_picked":["Compile Driver","Leap","Streamline","Crystallizer","Heatsinks+1"],"picked":"SKIP","floor":28},{"not_picked":["Recycle+1","ReplayTheSpireMod:Fabricate Wheel","Lockon","Streamline","ReplaySolidLightProjector+1"],"picked":"SKIP","floor":31},{"not_picked":["MostiFishMod:Exploitation","MostiFishMod:ATRI","Amplify","MostiFishMod:Distribution"],"picked":"MostiFishMod:InterfaceCompatibility","floor":33},{"not_picked":["Static Discharge","Hologram","Steam+1","Rebound","Self Repair"],"picked":"SKIP","floor":35},{"not_picked":["Conserve Battery+1","Hologram","Stack","BootSequence","Steam+1"],"picked":"SKIP","floor":37},{"not_picked":["Leap+1","Chill+1","Rip and Tear","Reinforced Body"],"picked":"Scrape","floor":39},{"not_picked":["MostiFishMod:PushDownKick","Blizzard+1","Darkness+1","BootSequence","Hologram"],"picked":"SKIP","floor":41},{"not_picked":["BasicCrystalCard+1","Sunder+1","Go for the Eyes","Panic Button","Leap"],"picked":"SKIP","floor":42},{"not_picked":["Storm+1","Barrage","Beam Cell+1","ReplayGash","ReplaySort+1"],"picked":"SKIP","floor":45},{"not_picked":["Self Repair","FTL+1","Panic Button","ReplaySolidLightProjector+1","Compile Driver+1"],"picked":"SKIP","floor":47},{"not_picked":["FTL","Rebound+1","Genetic Algorithm","ReplayTheSpireMod:GoodbyeWorld+1","Leap+1"],"picked":"SKIP","floor":51},{"not_picked":["ReplayTheSpireMod:System Scan","Coolheaded+1","Electrodynamics","Sweeping Beam","Ball Lightning"],"picked":"SKIP","floor":52},{"not_picked":["Cold Snap+1","Ball Lightning","Coolheaded","Steam+1","MostiFishMod:IceShield+1"],"picked":"SKIP","floor":53},{"not_picked":["Blizzard","BasicCrystalCard","Hello World+1","Doom and Gloom+1","Core Surge"],"picked":"SKIP","floor":56}],"player_experience":385930,"relics_obtained":[{"floor":1,"key":"SynthV:TestCard"},{"floor":1,"key":"AddBug"},{"floor":6,"key":"Oddly Smooth Stone"},{"floor":8,"key":"ReplayTheSpireMod:TigerMarble"},{"floor":9,"key":"Mirror"},{"floor":11,"key":"Calipers"},{"floor":12,"key":"SecretRecord"},{"floor":14,"key":"PreservedInsect"},{"floor":16,"key":"SecretRecord"},{"floor":19,"key":"Red Mask"},{"floor":23,"key":"Replay:Antivirus Software"},{"floor":26,"key":"ReplayFunnel"},{"floor":27,"key":"Enchiridion"},{"floor":28,"key":"Grinning Jar"},{"floor":31,"key":"SecretRecord"},{"floor":31,"key":"GodSword1"},{"floor":35,"key":"SecretRecord"},{"floor":41,"key":"Regal Pillow"},{"floor":42,"key":"SecretRecord"},{"floor":45,"key":"Emotion Chip"},{"floor":51,"key":"paleoftheancients:SoulOfTheWatcher"},{"floor":52,"key":"paleoftheancients:SoulOfTheIroncluck"},{"floor":52,"key":"SecretRecord"},{"floor":53,"key":"paleoftheancients:BlurryLens"},{"floor":54,"key":"Carrot"},{"floor":56,"key":"paleoftheancients:SoulOfTheBandit"},{"floor":58,"key":"Quantum Egg"}],"event_choices":[{"damage_healed":0,"gold_gain":0,"player_choice":"Fought Bandits","damage_taken":0,"max_hp_gain":0,"max_hp_loss":0,"event_name":"Masked Bandits","floor":19,"gold_loss":0},{"damage_healed":0,"gold_gain":0,"player_choice":"Obtained Book","damage_taken":16,"max_hp_gain":0,"max_hp_loss":0,"event_name":"Cursed Tome","floor":27,"gold_loss":0},{"damage_healed":0,"gold_gain":0,"cards_transformed":["Strike_B","Zap"],"player_choice":"Became Test Subject","damage_taken":0,"max_hp_gain":0,"max_hp_loss":0,"event_name":"Drug Dealer","floor":29,"gold_loss":0,"cards_obtained":["MostiFishMod:Distribution","Steam Power"]},{"damage_healed":0,"gold_gain":0,"player_choice":"Memory 1","damage_taken":0,"max_hp_gain":0,"max_hp_loss":0,"event_name":"SensoryStone","floor":36,"gold_loss":0},{"cards_removed":["Strike_B"],"damage_healed":0,"gold_gain":0,"player_choice":"Purged","damage_taken":0,"max_hp_gain":0,"max_hp_loss":0,"event_name":"Purifier","floor":48,"gold_loss":0}],"is_beta":false,"boss_relics":[{"not_picked":["AddBug","Coffee Dripper"],"picked":"PatriotShield"},{"not_picked":["BloodWine","energizedSpire:RedRose"],"picked":"Runic Dome"}],"items_purged_floors":[5,20,46],"is_endless":false,"potions_floor_spawned":[1,2,10,13,16,18,23,25,28,31,39,42,47,51,52],"ascension_level":4}}