{"host":"mp4nw1ahnxiisuiw","time":1614110137,"event":{"mods":["AchievementEnabler","BaseMod","Better Note","Block Reminder","Colored Map","Colored Powertips","Curses Come First","DeckTracker","Dio Mod","Hero for Fun","Highlight Path","Koishi","Marisa????????","Minty Spire (QoL Compilation)","Permanent Neow","Quick Restart","Rare Cards Sparkle","Relic Sorter","Relic Stats","Remilia??????","Small Relic Pack","Spikes Relics","StSLib","Td1madao Mod","The Animator","The Bug Knight","Waifu the Spire"],"gold_per_floor":[115,115,125,125,137,137,64,64,112,124,153,165,178,191,191,289,289,279,279,293,293,309,309,325,343,416,444,455,475,31,131,131,231,231,246,259,275,275,295,321,8,58,58,89,140,140,168,222,222,222],"floor_reached":51,"language":"ENG","playtime":5353,"items_purged":[],"score":936,"play_id":"6d72481c-22be-4389-8f02-48daec620bab","local_time":"20210223205537","is_ascension_mode":false,"campfire_choices":[{"floor":6.0,"key":"REST"},{"data":"Glacier","floor":8.0,"key":"SMITH"},{"floor":15.0,"key":"REST"},{"data":"Multi-Cast","floor":23.0,"key":"SMITH"},{"floor":32.0,"key":"RECALL"},{"data":"Blizzard","floor":46,"key":"SMITH"},{"data":"Chill","floor":49,"key":"SMITH"}],"circlet_count":0,"master_deck":["Strike_B","Strike_B","Strike_B","Strike_B","Defend_B","Defend_B","Defend_B","Defend_B","Dualcast","Defragment+1","Cold Snap","Chill+1","Glacier+1","BootSequence","Defragment+1","Coolheaded","Redo","Hologram","Multi-Cast+1","Loop+1","Reinforced Body","Go for the Eyes+1","Melter","Creative AI+1","Defragment+1","Biased Cognition+1","Blizzard+1","Capacitor+1","White Noise+1"],"relics":["Black Star","relicPack:DSword","Anchor","BrokenLever","Frozen Egg 2","Coffee Dripper","Sundial","Torii","Vajra","Mango","Inserter","MealTicket","Ornamental Fan","FossilizedHelix","CaptainsWheel","Mummified Hand","SnailShell","Kunai","Calipers","The Courier","ScarletDevilRocket","CatCart"],"acts_visited":["Exordium","TheCity","TheBeyond"],"potions_floor_usage":[],"damage_taken":[{"damage":1.0,"enemies":"2 Louse","floor":1.0,"turns":3.0},{"damage":6.0,"enemies":"Jaw Worm","floor":3.0,"turns":5.0},{"damage":0.0,"enemies":"Small Slimes","floor":5.0,"turns":4.0},{"damage":0.0,"enemies":"Exordium Wildlife","floor":10.0,"turns":5.0},{"damage":2.0,"enemies":"Gremlin Nob","floor":11.0,"turns":7.0},{"damage":7.0,"enemies":"Blue Slaver","floor":12.0,"turns":5.0},{"damage":8.0,"enemies":"Gremlin Gang","floor":13.0,"turns":6.0},{"damage":0.0,"enemies":"Lots of Slimes","floor":14.0,"turns":6.0},{"damage":13.0,"enemies":"The Guardian","floor":16.0,"turns":11.0},{"damage":15.0,"enemies":"2 Thieves","floor":18.0,"turns":5.0},{"damage":0.0,"enemies":"Spheric Guardian","floor":20.0,"turns":9.0},{"damage":0.0,"enemies":"Snake Plant","floor":22.0,"turns":8.0},{"damage":0.0,"enemies":"Centurion and Healer","floor":24.0,"turns":7.0},{"damage":0.0,"enemies":"Cultist and Chosen","floor":25.0,"turns":9.0},{"damage":14.0,"enemies":"Gremlin Leader","floor":27.0,"turns":11.0},{"damage":1.0,"enemies":"Snecko","floor":28.0,"turns":7.0},{"damage":0.0,"enemies":"Chosen and Byrds","floor":29.0,"turns":10.0},{"damage":0.0,"enemies":"Champ","floor":33.0,"turns":11.0},{"damage":0.0,"enemies":"3 Darklings","floor":35.0,"turns":10.0},{"damage":12.0,"enemies":"3 Shapes","floor":36.0,"turns":6.0},{"damage":7.0,"enemies":"Transient","floor":37.0,"turns":5.0},{"damage":0,"enemies":"4 Shapes","floor":39,"turns":11},{"damage":0,"enemies":"Giant Head","floor":40,"turns":15},{"damage":6,"enemies":"Mind Bloom Boss Battle","floor":42,"turns":9},{"damage":0,"enemies":"HollowMod:StalkingDevout","floor":44,"turns":10},{"damage":0,"enemies":"2 Orb Walkers","floor":45,"turns":9},{"damage":0,"enemies":"Nemesis","floor":47,"turns":11},{"damage":0,"enemies":"Orin","floor":48,"turns":11},{"damage":0,"enemies":"Time Eater","floor":50,"turns":14}],"seed_played":"298960150810071766","potions_obtained":[{"floor":10.0,"key":"Explosive Potion"},{"floor":13.0,"key":"Fruit Juice"},{"floor":14.0,"key":"Weak Potion"},{"floor":16.0,"key":"Dexterity Potion"},{"floor":18.0,"key":"SkillPotion"},{"floor":29.0,"key":"ColorlessPotion"},{"floor":36.0,"key":"SpeedPotion"},{"floor":37.0,"key":"FocusPotion"},{"floor":39,"key":"FearPotion"},{"floor":48,"key":"Regen Potion"}],"is_trial":false,"path_per_floor":["M","?","M","?","M","R","$","R","T","M","E","M","M","M","R","B",null,"M","?","M","?","M","R","M","M","T","E","M","M","$","?","R","B",null,"M","M","M","?","M","E","$","?","T","E","?","R","E","?","R","B",null],"character_chosen":"DEFECT","items_purchased":["Glacier","Vajra","Mango","FossilizedHelix"],"campfire_rested":2,"item_purchase_floors":[7,30,30,41],"current_hp_per_floor":[74,74,68,33,33,55,55,55,55,55,53,46,38,38,60,47,75,65,65,65,65,65,65,65,65,65,51,50,50,64,64,64,64,94,94,82,75,75,75,75,90,84,84,84,84,84,84,84,84,84],"gold":222,"neow_bonus":"BOSS_RELIC","is_daily":false,"chose_seed":false,"campfire_upgraded":4,"win_rate":0.0,"timestamp":1614110137,"path_taken":["M","?","M","?","M","R","$","R","T","M","E","M","M","M","R","BOSS","M","?","?","?","?","R","?","M","T","E","M","M","?","?","R","BOSS","M","M","M","?","?","E","$","?","T","E","?","R","E","?","R","BOSS"],"items_purchased_type":["Card","Relic","Relic","Relic"],"build_version":"2020-12-22","purchased_purges":0,"victory":true,"max_hp_per_floor":[75,75,75,75,75,75,75,75,75,75,75,75,75,75,75,75,75,80,80,80,80,80,80,80,80,80,80,80,80,94,94,94,94,94,94,94,94,94,94,94,94,94,94,94,94,94,94,94,94,94],"relic_stats":{"Inserter":[44],"Torii":3,"counters":[29,240],"Sundial":[16],"Ornamental Fan":[32],"Mummified Hand":[54],"MealTicket":15,"Black Star":5,"Kunai":[4],"obtain_stats":[{"SnailShell":44,"relicPack:DSword":4,"Inserter":34,"Calipers":45,"ScarletDevilRocket":47,"Torii":27,"Vajra":30,"BrokenLever":11,"Mango":30,"The Courier":47,"Frozen Egg 2":11,"Anchor":9,"CaptainsWheel":42,"Sundial":27,"Ornamental Fan":40,"Mummified Hand":43,"MealTicket":40,"Black Star":0,"Coffee Dripper":17,"Kunai":44,"CatCart":48,"Cracked Core":0,"FossilizedHelix":41},{"SnailShell":25,"relicPack:DSword":2,"Inserter":18,"Calipers":26,"ScarletDevilRocket":27,"Torii":15,"Vajra":17,"BrokenLever":5,"Mango":17,"The Courier":27,"Frozen Egg 2":5,"Anchor":3,"CaptainsWheel":24,"Sundial":15,"Ornamental Fan":23,"Mummified Hand":24,"MealTicket":23,"Black Star":0,"Coffee Dripper":9,"Kunai":25,"CatCart":28,"Cracked Core":0,"FossilizedHelix":23},{"SnailShell":195,"relicPack:DSword":8,"Inserter":129,"Calipers":204,"ScarletDevilRocket":215,"Torii":101,"Vajra":118,"BrokenLever":24,"Mango":118,"The Courier":215,"Frozen Egg 2":24,"Anchor":12,"CaptainsWheel":185,"Sundial":101,"Ornamental Fan":176,"Mummified Hand":185,"MealTicket":176,"Black Star":0,"Coffee Dripper":52,"Kunai":195,"CatCart":226,"Cracked Core":0,"FossilizedHelix":176}]},"card_choices":[{"not_picked":["Ball Lightning","Barrage"],"picked":"Defragment","floor":1.0},{"not_picked":["Capacitor","Turbo"],"picked":"Cold Snap","floor":3.0},{"not_picked":["Conserve Battery","Gash"],"picked":"Chill","floor":5.0},{"not_picked":["Scrape","Streamline"],"picked":"BootSequence","floor":10.0},{"not_picked":["Turbo","Steam Power"],"picked":"Defragment+1","floor":11.0},{"not_picked":["Scrape","Cold Snap"],"picked":"Coolheaded","floor":12.0},{"not_picked":["Recycle","Reboot"],"picked":"Redo","floor":13.0},{"not_picked":["Ball Lightning","Steam Power"],"picked":"Hologram","floor":14.0},{"not_picked":["All For One","Seek"],"picked":"Multi-Cast","floor":16.0},{"not_picked":["Hologram","Lockon"],"picked":"Loop+1","floor":18.0},{"not_picked":["Storm+1","Compile Driver"],"picked":"Reinforced Body","floor":20.0},{"not_picked":["Heatsinks+1","Ball Lightning+1"],"picked":"Go for the Eyes+1","floor":22.0},{"not_picked":["Stack+1","Double Energy"],"picked":"Melter","floor":24.0},{"not_picked":["Turbo","Cold Snap","Conserve Battery"],"picked":"SKIP","floor":25.0},{"not_picked":["RefreshScreen+1","Coolheaded","Aggregate"],"picked":"SKIP","floor":27.0},{"not_picked":["Barrage","Heatsinks+1"],"picked":"Creative AI+1","floor":28.0},{"not_picked":["Barrage+1","Streamline+1","Coolheaded"],"picked":"SKIP","floor":29.0},{"not_picked":["Scrape+1","Conserve Battery+1","Sweeping Beam"],"picked":"SKIP","floor":35.0},{"not_picked":["Stack+1","Leap","Conserve Battery+1"],"picked":"SKIP","floor":36.0},{"not_picked":["Rebound+1","Skim+1"],"picked":"Defragment+1","floor":37.0},{"not_picked":["Undo+1","Streamline+1"],"picked":"Blizzard","floor":39},{"not_picked":["Beam Cell+1","Seek"],"picked":"Capacitor+1","floor":40},{"not_picked":["Gash","Rebound+1","Conserve Battery+1"],"picked":"SKIP","floor":44},{"not_picked":["Redo","Electrodynamics+1"],"picked":"White Noise+1","floor":47}],"player_experience":111225,"relics_obtained":[{"floor":9.0,"key":"Anchor"},{"floor":11.0,"key":"BrokenLever"},{"floor":11.0,"key":"Frozen Egg 2"},{"floor":27.0,"key":"Sundial"},{"floor":27.0,"key":"Torii"},{"floor":40,"key":"MealTicket"},{"floor":40,"key":"Ornamental Fan"},{"floor":42,"key":"CaptainsWheel"},{"floor":43,"key":"Mummified Hand"},{"floor":44,"key":"SnailShell"},{"floor":44,"key":"Kunai"},{"floor":45,"key":"Calipers"},{"floor":47,"key":"The Courier"},{"floor":47,"key":"ScarletDevilRocket"},{"floor":48,"key":"CatCart"}],"event_choices":[{"damage_healed":0.0,"max_hp_gain":0.0,"max_hp_loss":0.0,"gold_gain":0.0,"event_name":"Golden Wing","player_choice":"Ignored","floor":2.0,"gold_loss":0.0,"damage_taken":0.0},{"damage_healed":0.0,"max_hp_gain":0.0,"max_hp_loss":0.0,"gold_gain":0.0,"event_name":"Accursed Blacksmith","player_choice":"Forge","floor":19.0,"gold_loss":0.0,"damage_taken":0.0,"cards_upgraded":["Defragment"]},{"cards_removed":["Zap"],"damage_healed":0.0,"max_hp_gain":0.0,"max_hp_loss":0.0,"gold_gain":0.0,"event_name":"Purifier","player_choice":"Purged","floor":21.0,"gold_loss":0.0,"damage_taken":0.0},{"damage_healed":0.0,"max_hp_gain":0.0,"max_hp_loss":0.0,"gold_gain":100.0,"event_name":"Golden Shrine","player_choice":"Pray","floor":31.0,"gold_loss":0.0,"damage_taken":0.0},{"damage_healed":0.0,"max_hp_gain":0.0,"max_hp_loss":0.0,"gold_gain":0.0,"event_name":"Match and Keep!","player_choice":"1 cards matched","floor":38.0,"gold_loss":0.0,"damage_taken":0.0,"cards_obtained":["Biased Cognition"]},{"damage_healed":0,"gold_gain":0,"player_choice":"Fight","damage_taken":0,"max_hp_gain":0,"max_hp_loss":0,"event_name":"MindBloom","floor":42,"gold_loss":0},{"damage_healed":0,"gold_gain":0,"player_choice":"Fight","damage_taken":0,"max_hp_gain":0,"max_hp_loss":0,"event_name":"Mysterious Sphere","floor":45,"gold_loss":0},{"damage_healed":0,"gold_gain":0,"player_choice":"Fight","damage_taken":0,"max_hp_gain":0,"max_hp_loss":0,"event_name":"OrinTheCat","floor":48,"gold_loss":0}],"is_beta":false,"boss_relics":[{"not_picked":["Philosopher\u0027s Stone","Busted Crown"],"picked":"Coffee Dripper"},{"not_picked":["Velvet Choker","Calling Bell"],"picked":"Inserter"}],"items_purged_floors":[],"is_endless":false,"potions_floor_spawned":[10,13,14,16,18,24,25,29,36,37,39,48],"ascension_level":0}}