{"host":"2haferq23ht5nrlk","time":1614099522,"event":{"mods":["ATMod(°¢èªMod)","Aspiration","BaseMod","BetterRewards","Colored Powertips","Conspire","Dota2Spire","Faster Ascension Climbing","KomeijiMod","Lobotomy","LobotomyExtend","Marked Mod","Minty Spire (QoL Compilation)","Quick Restart","Relic Filter Mod","Relic Stats","Reliquary","Replay The Spire","RumiaBox-Â¶Ã×æ«µÄÉñÃØºÐ×Ó","Spicy Shops","StSLib","The Cursed","UnlockEverythingMod","¡¾ÒÅÎï¿¨ÅÆ¡¿REMEMod"],"gold_per_floor":[113,113,76,76,76,76,117,140,140,140,165,199,199,219,219,312,312,312,189,169,182,197,197,197],"floor_reached":23,"language":"ZHS","playtime":702,"items_purged":[],"score":594,"play_id":"8da709e2-ffc2-4441-88ef-6e1571fa4110","local_time":"20210224005842","is_ascension_mode":true,"campfire_choices":[{"data":"AT_MachinaRedman","floor":6,"key":"SMITH"},{"data":"Dualcast","floor":10,"key":"SMITH"},{"data":"AT_ThreeBodyProblem","floor":13,"key":"SMITH"},{"data":"White Noise","floor":15,"key":"SMITH"}],"circlet_count":0,"master_deck":["AscendersBane","Strike_B","Strike_B","Strike_B","Strike_B","Defend_B","Defend_B","Defend_B","Zap","Dualcast+1","AT_MachinaRedman+1","Violence+1","AT_ThreeBodyProblem+1","AT_HeatAcrobatics+1","White Noise+1","Ball Lightning","Self Repair","REME_Shoggoth","Dazed","REME_ForAll","AT_EmpoweredMortalDraw","AT_DarkMatter","Turbo+1"],"relics":["Cracked Core","AT_ATBox","REME_ComplimentaryCards","RabbitCall","Baka","LetterFromLob","Golden Idol","ThirstyCross","Thread and Needle","Vajra","AT_MortalBlade","GoodDreamPillow"],"acts_visited":["Exordium","TheCity"],"potions_floor_usage":[12,16,21,21],"damage_taken":[{"damage":2,"enemies":"Jaw Worm","floor":1,"turns":2},{"damage":20,"enemies":"Gremlin Nob","floor":7,"turns":3},{"damage":0,"enemies":"2 Louse","floor":8,"turns":2},{"damage":0,"enemies":"Cultist","floor":11,"turns":1},{"damage":16,"enemies":"3 Sentries","floor":12,"turns":3},{"damage":8,"enemies":"Exordium Wildlife","floor":14,"turns":2},{"damage":11,"enemies":"The Guardian","floor":16,"turns":7},{"damage":13,"enemies":"2 Thieves","floor":21,"turns":2},{"damage":0,"enemies":"Chosen","floor":22,"turns":2},{"damage":18,"enemies":"Gremlin Leader","floor":23,"turns":2}],"seed_played":"3225878165694778088","potions_obtained":[{"floor":1,"key":"LiquidMemories"},{"floor":8,"key":"Dexterity Potion"},{"floor":12,"key":"Regen Potion"},{"floor":20,"key":"UndeadPotion"},{"floor":21,"key":"SmokeBomb"}],"is_trial":false,"path_per_floor":["M","?","$","?","?","R","E","M","T","R","M","E","R","M","R","B",null,"M","?","?","M","M","E"],"character_chosen":"DEFECT","items_purchased":["AT_HeatAcrobatics+1"],"campfire_rested":0,"item_purchase_floors":[3],"current_hp_per_floor":[62,62,62,55,55,55,35,35,35,35,35,26,26,18,18,28,55,14,14,14,8,15,0,0],"gold":197,"neow_bonus":"","is_daily":false,"chose_seed":false,"campfire_upgraded":4,"win_rate":0.0,"timestamp":1614099522,"path_taken":["M","?","$","?","?","R","E","M","T","R","?","E","R","M","R","BOSS","M","?","?","?","M","E"],"items_purchased_type":["Card"],"build_version":"2020-12-22","purchased_purges":0,"victory":false,"max_hp_per_floor":[71,64,64,64,64,64,64,64,64,64,64,64,64,64,64,64,64,64,64,64,54,54,54,54],"relic_stats":{"counters":[11,26],"Golden Idol":54,"obtain_stats":[{"ThirstyCross":5,"AT_ATBox":0,"GoodDreamPillow":19,"Golden Idol":2,"Vajra":12,"AT_MortalBlade":17,"Thread and Needle":7,"Durian":0,"Baka":1,"LetterFromLob":1,"Cracked Core":0,"REME_ComplimentaryCards":0},{"ThirstyCross":2,"AT_ATBox":0,"GoodDreamPillow":8,"Golden Idol":2,"Vajra":6,"AT_MortalBlade":8,"Thread and Needle":3,"Durian":0,"Baka":2,"LetterFromLob":2,"Cracked Core":0,"REME_ComplimentaryCards":0},{"ThirstyCross":2,"AT_ATBox":0,"GoodDreamPillow":20,"Golden Idol":2,"Vajra":11,"AT_MortalBlade":20,"Thread and Needle":5,"Durian":0,"Baka":2,"LetterFromLob":2,"Cracked Core":0,"REME_ComplimentaryCards":0}]},"card_choices":[{"not_picked":["Chaos","ReplaySolidLightProjector"],"picked":"AT_ThreeBodyProblem","floor":1},{"not_picked":["Panic Button","Beam Cell"],"picked":"White Noise","floor":7},{"not_picked":["ReplaySolidLightProjector","Conserve Battery"],"picked":"Ball Lightning","floor":8},{"not_picked":["Steam","Go for the Eyes"],"picked":"Self Repair","floor":11},{"not_picked":["Turbo","FIFO Queue"],"picked":"REME_Shoggoth","floor":12},{"not_picked":["Hologram","Turbo"],"picked":"Cold Snap","floor":14},{"not_picked":["Hyperbeam","Thunder Strike"],"picked":"REME_ForAll","floor":16},{"not_picked":["AT_WarpDrive","Rebound"],"picked":"AT_DarkMatter","floor":21},{"not_picked":["Genetic Algorithm","Go for the Eyes"],"picked":"Turbo+1","floor":22}],"player_experience":35000,"relics_obtained":[{"floor":1,"key":"Baka"},{"floor":1,"key":"LetterFromLob"},{"floor":7,"key":"Thread and Needle"},{"floor":12,"key":"Vajra"}],"event_choices":[{"damage_healed":0,"gold_gain":0,"player_choice":"Lose Max HP","damage_taken":0,"relics_obtained":["Golden Idol"],"max_hp_gain":0,"max_hp_loss":7,"event_name":"Golden Idol","floor":2,"gold_loss":0},{"cards_removed":["Defend_B"],"damage_healed":0,"gold_gain":0,"player_choice":"Card Removal","damage_taken":7,"max_hp_gain":0,"max_hp_loss":0,"event_name":"Golden Wing","floor":4,"gold_loss":0},{"damage_healed":0,"gold_gain":0,"player_choice":"Bought 1 Potion","damage_taken":0,"max_hp_gain":0,"max_hp_loss":0,"event_name":"The Woman in Blue","floor":20,"gold_loss":0}],"is_beta":false,"boss_relics":[{"not_picked":["Runic Pyramid","REME_DuelDisc"],"picked":"AT_MortalBlade"}],"items_purged_floors":[],"is_endless":false,"potions_floor_spawned":[1,8,12,21],"killed_by":"Gremlin Leader","ascension_level":20}}