{"host":"zx8rmvlb08usbkpl","time":1614093882,"event":{"mods":["BaseMod","BetterRewards","Colored Powertips","Dota2Spire","Downfall","GifTheSpireLib","Marisa????????","Minty Spire (QoL Compilation)","Quick Restart","StSLib","Stuff the Spire","The Bug Knight","The Senshi"],"gold_per_floor":[112,131,131,56,76,76,103,103,172,172,198,216,228,228,228,329,329,349,47,66,76,42,42,58,58,136,136,57,90,110,120,120,223,223,236,287,287,59,69,101,101,126,149,183,195,37,55,71,71,71,71,71,71,99,99],"floor_reached":56,"language":"ENG","playtime":3580,"items_purged":["Strike_R","Strike_R"],"score":1267,"play_id":"3788702a-298a-48c4-8a83-a6bf0767cbae","local_time":"20210223102442","is_ascension_mode":false,"campfire_choices":[{"data":"Infernal Blade","floor":6,"key":"SMITH"},{"data":"Flame Barrier","floor":15,"key":"SMITH"},{"data":"Armaments","floor":23,"key":"SMITH"},{"floor":27,"key":"RECALL"},{"data":"Shockwave","floor":32,"key":"SMITH"},{"floor":41,"key":"REST"},{"data":"Barricade","floor":49,"key":"SMITH"},{"data":"Inflame","floor":52,"key":"SMITH"}],"circlet_count":0,"master_deck":["Defend_R","Defend_R","Bash","Flame Barrier+1","Thunderclap","Infernal Blade+1","Burning Pact","Bludgeon","Strike_R+1","Wild Strike","Infernal Blade+1","Demon Form","Shrug It Off","Shockwave+1","Armaments+1","Dark Embrace","Flex+1","Metallicize","Dual Wield+1","Armaments+1","Feed","Seeing Red+1","Inflame+1","Dropkick","True Grit+1","Sword Boomerang+1","Exhume","Barricade+1","Seeing Red+1","Heavy Blade+1"],"relics":["Burning Blood","StuffTheSpire:Mouthbags","StuffTheSpire:Rhapsscallions","Dota2Spire:BladeMail","Dota2Spire:RefresherOrb","HollowMod:PaleOreRelic","Gremlin Horn","Red Skull","Sozu","CatCart","Vajra","StuffTheSpire:MayFlowers","Nunchaku","Dota2Spire:DrumOfEndurance","Blood Vial","Bag of Marbles"],"acts_visited":["Exordium","TheCity","TheBeyond","TheEnding"],"potions_floor_usage":[29,29,55,55],"damage_taken":[{"damage":0,"enemies":"Small Slimes","floor":1,"turns":2},{"damage":0,"enemies":"Cultist","floor":2,"turns":2},{"damage":6,"enemies":"Jaw Worm","floor":5,"turns":3},{"damage":22,"enemies":"Gremlin Nob","floor":7,"turns":4},{"damage":19,"enemies":"Lagavulin","floor":11,"turns":5},{"damage":0,"enemies":"Looter","floor":12,"turns":2},{"damage":6,"enemies":"Exordium Wildlife","floor":13,"turns":3},{"damage":16,"enemies":"Slime Boss","floor":16,"turns":7},{"damage":5,"enemies":"Chosen","floor":18,"turns":4},{"damage":11,"enemies":"2 Thieves","floor":20,"turns":4},{"damage":12,"enemies":"Snake Plant","floor":21,"turns":4},{"damage":14,"enemies":"Centurion and Healer","floor":24,"turns":4},{"damage":27,"enemies":"Slavers","floor":29,"turns":4},{"damage":7,"enemies":"Cultist and Chosen","floor":30,"turns":7},{"damage":0,"enemies":"Sentry and Sphere","floor":31,"turns":2},{"damage":19,"enemies":"Champ","floor":33,"turns":9},{"damage":40,"enemies":"3 Shapes","floor":35,"turns":4},{"damage":17,"enemies":"Orin","floor":36,"turns":8},{"damage":10,"enemies":"Orb Walker","floor":39,"turns":2},{"damage":11,"enemies":"HollowMod:StalkingDevout","floor":40,"turns":5},{"damage":7,"enemies":"Giant Head","floor":42,"turns":6},{"damage":0,"enemies":"HollowMod:StalkingDevout","floor":44,"turns":5},{"damage":0,"enemies":"3 Darklings","floor":45,"turns":3},{"damage":15,"enemies":"Writhing Mass","floor":47,"turns":7},{"damage":19,"enemies":"Sphere and 2 Shapes","floor":48,"turns":5},{"damage":53,"enemies":"Time Eater","floor":50,"turns":10},{"damage":69,"enemies":"Shield and Spear","floor":54,"turns":4},{"damage":135,"enemies":"The Heart","floor":55,"turns":10}],"seed_played":"-1331726528198076621","potions_obtained":[{"floor":2,"key":"Weak Potion"},{"floor":20,"key":"BloodPotion"},{"floor":21,"key":"Explosive Potion"},{"floor":31,"key":"sneckomod:MuddlingPotion"},{"floor":33,"key":"Dota2Spire:HealingSalve"}],"is_trial":false,"path_per_floor":["M","M","?","$","M","R","E","?","T","?","E","M","M","?","R","B",null,"M","$","M","M","$","R","M","$","T","R","$","E","M","M","R","B",null,"M","?","T","$","M","E","R","E","T","E","M","$","M","M","R","B",null,"R","$","E","B",null],"character_chosen":"IRONCLAD","items_purchased":["Shrug It Off","HollowMod:PaleOreRelic","Dark Embrace","Metallicize","Vajra","Dropkick","Barricade"],"campfire_rested":1,"item_purchase_floors":[19,19,22,28,38,38,46],"current_hp_per_floor":[62,68,68,68,68,68,52,45,51,51,38,44,44,44,44,34,86,86,86,81,75,75,75,67,67,67,67,67,46,45,51,51,38,86,55,44,44,44,43,38,65,70,70,80,88,88,86,78,78,39,102,102,102,39,26],"gold":99,"neow_bonus":"TRANSFORM_TWO_CARDS","is_daily":false,"chose_seed":false,"campfire_upgraded":6,"win_rate":0.0,"timestamp":1614093882,"path_taken":["M","M","?","$","?","R","E","?","T","?","E","?","M","?","R","BOSS","M","$","M","M","$","R","M","?","T","R","?","E","M","?","R","BOSS","M","?","?","$","M","E","R","E","T","E","M","$","?","M","R","BOSS","R","$","E","BOSS"],"items_purchased_type":["Card","Relic","Card","Card","Relic","Card","Card"],"build_version":"2020-12-22","purchased_purges":2,"victory":true,"max_hp_per_floor":[80,80,80,80,80,80,80,80,86,86,86,86,86,86,86,86,86,86,86,86,86,86,86,86,86,86,86,86,86,86,86,86,86,86,89,89,89,89,92,92,92,95,95,99,99,99,99,102,102,102,102,102,102,102,102],"card_choices":[{"not_picked":["StuffTheSpire:Incineration","Anger"],"picked":"Infernal Blade","floor":1},{"not_picked":["Combust","Cleave"],"picked":"Burning Pact","floor":2},{"not_picked":["StuffTheSpire:Pyroclast","Heavy Blade"],"picked":"Bludgeon","floor":5},{"not_picked":["Combust","Anger","StuffTheSpire:Slingshot"],"picked":"SKIP","floor":7},{"not_picked":["Uppercut","StuffTheSpire:Resist","Clothesline"],"picked":"SKIP","floor":11},{"not_picked":["Feel No Pain","Heavy Blade"],"picked":"Wild Strike","floor":12},{"not_picked":["Battle Trance","Perfected Strike"],"picked":"Infernal Blade","floor":13},{"not_picked":["Fiend Fire","Offering"],"picked":"Demon Form","floor":16},{"not_picked":["Sword Boomerang+1","True Grit","Sever Soul"],"picked":"SKIP","floor":18},{"not_picked":["Wild Strike+1","StuffTheSpire:RagingBull"],"picked":"Shockwave","floor":20},{"not_picked":["Body Slam","StuffTheSpire:Resist"],"picked":"Armaments","floor":21},{"not_picked":["Reckless Charge+1","Uppercut"],"picked":"Flex+1","floor":24},{"not_picked":["Sever Soul","Flex+1"],"picked":"Dual Wield+1","floor":29},{"not_picked":["Reckless Charge","Rage","Demon Form"],"picked":"SKIP","floor":30},{"not_picked":["Dual Wield","Intimidate+1"],"picked":"Armaments+1","floor":31},{"not_picked":["Demon Form","Bludgeon"],"picked":"Feed","floor":33},{"not_picked":["Pommel Strike","StuffTheSpire:Slingshot"],"picked":"Seeing Red+1","floor":35},{"not_picked":["Clothesline","StuffTheSpire:Incineration+1"],"picked":"Inflame","floor":36},{"not_picked":["Havoc","Headbutt+1"],"picked":"True Grit+1","floor":39},{"not_picked":["StuffTheSpire:BloodClot+1","StuffTheSpire:Slingshot","Whirlwind"],"picked":"SKIP","floor":40},{"not_picked":["StuffTheSpire:Pyroclast+1","Armaments"],"picked":"Sword Boomerang+1","floor":42},{"not_picked":["Anger+1","Battle Trance"],"picked":"Exhume","floor":44},{"not_picked":["Wild Strike","Iron Wave","Headbutt+1"],"picked":"SKIP","floor":45},{"not_picked":["StuffTheSpire:Resist","Intimidate","Thunderclap+1"],"picked":"SKIP","floor":47},{"not_picked":["Cleave","Disarm"],"picked":"Seeing Red+1","floor":48},{"not_picked":["StuffTheSpire:Slingshot+1","Sword Boomerang+1"],"picked":"Heavy Blade+1","floor":54}],"player_experience":1000365,"relics_obtained":[{"floor":7,"key":"StuffTheSpire:Mouthbags"},{"floor":9,"key":"StuffTheSpire:Rhapsscallions"},{"floor":11,"key":"Dota2Spire:BladeMail"},{"floor":26,"key":"Gremlin Horn"},{"floor":29,"key":"Red Skull"},{"floor":36,"key":"CatCart"},{"floor":40,"key":"StuffTheSpire:MayFlowers"},{"floor":42,"key":"Nunchaku"},{"floor":43,"key":"Dota2Spire:DrumOfEndurance"},{"floor":44,"key":"Blood Vial"},{"floor":54,"key":"Bag of Marbles"}],"event_choices":[{"cards_removed":["Strike_R"],"damage_healed":0,"gold_gain":0,"player_choice":"Took Card","damage_taken":0,"max_hp_gain":0,"max_hp_loss":0,"event_name":"NoteForYourself","floor":3,"gold_loss":0,"cards_obtained":["Strike_R"]},{"cards_removed":["Strike_R"],"damage_healed":0,"gold_gain":0,"player_choice":"Card Removal","damage_taken":7,"max_hp_gain":0,"max_hp_loss":0,"event_name":"Golden Wing","floor":8,"gold_loss":0},{"damage_healed":0,"gold_gain":0,"player_choice":"Grow","damage_taken":0,"max_hp_gain":0,"max_hp_loss":0,"event_name":"Living Wall","floor":10,"gold_loss":0,"cards_upgraded":["Strike_R"]},{"damage_healed":0,"gold_gain":0,"player_choice":"Upgraded","damage_taken":0,"max_hp_gain":0,"max_hp_loss":0,"event_name":"Upgrade Shrine","floor":14,"gold_loss":0,"cards_upgraded":["Infernal Blade"]},{"damage_healed":0,"gold_gain":0,"player_choice":"Fight","damage_taken":0,"max_hp_gain":0,"max_hp_loss":0,"event_name":"OrinTheCat","floor":36,"gold_loss":0}],"is_beta":false,"boss_relics":[{"not_picked":["Cursed Key","Philosopher\u0027s Stone"],"picked":"Dota2Spire:RefresherOrb"},{"not_picked":["Coffee Dripper","Pandora\u0027s Box"],"picked":"Sozu"}],"items_purged_floors":[4,19],"is_endless":false,"potions_floor_spawned":[2,20,21,31,33,36,42,45,47,48],"ascension_level":0}}