{"host":"ul3z8ex5o8l5j7mh","time":1614102552,"event":{"mods":["2.2 Compatiblity","AchievementEnabler","BaseMod","Bestiary","Colored Map","Colored Powertips","Curses Come First","DeckTracker","Highlight Path","Keyboard Shortcuts","Minty Spire (QoL Compilation)","Relic Sorter","Relic Stats","StSLib","SuperFastMode"],"gold_per_floor":[110,126,146,146,162,189,45,45,72,92,123,70,102,121,121,222,222,235,252,23,23,34,34,62,62,62,62,75,174,184,184,184],"floor_reached":31,"language":"ENG","playtime":1563,"items_purged":["Defend_G"],"score":397,"play_id":"8295e908-9820-442d-988a-e85c075beec5","local_time":"20210223184912","is_ascension_mode":true,"campfire_choices":[{"data":"Noxious Fumes","floor":8,"key":"SMITH"},{"floor":15,"key":"REST"},{"data":"Bouncing Flask","floor":23,"key":"SMITH"},{"data":"Well Laid Plans","floor":27,"key":"SMITH"}],"circlet_count":0,"master_deck":["Strike_G","Strike_G","Strike_G","Strike_G","Strike_G+1","Defend_G","Defend_G","Defend_G","Defend_G","Survivor","Neutralize","Poisoned Stab+1","Noxious Fumes+1","Poisoned Stab","Bane","Doppelganger","Dash","Deadly Poison","Bane","Corpse Explosion","Well Laid Plans+1","Bane","Bouncing Flask+1","Bane","Bane","Envenom","Crippling Poison"],"relics":["Ring of the Snake","Bag of Marbles","Lee\u0027s Waffle","Strawberry","MealTicket","Prayer Wheel","Sozu","PreservedInsect","Lantern","Matryoshka"],"acts_visited":["Exordium","TheCity"],"potions_floor_usage":[5,11,16,30],"damage_taken":[{"damage":2,"enemies":"Cultist","floor":1,"turns":4},{"damage":0,"enemies":"Small Slimes","floor":2,"turns":4},{"damage":1,"enemies":"Jaw Worm","floor":3,"turns":5},{"damage":5,"enemies":"Gremlin Gang","floor":5,"turns":4},{"damage":24,"enemies":"Lagavulin","floor":6,"turns":6},{"damage":1,"enemies":"2 Fungi Beasts","floor":10,"turns":3},{"damage":14,"enemies":"3 Sentries","floor":11,"turns":6},{"damage":32,"enemies":"Gremlin Nob","floor":13,"turns":5},{"damage":6,"enemies":"Blue Slaver","floor":14,"turns":2},{"damage":38,"enemies":"The Guardian","floor":16,"turns":7},{"damage":0,"enemies":"3 Byrds","floor":18,"turns":2},{"damage":0,"enemies":"Spheric Guardian","floor":19,"turns":3},{"damage":36,"enemies":"Snecko","floor":22,"turns":6},{"damage":0,"enemies":"Gremlin Leader","floor":24,"turns":4},{"damage":37,"enemies":"Shelled Parasite and Fungi","floor":28,"turns":5},{"damage":9,"enemies":"Centurion and Healer","floor":30,"turns":5},{"damage":27,"enemies":"Snake Plant","floor":31,"turns":2}],"seed_played":"8817949355378480132","potions_obtained":[{"floor":1,"key":"DuplicationPotion"},{"floor":6,"key":"BlessingOfTheForge"},{"floor":10,"key":"SpeedPotion"},{"floor":13,"key":"SkillPotion"}],"is_trial":false,"path_per_floor":["M","M","M","?","M","E","$","R","T","M","E","$","E","M","R","B",null,"M","M","$","?","M","R","E","$","T","R","M","?","M","M"],"character_chosen":"THE_SILENT","items_purchased":["Lee\u0027s Waffle","Deadly Poison","PreservedInsect"],"campfire_rested":1,"item_purchase_floors":[7,12,20],"current_hp_per_floor":[75,75,74,59,54,30,84,84,91,90,76,91,59,53,80,42,91,91,91,91,91,55,55,55,70,70,70,33,33,24,0,0],"gold":184,"neow_bonus":"TEN_PERCENT_HP_BONUS","is_daily":false,"chose_seed":false,"campfire_upgraded":3,"win_rate":0.0,"timestamp":1614102552,"path_taken":["M","M","M","?","M","E","$","R","T","M","E","$","E","M","R","BOSS","M","M","$","?","M","R","E","?","T","R","M","?","M","M"],"items_purchased_type":["Relic","Card","Relic"],"build_version":"2020-12-22","purchased_purges":1,"victory":false,"max_hp_per_floor":[77,77,77,77,77,77,84,84,91,91,91,91,91,91,91,91,91,91,91,91,91,91,91,91,91,91,91,91,91,91,91,91],"relic_stats":{"Sozu":3,"Lee\u0027s Waffle":54,"counters":[17,73],"MealTicket":30,"Prayer Wheel":6,"PreservedInsect":45,"obtain_stats":[{"Sozu":17,"Lee\u0027s Waffle":7,"Lantern":24,"Matryoshka":26,"Strawberry":9,"MealTicket":11,"Prayer Wheel":13,"PreservedInsect":20,"Bag of Marbles":6,"Ring of the Snake":0},{"Sozu":10,"Lee\u0027s Waffle":5,"Lantern":14,"Matryoshka":14,"Strawberry":5,"MealTicket":7,"Prayer Wheel":8,"PreservedInsect":12,"Bag of Marbles":5,"Ring of the Snake":0},{"Sozu":46,"Lee\u0027s Waffle":23,"Lantern":61,"Matryoshka":61,"Strawberry":23,"MealTicket":32,"Prayer Wheel":37,"PreservedInsect":51,"Bag of Marbles":23,"Ring of the Snake":0}],"Ring of the Snake":[34]},"card_choices":[{"not_picked":["Heel Hook","Acrobatics"],"picked":"Poisoned Stab","floor":1},{"not_picked":["PiercingWail","Leg Sweep"],"picked":"Noxious Fumes","floor":2},{"not_picked":["Prepared","Cloak And Dagger"],"picked":"Poisoned Stab","floor":3},{"not_picked":["Underhanded Strike","Infinite Blades","Quick Slash"],"picked":"SKIP","floor":5},{"not_picked":["Poisoned Stab","Eviscerate"],"picked":"Bane","floor":6},{"not_picked":["Deflect","Backflip"],"picked":"Doppelganger","floor":10},{"not_picked":["Sucker Punch","Predator"],"picked":"Dash","floor":11},{"not_picked":["Dodge and Roll","PiercingWail","Concentrate"],"picked":"SKIP","floor":13},{"not_picked":["Flying Knee","Blur"],"picked":"Bane","floor":14},{"not_picked":["Dagger Spray","Choke","Prepared"],"picked":"SKIP","floor":14},{"not_picked":["Storm of Steel","Grand Finale"],"picked":"Corpse Explosion","floor":16},{"not_picked":["Infinite Blades","Outmaneuver+1"],"picked":"Well Laid Plans","floor":18},{"not_picked":["Slice","Underhanded Strike"],"picked":"Bane","floor":18},{"not_picked":["Deflect","Dodge and Roll"],"picked":"Tactician","floor":19},{"not_picked":["Backstab","Reflex","Grand Finale"],"picked":"SKIP","floor":19},{"not_picked":["Slice+1","Deflect"],"picked":"Bouncing Flask","floor":22},{"not_picked":["Dodge and Roll","Tactician"],"picked":"Bane","floor":22},{"not_picked":["Masterful Stab","Dagger Spray+1"],"picked":"Bane","floor":24},{"not_picked":["Backflip","Well Laid Plans","Dagger Spray+1"],"picked":"SKIP","floor":28},{"not_picked":["Crippling Poison","Expertise+1","Cloak And Dagger"],"picked":"SKIP","floor":28},{"not_picked":["Underhanded Strike","Bane"],"picked":"Envenom","floor":30},{"not_picked":["Cloak And Dagger+1","Escape Plan"],"picked":"Crippling Poison","floor":30}],"player_experience":429891,"relics_obtained":[{"floor":6,"key":"Bag of Marbles"},{"floor":9,"key":"Strawberry"},{"floor":11,"key":"MealTicket"},{"floor":13,"key":"Prayer Wheel"},{"floor":24,"key":"Lantern"},{"floor":26,"key":"Matryoshka"}],"event_choices":[{"damage_healed":0,"gold_gain":0,"player_choice":"Entered Light","damage_taken":15,"max_hp_gain":0,"max_hp_loss":0,"event_name":"Shining Light","floor":4,"gold_loss":0,"cards_upgraded":["Poisoned Stab","Strike_G"]},{"cards_removed":["Tactician"],"damage_healed":0,"gold_gain":0,"player_choice":"Offered Uncommon","damage_taken":0,"max_hp_gain":0,"max_hp_loss":0,"event_name":"Bonfire Elementals","floor":21,"gold_loss":0},{"damage_healed":0,"gold_gain":99,"player_choice":"Stole From Cult","damage_taken":0,"max_hp_gain":0,"max_hp_loss":0,"event_name":"Nest","floor":29,"gold_loss":0}],"is_beta":false,"boss_relics":[{"not_picked":["Velvet Choker","Pandora\u0027s Box"],"picked":"Sozu"}],"items_purged_floors":[20],"is_endless":false,"potions_floor_spawned":[1,6,10,13,19,22,30],"killed_by":"Snake Plant","ascension_level":3}}