{"host":"1xo5g347e5o4auts","time":1614067052,"event":{"mods":["BaseMod","Minty Spire (QoL Compilation)","Permanent Neow","StSLib"],"gold_per_floor":[15,32,32,55,70,70,93,132,168,180,232,264,276,288,300,403,415,446,458,490,502,106,106,106],"floor_reached":23,"language":"ENG","playtime":401,"items_purged":["Strike_B"],"score":402,"play_id":"e2c322ab-fa46-4965-b7f9-b7445c538906","local_time":"20210223095732","is_ascension_mode":true,"campfire_choices":[{"floor":6.0,"key":"REST"},{"floor":13.0,"key":"REST"},{"data":"Double Energy","floor":15.0,"key":"SMITH"}],"circlet_count":0,"master_deck":["AscendersBane","Strike_B","Strike_B","Defend_B","Defend_B","Defend_B","Defend_B","Zap","Dualcast","Ball Lightning","Rip and Tear","Genetic Algorithm","Melter","Steam","Double Energy+1","Sunder","Leap+1"],"relics":["Cracked Core","Ice Cream","Golden Idol","MawBank","Omamori","Vajra","Ancient Tea Set","Inserter","Lizard Tail"],"acts_visited":["Exordium","TheCity"],"potions_floor_usage":[23],"damage_taken":[{"damage":14.0,"enemies":"Jaw Worm","floor":1.0,"turns":4.0},{"damage":8.0,"enemies":"2 Louse","floor":2.0,"turns":3.0},{"damage":7.0,"enemies":"Small Slimes","floor":4.0,"turns":3.0},{"damage":9.0,"enemies":"3 Louse","floor":5.0,"turns":2.0},{"damage":7.0,"enemies":"Red Slaver","floor":7.0,"turns":3.0},{"damage":6.0,"enemies":"Gremlin Nob","floor":8.0,"turns":3.0},{"damage":10.0,"enemies":"3 Sentries","floor":11.0,"turns":5.0},{"damage":10.0,"enemies":"Blue Slaver","floor":12.0,"turns":3.0},{"damage":18.0,"enemies":"Slime Boss","floor":16.0,"turns":8.0},{"damage":40,"enemies":"Chosen","floor":18,"turns":5},{"damage":0,"enemies":"Spheric Guardian","floor":20,"turns":1},{"damage":0,"enemies":"Book of Stabbing","floor":23,"turns":2}],"seed_played":"-8908069762262277482","potions_obtained":[{"floor":2.0,"key":"LiquidMemories"},{"floor":4.0,"key":"SpeedPotion"},{"floor":7.0,"key":"Weak Potion"},{"floor":8.0,"key":"LiquidBronze"},{"floor":20,"key":"Strength Potion"}],"is_trial":false,"path_per_floor":["M","M","?","M","M","R","M","E","T","?","E","M","R","?","R","B",null,"M","?","M","?","$","E"],"character_chosen":"DEFECT","items_purchased":["Lizard Tail"],"campfire_rested":2,"item_purchase_floors":[22],"current_hp_per_floor":[50,42,42,35,26,45,38,32,32,21,11,1,20,20,20,2,49,9,22,22,74,74,74,74],"gold":106,"neow_bonus":"ONE_RARE_RELIC","is_daily":false,"chose_seed":false,"campfire_upgraded":1,"win_rate":0.0,"timestamp":1614067052,"path_taken":["M","M","?","M","M","R","M","E","T","?","E","M","R","?","R","BOSS","M","?","M","?","$","E"],"items_purchased_type":["Relic"],"build_version":"2020-12-22","purchased_purges":1,"victory":false,"max_hp_per_floor":[71,71,64,64,64,64,64,64,64,64,64,64,64,64,64,64,64,64,64,64,74,74,74,74],"card_choices":[{"not_picked":["Gash","Streamline","Coolheaded"],"picked":"SKIP","floor":1.0},{"not_picked":["Steam","Rip and Tear"],"picked":"Ball Lightning","floor":2.0},{"not_picked":["Streamline","Rebound"],"picked":"Rip and Tear","floor":4.0},{"not_picked":["Gash","Coolheaded"],"picked":"Genetic Algorithm","floor":5.0},{"not_picked":["Gash","Coolheaded"],"picked":"Melter","floor":7.0},{"not_picked":["Compile Driver","Coolheaded"],"picked":"Steam","floor":8.0},{"not_picked":["Capacitor","Melter"],"picked":"Double Energy","floor":11.0},{"not_picked":["Cold Snap","Scrape","Go for the Eyes"],"picked":"SKIP","floor":12.0},{"not_picked":["Hyperbeam","Machine Learning"],"picked":"Fission","floor":16.0},{"not_picked":["Beam Cell","Sweeping Beam","Rip and Tear"],"picked":"SKIP","floor":18},{"not_picked":["Auto Shields","Streamline"],"picked":"Leap+1","floor":20}],"player_experience":1507263,"relics_obtained":[{"floor":8.0,"key":"MawBank"},{"floor":9.0,"key":"Omamori"},{"floor":11.0,"key":"Ancient Tea Set"}],"event_choices":[{"damage_healed":0.0,"max_hp_gain":0.0,"max_hp_loss":7.0,"gold_gain":0.0,"event_name":"Golden Idol","player_choice":"Lose Max HP","floor":3.0,"gold_loss":0.0,"damage_taken":0.0,"relics_obtained":["Golden Idol"]},{"damage_healed":0.0,"max_hp_gain":0.0,"max_hp_loss":0.0,"gold_gain":0.0,"event_name":"Scrap Ooze","player_choice":"Success","floor":10.0,"gold_loss":0.0,"damage_taken":11.0,"relics_obtained":["Vajra"]},{"damage_healed":0.0,"max_hp_gain":0.0,"max_hp_loss":0.0,"gold_gain":0.0,"cards_transformed":["Strike_B"],"event_name":"Living Wall","player_choice":"Change","floor":14.0,"gold_loss":0.0,"damage_taken":0.0,"cards_obtained":["Sunder"]},{"damage_healed":13,"gold_gain":0,"player_choice":"Heal","damage_taken":0,"max_hp_gain":0,"max_hp_loss":0,"event_name":"The Library","floor":19,"gold_loss":0},{"cards_removed":["Fission"],"damage_healed":42,"gold_gain":0,"player_choice":"Offered Rare","damage_taken":0,"max_hp_gain":10,"max_hp_loss":0,"event_name":"Bonfire Elementals","floor":21,"gold_loss":0}],"is_beta":false,"boss_relics":[{"not_picked":["Runic Dome","Fusion Hammer"],"picked":"Inserter"}],"items_purged_floors":[22],"is_endless":false,"potions_floor_spawned":[2,4,7,8,20],"killed_by":"Book of Stabbing","ascension_level":20}}