{"host":"0k7350af1t8odskw","time":1614099812,"event":{"mods":["AchievementEnabler","BaseMod","Better Vampires","BetterRewards","Colored Map","Downfall","Highlight Path","Hubris","Lobotomy","Marisa£®ÏF”Í°°ƒß¿Ì…≥£©","Minty Spire (QoL Compilation)","Quick Restart","Replay The Spire","Shop Mod","StSLib","The Administrix","The Death Knight","The Runesmith","Youmu£®ªÍ∆«—˝√Œ£©"],"gold_per_floor":[117,117,131,131,142,142,172,172,172,172,172,112,131,154,154,154,154],"floor_reached":16,"language":"ZHS","playtime":497,"items_purged":[],"score":100,"play_id":"5adc26c7-9300-4458-9ec0-b905e4fe43ea","local_time":"20210223090332","is_ascension_mode":false,"campfire_choices":[{"data":"Mayhem","floor":6,"key":"SMITH"},{"data":"Crippling Poison","floor":8,"key":"SMITH"},{"floor":10,"key":"REST"},{"data":"Toxin Wave","floor":15,"key":"SMITH"}],"circlet_count":0,"master_deck":["Strike_G+1","Strike_G+1","Strike_G+1","Strike_G+1","Strike_G+1","Defend_G","Defend_G","Defend_G","Defend_G","Defend_G","Survivor","Neutralize","Mayhem+1","hubris:SlightOfHand","hubris:SlightOfHand","Toxin Wave+1","Eviscerate+1","Bane+1","CurseOfTheBell","CurseOfTheBell","Dagger Spray+1","Underhanded Strike+1","Crippling Poison+1","Masterful Stab+1","Masterful Stab+1","Bullet Time","Eviscerate+1"],"relics":["Ring of the Snake","WingedGreaves","Molten Egg 2","downfall:ExtraCursedBell","Pen Nib","hubris:Reverence","Pondfish Scales","Onion Ring","Replay:Bottled Eggs","Basket Of Snakes","Golden Idol"],"acts_visited":["Exordium"],"potions_floor_usage":[16],"damage_taken":[{"damage":2,"enemies":"Small Slimes","floor":1,"turns":4},{"damage":0,"enemies":"2 Louse","floor":3,"turns":1},{"damage":9,"enemies":"Jaw Worm","floor":5,"turns":6},{"damage":8,"enemies":"3 Sentries","floor":7,"turns":5},{"damage":0,"enemies":"3 Louse","floor":13,"turns":2},{"damage":0,"enemies":"Looter","floor":14,"turns":2},{"damage":46,"enemies":"Fading Forest","floor":16,"turns":7}],"seed_played":"-1004405818116459345","potions_obtained":[{"floor":7,"key":"champ:CounterPotion"},{"floor":13,"key":"Doom Potion"}],"is_trial":false,"path_per_floor":["M","?","M","?","M","R","E","R","T","R","?","$","M","M","R","B"],"character_chosen":"THE_SILENT","items_purchased":["Mayhem","hubris:SlightOfHand","Toxin Wave","Molten Egg 2","Eviscerate+1","Masterful Stab+1"],"campfire_rested":1,"item_purchase_floors":[0,0,0,0,0,12],"current_hp_per_floor":[36,36,36,24,15,15,7,7,7,28,28,28,28,28,28,0,0],"gold":154,"neow_bonus":"","is_daily":false,"chose_seed":false,"campfire_upgraded":3,"win_rate":0.0,"timestamp":1614099812,"path_taken":["M","?","M","?","M","R","E","R","T","R","?","?","M","M","R","BOSS"],"items_purchased_type":["Card","Card","Card","Relic","Card","Card"],"build_version":"2020-12-22","purchased_purges":0,"victory":false,"max_hp_per_floor":[70,70,70,70,70,70,70,70,70,70,65,65,65,65,65,65,65],"card_choices":[{"not_picked":["Sucker Punch+1","Dagger Throw+1"],"picked":"Bane+1","floor":1},{"not_picked":["Skewer+1","Backflip"],"picked":"Dagger Spray+1","floor":3},{"not_picked":["Poisoned Stab+1","Terror"],"picked":"Underhanded Strike+1","floor":5},{"not_picked":["Outmaneuver","Eviscerate+1"],"picked":"Crippling Poison","floor":7},{"not_picked":["Dagger Throw+1","Acrobatics"],"picked":"Bullet Time","floor":13},{"not_picked":["Backflip","Sneak Up"],"picked":"Eviscerate+1","floor":14}],"player_experience":99521,"relics_obtained":[{"floor":2,"key":"Pen Nib"},{"floor":2,"key":"hubris:Reverence"},{"floor":2,"key":"Pondfish Scales"},{"floor":7,"key":"Replay:Bottled Eggs"},{"floor":9,"key":"Basket Of Snakes"}],"event_choices":[{"damage_healed":0,"gold_gain":0,"player_choice":"Success","damage_taken":12,"relics_obtained":["Onion Ring"],"max_hp_gain":0,"max_hp_loss":0,"event_name":"Scrap Ooze","floor":4,"gold_loss":0},{"damage_healed":0,"gold_gain":0,"player_choice":"Lose Max HP","damage_taken":0,"relics_obtained":["Golden Idol"],"max_hp_gain":0,"max_hp_loss":5,"event_name":"Golden Idol","floor":11,"gold_loss":0}],"is_beta":false,"boss_relics":[],"items_purged_floors":[],"is_endless":false,"potions_floor_spawned":[7,13],"killed_by":"Fading Forest","ascension_level":0}}