{"host":"bcfh1ntqgeyvyogo","time":1614089901,"event":{"mods":["BaseMod","Downfall","Minty Spire (QoL Compilation)","Quick Restart","Spicy Shops","StSLib"],"gold_per_floor":[99,99,144,144,319,319,319,37,106,73,73,73,127,39,81,381,381,181,241,292,102,102,102,102,102,162,162,213,303,390,342,390,687,687,587,641,58,106,145,202,202,202,202,226,226,304,304,254,314,314,314,416,42,42,42,42,42,42],"floor_reached":56,"language":"ZHS","playtime":2805,"items_purged":["Doubt","Heatsinks","Guardian:Gem_Yellow","Guardian:ExploitGems","bronze:Strike+1","Guardian:Gem_Fragmented"],"score":826,"play_id":"28b2a568-aa0f-4543-b4bc-ae48d3001e8e","local_time":"20210223221821","daily_mods":["Vintage","Red Cards","Green Cards","Blue Cards","Heirloom","Flight","downfall:Jewelcrafting","downfall:ChampStances","Midas"],"is_ascension_mode":false,"campfire_choices":[{"floor":12,"key":"RECALL"},{"floor":18,"key":"REST"},{"floor":35,"key":"REST"},{"floor":54,"key":"REST"}],"circlet_count":0,"master_deck":["bronze:Strike+1","bronze:Strike+1","bronze:Defend+1","bronze:Defend+1","bronze:Defend+1","bronze:Defend+1","bronze:Replicate+1","bronze:Goto+1","Guardian:ExploitGems+1","expansioncontent:DashGenerateEvil+1","expansioncontent:QuickStudy+1","bronze:Fortify+1","Buffer+1","bronze:HardenedForm+1","Outmaneuver+1","Echo Form+1","Prepared+1","Panache+1","bronze:DelayedSlice+1","Quick Slash+1","bronze:OilSpill+1","Static Discharge+1"],"relics":["bronze:BronzeCore","Guardian:PickAxe","champ:ChampStancesModRelic","bronze:AnalyticalCore","Torii","bronze:SilverBullet","Odd Mushroom","Molten Egg 2","Meat on the Bone","expansioncontent:StudyCardRelic","Frozen Egg 2","bronze:BronzeIdol","hexamod:CandleOfCauterizing","Blue Candle","Nloth\u0027s Gift","CaptainsWheel","Bronze Scales","Vajra","Mercury Hourglass","Dream Catcher","Velvet Choker","PreservedInsect","Letter Opener","Smiling Mask","Potion Belt","Lantern","Juzu Bracelet","Singing Bowl","Bottled Tornado","Pear","Pantograph","hexamod:Sixitude"],"acts_visited":["Exordium","TheCity","TheBeyond","TheEnding"],"potions_floor_usage":[29,33,33,50,50],"damage_taken":[{"damage":7,"enemies":"2 Louse","floor":3,"turns":3},{"damage":0,"enemies":"downfall:FleeingMerchant","floor":8,"turns":4},{"damage":12,"enemies":"The Mushroom Lair","floor":9,"turns":4},{"damage":3,"enemies":"downfall:FleeingMerchant","floor":10,"turns":4},{"damage":0,"enemies":"Jaw Worm","floor":13,"turns":2},{"damage":2,"enemies":"downfall:FleeingMerchant","floor":14,"turns":4},{"damage":0,"enemies":"Cultist","floor":15,"turns":3},{"damage":11,"enemies":"SI_SHIV_ARCHETYPE","floor":16,"turns":10},{"damage":0,"enemies":"Chosen","floor":19,"turns":5},{"damage":16,"enemies":"downfall:LooterAlt2","floor":20,"turns":3},{"damage":0,"enemies":"downfall:FleeingMerchant","floor":21,"turns":4},{"damage":13,"enemies":"Centurion and Healer","floor":26,"turns":3},{"damage":16,"enemies":"Snake Plant","floor":28,"turns":6},{"damage":16,"enemies":"Slavers","floor":29,"turns":4},{"damage":20,"enemies":"Book of Stabbing","floor":30,"turns":6},{"damage":10,"enemies":"downfall:FleeingMerchant","floor":31,"turns":4},{"damage":1,"enemies":"Shelled Parasite and Fungi","floor":32,"turns":3},{"damage":35,"enemies":"DF_ARCHETYPE_CLAW","floor":33,"turns":6},{"damage":10,"enemies":"Orb Walker","floor":36,"turns":3},{"damage":10,"enemies":"3 Shapes","floor":38,"turns":2},{"damage":0,"enemies":"Transient","floor":39,"turns":5},{"damage":6,"enemies":"Maw","floor":40,"turns":7},{"damage":54,"enemies":"Nemesis","floor":46,"turns":5},{"damage":0,"enemies":"3 Darklings","floor":49,"turns":3},{"damage":24,"enemies":"IC_BLOCK_ARCHETYPE","floor":50,"turns":10},{"damage":22,"enemies":"downfall:CharBossMerchant","floor":52,"turns":6},{"damage":46,"enemies":"downfall:NeowBoss","floor":55,"turns":15},{"damage":84,"enemies":"downfall:NeowBossFinal","floor":56,"turns":8}],"seed_played":"-8162728054845726055","potions_obtained":[{"floor":9,"key":"champ:CounterPotion"},{"floor":13,"key":"bronze:BurnAndBuffPotion"},{"floor":19,"key":"Fire Potion"},{"floor":30,"key":"SteroidPotion"},{"floor":38,"key":"GamblersBrew"},{"floor":39,"key":"champ:CounterPotion"},{"floor":40,"key":"LiquidBronze"},{"floor":46,"key":"Fire Potion"}],"is_trial":true,"path_per_floor":["R","?","M","?","?","R","T","$","?","$","R","R","M","$","M","B",null,"R","M","M","$","?","?","T","?","M","?","M","E","E","$","M","B",null,"R","M","$","M","M","M","T","?","?","T","?","E","?","?","M","B",null,"E","$","R","B","B"],"character_chosen":"THE_AUTOMATON","items_purchased":["expansioncontent:DashGenerateEvil","expansioncontent:QuickStudy","Barricade","bronze:Fortify+1","Prepared","Mercury Hourglass","Panache+1","Letter Opener","hexamod:Sixitude","bronze:OilSpill+1"],"campfire_rested":3,"item_purchase_floors":[8,10,14,21,31,31,37,37,53,53],"current_hp_per_floor":[70,70,63,63,63,63,63,63,61,58,58,58,58,56,56,45,70,80,80,69,69,54,54,54,54,53,53,54,43,35,37,48,25,85,85,80,80,70,70,69,69,69,69,69,69,39,39,39,49,47,87,67,67,89,46,0,0,0],"gold":42,"neow_bonus":"","is_daily":false,"chose_seed":false,"campfire_upgraded":0,"win_rate":0.0,"timestamp":1614089901,"path_taken":["R","?","M","?","?","R","T","$","?","$","R","R","?","?","M","BOSS","R","M","M","$","?","?","T","?","M","?","?","E","E","?","M","BOSS","R","M","$","M","M","M","T","?","?","?","?","E","?","?","M","BOSS","E","$","R","BOSS","BOSS"],"items_purchased_type":["Card","Card","Card","Card","Card","Relic","Card","Relic","Relic","Card"],"build_version":"2020-12-22","purchased_purges":6,"victory":false,"max_hp_per_floor":[70,70,70,70,70,70,70,70,70,70,70,70,70,70,70,70,70,80,80,80,80,85,85,85,85,85,85,85,85,85,85,85,85,85,85,85,85,85,85,85,85,75,75,75,75,77,77,77,87,87,87,89,89,89,89,89,89,89],"card_choices":[{"not_picked":["Consume","Venomology","Tempest"],"picked":"SKIP","floor":8},{"not_picked":["Endless Agony","Perfected Strike","bronze:Overheat"],"picked":"SKIP","floor":10},{"not_picked":["Flame Barrier","Sentinel"],"picked":"Heatsinks","floor":14},{"not_picked":["Double Energy","Redo","bronze:Frontload"],"picked":"SKIP","floor":21},{"not_picked":["Phantasmal Killer","Leap"],"picked":"Buffer+1","floor":29},{"not_picked":["Darkness","Uppercut+1"],"picked":"bronze:HardenedForm+1","floor":30},{"not_picked":["Darkness","Streamline+1"],"picked":"Outmaneuver+1","floor":31},{"not_picked":["Phantasmal Killer","Biased Cognition+1"],"picked":"Echo Form+1","floor":33},{"not_picked":["Heavy Blade+1","Hologram"],"picked":"Prepared+1","floor":35},{"not_picked":["Riddle With Holes+1","Wild Strike+1","Bludgeon+1"],"picked":"Singing Bowl","floor":46},{"not_picked":["Exhume","Tempest+1","PiercingWail+1"],"picked":"Singing Bowl","floor":52},{"not_picked":["Iron Wave+1","Hemokinesis+1"],"picked":"Static Discharge+1","floor":54}],"player_experience":16560,"relics_obtained":[{"floor":3,"key":"bronze:SilverBullet"},{"floor":9,"key":"Odd Mushroom"},{"floor":13,"key":"Molten Egg 2"},{"floor":15,"key":"Meat on the Bone"},{"floor":19,"key":"Frozen Egg 2"},{"floor":20,"key":"bronze:BronzeIdol"},{"floor":24,"key":"hexamod:CandleOfCauterizing"},{"floor":26,"key":"Blue Candle"},{"floor":28,"key":"CaptainsWheel"},{"floor":29,"key":"Bronze Scales"},{"floor":30,"key":"Vajra"},{"floor":32,"key":"Dream Catcher"},{"floor":36,"key":"PreservedInsect"},{"floor":38,"key":"Smiling Mask"},{"floor":39,"key":"Potion Belt"},{"floor":40,"key":"Lantern"},{"floor":41,"key":"Juzu Bracelet"},{"floor":44,"key":"Singing Bowl"},{"floor":46,"key":"Bottled Tornado"},{"floor":49,"key":"Pear"},{"floor":52,"key":"Pantograph"}],"event_choices":[{"damage_healed":0,"gold_gain":0,"cards_transformed":["bronze:Strike"],"player_choice":"Change","damage_taken":0,"max_hp_gain":0,"max_hp_loss":0,"event_name":"Living Wall","floor":2,"gold_loss":0,"cards_obtained":["Leap"]},{"damage_healed":0,"gold_gain":175,"player_choice":"AGREE","damage_taken":0,"max_hp_gain":0,"max_hp_loss":0,"event_name":"Liars Game","floor":5,"gold_loss":0,"cards_obtained":["Doubt"]},{"damage_healed":0,"gold_gain":0,"player_choice":"Fought Mushrooms","damage_taken":0,"max_hp_gain":0,"max_hp_loss":0,"event_name":"Mushrooms","floor":9,"gold_loss":0},{"damage_healed":0,"gold_gain":0,"player_choice":"Ignored","damage_taken":0,"max_hp_gain":0,"max_hp_loss":0,"event_name":"Ghosts","floor":23,"gold_loss":0},{"cards_removed":["Prepared"],"damage_healed":0,"gold_gain":0,"player_choice":"Removed Skill","damage_taken":0,"max_hp_gain":0,"max_hp_loss":0,"event_name":"Falling","floor":45,"gold_loss":0}],"is_beta":false,"boss_relics":[{"not_picked":["Pandora\u0027s Box","Coffee Dripper"],"picked":"expansioncontent:StudyCardRelic"},{"not_picked":["Astrolabe","Empty Cage"],"picked":"Velvet Choker"}],"items_purged_floors":[8,21,31,37,48,53],"is_endless":false,"potions_floor_spawned":[9,13,19,26,28,30,32,38,39,40,46],"killed_by":"downfall:NeowBossFinal","ascension_level":0}}