{"host":"r4yhuzs0e1z69tr3","time":1614058811,"event":{"mods":["BaseMod","Minty Spire (QoL Compilation)","Rare Cards Sparkle"],"gold_per_floor":[217,217,217,217,234,234,234,261,284,91,91,22,37,70,70,170,170,181,181,7,24,36,36,66,66,66,66,165,185,185,197,197,300,300,318,331,431,444,463,463,463,2,27,55,73,83,83,97,97,97,97],"floor_reached":50,"language":"ENG","playtime":1948,"items_purged":[],"score":629,"play_id":"e1ee1d87-b104-4503-b9fe-91a2dfb27616","local_time":"20210223004010","is_ascension_mode":true,"campfire_choices":[{"data":"Bash","floor":6,"key":"SMITH"},{"data":"Iron Wave","floor":11,"key":"SMITH"},{"data":"Rampage","floor":15,"key":"SMITH"},{"data":"Heavy Blade","floor":23,"key":"SMITH"},{"floor":25,"key":"REST"},{"data":"Strike_R","floor":27,"key":"SMITH"},{"data":"Twin Strike","floor":32,"key":"SMITH"},{"data":"Heavy Blade","floor":40,"key":"SMITH"},{"floor":49,"key":"REST"}],"circlet_count":0,"master_deck":["Strike_R","Strike_R","Strike_R","Strike_R+1","Defend_R","Defend_R","Defend_R","Bash+1","Iron Wave+1","Battle Trance+1","Flex+1","Shockwave+1","Rampage+1","Heavy Blade+1","Double Tap+1","Armaments+1","Twin Strike+1","Heavy Blade+1","Clash+1","Flex+1","Shrug It Off+1","Doubt","Parasite","Clash+1"],"relics":["Burning Blood","Toxic Egg 2","Potion Belt","Lee\u0027s Waffle","Thread and Needle","Busted Crown","Bottled Flame","Vajra","Pen Nib","Charon\u0027s Ashes","Cursed Key","Singing Bowl","Sling","Happy Flower","Ancient Tea Set"],"acts_visited":["Exordium","TheCity","TheBeyond"],"potions_floor_usage":[39,39,50,50,50,50,50],"damage_taken":[{"damage":1,"enemies":"Cultist","floor":1,"turns":4},{"damage":0,"enemies":"2 Louse","floor":5,"turns":2},{"damage":50,"enemies":"3 Sentries","floor":8,"turns":13},{"damage":0,"enemies":"Jaw Worm","floor":13,"turns":3},{"damage":25,"enemies":"Lagavulin","floor":14,"turns":6},{"damage":51,"enemies":"The Guardian","floor":16,"turns":10},{"damage":4,"enemies":"2 Thieves","floor":18,"turns":4},{"damage":18,"enemies":"Spheric Guardian","floor":21,"turns":4},{"damage":27,"enemies":"Snecko","floor":22,"turns":5},{"damage":20,"enemies":"Book of Stabbing","floor":24,"turns":6},{"damage":25,"enemies":"Snake Plant","floor":29,"turns":3},{"damage":28,"enemies":"Centurion and Healer","floor":31,"turns":4},{"damage":32,"enemies":"Collector","floor":33,"turns":5},{"damage":27,"enemies":"3 Shapes","floor":35,"turns":3},{"damage":22,"enemies":"3 Darklings","floor":36,"turns":5},{"damage":33,"enemies":"Sphere and 2 Shapes","floor":38,"turns":4},{"damage":10,"enemies":"4 Shapes","floor":39,"turns":4},{"damage":4,"enemies":"Giant Head","floor":44,"turns":4},{"damage":0,"enemies":"Spire Growth","floor":45,"turns":2},{"damage":20,"enemies":"Writhing Mass","floor":46,"turns":5},{"damage":24,"enemies":"4 Shapes","floor":48,"turns":4},{"damage":54,"enemies":"Awakened One","floor":50,"turns":8}],"seed_played":"-7107994896508071494","potions_obtained":[{"floor":5,"key":"Dexterity Potion"},{"floor":8,"key":"Regen Potion"},{"floor":16,"key":"Ancient Potion"},{"floor":22,"key":"BlessingOfTheForge"},{"floor":29,"key":"Swift Potion"},{"floor":44,"key":"AttackPotion"},{"floor":45,"key":"PowerPotion"}],"is_trial":false,"path_per_floor":["M","?","?","?","M","R","?","E","T","$","R","$","M","E","R","B",null,"M","T","$","M","M","R","E","R","T","R","?","M","?","M","R","B",null,"M","M","?","M","M","R","?","$","T","E","M","M","$","M","R","B"],"character_chosen":"IRONCLAD","items_purchased":["Flex+1","Lee\u0027s Waffle","Shockwave+1","Vajra","Armaments+1","Singing Bowl","Shrug It Off+1","Sling"],"campfire_rested":2,"item_purchase_floors":[10,10,12,20,20,42,42,42],"current_hp_per_floor":[80,80,85,85,85,85,85,41,41,92,92,92,92,73,73,28,92,92,92,92,80,59,59,45,72,72,72,72,53,83,61,61,35,92,71,55,55,28,36,36,36,36,36,40,48,34,34,18,47,0,0],"gold":97,"neow_bonus":"HUNDRED_GOLD","is_daily":false,"chose_seed":false,"campfire_upgraded":7,"win_rate":0.0,"timestamp":1614058810,"path_taken":["M","?","?","?","M","R","?","E","T","$","R","$","M","E","R","BOSS","M","?","$","M","?","R","E","R","T","R","?","M","?","M","R","BOSS","M","M","?","?","M","R","?","$","T","E","?","M","$","?","R","BOSS"],"items_purchased_type":["Card","Relic","Card","Relic","Card","Relic","Card","Relic"],"build_version":"2020-12-22","purchased_purges":0,"victory":false,"max_hp_per_floor":[80,80,85,85,85,85,85,85,85,92,92,92,92,92,92,92,92,92,92,92,92,92,92,92,92,92,92,92,92,92,92,92,92,92,92,92,92,92,92,92,92,92,92,94,96,96,96,98,98,98,98],"card_choices":[{"not_picked":["Havoc","Second Wind"],"picked":"Iron Wave","floor":1},{"not_picked":["True Grit","Blood for Blood","Power Through"],"picked":"SKIP","floor":5},{"not_picked":["Cleave","Whirlwind"],"picked":"Battle Trance+1","floor":8},{"not_picked":["Perfected Strike","Headbutt"],"picked":"Rampage","floor":13},{"not_picked":["Offering+1","Metallicize"],"picked":"Heavy Blade","floor":14},{"not_picked":["Corruption","Impervious+1"],"picked":"Double Tap+1","floor":16},{"not_picked":["True Grit+1"],"picked":"SKIP","floor":18},{"not_picked":["Combust+1"],"picked":"SKIP","floor":21},{"not_picked":["Seeing Red+1"],"picked":"SKIP","floor":22},{"not_picked":["Rupture"],"picked":"SKIP","floor":24},{"not_picked":[],"picked":"Twin Strike","floor":29},{"not_picked":[],"picked":"Heavy Blade","floor":31},{"not_picked":[],"picked":"Clash+1","floor":35},{"not_picked":[],"picked":"Flex+1","floor":36},{"not_picked":["Havoc+1"],"picked":"SKIP","floor":38},{"not_picked":["Evolve+1"],"picked":"SKIP","floor":39},{"not_picked":["Ghostly Armor+1"],"picked":"Singing Bowl","floor":44},{"not_picked":["Wild Strike"],"picked":"Singing Bowl","floor":45},{"not_picked":[],"picked":"Clash+1","floor":46},{"not_picked":["Heavy Blade"],"picked":"Singing Bowl","floor":48}],"player_experience":173751,"relics_obtained":[{"floor":8,"key":"Toxic Egg 2"},{"floor":9,"key":"Potion Belt"},{"floor":14,"key":"Thread and Needle"},{"floor":19,"key":"Bottled Flame"},{"floor":24,"key":"Pen Nib"},{"floor":26,"key":"Charon\u0027s Ashes"},{"floor":43,"key":"Happy Flower"},{"floor":44,"key":"Ancient Tea Set"}],"event_choices":[{"damage_healed":0,"gold_gain":0,"player_choice":"Ignored","damage_taken":0,"max_hp_gain":0,"max_hp_loss":0,"event_name":"Liars Game","floor":2,"gold_loss":0},{"damage_healed":0,"gold_gain":0,"player_choice":"Donut","damage_taken":0,"max_hp_gain":5,"max_hp_loss":0,"event_name":"Big Fish","floor":3,"gold_loss":0},{"damage_healed":0,"gold_gain":0,"player_choice":"Ignored","damage_taken":0,"max_hp_gain":0,"max_hp_loss":0,"event_name":"Golden Wing","floor":4,"gold_loss":0},{"cards_removed":["Strike_R"],"damage_healed":0,"gold_gain":0,"player_choice":"Purged","damage_taken":0,"max_hp_gain":0,"max_hp_loss":0,"event_name":"Purifier","floor":7,"gold_loss":0},{"damage_healed":0,"gold_gain":99,"player_choice":"Stole From Cult","damage_taken":0,"max_hp_gain":0,"max_hp_loss":0,"event_name":"Nest","floor":28,"gold_loss":0},{"damage_healed":30,"gold_gain":0,"player_choice":"Heal","damage_taken":0,"max_hp_gain":0,"max_hp_loss":0,"event_name":"The Library","floor":30,"gold_loss":0},{"damage_healed":0,"gold_gain":100,"player_choice":"Pray","damage_taken":0,"max_hp_gain":0,"max_hp_loss":0,"event_name":"Golden Shrine","floor":37,"gold_loss":0},{"cards_removed":["Defend_R"],"damage_healed":0,"gold_gain":0,"player_choice":"Purged","damage_taken":0,"max_hp_gain":0,"max_hp_loss":0,"event_name":"Purifier","floor":41,"gold_loss":0}],"is_beta":false,"boss_relics":[{"not_picked":["Black Blood","Astrolabe"],"picked":"Busted Crown"},{"not_picked":["Black Star","Coffee Dripper"],"picked":"Cursed Key"}],"items_purged_floors":[],"is_endless":false,"potions_floor_spawned":[5,8,16,22,29,33,38,44,45],"killed_by":"Awakened One","ascension_level":3}}