{"host":"1a8lb11wemezctea","time":1614109019,"event":{"mods":["BaseMod","Colored Powertips","Highlight Path","Minty Spire (QoL Compilation)"],"gold_per_floor":[113,13,13,25,25,57,57,92,92,118,129,129,157,157,157,258,258,277,288,588,663,681,681,681],"floor_reached":23,"language":"ENG","playtime":1045,"items_purged":[],"score":375,"play_id":"65287cc1-1ff2-404b-b74f-6f5642210335","local_time":"20210223143659","is_ascension_mode":true,"campfire_choices":[{"data":"Armaments","floor":7,"key":"SMITH"},{"data":"True Grit","floor":12,"key":"SMITH"},{"data":"Perfected Strike","floor":15,"key":"SMITH"}],"circlet_count":0,"master_deck":["AscendersBane","Strike_R","Strike_R","Strike_R","Strike_R","Strike_R","Defend_R+1","Defend_R+1","Defend_R","Defend_R","Bash","Shrug It Off","Armaments+1","Wild Strike","Evolve","Perfected Strike+1","True Grit+1","Uppercut","Power Through","Corruption+1","Exhume","Flame Barrier","Battle Trance"],"relics":["Burning Blood","NeowsBlessing","Question Card","InkBottle","Omamori","Gremlin Horn","Tiny Chest","Mark of Pain","Old Coin"],"acts_visited":["Exordium","TheCity"],"potions_floor_usage":[16,18,23],"damage_taken":[{"damage":0,"enemies":"Jaw Worm","floor":1,"turns":1},{"damage":0,"enemies":"2 Louse","floor":4,"turns":1},{"damage":0,"enemies":"Lagavulin","floor":6,"turns":1},{"damage":25,"enemies":"Gremlin Nob","floor":8,"turns":4},{"damage":35,"enemies":"Lagavulin","floor":10,"turns":8},{"damage":0,"enemies":"Small Slimes","floor":11,"turns":3},{"damage":24,"enemies":"Gremlin Nob","floor":13,"turns":5},{"damage":17,"enemies":"The Guardian","floor":16,"turns":14},{"damage":4,"enemies":"3 Byrds","floor":18,"turns":7},{"damage":4,"enemies":"Shell Parasite","floor":19,"turns":6},{"damage":26,"enemies":"3 Cultists","floor":22,"turns":7},{"damage":84,"enemies":"Slavers","floor":23,"turns":3}],"seed_played":"-7131814724810814569","potions_obtained":[{"floor":8,"key":"FairyPotion"},{"floor":10,"key":"Fire Potion"},{"floor":11,"key":"DistilledChaos"},{"floor":16,"key":"DistilledChaos"},{"floor":18,"key":"FearPotion"},{"floor":19,"key":"Dexterity Potion"}],"is_trial":false,"path_per_floor":["M","$","?","M","?","E","R","E","T","E","M","R","E","?","R","B",null,"M","M","?","?","M","E"],"character_chosen":"IRONCLAD","items_purchased":["Armaments","Wild Strike"],"campfire_rested":0,"item_purchase_floors":[2,2],"current_hp_per_floor":[78,78,62,68,73,79,79,60,60,31,37,37,19,19,19,8,66,68,70,70,62,42,0,0],"gold":681,"neow_bonus":"THREE_ENEMY_KILL","is_daily":false,"chose_seed":false,"campfire_upgraded":3,"win_rate":0.0,"timestamp":1614109019,"path_taken":["M","$","?","M","?","E","R","E","T","E","M","R","E","?","R","BOSS","M","M","?","?","M","E"],"items_purchased_type":["Card","Card"],"build_version":"2020-12-22","purchased_purges":0,"victory":false,"max_hp_per_floor":[80,80,80,80,85,85,85,85,85,85,85,85,85,85,85,85,85,85,85,85,85,85,85,85],"card_choices":[{"not_picked":["Headbutt","Warcry"],"picked":"Shrug It Off","floor":1},{"not_picked":["Hemokinesis","Thunderclap"],"picked":"Evolve","floor":4},{"not_picked":["Armaments","Warcry"],"picked":"Perfected Strike","floor":6},{"not_picked":["Bludgeon","Thunderclap","Blood for Blood"],"picked":"True Grit","floor":8},{"not_picked":["Pummel","Clash","Sentinel"],"picked":"Uppercut","floor":10},{"not_picked":["Ghostly Armor","Perfected Strike","Armaments"],"picked":"Power Through","floor":11},{"not_picked":["Cleave","Heavy Blade","True Grit"],"picked":"Corruption","floor":13},{"not_picked":["Bludgeon","Juggernaut","Corruption"],"picked":"Exhume","floor":16},{"not_picked":["True Grit","Pommel Strike+1","Sword Boomerang+1"],"picked":"Flame Barrier","floor":18},{"not_picked":["Iron Wave","Armaments+1","Havoc"],"picked":"Battle Trance","floor":19},{"not_picked":["Thunderclap","Twin Strike+1","Reckless Charge","Cleave"],"picked":"SKIP","floor":22}],"player_experience":308462,"relics_obtained":[{"floor":6,"key":"Question Card"},{"floor":8,"key":"InkBottle"},{"floor":9,"key":"Omamori"},{"floor":10,"key":"Gremlin Horn"},{"floor":13,"key":"Tiny Chest"}],"event_choices":[{"damage_healed":0,"gold_gain":0,"player_choice":"Entered Light","damage_taken":16,"max_hp_gain":0,"max_hp_loss":0,"event_name":"Shining Light","floor":3,"gold_loss":0,"cards_upgraded":["Defend_R","Defend_R"]},{"damage_healed":0,"gold_gain":0,"player_choice":"Donut","damage_taken":0,"max_hp_gain":5,"max_hp_loss":0,"event_name":"Big Fish","floor":5,"gold_loss":0},{"damage_healed":0,"gold_gain":0,"player_choice":"Grow","damage_taken":0,"max_hp_gain":0,"max_hp_loss":0,"event_name":"Living Wall","floor":14,"gold_loss":0,"cards_upgraded":["Corruption"]},{"damage_healed":0,"gold_gain":0,"player_choice":"Opened","damage_taken":0,"relics_obtained":["Old Coin"],"max_hp_gain":0,"max_hp_loss":0,"event_name":"The Mausoleum","floor":20,"gold_loss":0},{"damage_healed":0,"gold_gain":75,"player_choice":"Touch","damage_taken":8,"max_hp_gain":0,"max_hp_loss":0,"event_name":"FaceTrader","floor":21,"gold_loss":0}],"is_beta":false,"boss_relics":[{"not_picked":["Sozu","Velvet Choker"],"picked":"Mark of Pain"}],"items_purged_floors":[],"is_endless":false,"potions_floor_spawned":[8,10,11,16,18,19],"killed_by":"Slavers","ascension_level":11}}