{"host":"684z1xpuwaoqmmh1","time":1614089587,"event":{"mods":["BaseMod","CatGirl Mod","Downfall","Hermit","Jorbs\u0027s Wanderer Trilogy","Marisa????????","Minty Spire (QoL Compilation)","Robot Space Explorer","Shade Mod","Shapeshifter Mod","StSLib","The Bug Knight","The Clintock","The Dragon Tamer","The Elementalist","The Hayseed","The Hierophant","The Marked","The Mystic","The Poker Player","The Runesmith","The Sage","The Saiyan","The Showman","The Spell Scribe","The Valiant","The Vixen","TheBandit","TheFirefly","TheVacant"],"gold_per_floor":[114,114,129,129,145,171,28,28,51,69,104,117,117,135,135,232,232,248,263,263,276,286,316,316,316,316,316,236,263,274,303,303,400,400,411,466,466,466,482,512,512,540,567,586,605,640,654,668,668,668],"floor_reached":51,"language":"ENG","playtime":3793,"items_purged":["Pain","StSShapeShifter:ShapeShifter_Strike"],"score":962,"play_id":"49213d39-dbe1-4831-8b18-e71d1b3e97b5","local_time":"20210223161307","is_ascension_mode":true,"campfire_choices":[{"data":"StSShapeShifter:CosmicShifter","floor":8.0,"key":"SMITH"},{"data":"StSShapeShifter:BulwarkOfDiscovery","floor":13.0,"key":"SMITH"},{"data":"StSShapeShifter:WolfForm","floor":15.0,"key":"SMITH"},{"data":"StSShapeShifter:RestoreBalance","floor":25.0,"key":"SMITH"},{"data":"StSShapeShifter:RhinoCalfForm","floor":27.0,"key":"SMITH"},{"data":"StSShapeShifter:Rabid","floor":32.0,"key":"SMITH"},{"floor":41,"key":"REST"},{"floor":49,"key":"REST"}],"circlet_count":0,"master_deck":["StSShapeShifter:ShapeShifter_Strike","StSShapeShifter:ShapeShifter_Strike","StSShapeShifter:ShapeShifter_Defend","StSShapeShifter:ShapeShifter_Defend","StSShapeShifter:ShapeShifter_Defend","StSShapeShifter:ShapeShifter_Defend","StSShapeShifter:Tortoise_Form","StSShapeShifter:Lynx_Form","StSShapeShifter:BloomingSlash","StSShapeShifter:CosmicShifter+1","StSShapeShifter:WolfForm+1","StSShapeShifter:SquirrelForm","StSShapeShifter:EmbraceTheCycle+1","StSShapeShifter:MonkeyForm","StSShapeShifter:BulwarkOfDiscovery+1","StSShapeShifter:FesteringBite","StSShapeShifter:RhinoCalfForm+1","StSShapeShifter:Rabid+1","StSShapeShifter:DiverseSpirit+1","StSShapeShifter:RestoreBalance+1","StSShapeShifter:Sap_Burst+1","StSShapeShifter:DeerForm","StSShapeShifter:Guard","StSShapeShifter:Uproot_Redwood+1","StSShapeShifter:WolfsBane","StSShapeShifter:PoisonIvy+1","StSShapeShifter:Consume","StSShapeShifter:LeapingSlash+1","StSShapeShifter:ThornedSkin+1","StSShapeShifter:EntForm+1"],"relics":["StSShapeShifter:AnimalHeart","StSShapeShifter:TheShapeShiftersMagnolia","PreservedInsect","WarpedTongs","Huge Egg","bronze:BronzeIdol","Slimebound:PreparedRelic","Sozu","White Beast Statue","The Courier","Regal Pillow","Ornamental Fan","CatCart","Vajra","hexamod:BolsterEngine","Pen Nib"],"acts_visited":["Exordium","TheCity","TheBeyond"],"potions_floor_usage":[],"damage_taken":[{"damage":3.0,"enemies":"Small Slimes","floor":1.0,"turns":3.0},{"damage":0.0,"enemies":"Cultist","floor":3.0,"turns":3.0},{"damage":2.0,"enemies":"2 Louse","floor":5.0,"turns":3.0},{"damage":19.0,"enemies":"Lagavulin","floor":6.0,"turns":8.0},{"damage":1.0,"enemies":"Gremlin Gang","floor":10.0,"turns":4.0},{"damage":10.0,"enemies":"Gremlin Nob","floor":11.0,"turns":3.0},{"damage":5.0,"enemies":"Looter","floor":12.0,"turns":3.0},{"damage":0.0,"enemies":"Exordium Thugs","floor":14.0,"turns":4.0},{"damage":39.0,"enemies":"Slime Boss","floor":16.0,"turns":8.0},{"damage":0.0,"enemies":"3 Byrds","floor":18.0,"turns":6.0},{"damage":24.0,"enemies":"2 Thieves","floor":19.0,"turns":4.0},{"damage":11.0,"enemies":"Snake Plant","floor":21.0,"turns":6.0},{"damage":23.0,"enemies":"Shelled Parasite and Fungi","floor":22.0,"turns":8.0},{"damage":21.0,"enemies":"Book of Stabbing","floor":23.0,"turns":6.0},{"damage":14.0,"enemies":"Slavers","floor":29.0,"turns":6.0},{"damage":8.0,"enemies":"Cultist and Chosen","floor":30.0,"turns":8.0},{"damage":10.0,"enemies":"Book of Stabbing","floor":31.0,"turns":7.0},{"damage":4,"enemies":"Collector","floor":33,"turns":9},{"damage":10,"enemies":"3 Darklings","floor":35,"turns":7},{"damage":21,"enemies":"Orin","floor":36,"turns":15},{"damage":3,"enemies":"Orb Walker","floor":39,"turns":5},{"damage":52,"enemies":"HollowMod:StalkingDevout","floor":40,"turns":8},{"damage":22,"enemies":"Nemesis","floor":42,"turns":6},{"damage":44,"enemies":"4 Shapes","floor":44,"turns":7},{"damage":28,"enemies":"Jaw Worm Horde","floor":45,"turns":7},{"damage":23,"enemies":"HollowMod:StalkingDevout","floor":46,"turns":7},{"damage":18,"enemies":"Spire Growth","floor":47,"turns":6},{"damage":27,"enemies":"3 Darklings","floor":48,"turns":6},{"damage":20,"enemies":"Time Eater","floor":50,"turns":12}],"seed_played":"-2282034010409093069","potions_obtained":[{"floor":6.0,"key":"champ:CounterPotion"},{"floor":10.0,"key":"PowerPotion"},{"floor":11.0,"key":"EssenceOfSteel"}],"is_trial":false,"path_per_floor":["M","?","M","?","M","E","$","R","T","M","E","M","R","M","R","B",null,"M","M","?","M","M","E","?","R","T","R","$","E","M","E","R","B",null,"M","?","?","?","M","E","R","E","T","M","M","E","M","M","R","B",null],"character_chosen":"SHAPESHIFTER","items_purchased":["StSShapeShifter:EmbraceTheCycle"],"campfire_rested":2,"item_purchase_floors":[7],"current_hp_per_floor":[75,75,75,75,73,66,66,66,66,67,61,56,56,56,56,26,78,78,54,54,58,53,41,41,41,41,41,41,33,34,24,24,26,78,77,77,77,77,74,25,63,41,41,41,25,2,29,23,61,61],"gold":668,"neow_bonus":"TRANSFORM_CARD","is_daily":false,"chose_seed":false,"campfire_upgraded":6,"win_rate":0.0,"timestamp":1614089587,"path_taken":["M","?","?","?","M","E","$","R","T","M","E","?","R","?","R","BOSS","M","M","?","?","M","E","?","R","T","R","?","E","M","E","R","BOSS","M","?","?","?","M","E","R","E","T","M","M","E","?","M","R","BOSS"],"items_purchased_type":["Card"],"build_version":"2020-12-22","purchased_purges":2,"victory":true,"max_hp_per_floor":[78,78,78,78,78,78,78,78,78,78,78,78,78,78,78,78,78,78,78,78,78,78,78,78,78,78,78,78,78,78,78,78,78,78,78,78,78,78,78,78,78,78,78,78,78,78,78,78,78,78],"card_choices":[{"not_picked":["StSShapeShifter:DeerForm","StSShapeShifter:ReplenishingNectar"],"picked":"StSShapeShifter:BloomingSlash","floor":1.0},{"not_picked":["StSShapeShifter:FallingLeaves","StSShapeShifter:OwlForm"],"picked":"StSShapeShifter:CosmicShifter","floor":3.0},{"not_picked":["StSShapeShifter:CursedApple","StSShapeShifter:ShiftingStrike"],"picked":"StSShapeShifter:WolfForm","floor":5.0},{"not_picked":["StSShapeShifter:BaskInBloom","StSShapeShifter:VineHandcuffs"],"picked":"StSShapeShifter:SquirrelForm","floor":6.0},{"not_picked":["StSShapeShifter:OakBlade","StSShapeShifter:PoisonIvy"],"picked":"StSShapeShifter:MonkeyForm","floor":10.0},{"not_picked":["StSShapeShifter:OwlForm","StSShapeShifter:RitualOfTheExtinct"],"picked":"StSShapeShifter:BulwarkOfDiscovery","floor":11.0},{"not_picked":["StSShapeShifter:Sapling","StSShapeShifter:MonkeyForm"],"picked":"StSShapeShifter:FesteringBite","floor":12.0},{"not_picked":["StSShapeShifter:Evolution","StSShapeShifter:ForestFire","StSShapeShifter:BloomingSlash"],"picked":"SKIP","floor":14.0},{"not_picked":["StSShapeShifter:Spring","StSShapeShifter:BurstOfLifeEscapeDeath"],"picked":"StSShapeShifter:RhinoCalfForm","floor":16.0},{"not_picked":["StSShapeShifter:DeerForm+1","StSShapeShifter:BarkSkin"],"picked":"StSShapeShifter:Rabid","floor":18.0},{"not_picked":["StSShapeShifter:TopazSkin","StSShapeShifter:PoisonIvy+1"],"picked":"StSShapeShifter:DiverseSpirit+1","floor":19.0},{"not_picked":["StSShapeShifter:PoisonIvy","StSShapeShifter:Efflorescence"],"picked":"StSShapeShifter:RestoreBalance","floor":21.0},{"not_picked":["StSShapeShifter:MonkeyForm","StSShapeShifter:BloomingSlash","StSShapeShifter:Hunt"],"picked":"SKIP","floor":22.0},{"not_picked":["StSShapeShifter:AdaptiveStrikes","StSShapeShifter:ShiftingStrike"],"picked":"StSShapeShifter:Sap_Burst","floor":23.0},{"not_picked":["StSShapeShifter:MagicMushrooms","StSShapeShifter:EmbraceTheCycle"],"picked":"StSShapeShifter:DeerForm","floor":29.0},{"not_picked":["StSShapeShifter:Roar","StSShapeShifter:Mystical_Branch"],"picked":"StSShapeShifter:Guard","floor":30.0},{"not_picked":["StSShapeShifter:BladeOfGrass","StSShapeShifter:Sapling"],"picked":"StSShapeShifter:Uproot_Redwood","floor":31.0},{"not_picked":["StSShapeShifter:Earthquake","StSShapeShifter:Sap_Burst"],"picked":"StSShapeShifter:WolfsBane","floor":33},{"not_picked":["StSShapeShifter:Sapling+1","StSShapeShifter:ReplenishingNectar+1","StSShapeShifter:Rest"],"picked":"SKIP","floor":35},{"not_picked":["StSShapeShifter:HummingbirdForm","StSShapeShifter:SunflowerShuriken+1"],"picked":"StSShapeShifter:PoisonIvy+1","floor":36},{"not_picked":["StSShapeShifter:EmbraceTheCycle+1","StSShapeShifter:BurstingSpore","StSShapeShifter:Hunt+1"],"picked":"SKIP","floor":39},{"not_picked":["StSShapeShifter:DeerForm","StSShapeShifter:Rabid+1","StSShapeShifter:AdaptiveStrikes+1"],"picked":"SKIP","floor":40},{"not_picked":["StSShapeShifter:AdaptiveStrikes+1","StSShapeShifter:OpportuneSwoop+1","StSShapeShifter:DeerForm"],"picked":"SKIP","floor":42},{"not_picked":["StSShapeShifter:FesteringBite+1","StSShapeShifter:ShiftingStrike"],"picked":"StSShapeShifter:LeapingSlash+1","floor":44},{"not_picked":["StSShapeShifter:VineHandcuffs","StSShapeShifter:EagleForm","StSShapeShifter:ShiftingStrike+1"],"picked":"SKIP","floor":45},{"not_picked":["StSShapeShifter:SquirrelForm+1","StSShapeShifter:EmbraceTheCycle"],"picked":"StSShapeShifter:ThornedSkin+1","floor":46},{"not_picked":["StSShapeShifter:DiverseSpirit","StSShapeShifter:BloomingSlash+1"],"picked":"StSShapeShifter:EntForm+1","floor":47},{"not_picked":["StSShapeShifter:VileMushroom","StSShapeShifter:Efflorescence","StSShapeShifter:PoisonIvy"],"picked":"SKIP","floor":48}],"player_experience":3138048,"relics_obtained":[{"floor":6.0,"key":"Huge Egg"},{"floor":9.0,"key":"bronze:BronzeIdol"},{"floor":11.0,"key":"Slimebound:PreparedRelic"},{"floor":23.0,"key":"White Beast Statue"},{"floor":26.0,"key":"The Courier"},{"floor":29.0,"key":"Regal Pillow"},{"floor":31.0,"key":"Ornamental Fan"},{"floor":36,"key":"CatCart"},{"floor":40,"key":"Vajra"},{"floor":42,"key":"hexamod:BolsterEngine"},{"floor":46,"key":"Pen Nib"}],"event_choices":[{"cards_removed":["StSShapeShifter:EagleForm"],"damage_healed":0.0,"max_hp_gain":0.0,"max_hp_loss":0.0,"gold_gain":0.0,"event_name":"WeMeetAgain","player_choice":"Gave Card","floor":2.0,"gold_loss":0.0,"damage_taken":0.0,"relics_obtained":["PreservedInsect"]},{"damage_healed":0.0,"max_hp_gain":0.0,"max_hp_loss":0.0,"gold_gain":0.0,"event_name":"Accursed Blacksmith","player_choice":"Rummage","floor":4.0,"gold_loss":0.0,"damage_taken":0.0,"relics_obtained":["WarpedTongs"],"cards_obtained":["Pain"]},{"damage_healed":0.0,"max_hp_gain":0.0,"max_hp_loss":0.0,"gold_gain":0.0,"event_name":"Lab","player_choice":"Got Potions","floor":20.0,"gold_loss":0.0,"damage_taken":0.0},{"damage_healed":0,"gold_gain":0,"player_choice":"Fight","damage_taken":0,"max_hp_gain":0,"max_hp_loss":0,"event_name":"OrinTheCat","floor":36,"gold_loss":0},{"cards_removed":["StSShapeShifter:ShapeShifter_Defend"],"damage_healed":0,"gold_gain":0,"player_choice":"Removed Skill","damage_taken":0,"max_hp_gain":0,"max_hp_loss":0,"event_name":"Falling","floor":37,"gold_loss":0},{"damage_healed":0,"gold_gain":0,"cards_transformed":["StSShapeShifter:ShapeShifter_Strike"],"player_choice":"Transformed","damage_taken":0,"max_hp_gain":0,"max_hp_loss":0,"event_name":"Transmorgrifier","floor":38,"gold_loss":0,"cards_obtained":["StSShapeShifter:Consume"]}],"is_beta":false,"boss_relics":[{"not_picked":["Cursed Key","Runic Pyramid"],"picked":"Sozu"},{"not_picked":["Snecko Eye","SacredBark","Velvet Choker"]}],"items_purged_floors":[7,28],"is_endless":false,"potions_floor_spawned":[6,10,11,18,21,29,30,31,33,35,36,39,40,42,44,45,46,47,48],"ascension_level":2}}