{"host":"lwys0gbp6t40j7jh","time":1614091405,"event":{"mods":["Act Like it!","BaseMod","CapriCore","Friendly Minions","GifTheSpireLib","Hermit","Minty Spire (QoL Compilation)","StSLib","SuperFastMode","The Bug Knight"],"gold_per_floor":[115,134,134,59,75,88,88,103,151,151,151,171,191,210,210,306,306,322,185,185,60,60,94,94,104,104,104,139,139,139,150,150,249,249,268,278,128,144,194,194,221,221,221,221,221],"floor_reached":44,"language":"ENG","playtime":1135,"items_purged":["hermit:Defend_Hermit","hermit:Strike_Hermit","hermit:Strike_Hermit","hermit:Defend_Hermit"],"score":518,"play_id":"4b440709-a141-428c-9217-1e1e52891c9e","local_time":"20210223154325","is_ascension_mode":false,"campfire_choices":[{"data":"hermit:Dive","floor":7,"key":"SMITH"},{"data":"hermit:Headshot","floor":10,"key":"SMITH"},{"data":"hermit:GhostlyPresence","floor":15,"key":"SMITH"},{"data":"hermit:Combo","floor":24,"key":"SMITH"},{"floor":27,"key":"REST"},{"floor":32,"key":"RECALL"},{"data":"hermit:BigShot","floor":40,"key":"SMITH"},{"data":"hermit:Vantage","floor":42,"key":"SMITH"}],"circlet_count":0,"master_deck":["hermit:Strike_Hermit","hermit:Strike_Hermit","hermit:Defend_Hermit","hermit:Defend_Hermit","hermit:Snapshot","hermit:Covet","hermit:Dive+1","hermit:Vantage+1","hermit:Headshot+1","hermit:BigShot+1","hermit:GhostlyPresence+1","hermit:WideOpen","hermit:Combo+1","hermit:Quickdraw"],"relics":["Philosopher\u0027s Stone","Sozu","StrikeDummy","Ornamental Fan","Art of War","Busted Crown","Incense Burner","Dead Branch","HollowMod:StagPassRelic"],"acts_visited":["Exordium","TheCity","TheBeyond"],"potions_floor_usage":[5,16,28],"damage_taken":[{"damage":1,"enemies":"2 Louse","floor":1,"turns":3},{"damage":0,"enemies":"Small Slimes","floor":2,"turns":3},{"damage":0,"enemies":"Cultist","floor":5,"turns":3},{"damage":2,"enemies":"2 Fungi Beasts","floor":6,"turns":3},{"damage":4,"enemies":"Exordium Thugs","floor":8,"turns":6},{"damage":0,"enemies":"3 Louse","floor":12,"turns":2},{"damage":0,"enemies":"Large Slime","floor":13,"turns":4},{"damage":8,"enemies":"2 Fungi Beasts","floor":14,"turns":4},{"damage":35,"enemies":"Hexaghost","floor":16,"turns":8},{"damage":10,"enemies":"Chosen","floor":18,"turns":7},{"damage":2,"enemies":"Book of Stabbing","floor":23,"turns":3},{"damage":0,"enemies":"3 Byrds","floor":25,"turns":3},{"damage":0,"enemies":"Slavers","floor":28,"turns":3},{"damage":0,"enemies":"Snecko","floor":31,"turns":4},{"damage":20,"enemies":"Automaton","floor":33,"turns":7},{"damage":0,"enemies":"3 Darklings","floor":35,"turns":4},{"damage":0,"enemies":"Orb Walker","floor":36,"turns":3},{"damage":4,"enemies":"3 Darklings","floor":38,"turns":4},{"damage":0,"enemies":"Mind Bloom Boss Battle","floor":39,"turns":5},{"damage":19,"enemies":"Nemesis","floor":41,"turns":9},{"damage":64,"enemies":"Reptomancer","floor":44,"turns":4}],"seed_played":"7630692427798178311","potions_obtained":[{"floor":2,"key":"Explosive Potion"},{"floor":8,"key":"CultistPotion"},{"floor":11,"key":"CultistPotion"},{"floor":11,"key":"SteroidPotion"},{"floor":16,"key":"Energy Potion"}],"is_trial":false,"path_per_floor":["M","M","?","$","M","M","R","M","T","R","?","M","M","M","R","B",null,"M","$","?","$","?","E","R","M","T","R","E","?","?","M","R","B",null,"M","M","$","M","?","R","E","R","T","E"],"character_chosen":"HERMIT","items_purchased":["hermit:Combo"],"campfire_rested":1,"item_purchase_floors":[19],"current_hp_per_floor":[74,74,74,74,74,72,72,68,68,68,68,68,68,60,60,25,75,65,65,51,51,51,49,49,49,49,73,73,80,80,80,80,60,80,80,80,80,76,76,76,57,57,57,0,0],"gold":221,"neow_bonus":"BOSS_RELIC","is_daily":false,"chose_seed":false,"campfire_upgraded":6,"win_rate":0.0,"timestamp":1614091405,"path_taken":["M","M","?","$","M","M","R","M","T","R","?","?","M","M","R","BOSS","M","$","?","$","?","E","R","M","T","R","E","?","?","M","R","BOSS","M","M","$","M","?","R","E","R","T","E"],"items_purchased_type":["Card"],"build_version":"2020-12-22","purchased_purges":4,"victory":false,"max_hp_per_floor":[75,75,75,75,75,75,75,75,75,75,75,75,75,75,75,75,75,75,75,80,80,80,80,80,80,80,80,80,80,80,80,80,80,80,80,80,80,80,80,80,80,80,80,80,80],"card_choices":[{"not_picked":["hermit:ItchyTrigger","hermit:GhostlyPresence"],"picked":"hermit:Dive","floor":1},{"not_picked":["hermit:Combo","hermit:BigShot","hermit:Desperado"],"picked":"SKIP","floor":2},{"not_picked":["hermit:Gestalt","hermit:FullyLoaded"],"picked":"hermit:Vantage","floor":5},{"not_picked":["hermit:LowProfile","hermit:Coalescence","hermit:HoleUp"],"picked":"SKIP","floor":6},{"not_picked":["hermit:EyeOfTheStorm","hermit:Virtue"],"picked":"hermit:Headshot","floor":8},{"not_picked":["hermit:Misfire","hermit:Snipe"],"picked":"hermit:BigShot","floor":12},{"not_picked":["hermit:SprayPray","hermit:BodyArmor","hermit:TakeCover"],"picked":"SKIP","floor":13},{"not_picked":["hermit:Malice","hermit:Headshot"],"picked":"hermit:GhostlyPresence","floor":14},{"not_picked":["hermit:Midnight+1","hermit:Vantage"],"picked":"hermit:WideOpen","floor":18},{"not_picked":["hermit:Maintenance","hermit:LowProfile","hermit:Gestalt"],"picked":"SKIP","floor":23},{"not_picked":["hermit:Desperado","hermit:BodyArmor+1","hermit:LoneWolf"],"picked":"SKIP","floor":25},{"not_picked":["hermit:HighNoon","hermit:WideOpen","hermit:Maintenance"],"picked":"SKIP","floor":28},{"not_picked":["hermit:Midnight","hermit:SprayPray"],"picked":"hermit:Quickdraw","floor":31},{"not_picked":["hermit:CalledShot+1"],"picked":"SKIP","floor":35},{"not_picked":["hermit:TrackingShot"],"picked":"SKIP","floor":36},{"not_picked":["hermit:Coalescence+1"],"picked":"SKIP","floor":38},{"not_picked":["hermit:HoleUp+1"],"picked":"SKIP","floor":41}],"player_experience":1347807,"relics_obtained":[{"floor":23,"key":"StrikeDummy"},{"floor":26,"key":"Ornamental Fan"},{"floor":28,"key":"Art of War"},{"floor":39,"key":"Incense Burner"},{"floor":41,"key":"Dead Branch"},{"floor":43,"key":"HollowMod:StagPassRelic"}],"event_choices":[{"damage_healed":0,"gold_gain":0,"player_choice":"Ignored","damage_taken":0,"max_hp_gain":0,"max_hp_loss":0,"event_name":"Golden Idol","floor":3,"gold_loss":0},{"damage_healed":0,"gold_gain":0,"player_choice":"Got Potions","damage_taken":0,"max_hp_gain":0,"max_hp_loss":0,"event_name":"Lab","floor":11,"gold_loss":0},{"damage_healed":0,"gold_gain":0,"player_choice":"Shed Blood","damage_taken":19,"max_hp_gain":5,"max_hp_loss":0,"event_name":"Forgotten Altar","floor":20,"gold_loss":0},{"damage_healed":26,"gold_gain":0,"player_choice":"Heal","damage_taken":0,"max_hp_gain":0,"max_hp_loss":0,"event_name":"The Library","floor":29,"gold_loss":0},{"damage_healed":0,"gold_gain":0,"player_choice":"Ignored","damage_taken":0,"max_hp_gain":0,"max_hp_loss":0,"event_name":"The Mausoleum","floor":30,"gold_loss":0},{"damage_healed":0,"gold_gain":0,"player_choice":"Fight","damage_taken":0,"max_hp_gain":0,"max_hp_loss":0,"event_name":"MindBloom","floor":39,"gold_loss":0}],"is_beta":false,"boss_relics":[{"not_picked":["Velvet Choker","SlaversCollar"],"picked":"Sozu"},{"not_picked":["Runic Dome","Pandora\u0027s Box"],"picked":"Busted Crown"}],"items_purged_floors":[4,19,21,37],"is_endless":false,"potions_floor_spawned":[2,8,12,13,16,23,25,36,39],"killed_by":"Reptomancer","ascension_level":0}}