{"host":"jsd6g3c2vo13e69c","time":1614060510,"event":{"mods":["2.2 Compatiblity","Act Like it!","BaseMod","Better Altar","Better Match","Better Note","Better Sensory Stone","Better Third Choice","BetterRewards","Colored Map","Colored Powertips","Downfall","Friendly Minions","GifTheSpireLib","Googly Eyes","Gremlin Mod","Hermit","Hubris","Infinite Spire","Melee Mod","Minty Spire (QoL Compilation)","Permanent Neow","Quick Restart","Random Character Button","Replay The Spire","Shop Mod","Spire Arcade","StSLib","The Cursed","The Disciple","The Forsaken","thorton"],"gold_per_floor":[109,126,151,151,151,151,170,185,185,185,203,221,248,261,261,362,362,377,377,395,411,431,451,451,451,451,551,551,33,33,44,44,44,44],"floor_reached":33,"language":"ENG","playtime":1555,"items_purged":["theForsaken:PlagueCurse"],"score":266,"play_id":"049e8440-29a9-47ea-8eda-a7ef7ca73d34","local_time":"20210223010830","is_ascension_mode":false,"campfire_choices":[{"data":"meleeMod_DropZone","floor":6,"key":"SMITH"},{"data":"meleeMod_ShieldPoke","floor":10,"key":"SMITH"},{"data":"meleeMod_FireFlower","floor":15,"key":"SMITH"},{"data":"meleeMod_BlueFalcon","floor":25,"key":"SMITH"},{"floor":28,"key":"REST"},{"data":"meleeMod_SDRemix","floor":30,"key":"SMITH"}],"circlet_count":0,"master_deck":["meleeMod_Shield","meleeMod_Shield","meleeMod_Shield","meleeMod_BackAir","meleeMod_Roll","meleeMod_BackAir","meleeMod_DropZone+1","meleeMod_GetUpAttack+1","meleeMod_Gentleman","meleeMod_ShieldPoke+1","meleeMod_Shine","meleeMod_Shine","meleeMod_Shine","meleeMod_Shine","meleeMod_Shine","meleeMod_NeutralAir","meleeMod_FireFlower+1","meleeMod_NippleSpike","meleeMod_SoftKnee","meleeMod_BlueFalcon+1","meleeMod_Knee","meleeMod_SDRemix+1","meleeMod_WallJump+1","meleeMod_UpAir+1","meleeMod_RockCrock+1","meleeMod_ShieldPoke+1","meleeMod_DashDance+1","meleeMod_FireFlower+1","meleeMod_NippleSpike","meleeMod_ShieldPoke","downfall:Bewildered"],"relics":["meleeMod_LosersMang0","theForsaken:PlagueMask","meleeMod_B0XX","Odd Mushroom","thethorton:CrushedCigarette","infinitespire:Bottled Soul","Ginger","Toxic Egg 2","Gremlin Food","Bag of Marbles","sneckomod:BabySnecko"],"acts_visited":["Exordium","TheCity"],"potions_floor_usage":[13,16,20,23,27,27],"damage_taken":[{"damage":0,"enemies":"2 Louse","floor":1,"turns":2},{"damage":0,"enemies":"Jaw Worm","floor":2,"turns":4},{"damage":3,"enemies":"Small Slimes","floor":7,"turns":3},{"damage":13,"enemies":"Exordium Thugs","floor":8,"turns":4},{"damage":0,"enemies":"Exordium Wildlife","floor":11,"turns":2},{"damage":0,"enemies":"Red Slaver","floor":12,"turns":1},{"damage":11,"enemies":"The Mushroom Lair","floor":13,"turns":3},{"damage":0,"enemies":"2 Fungi Beasts","floor":14,"turns":2},{"damage":7,"enemies":"Fading Forest","floor":16,"turns":11},{"damage":20,"enemies":"2 Thieves","floor":18,"turns":2},{"damage":1,"enemies":"Shell Parasite","floor":20,"turns":3},{"damage":7,"enemies":"Snecko","floor":21,"turns":4},{"damage":25,"enemies":"Sentry and Sphere","floor":22,"turns":4},{"damage":13,"enemies":"Shelled Parasite and Fungi","floor":23,"turns":4},{"damage":0,"enemies":"Colosseum Slavers","floor":27,"turns":1},{"damage":15,"enemies":"Colosseum Nobs","floor":27,"turns":4},{"damage":0,"enemies":"Snecko","floor":31,"turns":2},{"damage":31,"enemies":"Pondfish","floor":33,"turns":4}],"seed_played":"-4700754430537418541","potions_obtained":[{"floor":1,"key":"SteroidPotion"},{"floor":3,"key":"Energy Potion"},{"floor":11,"key":"Weak Potion"},{"floor":13,"key":"FearPotion"},{"floor":14,"key":"DuplicationPotion"},{"floor":18,"key":"Swift Potion"},{"floor":22,"key":"SkillPotion"}],"is_trial":false,"path_per_floor":["M","M","?","?","?","R","M","M","T","R","M","M","?","M","R","B",null,"M","?","M","M","M","M","?","R","T","?","R","$","R","M","R_BF","B"],"character_chosen":"FALCON","items_purchased":["meleeMod_FireFlower+1","Gremlin Food","Bag of Marbles","meleeMod_NippleSpike"],"campfire_rested":1,"item_purchase_floors":[29,29,29,29],"current_hp_per_floor":[85,85,85,85,85,85,82,69,69,69,69,69,58,58,58,61,85,65,65,64,57,32,19,19,19,19,4,29,29,29,29,29,0,0],"gold":44,"neow_bonus":"ONE_RANDOM_RARE_CARD","is_daily":false,"chose_seed":false,"campfire_upgraded":5,"win_rate":0.0,"timestamp":1614060510,"path_taken":["M","M","?","?","?","R","M","M","T","R","M","?","?","M","R","BOSS","M","?","M","M","?","M","?","R","T","?","R","?","R","M","R_BF","BOSS"],"items_purchased_type":["Card","Relic","Relic","Card"],"build_version":"2020-12-22","purchased_purges":1,"victory":false,"max_hp_per_floor":[85,85,85,85,85,85,85,85,85,85,85,85,85,85,85,85,85,85,85,85,85,85,85,85,85,85,85,85,85,85,85,85,85,85],"card_choices":[{"not_picked":["meleeMod_WaveLand","meleeMod_WaveDash"],"picked":"meleeMod_BackAir","floor":1},{"not_picked":["meleeMod_CommandGrab","meleeMod_SweetSpot"],"picked":"meleeMod_DropZone","floor":2},{"not_picked":["meleeMod_Cautious","meleeMod_ForwardSmash"],"picked":"meleeMod_Gentleman","floor":7},{"not_picked":["meleeMod_DashDance","meleeMod_PowerShield"],"picked":"meleeMod_ShieldPoke","floor":8},{"not_picked":["meleeMod_VCancel","meleeMod_WaveLand"],"picked":"meleeMod_NeutralAir","floor":11},{"not_picked":["meleeMod_DownSmash","meleeMod_UnclePunch"],"picked":"meleeMod_FireFlower","floor":12},{"not_picked":["meleeMod_UpAir","meleeMod_BabActivated"],"picked":"meleeMod_NippleSpike","floor":13},{"not_picked":["meleeMod_UpSmash","meleeMod_UpTilt"],"picked":"meleeMod_SoftKnee","floor":14},{"not_picked":["meleeMod_HomieStock","meleeMod_MindReader"],"picked":"meleeMod_BlueFalcon","floor":16},{"not_picked":["meleeMod_DownTilt","meleeMod_SoftKnee"],"picked":"meleeMod_Knee","floor":18},{"not_picked":["meleeMod_SweetSpot+1","meleeMod_Randall+1"],"picked":"meleeMod_WallJump+1","floor":20},{"not_picked":["meleeMod_NeutralAir","meleeMod_SDRemix"],"picked":"meleeMod_UpAir+1","floor":21},{"not_picked":["meleeMod_BackAir+1","meleeMod_AirDodge"],"picked":"meleeMod_RockCrock+1","floor":22},{"not_picked":["meleeMod_WaveLand","meleeMod_NoDI"],"picked":"meleeMod_ShieldPoke+1","floor":23},{"not_picked":["meleeMod_NeutralAir","meleeMod_Knee"],"picked":"meleeMod_DashDance+1","floor":27},{"not_picked":["meleeMod_LoseStock+1","meleeMod_RapidJabs"],"picked":"meleeMod_ShieldPoke","floor":31}],"player_experience":400783,"relics_obtained":[{"floor":9,"key":"meleeMod_B0XX"},{"floor":13,"key":"Odd Mushroom"},{"floor":26,"key":"infinitespire:Bottled Soul"},{"floor":27,"key":"Ginger"},{"floor":27,"key":"Toxic Egg 2"}],"event_choices":[{"damage_healed":0,"gold_gain":0,"player_choice":"Obtain Plague Curse","damage_taken":0,"max_hp_gain":0,"max_hp_loss":0,"event_name":"Plague Doctor","floor":5,"gold_loss":0,"cards_obtained":["theForsaken:PlagueCurse"]},{"damage_healed":0,"gold_gain":0,"player_choice":"Fought Mushrooms","damage_taken":0,"max_hp_gain":0,"max_hp_loss":0,"event_name":"Mushrooms","floor":13,"gold_loss":0},{"damage_healed":0,"gold_gain":0,"cards_transformed":["meleeMod_Shield"],"player_choice":"Transformed","damage_taken":0,"max_hp_gain":0,"max_hp_loss":0,"event_name":"Transmorgrifier","floor":19,"gold_loss":0,"cards_obtained":["meleeMod_SDRemix"]},{"damage_healed":0,"gold_gain":0,"player_choice":"Ignored","damage_taken":0,"max_hp_gain":0,"max_hp_loss":0,"event_name":"betterNote:BetterNote","floor":24,"gold_loss":0,"cards_obtained":["thethorton:CreditCard"]},{"damage_healed":0,"gold_gain":0,"player_choice":"Fight","damage_taken":0,"max_hp_gain":0,"max_hp_loss":0,"event_name":"Colosseum","floor":27,"gold_loss":0},{"damage_healed":0,"gold_gain":0,"player_choice":"Fought Nobs","damage_taken":0,"max_hp_gain":0,"max_hp_loss":0,"event_name":"Colosseum","floor":27,"gold_loss":0}],"is_beta":false,"boss_relics":[{"not_picked":["SlaversCollar","Black Star"],"picked":"thethorton:CrushedCigarette"}],"items_purged_floors":[29],"is_endless":false,"potions_floor_spawned":[1,11,13,14,18,22,27],"killed_by":"Pondfish","ascension_level":0}}