{"host":"t9vqxmgmtrdkt9v9","time":1614062305,"event":{"mods":["AchievementEnabler","BaseMod","Colored Map","Minty Spire (QoL Compilation)","Permanent Neow","Relic Stats","StSLib"],"gold_per_floor":[115,115,132,132,144,179,194,194,217,217,236,236,270,281,281,358,358,370,370,386,386,386,386,416,416,443,460,460,157,177,211,211,286,286,304,264,277,106,122,150,150,182,230,230,243,243,258,287,287,287],"floor_reached":51,"language":"ENG","playtime":4139,"items_purged":["Strike_P+1"],"score":1469,"play_id":"698534e4-6282-450c-8541-52a2c5b7459f","local_time":"20210223163825","is_ascension_mode":true,"campfire_choices":[{"floor":8.0,"key":"REST"},{"floor":10.0,"key":"REST"},{"floor":12.0,"key":"REST"},{"data":"TalkToTheHand","floor":15.0,"key":"SMITH"},{"floor":23.0,"key":"REST"},{"floor":25.0,"key":"REST"},{"floor":28.0,"key":"REST"},{"data":"Omniscience","floor":32.0,"key":"SMITH"},{"floor":41.0,"key":"REST"},{"floor":44.0,"key":"REST"},{"floor":46.0,"key":"REST"},{"floor":49.0,"key":"REST"}],"circlet_count":0,"master_deck":["AscendersBane","Strike_P+1","Strike_P+1","Defend_P+1","Defend_P+1","Defend_P+1","Defend_P+1","Eruption+1","Vigilance+1","LessonLearned+1","BowlingBash+1","BowlingBash+1","Tantrum+1","LikeWater+1","CrushJoints+1","MentalFortress+1","FlurryOfBlows","TalkToTheHand+1","Omniscience+1","ClearTheMind+1","FlurryOfBlows+1","EmptyFist+1","Wallop","MentalFortress","Halt","DevaForm","Scrawl+1","MentalFortress","Protect+1","Scrawl+1","Fasting2","FearNoEvil+1","ClearTheMind+1","Vault","Adaptation"],"relics":["HolyWater","Anchor","Toy Ornithopter","Potion Belt","SacredBark","Du-Vu Doll","Whetstone","Turnip","Orrery","Orichalcum","Mercury Hourglass","Bag of Marbles","Gambling Chip"],"acts_visited":["Exordium","TheCity","TheBeyond"],"potions_floor_usage":[50,50],"damage_taken":[{"damage":6.0,"enemies":"2 Louse","floor":1.0,"turns":4.0},{"damage":0.0,"enemies":"Small Slimes","floor":3.0,"turns":5.0},{"damage":6.0,"enemies":"Cultist","floor":5.0,"turns":4.0},{"damage":35.0,"enemies":"Lagavulin","floor":6.0,"turns":9.0},{"damage":8.0,"enemies":"Exordium Thugs","floor":7.0,"turns":6.0},{"damage":3.0,"enemies":"3 Louse","floor":11.0,"turns":6.0},{"damage":0.0,"enemies":"Gremlin Nob","floor":13.0,"turns":2.0},{"damage":0.0,"enemies":"Blue Slaver","floor":14.0,"turns":4.0},{"damage":20.0,"enemies":"The Guardian","floor":16.0,"turns":10.0},{"damage":7.0,"enemies":"Spheric Guardian","floor":18.0,"turns":15.0},{"damage":0.0,"enemies":"3 Byrds","floor":20.0,"turns":3.0},{"damage":13.0,"enemies":"Slavers","floor":24.0,"turns":7.0},{"damage":21.0,"enemies":"Snake Plant","floor":27.0,"turns":9.0},{"damage":29.0,"enemies":"Cultist and Chosen","floor":30.0,"turns":9.0},{"damage":14.0,"enemies":"Book of Stabbing","floor":31.0,"turns":4.0},{"damage":2.0,"enemies":"Champ","floor":33.0,"turns":10.0},{"damage":0.0,"enemies":"Orb Walker","floor":35.0,"turns":2.0},{"damage":5.0,"enemies":"3 Darklings","floor":37.0,"turns":10.0},{"damage":17.0,"enemies":"Writhing Mass","floor":39.0,"turns":9.0},{"damage":44.0,"enemies":"Giant Head","floor":40.0,"turns":9.0},{"damage":46.0,"enemies":"Nemesis","floor":42.0,"turns":8.0},{"damage":0.0,"enemies":"Transient","floor":45.0,"turns":6.0},{"damage":0.0,"enemies":"4 Shapes","floor":47.0,"turns":2.0},{"damage":44.0,"enemies":"Reptomancer","floor":48.0,"turns":7.0},{"damage":32,"enemies":"Awakened One","floor":50,"turns":16}],"seed_played":"4762123260531194672","potions_obtained":[{"floor":3.0,"key":"Energy Potion"},{"floor":4.0,"key":"DuplicationPotion"},{"floor":4.0,"key":"AttackPotion"},{"floor":7.0,"key":"AttackPotion"},{"floor":11.0,"key":"Fire Potion"},{"floor":16.0,"key":"DistilledChaos"},{"floor":24.0,"key":"PowerPotion"},{"floor":35.0,"key":"BlessingOfTheForge"},{"floor":36.0,"key":"Regen Potion"},{"floor":36.0,"key":"FearPotion"},{"floor":39.0,"key":"FearPotion"},{"floor":45.0,"key":"SkillPotion"},{"floor":48.0,"key":"Weak Potion"}],"is_trial":false,"path_per_floor":["M","?","M","?","M","E","M","R","T","R","M","R","E","M","R","B",null,"M","?","M","?","?","R","E","R","T","M","R","$","M","E","R","B",null,"M","?","M","$","M","E","R","E","T","R","M","R","M","E","R","B",null],"character_chosen":"WATCHER","items_purchased":["MentalFortress","Halt","Regen Potion","AttackPotion","Orrery"],"campfire_rested":10,"item_purchase_floors":[29,29,29,29,38],"current_hp_per_floor":[55,55,55,55,49,14,6,24,24,42,39,57,62,62,62,42,57,50,50,50,50,33,53,45,65,65,49,67,67,38,61,61,59,65,65,65,60,60,48,41,61,20,20,40,40,60,60,21,41,19],"gold":287,"neow_bonus":"THREE_RARE_CARDS","is_daily":false,"chose_seed":false,"campfire_upgraded":2,"win_rate":0.0,"timestamp":1614062305,"path_taken":["M","?","M","?","?","E","M","R","T","R","M","R","E","M","R","BOSS","M","?","M","?","?","R","E","R","T","M","R","$","M","E","R","BOSS","M","?","M","$","M","E","R","E","T","R","?","R","M","E","R","BOSS"],"items_purchased_type":["Card","Card","Potion","Potion","Relic"],"build_version":"2020-12-22","purchased_purges":1,"victory":true,"max_hp_per_floor":[62,62,62,62,62,62,62,62,62,62,62,62,62,62,62,62,62,62,62,62,62,67,67,67,67,67,67,67,67,67,67,67,67,67,67,67,67,67,67,67,67,67,67,67,67,67,67,67,67,67],"relic_stats":{"counters":[25,176],"Gambling Chip":[5],"Turnip":[4],"Whetstone":["EmptyFist","BowlingBash"],"Orichalcum":[12],"obtain_stats":[{"Potion Belt":13,"SacredBark":17,"Whetstone":26,"Orichalcum":40,"Mercury Hourglass":42,"Du-Vu Doll":24,"Anchor":6,"Gambling Chip":48,"HolyWater":34,"Orrery":38,"Turnip":31,"Bag of Marbles":43,"PureWater":0,"Toy Ornithopter":9},{"Potion Belt":7,"SacredBark":9,"Whetstone":12,"Orichalcum":20,"Mercury Hourglass":21,"Du-Vu Doll":12,"Anchor":4,"Gambling Chip":24,"HolyWater":16,"Orrery":18,"Turnip":15,"Bag of Marbles":21,"PureWater":0,"Toy Ornithopter":5},{"Potion Belt":36,"SacredBark":50,"Whetstone":75,"Orichalcum":137,"Mercury Hourglass":145,"Du-Vu Doll":75,"Anchor":22,"Gambling Chip":160,"HolyWater":107,"Orrery":119,"Turnip":97,"Bag of Marbles":145,"PureWater":0,"Toy Ornithopter":28}],"Toy Ornithopter":60,"Mercury Hourglass":[138]},"card_choices":[{"not_picked":["SpiritShield","Brilliance"],"picked":"LessonLearned","floor":0.0},{"not_picked":["Protect","Pray"],"picked":"BowlingBash","floor":1.0},{"not_picked":["WindmillStrike","CutThroughFate"],"picked":"Tantrum","floor":3.0},{"not_picked":["EmptyFist","Swivel"],"picked":"LikeWater","floor":5.0},{"not_picked":["SignatureMove","Consecrate"],"picked":"CrushJoints","floor":6.0},{"not_picked":["WaveOfTheHand","ThirdEye"],"picked":"MentalFortress","floor":7.0},{"not_picked":["Wireheading","JustLucky"],"picked":"FlurryOfBlows","floor":11.0},{"not_picked":["Vengeance","Crescendo","Weave"],"picked":"SKIP","floor":13.0},{"not_picked":["SashWhip","ClearTheMind"],"picked":"TalkToTheHand","floor":14.0},{"not_picked":["Judgement","MasterReality"],"picked":"Omniscience","floor":16.0},{"not_picked":["CrushJoints","Wireheading","Sanctity"],"picked":"SKIP","floor":18.0},{"not_picked":["SandsOfTime","WindmillStrike"],"picked":"FlurryOfBlows","floor":20.0},{"not_picked":["JustLucky","SashWhip"],"picked":"EmptyFist","floor":24.0},{"not_picked":["BowlingBash","WaveOfTheHand"],"picked":"Wallop","floor":27.0},{"not_picked":["ClearTheMind","Vengeance"],"picked":"DevaForm","floor":30.0},{"not_picked":["FlyingSleeves","Collect","ThirdEye"],"picked":"SKIP","floor":31.0},{"not_picked":["DeusExMachina","Brilliance"],"picked":"Scrawl","floor":33.0},{"not_picked":["WindmillStrike","Consecrate"],"picked":"MentalFortress","floor":35.0},{"not_picked":["SandsOfTime","CrushJoints+1"],"picked":"Protect","floor":37.0},{"not_picked":["ThirdEye","SignatureMove"],"picked":"Scrawl","floor":38.0},{"not_picked":["Worship","WindmillStrike+1"],"picked":"Fasting2","floor":38.0},{"not_picked":["FlurryOfBlows","Prostrate"],"picked":"FearNoEvil+1","floor":38.0},{"not_picked":["SandsOfTime","Devotion"],"picked":"ClearTheMind+1","floor":38.0},{"not_picked":["Consecrate","TalkToTheHand"],"picked":"Vault","floor":38.0},{"not_picked":["Protect+1","Crescendo+1","Evaluate"],"picked":"SKIP","floor":39.0},{"not_picked":["Fasting2+1","FlyingSleeves","Wallop"],"picked":"SKIP","floor":40.0},{"not_picked":["Prostrate+1","BowlingBash","Halt"],"picked":"SKIP","floor":42.0},{"not_picked":["WaveOfTheHand","Prostrate","Vengeance"],"picked":"SKIP","floor":45.0},{"not_picked":["WaveOfTheHand","Prostrate","Vengeance"],"picked":"SKIP","floor":45.0},{"not_picked":["SignatureMove","FlurryOfBlows","Adaptation"],"picked":"SKIP","floor":47.0},{"not_picked":["SignatureMove","FlurryOfBlows"],"picked":"Adaptation","floor":47.0},{"not_picked":["Consecrate","FlyingSleeves","ThirdEye"],"picked":"SKIP","floor":48.0}],"player_experience":469162,"relics_obtained":[{"floor":6.0,"key":"Anchor"},{"floor":9.0,"key":"Toy Ornithopter"},{"floor":13.0,"key":"Potion Belt"},{"floor":24.0,"key":"Du-Vu Doll"},{"floor":26.0,"key":"Whetstone"},{"floor":31.0,"key":"Turnip"},{"floor":40.0,"key":"Orichalcum"},{"floor":42.0,"key":"Mercury Hourglass"},{"floor":43.0,"key":"Bag of Marbles"},{"floor":48.0,"key":"Gambling Chip"}],"event_choices":[{"damage_healed":0.0,"max_hp_gain":0.0,"max_hp_loss":0.0,"gold_gain":0.0,"cards_transformed":["Strike_P"],"event_name":"Living Wall","player_choice":"Change","floor":2.0,"gold_loss":0.0,"damage_taken":0.0,"cards_obtained":["BowlingBash"]},{"damage_healed":0.0,"max_hp_gain":0.0,"max_hp_loss":0.0,"gold_gain":0.0,"event_name":"Lab","player_choice":"Got Potions","floor":4.0,"gold_loss":0.0,"damage_taken":0.0},{"damage_healed":0.0,"max_hp_gain":0.0,"max_hp_loss":0.0,"gold_gain":0.0,"event_name":"The Library","player_choice":"Read","floor":19.0,"gold_loss":0.0,"damage_taken":0.0,"cards_obtained":["ClearTheMind"]},{"damage_healed":0.0,"max_hp_gain":0.0,"max_hp_loss":0.0,"gold_gain":0.0,"event_name":"Back to Basics","player_choice":"Simplicity","floor":21.0,"gold_loss":0.0,"damage_taken":0.0,"cards_upgraded":["Strike_P","Strike_P","Defend_P","Defend_P"]},{"damage_healed":0.0,"max_hp_gain":5.0,"max_hp_loss":0.0,"gold_gain":0.0,"event_name":"Forgotten Altar","player_choice":"Shed Blood","floor":22.0,"gold_loss":0.0,"damage_taken":22.0},{"damage_healed":0.0,"max_hp_gain":0.0,"max_hp_loss":0.0,"gold_gain":0.0,"event_name":"The Woman in Blue","player_choice":"Bought 3 Potions","floor":36.0,"gold_loss":0.0,"damage_taken":0.0}],"is_beta":false,"boss_relics":[{"not_picked":["Cursed Key","Calling Bell"],"picked":"SacredBark"},{"not_picked":["Philosopher\u0027s Stone","Pandora\u0027s Box"],"picked":"HolyWater"}],"items_purged_floors":[29],"is_endless":false,"potions_floor_spawned":[3,7,11,16,24,35,39,45,48],"ascension_level":18}}