{"host":"u1ja96cwu1wu8jpx","time":1614109978,"event":{"mods":["BaseMod","Better Match","Colored Map","Minty Spire (QoL Compilation)","Permanent Neow","StSLib"],"gold_per_floor":[141,192,192,142,32,32,123,123,123,230,28,122,210,304,304,639,639,678,711,810,376,418,516,565,656,656,757,819,1444,1548,1649,1649,1984,1984,2020,2085,2144,1774,1820,1908,1908,1908,1908],"floor_reached":42,"language":"ENG","playtime":6957,"items_purged":["Strike_B","Defend_B","Strike_B"],"score":745,"play_id":"107baafc-d362-4ae4-9c82-a1fba8de55f9","local_time":"20210223145258","daily_mods":["DeadlyEvents","Elite Swarm","Midas"],"is_ascension_mode":true,"campfire_choices":[{"floor":6.0,"key":"REST"},{"floor":8.0,"key":"REST"},{"data":"Strike_B","floor":15.0,"key":"PURGE"},{"data":"1","floor":32.0,"key":"LIFT"}],"circlet_count":0,"master_deck":["Defend_B","Zap","Dualcast","Self Repair","Core Surge","Seek","Cold Snap","Biased Cognition","Creative AI","Electrodynamics","Defragment","Lockon+1","Meteor Strike","Biased Cognition","Hologram","Echo Form","Biased Cognition","Force Field+1","Buffer"],"relics":["Cracked Core","Golden Idol","Orichalcum","Peace Pipe","Thread and Needle","Runic Capacitor","Ice Cream","Blood Vial","Eternal Feather","StoneCalendar","Bottled Lightning","Girya","Prayer Wheel","Ancient Tea Set","Old Coin","Darkstone Periapt","Toxic Egg 2","StrikeDummy","Empty Cage","Mummified Hand","Bird Faced Urn"],"acts_visited":["Exordium","TheCity","TheBeyond"],"potions_floor_usage":[39,40,40,42],"damage_taken":[{"damage":0.0,"enemies":"2 Louse","floor":1.0,"turns":3.0},{"damage":2.0,"enemies":"Jaw Worm","floor":2.0,"turns":4.0},{"damage":36.0,"enemies":"Gremlin Nob","floor":7.0,"turns":5.0},{"damage":25.0,"enemies":"3 Sentries","floor":10.0,"turns":8.0},{"damage":2.0,"enemies":"Gremlin Nob","floor":12.0,"turns":5.0},{"damage":0.0,"enemies":"3 Sentries","floor":13.0,"turns":5.0},{"damage":5.0,"enemies":"Gremlin Nob","floor":14.0,"turns":5.0},{"damage":0.0,"enemies":"Slime Boss","floor":16.0,"turns":10.0},{"damage":0.0,"enemies":"Shell Parasite","floor":18.0,"turns":5.0},{"damage":0.0,"enemies":"3 Byrds","floor":19.0,"turns":3.0},{"damage":0.0,"enemies":"Centurion and Healer","floor":22.0,"turns":5.0},{"damage":6.0,"enemies":"Book of Stabbing","floor":23.0,"turns":4.0},{"damage":5.0,"enemies":"Snecko","floor":24.0,"turns":4.0},{"damage":0.0,"enemies":"Gremlin Leader","floor":25.0,"turns":5.0},{"damage":9.0,"enemies":"Book of Stabbing","floor":27.0,"turns":5.0},{"damage":3.0,"enemies":"Shelled Parasite and Fungi","floor":28.0,"turns":4.0},{"damage":15.0,"enemies":"Colosseum Slavers","floor":29.0,"turns":3.0},{"damage":0.0,"enemies":"Colosseum Nobs","floor":29.0,"turns":4.0},{"damage":21.0,"enemies":"Gremlin Leader","floor":30.0,"turns":3.0},{"damage":8.0,"enemies":"Book of Stabbing","floor":31.0,"turns":5.0},{"damage":15.0,"enemies":"Collector","floor":33.0,"turns":5.0},{"damage":0,"enemies":"3 Shapes","floor":35,"turns":5},{"damage":3,"enemies":"Orb Walker","floor":36,"turns":3},{"damage":33,"enemies":"Jaw Worm Horde","floor":37,"turns":4},{"damage":16,"enemies":"Writhing Mass","floor":39,"turns":3},{"damage":41,"enemies":"Nemesis","floor":40,"turns":5},{"damage":30,"enemies":"Reptomancer","floor":42,"turns":2}],"seed_played":"1236151076766382958","potions_obtained":[{"floor":2.0,"key":"Strength Potion"},{"floor":7.0,"key":"SkillPotion"},{"floor":12.0,"key":"FocusPotion"},{"floor":13.0,"key":"Swift Potion"},{"floor":19.0,"key":"SteroidPotion"},{"floor":23.0,"key":"Fire Potion"},{"floor":24.0,"key":"Regen Potion"},{"floor":27.0,"key":"SteroidPotion"},{"floor":31.0,"key":"LiquidMemories"},{"floor":33.0,"key":"EssenceOfSteel"},{"floor":36,"key":"Regen Potion"},{"floor":39,"key":"Fire Potion"},{"floor":40,"key":"BlessingOfTheForge"}],"is_trial":true,"path_per_floor":["M","M","?","?","$","R","E","R","T","E","$","E","E","E","R","B",null,"M","M","?","$","M","E","M","E","T","E","M","?","E","E","R","B",null,"M","M","M","$","M","E","?","E"],"character_chosen":"DEFECT","items_purchased":["Self Repair","Runic Capacitor","Cold Snap","Defragment","StoneCalendar","Mummified Hand"],"campfire_rested":2,"item_purchase_floors":[5,11,11,21,21,38],"current_hp_per_floor":[75,73,55,55,55,75,46,68,68,50,50,55,62,66,72,74,75,75,75,75,75,75,69,66,75,75,73,75,73,61,62,71,58,75,75,72,48,48,43,11,11,0,0],"gold":1908,"neow_bonus":"","is_daily":false,"chose_seed":false,"campfire_upgraded":0,"win_rate":0.0,"timestamp":1614109978,"path_taken":["M","M","?","?","?","R","E","R","T","E","$","E","?","E","R","BOSS","M","M","?","$","M","E","M","E","T","E","M","?","E","?","R","BOSS","M","M","M","$","M","E","?","E"],"items_purchased_type":["Card","Relic","Card","Card","Relic","Relic"],"build_version":"2020-12-22","purchased_purges":3,"victory":false,"max_hp_per_floor":[75,75,75,75,75,75,75,75,75,75,75,75,75,75,75,75,75,75,75,75,75,75,75,75,75,75,75,75,75,75,75,75,75,75,75,75,75,75,75,75,71,71,71],"card_choices":[{"not_picked":["Turbo","Reinforced Body","Gash"],"picked":"SKIP","floor":1.0},{"not_picked":["Leap","Ball Lightning","Rebound"],"picked":"SKIP","floor":2.0},{"not_picked":["Buffer","Fission"],"picked":"Core Surge","floor":7.0},{"not_picked":["All For One","Hyperbeam"],"picked":"Seek","floor":10.0},{"not_picked":["Echo Form","Meteor Strike"],"picked":"Biased Cognition","floor":12.0},{"not_picked":["Reboot","Meteor Strike","Fission"],"picked":"SKIP","floor":13.0},{"not_picked":["Buffer","Machine Learning"],"picked":"Creative AI","floor":14.0},{"not_picked":["Fission","Reboot"],"picked":"Electrodynamics","floor":16.0},{"not_picked":["Compile Driver","Undo","Go for the Eyes"],"picked":"SKIP","floor":18.0},{"not_picked":["Glacier","Hello World","Turbo"],"picked":"SKIP","floor":19.0},{"not_picked":["Conserve Battery","Compile Driver"],"picked":"Lockon+1","floor":22.0},{"not_picked":["Reboot","Hyperbeam"],"picked":"Meteor Strike","floor":23.0},{"not_picked":["Undo","Sweeping Beam+1","Aggregate"],"picked":"SKIP","floor":24.0},{"not_picked":["Hyperbeam","Creative AI"],"picked":"Biased Cognition","floor":25.0},{"not_picked":["Buffer","Machine Learning","Hyperbeam"],"picked":"SKIP","floor":27.0},{"not_picked":["Compile Driver","Melter"],"picked":"Hologram","floor":28.0},{"not_picked":["Heatsinks","Conserve Battery","Ball Lightning"],"picked":"SKIP","floor":28.0},{"not_picked":["Reboot+1","Multi-Cast+1","Electrodynamics"],"picked":"SKIP","floor":30.0},{"not_picked":["Machine Learning","Buffer","Multi-Cast+1"],"picked":"SKIP","floor":31.0},{"not_picked":["Meteor Strike","Buffer"],"picked":"Echo Form","floor":33.0},{"not_picked":["Streamline","Gash","Rebound"],"picked":"SKIP","floor":35},{"not_picked":["Turbo+1","Hologram+1","Barrage+1"],"picked":"SKIP","floor":35},{"not_picked":["Ball Lightning","Self Repair"],"picked":"Biased Cognition","floor":36},{"not_picked":["Rebound+1","Gash+1","Compile Driver+1"],"picked":"SKIP","floor":36},{"not_picked":["Conserve Battery+1","Rebound","Turbo+1"],"picked":"SKIP","floor":37},{"not_picked":["Undo+1","Beam Cell+1","Streamline"],"picked":"SKIP","floor":37},{"not_picked":["Beam Cell+1","Go for the Eyes"],"picked":"Force Field+1","floor":39},{"not_picked":["Scrape","Double Energy+1","Rebound"],"picked":"SKIP","floor":39},{"not_picked":["Fission+1","Reboot+1"],"picked":"Buffer","floor":40}],"player_experience":492052,"relics_obtained":[{"floor":7.0,"key":"Orichalcum"},{"floor":9.0,"key":"Peace Pipe"},{"floor":10.0,"key":"Thread and Needle"},{"floor":12.0,"key":"Ice Cream"},{"floor":13.0,"key":"Blood Vial"},{"floor":14.0,"key":"Eternal Feather"},{"floor":23.0,"key":"Bottled Lightning"},{"floor":25.0,"key":"Girya"},{"floor":26.0,"key":"Prayer Wheel"},{"floor":27.0,"key":"Ancient Tea Set"},{"floor":29.0,"key":"Old Coin"},{"floor":29.0,"key":"Darkstone Periapt"},{"floor":30.0,"key":"Toxic Egg 2"},{"floor":31.0,"key":"StrikeDummy"},{"floor":40,"key":"Bird Faced Urn"}],"event_choices":[{"damage_healed":0.0,"max_hp_gain":0.0,"max_hp_loss":0.0,"gold_gain":0.0,"event_name":"Golden Idol","player_choice":"Take Damage","floor":3.0,"gold_loss":0.0,"damage_taken":18.0,"relics_obtained":["Golden Idol"]},{"cards_removed":["Defend_B"],"damage_healed":0.0,"max_hp_gain":0.0,"max_hp_loss":0.0,"gold_gain":0.0,"event_name":"The Cleric","player_choice":"Card Removal","floor":4.0,"gold_loss":50.0,"damage_taken":0.0},{"damage_healed":0.0,"max_hp_gain":0.0,"max_hp_loss":0.0,"gold_gain":99.0,"event_name":"Nest","player_choice":"Stole From Cult","floor":20.0,"gold_loss":0.0,"damage_taken":0.0},{"damage_healed":0.0,"max_hp_gain":0.0,"max_hp_loss":0.0,"gold_gain":0.0,"event_name":"Colosseum","player_choice":"Fight","floor":29.0,"gold_loss":0.0,"damage_taken":0.0},{"damage_healed":0.0,"max_hp_gain":0.0,"max_hp_loss":0.0,"gold_gain":0.0,"event_name":"Colosseum","player_choice":"Fought Nobs","floor":29.0,"gold_loss":0.0,"damage_taken":0.0},{"damage_healed":0,"gold_gain":0,"player_choice":"Max HP","damage_taken":0,"max_hp_gain":0,"max_hp_loss":4,"event_name":"Winding Halls","floor":41,"gold_loss":0}],"is_beta":false,"boss_relics":[{"not_picked":["Ectoplasm","Philosopher\u0027s Stone","Runic Dome"]},{"not_picked":["Runic Pyramid","Velvet Choker"],"picked":"Empty Cage"}],"items_purged_floors":[5,21,38],"is_endless":false,"potions_floor_spawned":[2,7,12,13,19,23,24,27,31,33,36,39,40],"killed_by":"Reptomancer","ascension_level":1}}