{"host":"j0e3xzyxe6w4yncp","time":1614107428,"event":{"mods":["2.2 Compatiblity","BaseMod","Colored Map","Colored Powertips","Downfall","Minty Spire (QoL Compilation)","Quick Restart","Shop Mod","StSLib"],"gold_per_floor":[99,115,127,4,454,482,482,496,522,522,522,522,522],"floor_reached":11,"language":"ENG","playtime":590,"items_purged":[],"score":81,"play_id":"6b9033f9-d854-4f2d-85a7-591f9204ba0b","local_time":"20210223141028","is_ascension_mode":false,"campfire_choices":[{"floor":1,"key":"RECALL"}],"circlet_count":0,"master_deck":["champ:Strike","champ:Strike+1","champ:Strike","champ:Strike","champ:Defend","champ:Defend","champ:Defend+1","champ:Defend","champ:Execute+1","champ:Taunt","champ:AdrenalArmor","champ:PerfectedStrike","champ:TripleStrike","champ:EndlessRage","champ:FaceSlap","downfall:Icky","downfall:Icky","downfall:Icky","champ:EndlessRage","champ:BringItOn","champ:ViciousMockery","downfall:Malfunctioning"],"relics":["champ:ChampionCrown","Tiny Chest","Happy Flower","Pocketwatch"],"acts_visited":["Exordium"],"potions_floor_usage":[4,9,9],"damage_taken":[{"damage":10,"enemies":"Cultist","floor":2,"turns":3},{"damage":10,"enemies":"2 Louse","floor":3,"turns":3},{"damage":20,"enemies":"downfall:FleeingMerchant","floor":4,"turns":4},{"damage":30,"enemies":"Gremlin Nob","floor":6,"turns":4},{"damage":12,"enemies":"Small Slimes","floor":8,"turns":3},{"damage":81,"enemies":"Lagavulin","floor":9,"turns":6},{"damage":34,"enemies":"3 Sentries","floor":11,"turns":2}],"seed_played":"-555538152158697851","potions_obtained":[{"floor":2,"key":"LiquidBronze"},{"floor":3,"key":"Fruit Juice"},{"floor":6,"key":"Dexterity Potion"},{"floor":8,"key":"hexamod:SoulburnPotion"}],"is_trial":false,"path_per_floor":["R","M","M","$","?","E","T","M","E","?","E"],"character_chosen":"THE_CHAMP","items_purchased":["champ:EndlessRage","champ:FaceSlap"],"campfire_rested":0,"item_purchase_floors":[4,4],"current_hp_per_floor":[99,99,99,89,89,69,69,57,26,26,0,0,0],"gold":522,"neow_bonus":"TEN_PERCENT_HP_BONUS","is_daily":false,"chose_seed":false,"campfire_upgraded":0,"win_rate":0.0,"timestamp":1614107428,"path_taken":["R","M","?","$","?","E","T","M","E","?","E"],"items_purchased_type":["Card","Card"],"build_version":"2020-12-22","purchased_purges":0,"victory":false,"max_hp_per_floor":[99,99,99,99,99,99,99,99,104,104,104,104,104],"card_choices":[{"not_picked":["champ:BladeFlurry","champ:HeartStrike"],"picked":"champ:AdrenalArmor","floor":2},{"not_picked":["champ:FocusedBerserking","champ:BringItOn"],"picked":"champ:PerfectedStrike","floor":3},{"not_picked":["champ:ShieldWall","champ:FancyFootwork"],"picked":"champ:TripleStrike","floor":4},{"not_picked":["champ:Lariat","champ:FaceSlap"],"picked":"champ:EndlessRage","floor":6},{"not_picked":["champ:Circumvent","champ:TornadoPunch"],"picked":"champ:BringItOn","floor":8},{"not_picked":["champ:IgnorePain","champ:Shatter"],"picked":"champ:ViciousMockery","floor":9}],"player_experience":692423,"relics_obtained":[{"floor":6,"key":"Tiny Chest"},{"floor":7,"key":"Happy Flower"},{"floor":9,"key":"Pocketwatch"}],"event_choices":[],"is_beta":false,"boss_relics":[],"items_purged_floors":[],"is_endless":false,"potions_floor_spawned":[2,3,6,8],"killed_by":"3 Sentries","ascension_level":0}}