{"host":"dyzdf8svqmiivg97","time":1614058303,"event":{"mods":["AchievementEnabler","BaseMod","Colored Map","DeckTracker","Minty Spire (QoL Compilation)","Quick Restart","Rare Cards Sparkle","SuperFastMode"],"gold_per_floor":[115,128,140,156,156,156,81,99,99,118,118,18,31,31,31,128,128,139,139,139,154,154,154,166,166,166,177,177,177,52,86,86,184,184,200,81,81,81,81,81,110,127,127,153,153,163,163,183,183,183,183],"floor_reached":50,"language":"KOR","playtime":927,"items_purged":["Strike_P","Establishment","Defend_P"],"score":961,"play_id":"f1252cee-be75-45a7-921b-4620ca45d18b","local_time":"20210223143143","is_ascension_mode":true,"campfire_choices":[{"data":"WheelKick","floor":6.0,"key":"SMITH"},{"data":"EmptyFist","floor":11.0,"key":"SMITH"},{"data":"FollowUp","floor":15.0,"key":"SMITH"},{"data":"Scrawl","floor":23.0,"key":"SMITH"},{"floor":25.0,"key":"REST"},{"floor":28.0,"key":"REST"},{"data":"Vigilance","floor":32.0,"key":"SMITH"},{"data":"Tantrum","floor":40.0,"key":"SMITH"},{"data":"Halt","floor":45.0,"key":"SMITH"},{"floor":47,"key":"REST"},{"data":"FearNoEvil","floor":49,"key":"SMITH"}],"circlet_count":0,"master_deck":["AscendersBane","Strike_P","Strike_P","Defend_P","Defend_P","Defend_P","Eruption+1","Vigilance+1","EmptyFist+1","WheelKick+1","Scrawl+1","Necronomicurse","Tantrum+1","FearNoEvil+1","Halt+1","CrushJoints+1"],"relics":["PureWater","Singing Bowl","Kunai","VioletLotus","Necronomicon","Gremlin Horn","Blue Candle","Cursed Key","Potion Belt","Regal Pillow"],"acts_visited":["Exordium","TheCity","TheBeyond"],"potions_floor_usage":[46,46,50,50],"damage_taken":[{"damage":1.0,"enemies":"Small Slimes","floor":1.0,"turns":3.0},{"damage":0.0,"enemies":"Cultist","floor":2.0,"turns":3.0},{"damage":4.0,"enemies":"Jaw Worm","floor":3.0,"turns":3.0},{"damage":22.0,"enemies":"Exordium Wildlife","floor":4.0,"turns":3.0},{"damage":0.0,"enemies":"Red Slaver","floor":8.0,"turns":1.0},{"damage":12.0,"enemies":"Large Slime","floor":10.0,"turns":3.0},{"damage":0.0,"enemies":"Looter","floor":13.0,"turns":1.0},{"damage":4.0,"enemies":"Slime Boss","floor":16.0,"turns":5.0},{"damage":5.0,"enemies":"2 Thieves","floor":18.0,"turns":3.0},{"damage":6.0,"enemies":"Chosen","floor":21.0,"turns":4.0},{"damage":18.0,"enemies":"Centurion and Healer","floor":24.0,"turns":4.0},{"damage":3.0,"enemies":"3 Cultists","floor":27.0,"turns":3.0},{"damage":0.0,"enemies":"Slavers","floor":31.0,"turns":2.0},{"damage":26.0,"enemies":"Automaton","floor":33.0,"turns":6.0},{"damage":4.0,"enemies":"3 Shapes","floor":35.0,"turns":3.0},{"damage":0.0,"enemies":"Giant Head","floor":41.0,"turns":3.0},{"damage":0.0,"enemies":"Orb Walker","floor":42.0,"turns":1.0},{"damage":0.0,"enemies":"Reptomancer","floor":44.0,"turns":2.0},{"damage":42,"enemies":"Transient","floor":46,"turns":5},{"damage":0,"enemies":"4 Shapes","floor":48,"turns":2},{"damage":83,"enemies":"Time Eater","floor":50,"turns":3}],"seed_played":"-2296975830759516484","potions_obtained":[{"floor":3.0,"key":"DistilledChaos"},{"floor":10.0,"key":"AttackPotion"},{"floor":13.0,"key":"Explosive Potion"},{"floor":20.0,"key":"DuplicationPotion"},{"floor":20.0,"key":"StancePotion"},{"floor":44.0,"key":"Weak Potion"},{"floor":46,"key":"PowerPotion"}],"is_trial":false,"path_per_floor":["M","M","M","M","?","R","$","M","T","M","R","$","M","?","R","B",null,"M","?","?","M","?","R","M","R","T","M","R","?","$","E","R","B",null,"M","$","?","$","?","R","E","M","T","E","R","M","R","M","R","B"],"character_chosen":"WATCHER","items_purchased":["Tantrum","FearNoEvil"],"campfire_rested":3,"item_purchase_floors":[36,36],"current_hp_per_floor":[64,64,60,38,38,38,38,38,38,28,28,28,30,27,27,23,63,60,60,60,56,40,40,24,48,48,47,72,72,72,74,74,50,79,77,77,77,77,77,77,79,81,81,81,81,39,82,84,84,1,1],"gold":183,"neow_bonus":"ONE_RANDOM_RARE_CARD","is_daily":false,"chose_seed":false,"campfire_upgraded":8,"win_rate":0.0,"timestamp":1614058303,"path_taken":["M","M","M","M","?","R","$","M","T","M","R","$","?","?","R","BOSS","M","?","?","?","?","R","M","R","T","M","R","?","$","E","R","BOSS","M","$","?","$","?","R","E","M","T","E","R","M","R","M","R","BOSS"],"items_purchased_type":["Card","Card"],"build_version":"2020-12-22","purchased_purges":3,"victory":false,"max_hp_per_floor":[72,72,72,72,72,72,72,72,72,74,74,74,76,76,76,76,76,78,78,78,80,80,80,82,82,82,84,84,84,84,86,86,88,88,90,90,90,90,90,90,92,94,94,94,94,94,94,96,96,96,96],"card_choices":[{"not_picked":["Evaluate","Nirvana"],"picked":"FollowUp","floor":1.0},{"not_picked":["BattleHymn","PathToVictory"],"picked":"EmptyFist","floor":2.0},{"not_picked":["Evaluate","WreathOfFlame","Protect"],"picked":"SKIP","floor":3.0},{"not_picked":["JustLucky","FollowUp"],"picked":"WheelKick","floor":4.0},{"not_picked":["Worship","ReachHeaven","CrushJoints"],"picked":"SKIP","floor":8.0},{"not_picked":["EmptyFist","Consecrate","Pray"],"picked":"Singing Bowl","floor":10.0},{"not_picked":["Perseverance","Protect","Sanctity"],"picked":"Singing Bowl","floor":13.0},{"not_picked":["Brilliance","Devotion"],"picked":"Scrawl","floor":16.0},{"not_picked":["EmptyMind","FlyingSleeves+1","Evaluate"],"picked":"Singing Bowl","floor":18.0},{"not_picked":["Wireheading","Halt","ForeignInfluence"],"picked":"Singing Bowl","floor":21.0},{"not_picked":["EmptyBody","CutThroughFate","JustLucky"],"picked":"Singing Bowl","floor":24.0},{"not_picked":["WreathOfFlame","SashWhip","Halt"],"picked":"Singing Bowl","floor":27.0},{"not_picked":["WreathOfFlame","Omniscience","WaveOfTheHand"],"picked":"Singing Bowl","floor":31.0},{"not_picked":["MasterReality","Judgement","DevaForm"],"picked":"Singing Bowl","floor":33.0},{"not_picked":["DeceiveReality","Halt","EmptyBody+1"],"picked":"Singing Bowl","floor":35.0},{"not_picked":["FlurryOfBlows","Evaluate","EmptyBody"],"picked":"Singing Bowl","floor":41.0},{"not_picked":["ClearTheMind","ForeignInfluence","Evaluate+1"],"picked":"Singing Bowl","floor":42.0},{"not_picked":["FlyingSleeves","Devotion"],"picked":"Halt","floor":44.0},{"not_picked":["Conclude+1","ClearTheMind"],"picked":"CrushJoints+1","floor":46},{"not_picked":["ReachHeaven+1","JustLucky","WheelKick+1"],"picked":"Singing Bowl","floor":48}],"player_experience":594255,"relics_obtained":[{"floor":9.0,"key":"Singing Bowl"},{"floor":22.0,"key":"Necronomicon"},{"floor":26.0,"key":"Gremlin Horn"},{"floor":31.0,"key":"Blue Candle"},{"floor":41.0,"key":"Potion Belt"},{"floor":44.0,"key":"Regal Pillow"}],"event_choices":[{"damage_healed":0.0,"max_hp_gain":0.0,"max_hp_loss":0.0,"gold_gain":0.0,"event_name":"Upgrade Shrine","player_choice":"Upgraded","floor":5.0,"gold_loss":0.0,"damage_taken":0.0,"cards_upgraded":["Eruption"]},{"damage_healed":0.0,"max_hp_gain":0.0,"max_hp_loss":0.0,"gold_gain":0.0,"event_name":"Scrap Ooze","player_choice":"Success","floor":14.0,"gold_loss":0.0,"damage_taken":3.0,"relics_obtained":["Kunai"]},{"damage_healed":0.0,"max_hp_gain":0.0,"max_hp_loss":0.0,"gold_gain":0.0,"event_name":"Vampires","player_choice":"Ignored","floor":19.0,"gold_loss":0.0,"damage_taken":0.0},{"damage_healed":0.0,"max_hp_gain":0.0,"max_hp_loss":0.0,"gold_gain":0.0,"event_name":"Lab","player_choice":"Got Potions","floor":20.0,"gold_loss":0.0,"damage_taken":0.0},{"damage_healed":0.0,"max_hp_gain":0.0,"max_hp_loss":0.0,"gold_gain":0.0,"event_name":"Cursed Tome","player_choice":"Obtained Book","floor":22.0,"gold_loss":0.0,"damage_taken":16.0},{"cards_removed":["Strike_P"],"damage_healed":0.0,"max_hp_gain":0.0,"max_hp_loss":0.0,"gold_gain":0.0,"event_name":"Back to Basics","player_choice":"Elegance","floor":29.0,"gold_loss":0.0,"damage_taken":0.0},{"cards_removed":["FollowUp"],"damage_healed":0.0,"max_hp_gain":0.0,"max_hp_loss":0.0,"gold_gain":0.0,"event_name":"Falling","player_choice":"Removed Attack","floor":37.0,"gold_loss":0.0,"damage_taken":0.0},{"damage_healed":0.0,"max_hp_gain":0.0,"max_hp_loss":0.0,"gold_gain":0.0,"event_name":"The Woman in Blue","player_choice":"Bought 0 Potions","floor":39.0,"gold_loss":0.0,"damage_taken":0.0}],"is_beta":false,"boss_relics":[{"not_picked":["Runic Pyramid","Coffee Dripper"],"picked":"VioletLotus"},{"not_picked":["Philosopher\u0027s Stone","Runic Dome"],"picked":"Cursed Key"}],"items_purged_floors":[7,12,30],"is_endless":false,"potions_floor_spawned":[3,10,13,21,35,44,46],"killed_by":"Time Eater","ascension_level":12}}