{"host":"r4yhuzs0e1z69tr3","time":1614054352,"event":{"mods":["BaseMod","Minty Spire (QoL Compilation)","Rare Cards Sparkle"],"gold_per_floor":[119,119,119,139,63,63,77,77,77,152,167,186,205,205,205],"floor_reached":14,"language":"ENG","playtime":422,"items_purged":[],"score":86,"play_id":"8d9ca1d3-141b-45ed-bad0-52d21d73a022","local_time":"20210222232552","is_ascension_mode":true,"campfire_choices":[{"data":"WindmillStrike","floor":6,"key":"SMITH"},{"data":"Eruption","floor":8,"key":"SMITH"}],"circlet_count":0,"master_deck":["Strike_P","Strike_P","Strike_P","Strike_P","Defend_P","Defend_P","Defend_P","Eruption+1","Vigilance","CurseOfTheBell","FlyingSleeves","WindmillStrike+1","TalkToTheHand","CrushJoints","Indignation","WreathOfFlame","Meditate"],"relics":["Calling Bell","Regal Pillow","Pear","Ginger","Ornamental Fan"],"acts_visited":["Exordium"],"potions_floor_usage":[12,13],"damage_taken":[{"damage":5,"enemies":"Small Slimes","floor":1,"turns":4},{"damage":6,"enemies":"2 Louse","floor":4,"turns":3},{"damage":6,"enemies":"Jaw Worm","floor":7,"turns":4},{"damage":8,"enemies":"2 Fungi Beasts","floor":11,"turns":3},{"damage":8,"enemies":"Looter","floor":12,"turns":5},{"damage":9,"enemies":"Large Slime","floor":13,"turns":6},{"damage":42,"enemies":"Lagavulin","floor":14,"turns":6}],"seed_played":"-5650959936683149549","potions_obtained":[{"floor":7,"key":"Regen Potion"},{"floor":11,"key":"Block Potion"}],"is_trial":false,"path_per_floor":["M","?","?","M","$","R","M","R","T","?","M","M","M","E"],"character_chosen":"WATCHER","items_purchased":["TalkToTheHand"],"campfire_rested":0,"item_purchase_floors":[5],"current_hp_per_floor":[77,70,70,64,64,64,58,58,58,47,39,45,36,0,0],"gold":205,"neow_bonus":"BOSS_RELIC","is_daily":false,"chose_seed":false,"campfire_upgraded":2,"win_rate":0.0,"timestamp":1614054352,"path_taken":["M","?","?","M","$","R","M","R","T","?","M","?","M","E"],"items_purchased_type":["Card"],"build_version":"2020-12-22","purchased_purges":0,"victory":false,"max_hp_per_floor":[82,82,82,82,82,82,82,82,82,82,82,82,82,82,82],"card_choices":[{"not_picked":["LikeWater","Study"],"picked":"FlyingSleeves","floor":1},{"not_picked":["PathToVictory","SashWhip"],"picked":"WindmillStrike","floor":4},{"not_picked":["Alpha","SashWhip"],"picked":"CrushJoints","floor":7},{"not_picked":["EmptyMind","SignatureMove"],"picked":"Indignation","floor":11},{"not_picked":["Protect","WheelKick"],"picked":"WreathOfFlame","floor":12},{"not_picked":["ClearTheMind","BowlingBash"],"picked":"Meditate","floor":13}],"player_experience":171736,"relics_obtained":[{"floor":0,"key":"Regal Pillow"},{"floor":0,"key":"Pear"},{"floor":0,"key":"Ginger"},{"floor":9,"key":"Ornamental Fan"}],"event_choices":[{"cards_removed":["Defend_P"],"damage_healed":0,"gold_gain":0,"player_choice":"Card Removal","damage_taken":7,"max_hp_gain":0,"max_hp_loss":0,"event_name":"Golden Wing","floor":2,"gold_loss":0},{"damage_healed":0,"gold_gain":0,"player_choice":"Ignored","damage_taken":0,"max_hp_gain":0,"max_hp_loss":0,"event_name":"Golden Idol","floor":3,"gold_loss":0},{"damage_healed":0,"gold_gain":75,"player_choice":"Gather Gold","damage_taken":11,"max_hp_gain":0,"max_hp_loss":0,"event_name":"World of Goop","floor":10,"gold_loss":0}],"is_beta":false,"boss_relics":[],"items_purged_floors":[],"is_endless":false,"potions_floor_spawned":[7,11],"killed_by":"Lagavulin","ascension_level":1}}