{"host":"117k4jqr844m944g","time":1614056524,"event":{"mods":["BaseMod","Downfall","Minty Spire (QoL Compilation)","StSLib","UnlockEverythingMod"],"gold_per_floor":[99,114,129,148,160,310,310,210,233,233,257,282,457,476,488,587,587,587,599,599,599,614,304,380,392,412,443,456,469,469,503,513,615,615,615,632,632,647,657,689,715,726,741,734,634,665,565,565,583,583,583,616,35,35,35,35,35,35],"floor_reached":56,"language":"ZHS","playtime":3387,"items_purged":["Normality","downfall:Malfunctioning"],"score":1002,"play_id":"b469dde3-523e-42fe-ba38-4e222ab7c638","local_time":"20210223130204","is_ascension_mode":true,"campfire_choices":[{"data":"bronze:Goto","floor":1.0,"key":"SMITH"},{"data":"bronze:GetLatest","floor":8.0,"key":"SMITH"},{"data":"bronze:ClassDefault","floor":18.0,"key":"SMITH"},{"floor":30.0,"key":"REST"},{"data":"bronze:Mutator","floor":35.0,"key":"SMITH"},{"floor":45.0,"key":"RECALL"},{"data":"bronze:Library","floor":47.0,"key":"SMITH"},{"floor":54.0,"key":"REST"}],"circlet_count":0,"master_deck":["bronze:Replicate","bronze:Goto+1","bronze:GetLatest+1","bronze:OilSpill+1","downfall:Icky","bronze:ClassDefault+1","Doubt","bronze:Terminator","bronze:Virus","bronze:Allocate","bronze:Goto+1","bronze:GetLatest+1","bronze:MaxOutput","bronze:Optimize","bronze:BitShift+1","bronze:Library+1","bronze:Turbo","bronze:Philosophize","bronze:ForceShield","bronze:Mutator+1","bronze:MaxOutput","bronze:BurnOut","bronze:Return","bronze:Repair","bronze:Verify","bronze:Repair","bronze:SpaghettiCode","bronze:HyperBeam","bronze:BuggyMess+1","bronze:Frontload","bronze:Repulsor","bronze:Goto+1","bronze:MaxOutput","bronze:GetLatest+1","bronze:Shell+1","bronze:FindAndReplace"],"relics":["expansioncontent:StudyCardRelic","downfall:HeartBlessingBlue","Odd Mushroom","Bronze Scales","Du-Vu Doll","Runic Dome","TheAbacus","Kunai","Pen Nib","Orichalcum","Pandora\u0027s Box","Girya","Nunchaku","DollysMirror","downfall:HeartBlessingGreen","bronze:Timepiece","downfall:HeartBlessingRed","Lantern","Medical Kit","Centennial Puzzle"],"acts_visited":["Exordium","TheCity","TheBeyond","TheEnding"],"potions_floor_usage":[56,56,56],"damage_taken":[{"damage":0.0,"enemies":"Cultist","floor":2.0,"turns":4.0},{"damage":2.0,"enemies":"Jaw Worm","floor":3.0,"turns":3.0},{"damage":1.0,"enemies":"2 Louse","floor":4.0,"turns":2.0},{"damage":7.0,"enemies":"2 Fungi Beasts","floor":5.0,"turns":4.0},{"damage":4.0,"enemies":"The Mushroom Lair","floor":9.0,"turns":4.0},{"damage":5.0,"enemies":"Gremlin Nob","floor":12.0,"turns":3.0},{"damage":10.0,"enemies":"downfall:LooterAlt","floor":14.0,"turns":3.0},{"damage":7.0,"enemies":"3 Louse","floor":15.0,"turns":2.0},{"damage":22.0,"enemies":"IC_STATUS_ARCHETYPE","floor":16.0,"turns":5.0},{"damage":18.0,"enemies":"Spheric Guardian","floor":19.0,"turns":4.0},{"damage":20.0,"enemies":"Shell Parasite","floor":22.0,"turns":3.0},{"damage":6.0,"enemies":"downfall:FleeingMerchant","floor":23.0,"turns":4.0},{"damage":0.0,"enemies":"Sentry and Sphere","floor":25.0,"turns":2.0},{"damage":10.0,"enemies":"Cultist and Chosen","floor":26.0,"turns":3.0},{"damage":0.0,"enemies":"Gremlin Leader","floor":27.0,"turns":2.0},{"damage":8.0,"enemies":"Chosen and Byrds","floor":28.0,"turns":3.0},{"damage":13.0,"enemies":"Snake Plant","floor":29.0,"turns":3.0},{"damage":7.0,"enemies":"Slavers","floor":31.0,"turns":2.0},{"damage":12.0,"enemies":"Snecko","floor":32.0,"turns":3.0},{"damage":0.0,"enemies":"WA_ARCHETYPE_CALM","floor":33.0,"turns":4.0},{"damage":43.0,"enemies":"3 Darklings","floor":36.0,"turns":4.0},{"damage":0.0,"enemies":"3 Shapes","floor":38.0,"turns":2.0},{"damage":17.0,"enemies":"Spire Growth","floor":39.0,"turns":5.0},{"damage":6.0,"enemies":"Reptomancer","floor":40.0,"turns":4.0},{"damage":10.0,"enemies":"3 Darklings","floor":42.0,"turns":4.0},{"damage":17.0,"enemies":"Jaw Worm Horde","floor":43.0,"turns":4.0},{"damage":0.0,"enemies":"downfall:FleeingMerchant","floor":44.0,"turns":4.0},{"damage":28.0,"enemies":"Giant Head","floor":46.0,"turns":6.0},{"damage":4.0,"enemies":"Transient","floor":49.0,"turns":5.0},{"damage":39.0,"enemies":"DF_ARCHETYPE_ORBS","floor":50.0,"turns":5.0},{"damage":70.0,"enemies":"downfall:CharBossMerchant","floor":52.0,"turns":8.0},{"damage":11.0,"enemies":"downfall:NeowBoss","floor":55.0,"turns":7.0},{"damage":73,"enemies":"downfall:NeowBossFinal","floor":56,"turns":3}],"seed_played":"-6336514910498661825","potions_obtained":[{"floor":4.0,"key":"bronze:BurnAndBuffPotion"},{"floor":9.0,"key":"ColorlessPotion"},{"floor":14.0,"key":"DuplicationPotion"},{"floor":15.0,"key":"EssenceOfSteel"},{"floor":25.0,"key":"Guardian:BlockOnCardUsePotion"},{"floor":31.0,"key":"bronze:FreeFunctionsPotion"},{"floor":40.0,"key":"BlessingOfTheForge"}],"is_trial":false,"path_per_floor":["R","M","M","M","M","?","T","R","?","?","T","E","?","M","M","B",null,"R","M","?","?","M","$","T","M","M","E","M","M","R","E","M","B",null,"R","M","?","M","M","E","T","M","M","$","R","E","R","?","M","B",null,"E","$","R","B","B"],"character_chosen":"THE_AUTOMATON","items_purchased":["TheAbacus","bronze:MaxOutput","DollysMirror","bronze:MaxOutput","Medical Kit","bronze:FindAndReplace","SkillPotion","Centennial Puzzle","LiquidMemories"],"campfire_rested":2,"item_purchase_floors":[23,23,44,44,53,53,53,53,53],"current_hp_per_floor":[70,70,68,67,60,60,60,70,66,66,66,61,61,51,44,22,80,80,62,62,62,42,36,36,36,26,26,18,5,29,22,10,10,80,80,54,54,54,51,52,52,49,46,46,46,35,35,35,45,6,80,22,22,46,42,0,0,0],"gold":35,"neow_bonus":"BOSS_RELIC","is_daily":false,"chose_seed":false,"campfire_upgraded":5,"win_rate":0.0,"timestamp":1614056524,"path_taken":["R","M","M","M","?","?","T","R","?","?","?","E","?","M","M","BOSS","R","M","?","?","M","$","T","M","M","E","M","?","R","E","M","BOSS","R","M","?","M","?","E","T","M","M","$","R","E","R","?","M","BOSS","E","$","R","BOSS","BOSS"],"items_purchased_type":["Relic","Card","Relic","Card","Relic","Card","Potion","Relic","Potion"],"build_version":"2020-12-22","purchased_purges":2,"victory":false,"max_hp_per_floor":[70,70,70,70,70,70,70,80,80,80,80,80,80,80,80,80,80,80,80,80,80,80,80,80,80,80,80,80,80,80,80,80,80,80,80,80,80,80,80,80,80,80,80,80,80,80,80,80,80,80,80,80,80,80,80,80,80,80],"card_choices":[{"not_picked":["bronze:DelayedSlice","bronze:Overheat","bronze:ItsAFeature"],"picked":"SKIP","floor":2.0},{"not_picked":["bronze:WildBeam","bronze:BronzeOrb"],"picked":"bronze:GetLatest","floor":3.0},{"not_picked":["bronze:BugBarrage","bronze:BronzeArmor"],"picked":"bronze:OilSpill","floor":4.0},{"not_picked":["bronze:Shield","bronze:Constructor","bronze:Allocate"],"picked":"SKIP","floor":5.0},{"not_picked":["bronze:HardenedForm","bronze:Repulsor"],"picked":"bronze:ClassDefault","floor":12.0},{"not_picked":["bronze:DelayedGuard","bronze:Branch"],"picked":"bronze:Terminator","floor":14.0},{"not_picked":["bronze:WildBeam","bronze:Branch"],"picked":"bronze:BugBarrage","floor":15.0},{"not_picked":["bronze:Assembly","bronze:InfiniteLoop"],"picked":"bronze:Virus","floor":16.0},{"not_picked":["bronze:WildBeam+1","bronze:BitShift+1","bronze:Separator"],"picked":"SKIP","floor":19.0},{"not_picked":["bronze:ClassDefault","bronze:Constructor","bronze:Fortify"],"picked":"SKIP","floor":22.0},{"not_picked":["bronze:Backtrace","bronze:Deprecate","bronze:ClassDefault+1"],"picked":"SKIP","floor":23.0},{"not_picked":["bronze:OilSpill","bronze:Shield","bronze:Optimize"],"picked":"SKIP","floor":25.0},{"not_picked":["bronze:OilSpill","bronze:Shield"],"picked":"bronze:Optimize","floor":25.0},{"not_picked":["bronze:CutThrough","bronze:DigitalCarnage"],"picked":"bronze:BitShift+1","floor":26.0},{"not_picked":["bronze:BuggyMess","bronze:DelayedSlice"],"picked":"bronze:Library","floor":27.0},{"not_picked":["bronze:DelayedGuard","bronze:Separator","bronze:GetLatest"],"picked":"SKIP","floor":28.0},{"not_picked":["bronze:Invalidate+1","bronze:WhirlingStrike"],"picked":"bronze:Turbo","floor":29.0},{"not_picked":["bronze:BitShift","bronze:DelayedGuard"],"picked":"bronze:Philosophize","floor":31.0},{"not_picked":["bronze:WildBeam","bronze:CutThrough"],"picked":"bronze:ForceShield","floor":32.0},{"not_picked":["bronze:Break","bronze:ShipIt"],"picked":"bronze:Mutator","floor":33.0},{"not_picked":["bronze:Backtrace","bronze:Turbo"],"picked":"bronze:BuggyMess+1","floor":36.0},{"not_picked":["bronze:Constructor","bronze:DelayedGuard+1"],"picked":"bronze:Frontload","floor":38.0},{"not_picked":["bronze:MaxOutput","bronze:DigitalCarnage","bronze:Flail"],"picked":"SKIP","floor":39.0},{"not_picked":["bronze:ShipIt","bronze:Constructor+1","bronze:Boost"],"picked":"SKIP","floor":40.0},{"not_picked":["bronze:Repair","bronze:OilSpill","bronze:Overheat+1"],"picked":"SKIP","floor":42.0},{"not_picked":["bronze:FollowUp","bronze:Allocate"],"picked":"bronze:Repulsor","floor":43.0},{"not_picked":["bronze:Flail+1","bronze:CutThrough+1","bronze:ForLoop+1"],"picked":"SKIP","floor":44.0},{"not_picked":["bronze:Iterate+1","bronze:Constructor"],"picked":"bronze:GetLatest+1","floor":46.0},{"not_picked":["bronze:Flail","bronze:DelayedGuard+1"],"picked":"bronze:Shell+1","floor":49.0},{"not_picked":["bronze:Frontload+1","bronze:OilSpill","bronze:DelayedGuard"],"picked":"SKIP","floor":52.0}],"player_experience":124489,"relics_obtained":[{"floor":9.0,"key":"Odd Mushroom"},{"floor":11.0,"key":"Bronze Scales"},{"floor":12.0,"key":"Du-Vu Doll"},{"floor":24.0,"key":"Kunai"},{"floor":27.0,"key":"Pen Nib"},{"floor":31.0,"key":"Orichalcum"},{"floor":40.0,"key":"Girya"},{"floor":41.0,"key":"Nunchaku"},{"floor":46.0,"key":"bronze:Timepiece"},{"floor":52.0,"key":"Lantern"}],"event_choices":[{"damage_healed":0.0,"max_hp_gain":0.0,"max_hp_loss":0.0,"gold_gain":0.0,"event_name":"Mushrooms","player_choice":"Fought Mushrooms","floor":9.0,"gold_loss":0.0,"damage_taken":0.0},{"damage_healed":0.0,"max_hp_gain":0.0,"max_hp_loss":0.0,"gold_gain":0.0,"event_name":"The Library","player_choice":"Read","floor":20.0,"gold_loss":0.0,"damage_taken":0.0,"cards_obtained":["bronze:Allocate"]},{"damage_healed":0.0,"max_hp_gain":0.0,"max_hp_loss":0.0,"gold_gain":0.0,"event_name":"Lab","player_choice":"Got Potions","floor":37.0,"gold_loss":0.0,"damage_taken":0.0},{"cards_removed":["bronze:BugBarrage"],"damage_healed":0.0,"max_hp_gain":0.0,"max_hp_loss":0.0,"gold_gain":0.0,"event_name":"Falling","player_choice":"Removed Attack","floor":48.0,"gold_loss":0.0,"damage_taken":0.0}],"is_beta":false,"boss_relics":[{"not_picked":["Coffee Dripper","Fusion Hammer"],"picked":"Runic Dome"},{"not_picked":["SlaversCollar","Busted Crown"],"picked":"Pandora\u0027s Box"}],"items_purged_floors":[23,44],"is_endless":false,"potions_floor_spawned":[4,9,14,15,19,25,28,29,31,33,40,43,49,52],"killed_by":"downfall:NeowBossFinal","ascension_level":3}}