{"host":"ucui2dhitt7z24xz","time":1614096099,"event":{"mods":["2.2 Compatiblity","AchievementEnabler","Act Like it!","AlwaysNeverKeys","Aspiration","BaseMod","Better Altar","Better Match","Better Note","Better Sensory Stone","Better Skull","Better Synergies","Better Third Choice","Block Reminder","Colored Map","Conspire","Dark Map","Disable Question Mark Monsters","GifTheSpireLib","Halation","Hubris","Infinite Spire","Jedi Mod","Marked Mod","Minty Spire (QoL Compilation)","Pale of the Ancients","Permanent Neow","Random Character Button","Rare Cards Sparkle","Relic Filter","Reliquary","Replay The Spire","SCP261 Mod","Spicy Shops","Spikes Relics","Spire Arcade","StSLib","Stuff the Spire","The Blue Laboratory","Wandering Minibosses"],"gold_per_floor":[118,43,43,8,28,63,63,83,129,149,164,38,67,67,67,170,170,189,189,207,207,207,207,207],"floor_reached":23,"language":"ENG","playtime":1175,"items_purged":["Strike_R"],"score":199,"play_id":"669c7374-887c-43e6-8303-00ece89886ee","local_time":"20210223110139","is_ascension_mode":false,"campfire_choices":[{"data":"Run Through","floor":7,"key":"SMITH"},{"data":"Double Tap","floor":15,"key":"SMITH"}],"circlet_count":0,"master_deck":["Strike_R","Strike_R","Strike_R","Strike_R","Defend_R","Defend_R","Defend_R","Defend_R","Bash","Dual Wield+1","Run Through+1","Double Tap+1","Pommel Strike"],"relics":["halation:PlatinumPhoenix","ReplayTheSpireMod:Lightbulb","Blue Doll","Dream Catcher","halation:PinkSoulGem","aspiration:PoetsPen_weak"],"acts_visited":["Exordium","TheCity"],"potions_floor_usage":[6,13,18,23,23],"damage_taken":[{"damage":1,"enemies":"Jaw Worm","floor":1,"turns":4},{"damage":0,"enemies":"Cultist","floor":5,"turns":2},{"damage":18,"enemies":"Lagavulin","floor":6,"turns":5},{"damage":0,"enemies":"Small Slimes","floor":8,"turns":2},{"damage":4,"enemies":"conspire:2 RoseBushes","floor":10,"turns":3},{"damage":12,"enemies":"Blue Slaver","floor":11,"turns":3},{"damage":8,"enemies":"Replay:BlueRogue","floor":13,"turns":4},{"damage":16,"enemies":"Fading Forest","floor":16,"turns":11},{"damage":20,"enemies":"2 Thieves","floor":18,"turns":3},{"damage":0,"enemies":"Chosen","floor":20,"turns":3},{"damage":65,"enemies":"Nightmare","floor":23,"turns":5}],"seed_played":"-7726622974647220417","potions_obtained":[{"floor":5,"key":"blueLaboratory:BottleOfVodka"},{"floor":6,"key":"ElixirPotion"},{"floor":10,"key":"jedi:StrikingPotion"},{"floor":18,"key":"SCP261:PenguinPunchPotion"}],"is_trial":false,"path_per_floor":["M","?","?","$","M","E","R","M","T","M","M","$","E","?","R","B",null,"M","?","M","T","?","NM"],"character_chosen":"IRONCLAD","items_purchased":["Run Through","blueLaboratory:AbyssPotion"],"campfire_rested":0,"item_purchase_floors":[4,12],"current_hp_per_floor":[79,79,79,79,79,61,61,61,61,57,45,45,37,37,37,29,80,60,60,60,60,60,0,0],"gold":207,"neow_bonus":"BOSS_RELIC","is_daily":false,"chose_seed":false,"campfire_upgraded":2,"win_rate":0.0,"timestamp":1614096099,"path_taken":["M","?","?","?","?","E","R","M","T","M","?","?","E","?","R","BOSS","M","?","?","?","?","NM"],"items_purchased_type":["Card","Potion"],"build_version":"2020-12-22","purchased_purges":1,"victory":false,"max_hp_per_floor":[80,80,80,80,80,80,80,80,80,80,80,80,80,80,80,80,80,80,80,80,80,80,80,80],"card_choices":[{"not_picked":["Anger","Wild Strike"],"picked":"Dual Wield","floor":1},{"not_picked":["Battle Trance","Infernal Blade","Rage"],"picked":"SKIP","floor":5},{"not_picked":["StuffTheSpire:Slingshot","StuffTheSpire:RagingBull"],"picked":"Double Tap","floor":6},{"not_picked":["Dual Wield","Armaments"],"picked":"Pommel Strike","floor":8},{"not_picked":["Flex","Wild Strike","hubris:CleavingFinish"],"picked":"SKIP","floor":10},{"not_picked":["Carnage","Twin Strike","Hemokinesis"],"picked":"SKIP","floor":11},{"not_picked":["Reckless Charge","conspire:Charge","Defy Death"],"picked":"SKIP","floor":13},{"not_picked":["jedi:fear","Havoc","StuffTheSpire:BloodClot"],"picked":"SKIP","floor":18},{"not_picked":["Defy Death+1","Run Through","Warcry"],"picked":"SKIP","floor":20}],"player_experience":710857,"relics_obtained":[{"floor":6,"key":"ReplayTheSpireMod:Lightbulb"},{"floor":9,"key":"Blue Doll"},{"floor":13,"key":"Dream Catcher"}],"event_choices":[{"damage_healed":0,"gold_gain":0,"player_choice":"2","damage_taken":0,"max_hp_gain":0,"max_hp_loss":0,"event_name":"betterMatch:BetterMatch","floor":2,"gold_loss":0,"cards_obtained":["betterMatch:RareCard"]},{"damage_healed":0,"gold_gain":0,"player_choice":"Grow","damage_taken":0,"max_hp_gain":0,"max_hp_loss":0,"event_name":"Living Wall","floor":3,"gold_loss":0,"cards_upgraded":["Dual Wield"]},{"damage_healed":0,"gold_gain":0,"player_choice":"Bought 0 Potions","damage_taken":0,"max_hp_gain":0,"max_hp_loss":0,"event_name":"The Woman in Blue","floor":19,"gold_loss":0},{"cards_removed":["Defend_R"],"damage_healed":0,"gold_gain":0,"player_choice":"Give","damage_taken":0,"max_hp_gain":0,"max_hp_loss":0,"event_name":"betterNote:BetterNote","floor":22,"gold_loss":0,"cards_obtained":["None"]}],"is_beta":false,"boss_relics":[{"not_picked":["Painkiller Herb","Ooze Armor"],"picked":"aspiration:PoetsPen_weak"}],"items_purged_floors":[12],"is_endless":false,"potions_floor_spawned":[5,6,10,18],"killed_by":"Nightmare","ascension_level":0}}