{"host":"2se5dq1do2gp0x9k","time":1614060473,"event":{"mods":["AchievementEnabler","BaseMod","Block Reminder","Colored Map","Colored Powertips","Minty Spire (QoL Compilation)","Relic Stats","StSLib","SuperFastMode"],"gold_per_floor":[119,131,1,17,17,42,42,53,53,67,93,111,111,141,141,141,141],"floor_reached":16,"language":"ENG","playtime":583,"items_purged":[],"score":224,"play_id":"3e614f6c-6fb0-4068-82fd-b2e848c2841e","local_time":"20210222220753","is_ascension_mode":true,"campfire_choices":[{"data":"Terror","floor":7,"key":"SMITH"},{"data":"Skewer","floor":13,"key":"SMITH"},{"data":"Dagger Spray","floor":15,"key":"SMITH"}],"circlet_count":0,"master_deck":["AscendersBane","Strike_G","Strike_G","Strike_G","Strike_G","Strike_G","Defend_G","Defend_G","Defend_G","Defend_G","Defend_G","Survivor","Neutralize","Skewer+1","Footwork","Well Laid Plans","Flying Knee","Terror+1","Pain","PiercingWail","Dagger Spray+1","Footwork","Blade Dance","Dash"],"relics":["Ring of the Snake","NeowsBlessing","WarpedTongs","Bottled Lightning","Blue Candle","HornCleat","Odd Mushroom"],"acts_visited":["Exordium"],"potions_floor_usage":[6,14],"damage_taken":[{"damage":0,"enemies":"Small Slimes","floor":1,"turns":1},{"damage":0,"enemies":"Cultist","floor":2,"turns":1},{"damage":0,"enemies":"2 Louse","floor":4,"turns":1},{"damage":5,"enemies":"Lagavulin","floor":6,"turns":10},{"damage":1,"enemies":"Exordium Wildlife","floor":8,"turns":4},{"damage":2,"enemies":"2 Fungi Beasts","floor":10,"turns":2},{"damage":20,"enemies":"3 Sentries","floor":11,"turns":8},{"damage":1,"enemies":"Blue Slaver","floor":12,"turns":3},{"damage":15,"enemies":"The Mushroom Lair","floor":14,"turns":5},{"damage":22,"enemies":"Hexaghost","floor":16,"turns":9}],"seed_played":"-2695109416985627368","potions_obtained":[{"floor":2,"key":"FearPotion"},{"floor":8,"key":"Fruit Juice"},{"floor":11,"key":"Ancient Potion"},{"floor":14,"key":"SteroidPotion"}],"is_trial":false,"path_per_floor":["M","M","$","M","?","E","R","M","T","M","E","M","R","?","R","B"],"character_chosen":"THE_SILENT","items_purchased":["Well Laid Plans","Flying Knee"],"campfire_rested":0,"item_purchase_floors":[3,3],"current_hp_per_floor":[59,59,59,59,59,54,54,53,53,51,31,30,30,20,20,0,0],"gold":141,"neow_bonus":"THREE_ENEMY_KILL","is_daily":false,"chose_seed":false,"campfire_upgraded":3,"win_rate":0.0,"timestamp":1614060473,"path_taken":["M","M","$","M","?","E","R","?","T","?","E","M","R","?","R","BOSS"],"items_purchased_type":["Card","Card"],"build_version":"2020-12-22","purchased_purges":0,"victory":false,"max_hp_per_floor":[66,66,66,66,66,66,66,66,66,66,66,66,66,71,71,71,71],"relic_stats":{"counters":[10,44],"Blue Candle":[4],"obtain_stats":[{"HornCleat":11,"NeowsBlessing":0,"Blue Candle":9,"Bottled Lightning":6,"Odd Mushroom":14,"Ring of the Snake":0,"WarpedTongs":5},{"HornCleat":7,"NeowsBlessing":0,"Blue Candle":5,"Bottled Lightning":4,"Odd Mushroom":9,"Ring of the Snake":0,"WarpedTongs":3},{"HornCleat":27,"NeowsBlessing":0,"Blue Candle":17,"Bottled Lightning":13,"Odd Mushroom":35,"Ring of the Snake":0,"WarpedTongs":3}],"Ring of the Snake":[20],"WarpedTongs":[41]},"card_choices":[{"not_picked":["Prepared","Quick Slash"],"picked":"Skewer","floor":1},{"not_picked":["Choke","Distraction"],"picked":"Footwork","floor":2},{"not_picked":["Dodge and Roll","Finisher"],"picked":"Terror","floor":4},{"not_picked":["A Thousand Cuts","Bane"],"picked":"PiercingWail","floor":6},{"not_picked":["Quick Slash","Reflex"],"picked":"Dagger Spray","floor":8},{"not_picked":["Leg Sweep","Setup"],"picked":"Footwork","floor":10},{"not_picked":["A Thousand Cuts","Crippling Poison"],"picked":"Blade Dance","floor":11},{"not_picked":["Catalyst","Eviscerate","Caltrops"],"picked":"SKIP","floor":12},{"not_picked":["Slice","Footwork"],"picked":"Dash","floor":14}],"player_experience":4126592,"relics_obtained":[{"floor":6,"key":"Bottled Lightning"},{"floor":9,"key":"Blue Candle"},{"floor":11,"key":"HornCleat"},{"floor":14,"key":"Odd Mushroom"}],"event_choices":[{"damage_healed":0,"gold_gain":0,"player_choice":"Rummage","damage_taken":0,"relics_obtained":["WarpedTongs"],"max_hp_gain":0,"max_hp_loss":0,"event_name":"Accursed Blacksmith","floor":5,"gold_loss":0,"cards_obtained":["Pain"]},{"damage_healed":0,"gold_gain":0,"player_choice":"Fought Mushrooms","damage_taken":0,"max_hp_gain":0,"max_hp_loss":0,"event_name":"Mushrooms","floor":14,"gold_loss":0}],"is_beta":false,"boss_relics":[],"items_purged_floors":[],"is_endless":false,"potions_floor_spawned":[2,8,11,14],"killed_by":"Hexaghost","ascension_level":20}}