{"host":"89iuq2p5kwriuwfq","time":1614101424,"event":{"mods":["BaseMod","Curses Come First","Custom Start","Minty Spire (QoL Compilation)","Permanent Neow","StSLib"],"gold_per_floor":[111,36,53,53,66,100,100,118,199,213,213,251,251,271,271,361,361,374,389,148,168,168,203,118,131,158,197,97,97,22,22,22,121,121,137,155,175,195,195,236,236,280,327,341,384,102,115,415,415,415],"floor_reached":51,"language":"ENG","playtime":2426,"items_purged":["Strike_G","Defend_G","Strike_G"],"score":1562,"play_id":"48f0b6dd-0ecb-4a62-b274-2f70663bbb98","local_time":"20210223173024","is_ascension_mode":true,"campfire_choices":[{"floor":13.0,"key":"REST"},{"data":"Catalyst","floor":15.0,"key":"SMITH"},{"floor":29.0,"key":"REST"},{"data":"Envenom","floor":32.0,"key":"SMITH"},{"data":"Night Terror","floor":41.0,"key":"SMITH"},{"data":"Adrenaline","floor":49,"key":"SMITH"}],"circlet_count":0,"master_deck":["AscendersBane","Strike_G","Defend_G","Defend_G","Survivor+1","Neutralize","Corpse Explosion","Deadly Poison","Catalyst","Blade Dance","Crippling Poison+1","Catalyst+1","Blade Dance","Dash","Envenom+1","Bouncing Flask","Prepared","Acrobatics","Ghostly","Ghostly","Ghostly","Prepared","Backflip","Night Terror+1","Adrenaline+1","Escape Plan","Prepared","Prepared"],"relics":["Ring of the Snake","Golden Idol","Mango","Question Card","Boot","Busted Crown","Snake Skull","Nunchaku","War Paint","Dream Catcher","Tough Bandages","HoveringKite","Matryoshka","Bag of Preparation","White Beast Statue","PreservedInsect","Torii","Medical Kit"],"acts_visited":["Exordium","TheCity","TheBeyond"],"potions_floor_usage":[50,50],"damage_taken":[{"damage":0.0,"enemies":"2 Louse","floor":1.0,"turns":2.0},{"damage":9.0,"enemies":"Jaw Worm","floor":3.0,"turns":5.0},{"damage":1.0,"enemies":"Small Slimes","floor":5.0,"turns":4.0},{"damage":8.0,"enemies":"Lagavulin","floor":6.0,"turns":6.0},{"damage":0.0,"enemies":"2 Fungi Beasts","floor":8.0,"turns":2.0},{"damage":5.0,"enemies":"Blue Slaver","floor":10.0,"turns":3.0},{"damage":15.0,"enemies":"Gremlin Nob","floor":12.0,"turns":4.0},{"damage":8.0,"enemies":"3 Louse","floor":14.0,"turns":2.0},{"damage":11.0,"enemies":"The Guardian","floor":16.0,"turns":7.0},{"damage":12.0,"enemies":"Shell Parasite","floor":18.0,"turns":2.0},{"damage":24.0,"enemies":"2 Thieves","floor":19.0,"turns":4.0},{"damage":14.0,"enemies":"Shelled Parasite and Fungi","floor":21.0,"turns":4.0},{"damage":5.0,"enemies":"Slavers","floor":23.0,"turns":4.0},{"damage":2.0,"enemies":"Chosen and Byrds","floor":25.0,"turns":4.0},{"damage":1.0,"enemies":"Book of Stabbing","floor":27.0,"turns":4.0},{"damage":1.0,"enemies":"Collector","floor":33.0,"turns":5.0},{"damage":0.0,"enemies":"3 Darklings","floor":35.0,"turns":2.0},{"damage":3.0,"enemies":"Orb Walker","floor":36.0,"turns":3.0},{"damage":0.0,"enemies":"4 Shapes","floor":37.0,"turns":3.0},{"damage":0.0,"enemies":"Maw","floor":38.0,"turns":3.0},{"damage":0.0,"enemies":"Giant Head","floor":40.0,"turns":5.0},{"damage":1.0,"enemies":"Reptomancer","floor":42.0,"turns":3.0},{"damage":0.0,"enemies":"Sphere and 2 Shapes","floor":44.0,"turns":4.0},{"damage":0.0,"enemies":"Nemesis","floor":45.0,"turns":3.0},{"damage":0,"enemies":"Writhing Mass","floor":47,"turns":3},{"damage":28,"enemies":"Donu and Deca","floor":50,"turns":5}],"seed_played":"7540958888449603214","potions_obtained":[{"floor":3.0,"key":"GhostInAJar"},{"floor":5.0,"key":"GamblersBrew"},{"floor":12.0,"key":"FearPotion"},{"floor":14.0,"key":"FearPotion"},{"floor":16.0,"key":"Dexterity Potion"},{"floor":19.0,"key":"EntropicBrew"},{"floor":33.0,"key":"Fire Potion"},{"floor":37.0,"key":"BlessingOfTheForge"},{"floor":42.0,"key":"PowerPotion"},{"floor":47,"key":"PowerPotion"}],"is_trial":false,"path_per_floor":["M","?","M","?","M","E","?","M","T","M","?","E","R","M","R","B",null,"M","M","$","M","?","E","?","M","T","E","$","R","?","?","R","B",null,"M","M","M","M","?","E","R","E","T","M","E","$","M","?","R","B",null],"character_chosen":"THE_SILENT","items_purchased":["Snake Skull","Medical Kit"],"campfire_rested":2,"item_purchase_floors":[20,46],"current_hp_per_floor":[59,59,50,27,26,32,25,25,25,20,20,5,29,21,21,10,63,51,27,27,13,13,8,8,6,6,5,5,17,17,17,17,16,34,34,31,31,31,31,31,31,30,30,30,30,30,30,30,30,2],"gold":415,"neow_bonus":"ONE_RANDOM_RARE_CARD","is_daily":false,"chose_seed":false,"campfire_upgraded":4,"win_rate":0.0,"timestamp":1614101424,"path_taken":["M","?","M","?","M","E","?","M","T","M","?","E","R","M","R","BOSS","M","M","$","M","?","E","?","M","T","E","$","R","?","?","R","BOSS","M","M","M","M","?","E","R","E","T","M","E","$","M","?","R","BOSS"],"items_purchased_type":["Relic","Relic"],"build_version":"2020-12-22","purchased_purges":3,"victory":true,"max_hp_per_floor":[66,66,66,66,66,80,80,80,80,80,80,80,80,80,80,80,80,80,80,80,80,40,40,40,40,40,40,40,40,40,40,40,40,40,40,40,40,40,40,40,40,40,40,40,40,40,40,40,40,40],"card_choices":[{"not_picked":["Flying Knee","Riddle With Holes"],"picked":"Deadly Poison","floor":1.0},{"not_picked":["Quick Slash","Blade Dance"],"picked":"Catalyst","floor":3.0},{"not_picked":["Dodge and Roll","Backflip"],"picked":"Blade Dance","floor":5.0},{"not_picked":["Reflex","Quick Slash"],"picked":"Crippling Poison","floor":6.0},{"not_picked":["Cloak And Dagger","Dagger Throw","Masterful Stab"],"picked":"SKIP","floor":8.0},{"not_picked":["Outmaneuver","Leg Sweep","Backflip"],"picked":"Catalyst","floor":10.0},{"not_picked":["Calculated Gamble","PiercingWail","Blur"],"picked":"Blade Dance","floor":12.0},{"not_picked":["Flying Knee","Acrobatics","Quick Slash"],"picked":"Dash","floor":14.0},{"not_picked":["Tools of the Trade","Adrenaline","A Thousand Cuts"],"picked":"Envenom","floor":16.0},{"not_picked":["Bane"],"picked":"Bouncing Flask","floor":18.0},{"not_picked":["Outmaneuver+1"],"picked":"Prepared","floor":19.0},{"not_picked":["Blade Dance"],"picked":"Acrobatics","floor":21.0},{"not_picked":["Dodge and Roll"],"picked":"Prepared","floor":23.0},{"not_picked":["Setup","All Out Attack"],"picked":"SKIP","floor":25.0},{"not_picked":["Riddle With Holes","Endless Agony"],"picked":"SKIP","floor":27.0},{"not_picked":["Accuracy"],"picked":"Backflip","floor":29.0},{"not_picked":["Die Die Die"],"picked":"Night Terror","floor":33.0},{"not_picked":["Backflip","Deadly Poison"],"picked":"SKIP","floor":35.0},{"not_picked":["Cloak And Dagger","Dodge and Roll"],"picked":"SKIP","floor":36.0},{"not_picked":["Catalyst"],"picked":"Adrenaline","floor":37.0},{"not_picked":["Outmaneuver","Distraction+1"],"picked":"SKIP","floor":38.0},{"not_picked":["Dodge and Roll","Eviscerate"],"picked":"SKIP","floor":40.0},{"not_picked":["Dash"],"picked":"Escape Plan","floor":42.0},{"not_picked":["Dagger Throw","Sucker Punch"],"picked":"SKIP","floor":44.0},{"not_picked":["Deflect"],"picked":"Prepared","floor":45.0},{"not_picked":["Dodge and Roll+1"],"picked":"Prepared","floor":47}],"player_experience":787823,"relics_obtained":[{"floor":6.0,"key":"Mango"},{"floor":9.0,"key":"Question Card"},{"floor":12.0,"key":"Boot"},{"floor":23.0,"key":"Nunchaku"},{"floor":26.0,"key":"Dream Catcher"},{"floor":27.0,"key":"Tough Bandages"},{"floor":40.0,"key":"Matryoshka"},{"floor":42.0,"key":"Bag of Preparation"},{"floor":43.0,"key":"White Beast Statue"},{"floor":43.0,"key":"PreservedInsect"},{"floor":45.0,"key":"Torii"}],"event_choices":[{"cards_removed":["Strike_G"],"damage_healed":0.0,"max_hp_gain":0.0,"max_hp_loss":0.0,"gold_gain":0.0,"event_name":"The Cleric","player_choice":"Card Removal","floor":2.0,"gold_loss":75.0,"damage_taken":0.0},{"damage_healed":0.0,"max_hp_gain":0.0,"max_hp_loss":0.0,"gold_gain":0.0,"event_name":"Golden Idol","player_choice":"Take Damage","floor":4.0,"gold_loss":0.0,"damage_taken":23.0,"relics_obtained":["Golden Idol"]},{"cards_removed":["Defend_G"],"damage_healed":0.0,"max_hp_gain":0.0,"max_hp_loss":0.0,"gold_gain":0.0,"event_name":"Golden Wing","player_choice":"Card Removal","floor":7.0,"gold_loss":0.0,"damage_taken":7.0},{"damage_healed":0.0,"max_hp_gain":0.0,"max_hp_loss":0.0,"gold_gain":0.0,"event_name":"Scrap Ooze","player_choice":"Fled","floor":11.0,"gold_loss":0.0,"damage_taken":0.0},{"damage_healed":0.0,"max_hp_gain":0.0,"max_hp_loss":40.0,"gold_gain":0.0,"event_name":"Ghosts","player_choice":"Became a Ghost","floor":22.0,"gold_loss":0.0,"damage_taken":0.0,"cards_obtained":["Ghostly","Ghostly","Ghostly"]},{"damage_healed":0.0,"max_hp_gain":0.0,"max_hp_loss":0.0,"gold_gain":0.0,"event_name":"Addict","player_choice":"Obtained Relic","floor":24.0,"gold_loss":85.0,"damage_taken":0.0,"relics_obtained":["War Paint"]},{"cards_removed":["Strike_G"],"damage_healed":0.0,"max_hp_gain":0.0,"max_hp_loss":0.0,"gold_gain":0.0,"event_name":"Beggar","player_choice":"Gave Gold","floor":30.0,"gold_loss":75.0,"damage_taken":0.0},{"damage_healed":0.0,"max_hp_gain":0.0,"max_hp_loss":0.0,"gold_gain":0.0,"event_name":"Vampires","player_choice":"Ignored","floor":31.0,"gold_loss":0.0,"damage_taken":0.0},{"cards_removed":["Defend_G"],"damage_healed":0.0,"max_hp_gain":0.0,"max_hp_loss":0.0,"gold_gain":0.0,"event_name":"Falling","player_choice":"Removed Skill","floor":39.0,"gold_loss":0.0,"damage_taken":0.0},{"damage_healed":0,"gold_gain":300,"player_choice":"Gold","damage_taken":0,"max_hp_gain":0,"max_hp_loss":0,"event_name":"Wheel of Change","floor":48,"gold_loss":0}],"is_beta":false,"boss_relics":[{"not_picked":["Runic Pyramid","Empty Cage"],"picked":"Busted Crown"},{"not_picked":["Calling Bell","Cursed Key"],"picked":"HoveringKite"}],"items_purged_floors":[20,28,46],"is_endless":false,"potions_floor_spawned":[3,5,12,14,16,19,33,37,42,44,45,47],"ascension_level":16}}