{"host":"4lch21uqe3ag08cj","time":1614043537,"event":{"mods":["AchievementEnabler","BaseMod","Block Reminder","Colored Map","Colored Powertips","Minty Spire (QoL Compilation)","Permanent Neow","Relic Stats"],"gold_per_floor":[112,112,126,143,159,186,199,199,199],"floor_reached":8,"language":"ENG","playtime":341,"items_purged":[],"score":78,"play_id":"2ef169f6-fb1b-40ba-a6bc-fb157110e61b","local_time":"20210222222537","is_ascension_mode":true,"campfire_choices":[],"circlet_count":0,"master_deck":["Strike_P","Strike_P","Strike_P","Strike_P","Defend_P","Defend_P","Defend_P","Eruption","Vigilance","CutThroughFate","MentalFortress","CutThroughFate","Adaptation","MentalFortress"],"relics":["SacredBark","Pen Nib"],"acts_visited":["Exordium"],"potions_floor_usage":[],"damage_taken":[{"damage":3.0,"enemies":"Jaw Worm","floor":1.0,"turns":4.0},{"damage":1.0,"enemies":"Cultist","floor":3.0,"turns":3.0},{"damage":7.0,"enemies":"2 Louse","floor":4.0,"turns":2.0},{"damage":18.0,"enemies":"Looter","floor":5.0,"turns":4.0},{"damage":16.0,"enemies":"Gremlin Nob","floor":6.0,"turns":4.0},{"damage":6.0,"enemies":"Red Slaver","floor":7.0,"turns":2.0},{"damage":9,"enemies":"3 Sentries","floor":8,"turns":4}],"seed_played":"-5170518470278436348","potions_obtained":[{"floor":3.0,"key":"SpeedPotion"},{"floor":5.0,"key":"GamblersBrew"},{"floor":6.0,"key":"Swift Potion"}],"is_trial":false,"path_per_floor":["M","?","M","M","M","E","M","E"],"character_chosen":"WATCHER","items_purchased":[],"campfire_rested":0,"item_purchase_floors":[],"current_hp_per_floor":[62,62,61,54,36,20,14,5,5],"gold":199,"neow_bonus":"BOSS_RELIC","is_daily":false,"chose_seed":false,"campfire_upgraded":0,"win_rate":0.0,"timestamp":1614043537,"path_taken":["M","?","M","M","M","E","M","E"],"items_purchased_type":[],"build_version":"2020-12-22","purchased_purges":0,"victory":false,"max_hp_per_floor":[72,72,72,72,72,72,72,72,72],"relic_stats":{"counters":[7,23],"Pen Nib":[0],"obtain_stats":[{"SacredBark":0,"Pen Nib":6,"PureWater":0},{"SacredBark":0,"Pen Nib":5,"PureWater":0},{"SacredBark":0,"Pen Nib":17,"PureWater":0}]},"card_choices":[{"not_picked":["Halt","SashWhip"],"picked":"CutThroughFate","floor":1.0},{"not_picked":["Pray","ThirdEye"],"picked":"CutThroughFate","floor":3.0},{"not_picked":["FlyingSleeves","Evaluate","ThirdEye"],"picked":"SKIP","floor":4.0},{"not_picked":["FollowUp","Devotion"],"picked":"Adaptation","floor":5.0},{"not_picked":["Prostrate","Pray","SignatureMove"],"picked":"SKIP","floor":6.0},{"not_picked":["JustLucky","CarveReality"],"picked":"MentalFortress","floor":7.0}],"player_experience":100526,"relics_obtained":[{"floor":6.0,"key":"Pen Nib"}],"event_choices":[{"damage_healed":0.0,"max_hp_gain":0.0,"max_hp_loss":0.0,"gold_gain":0.0,"cards_transformed":["Defend_P"],"event_name":"Transmorgrifier","player_choice":"Transformed","floor":2.0,"gold_loss":0.0,"damage_taken":0.0,"cards_obtained":["MentalFortress"]}],"is_beta":false,"boss_relics":[],"items_purged_floors":[],"is_endless":false,"potions_floor_spawned":[3,5,6],"killed_by":"3 Sentries","ascension_level":6}}