{"host":"bcfh1ntqgeyvyogo","time":1614092460,"event":{"mods":["BaseMod","Downfall","Minty Spire (QoL Compilation)","Quick Restart","Spicy Shops","StSLib"],"gold_per_floor":[99,118,118,118,118,145,145,55,40,68,68,83,96,111,127,224,224,224,239,20,20,40,58,82,93,93,93,93,93,125,125,135,231,231,231,242,242,242,5,5,57,67,43,78,105,105,5,15,35,35],"floor_reached":51,"language":"ZHS","playtime":2321,"items_purged":["sneckomod:SerpentMind"],"score":833,"play_id":"c7e2ffda-ea3e-469d-a8f4-8c4bc0f8af99","local_time":"20210223230100","daily_mods":["Vintage","Heirloom","Flight"],"is_ascension_mode":false,"campfire_choices":[{"floor":1,"key":"RECALL"},{"floor":11,"key":"REST"},{"data":"DevaForm","floor":18,"key":"SMITH"},{"data":"bronze:Verify","floor":26,"key":"SMITH"},{"data":"Echo Form","floor":27,"key":"SMITH"},{"data":"Slimebound:DuplicatedForm","floor":28,"key":"SMITH"},{"data":"bronze:Verify","floor":35,"key":"SMITH"},{"data":"bronze:Turbo","floor":40,"key":"SMITH"},{"data":"Guardian:ConstructionForm","floor":47,"key":"SMITH"}],"circlet_count":0,"master_deck":["bronze:Strike","bronze:Strike","bronze:Defend","bronze:Defend","bronze:Defend","bronze:Defend","Echo Form+1","DevaForm+1","bronze:Verify+1","Guardian:ConstructionForm+1","Slimebound:DuplicatedForm+1","bronze:Replicate","bronze:Goto","bronze:MaxOutput","bronze:Backtrace","bronze:Verify+1","bronze:Return","bronze:Overheat","bronze:CutThrough","bronze:RecursiveStrike","downfall:Bewildered","bronze:OilSpill+1","bronze:Turbo+1","Writhe","bronze:Branch+1","expansioncontent:QuickStudy+1","bronze:ItsAFeature","bronze:InfiniteBeams","bronze:ItsAFeature+1","bronze:MaxOutput"],"relics":["bronze:BronzeCore","bronze:AnalyticalCore","StoneCalendar","Prayer Wheel","downfall:BrokenWingStatue","bronze:DecasWashers","Darkstone Periapt","Anchor","Bird Faced Urn","MealTicket","Tiny Chest","Centennial Puzzle","Coffee Dripper","Slimebound:StickyStick","Membership Card","Pear","Dream Catcher","Meat on the Bone","Orichalcum","Bottled Tornado","Bottled Flame","Cursed Key","Eternal Feather","Akabeko","Medical Kit","Blue Candle","Lantern","Guardian:PocketSentry","Lizard Tail","Kunai","Smiling Mask","Juzu Bracelet","downfall:HeartBlessingGreen","Bottled Lightning","champ:DeflectingBracers"],"acts_visited":["Exordium","TheCity","TheBeyond"],"potions_floor_usage":[],"damage_taken":[{"damage":12,"enemies":"Jaw Worm","floor":2,"turns":5},{"damage":33,"enemies":"3 Sentries","floor":6,"turns":7},{"damage":0,"enemies":"downfall:FleeingMerchant","floor":8,"turns":4},{"damage":4,"enemies":"downfall:FleeingMerchant","floor":9,"turns":4},{"damage":24,"enemies":"Gremlin Nob","floor":10,"turns":6},{"damage":0,"enemies":"2 Louse","floor":12,"turns":2},{"damage":24,"enemies":"Small Slimes","floor":13,"turns":4},{"damage":0,"enemies":"2 Fungi Beasts","floor":14,"turns":2},{"damage":6,"enemies":"3 Louse","floor":15,"turns":4},{"damage":38,"enemies":"DF_ARCHETYPE_STREAMLINE","floor":16,"turns":7},{"damage":12,"enemies":"Shell Parasite","floor":19,"turns":5},{"damage":15,"enemies":"downfall:FleeingMerchant","floor":20,"turns":4},{"damage":16,"enemies":"downfall:FleeingMerchant","floor":21,"turns":7},{"damage":47,"enemies":"Spheric Guardian","floor":22,"turns":5},{"damage":0,"enemies":"Snake Plant","floor":23,"turns":6},{"damage":15,"enemies":"Snecko","floor":25,"turns":5},{"damage":24,"enemies":"Book of Stabbing","floor":30,"turns":5},{"damage":42,"enemies":"Sentry and Sphere","floor":32,"turns":4},{"damage":72,"enemies":"IC_MUSHROOM_ARCHETYPE","floor":33,"turns":7},{"damage":23,"enemies":"Orb Walker","floor":36,"turns":4},{"damage":30,"enemies":"downfall:FleeingMerchant","floor":39,"turns":4},{"damage":20,"enemies":"3 Shapes","floor":42,"turns":3},{"damage":28,"enemies":"downfall:FleeingMerchant","floor":43,"turns":4},{"damage":34,"enemies":"Reptomancer","floor":44,"turns":4},{"damage":19,"enemies":"Giant Head","floor":45,"turns":6},{"damage":16,"enemies":"Sphere and 2 Shapes","floor":48,"turns":3},{"damage":23,"enemies":"Writhing Mass","floor":49,"turns":5},{"damage":31,"enemies":"WA_ARCHETYPE_DIVINITY","floor":50,"turns":8}],"seed_played":"4778483294486039333","potions_obtained":[{"floor":6,"key":"FearPotion"},{"floor":12,"key":"AttackPotion"},{"floor":14,"key":"bronze:CleanCodePotion"}],"is_trial":true,"path_per_floor":["R","M","?","?","?","E","T","$","$","E","R","M","M","M","M","B",null,"R","M","$","?","M","M","T","M","R","R","R","?","E","?","M","B",null,"R","M","T","?","$","R","T","M","$","E","E","?","R","M","M","B",null],"character_chosen":"THE_AUTOMATON","items_purchased":["Membership Card","Pear","Medical Kit","Blue Candle","bronze:Turbo","Lizard Tail","Kunai","expansioncontent:QuickStudy+1","bronze:ItsAFeature"],"campfire_rested":1,"item_purchase_floors":[20,20,39,39,39,43,43,43,43],"current_hp_per_floor":[70,58,58,58,80,47,47,47,43,19,43,43,40,42,40,25,80,80,72,79,90,79,90,90,90,90,90,90,90,74,74,67,38,90,90,90,96,96,91,96,102,98,77,76,96,96,102,102,96,100],"gold":35,"neow_bonus":"","is_daily":false,"chose_seed":false,"campfire_upgraded":7,"win_rate":0.0,"timestamp":1614092460,"path_taken":["R","M","?","?","?","E","T","$","$","E","R","M","M","M","M","BOSS","R","M","$","?","M","M","T","M","R","R","R","?","E","?","M","BOSS","R","M","?","?","$","R","T","M","?","E","E","?","R","M","M","BOSS"],"items_purchased_type":["Relic","Relic","Relic","Relic","Card","Relic","Relic","Card","Card"],"build_version":"2020-12-22","purchased_purges":1,"victory":true,"max_hp_per_floor":[70,70,70,70,80,80,80,80,80,80,80,80,80,80,80,80,80,80,80,90,90,90,90,90,90,90,90,90,90,90,90,90,90,90,90,90,96,96,96,96,102,102,102,102,102,102,102,102,102,102],"card_choices":[{"not_picked":["bronze:Constructor","bronze:Allocate"],"picked":"bronze:MaxOutput","floor":6},{"not_picked":["bronze:Separator","bronze:Deprecate","bronze:Optimize"],"picked":"SKIP","floor":8},{"not_picked":["bronze:ForLoop","bronze:Shield","bronze:Invalidate"],"picked":"SKIP","floor":9},{"not_picked":["bronze:ForLoop","bronze:Separator"],"picked":"bronze:Backtrace","floor":10},{"not_picked":["bronze:RecursiveStrike","bronze:Format"],"picked":"bronze:Verify","floor":16},{"not_picked":["bronze:FineTuning","bronze:BuggyMess"],"picked":"bronze:Return","floor":20},{"not_picked":["bronze:ChildClass","bronze:WhirlingStrike"],"picked":"bronze:Overheat","floor":30},{"not_picked":["bronze:Format","bronze:Verify"],"picked":"bronze:RecursiveStrike","floor":33},{"not_picked":["bronze:SpaghettiCode","bronze:DigitalCarnage"],"picked":"bronze:OilSpill+1","floor":39},{"not_picked":["bronze:WildBeam+1","bronze:ItsAFeature+1"],"picked":"bronze:Branch+1","floor":43},{"not_picked":["bronze:WildBeam","bronze:MaxOutput+1"],"picked":"bronze:InfiniteBeams","floor":44},{"not_picked":["bronze:InfiniteBeams","bronze:Overheat"],"picked":"bronze:ItsAFeature+1","floor":45}],"player_experience":19379,"relics_obtained":[{"floor":2,"key":"Prayer Wheel"},{"floor":6,"key":"bronze:DecasWashers"},{"floor":7,"key":"Darkstone Periapt"},{"floor":10,"key":"Anchor"},{"floor":12,"key":"Bird Faced Urn"},{"floor":13,"key":"MealTicket"},{"floor":14,"key":"Tiny Chest"},{"floor":15,"key":"Centennial Puzzle"},{"floor":19,"key":"Slimebound:StickyStick"},{"floor":22,"key":"Dream Catcher"},{"floor":23,"key":"Meat on the Bone"},{"floor":25,"key":"Orichalcum"},{"floor":30,"key":"Bottled Tornado"},{"floor":32,"key":"Bottled Flame"},{"floor":36,"key":"Eternal Feather"},{"floor":37,"key":"Akabeko"},{"floor":41,"key":"Lantern"},{"floor":42,"key":"Guardian:PocketSentry"},{"floor":44,"key":"Smiling Mask"},{"floor":45,"key":"Juzu Bracelet"},{"floor":48,"key":"Bottled Lightning"},{"floor":49,"key":"champ:DeflectingBracers"}],"event_choices":[{"cards_removed":["champ:GladiatorForm"],"damage_healed":0,"gold_gain":0,"player_choice":"Card Removal","damage_taken":0,"max_hp_gain":0,"max_hp_loss":0,"event_name":"The Cleric","floor":4,"gold_loss":0},{"damage_healed":0,"gold_gain":0,"player_choice":"Ignored","damage_taken":0,"max_hp_gain":0,"max_hp_loss":0,"event_name":"Vampires","floor":29,"gold_loss":0},{"cards_removed":["bronze:Strike"],"damage_healed":0,"gold_gain":0,"player_choice":"Removed Attack","damage_taken":0,"max_hp_gain":0,"max_hp_loss":0,"event_name":"Falling","floor":38,"gold_loss":0}],"is_beta":false,"boss_relics":[{"not_picked":["Astrolabe","SlaversCollar"],"picked":"Coffee Dripper"},{"not_picked":["Sozu","Busted Crown"],"picked":"Cursed Key"}],"items_purged_floors":[8],"is_endless":false,"potions_floor_spawned":[6,12,14,15,19,22,23,30,32,36,42,45,49],"ascension_level":0}}