{"host":"4c7m9tuvqombcnjj","time":1614090695,"event":{"mods":["100% Spire Juice","ATMod(°¢èªMod)","Act Like it!","Aspiration","Astrologer","BaseMod","Chen","Conspire","Dota2Spire","Downfall","Gensokyo","GungeonMod","Hallownest","HololiveMod","Jedi Mod","Jorbs\u0027s Wanderer Trilogy","Koishi","KomeijiMod","Lobotomy","LobotomyExtend","Minty Spire (QoL Compilation)","MostiFishMod","Quarter Circle Forward PUNCH!","Reimu£¨²©ÀöÁéÃÎ£©","Reliquary","Remilia£¨ÀÙÃ×ÀòÑÇ£©","Replay The Spire","RumiaBox-Â¶Ã×æ«µÄÉñÃØºÐ×Ó","Smile Girya","StSLib","TestMod","The Animator","The Bug Knight","The Construct","The Cursed","The Hierophant","The Jungle","The Runesmith","Yuri Mod","[IsaacMod]ÒÔÈö¼âËþ","¡¾¹¦ÄÜMod¡¿»ìãçÖ®»·ÐÞ¸´²¹¶¡","¡¾ÒÅÎï¿¨ÅÆ¡¿REMEMod"],"gold_per_floor":[118,118,84,84,95,114,132,158,158,158,184,184,199,209,209,311,311,331,331,345,153,163,163,197,197,197,211,226,226,226,226],"floor_reached":30,"language":"ZHS","playtime":1380,"items_purged":[],"score":287,"play_id":"343fb001-962a-4409-a6c9-3e4654af098e","local_time":"20210223223135","is_ascension_mode":false,"campfire_choices":[{"floor":10,"key":"RECALL"},{"data":"AT_KneejerkReflex","floor":23,"key":"SMITH"}],"circlet_count":0,"master_deck":["Chen:Strike","Chen:Strike","Chen:Strike","Chen:Strike","Chen:Strike","Chen:Defend","Chen:Defend","Chen:Defend","Chen:Defend","Chen:PounceTurnTail","Chen:GlitterPoke","DoctorFetus","AT_KneejerkReflex+1","animator:ChaikaTrabant","Chen:Sweep","Chen:TauntHiss+1","Chen:TauntHiss","Chen:SurpriseAttack","Chen:Shot","Chen:SurpriseAttack","Chen:Salvo","Chen:UnstableBoundary","Chen:Scratch","Chen:Sneak","Envenom","Chen:Tear","Chen:Catseye","Chen:ResistTemptation","Chen:Panic+1","Chen:Unpredictable","theJungle:PetSnecko","Chen:Impale","Chen:Copycat+1"],"relics":["Chen:Catnip","HushsDoor","REME_ComplimentaryCards","DaveBox","testmod-TestBox","AT_ATBox","testmod-Nyarlathotep","Brimstone","BloodDonationMachine","aspiration:Nostalgia","m_HexaRing","SynthV:TestCard","reliquary:OuijaBoard","qcfpunch:Combat_Fatigues","Hololive_LightStick","Strawberry","Sozu","theJungle:WildStrawberry","testmod-IndustrialRevolution","Frozen Egg 2"],"acts_visited":["Gensokyo:Gensokyo","theJungle:Jungle"],"potions_floor_usage":[28],"damage_taken":[{"damage":0,"enemies":"Gensokyo:3_Fairies","floor":1,"turns":3},{"damage":3,"enemies":"Gensokyo:2_Kodama","floor":5,"turns":2},{"damage":0,"enemies":"Gensokyo:Python","floor":6,"turns":2},{"damage":0,"enemies":"Gensokyo:LivingMonolith","floor":7,"turns":2},{"damage":15,"enemies":"Gensokyo:Aya","floor":8,"turns":3},{"damage":0,"enemies":"Gensokyo:Mamizou","floor":11,"turns":6},{"damage":0,"enemies":"Gensokyo:2_Rabbits","floor":13,"turns":2},{"damage":0,"enemies":"Gensokyo:VengefulSpirit","floor":14,"turns":2},{"damage":17,"enemies":"Gensokyo:Reimu","floor":16,"turns":6},{"damage":0,"enemies":"theJungle:MUSHROOMGANG","floor":18,"turns":3},{"damage":0,"enemies":"Shell Parasite","floor":20,"turns":2},{"damage":4,"enemies":"theJungle:SlimyTreeVines","floor":22,"turns":4},{"damage":11,"enemies":"theJungle:Cassacara","floor":24,"turns":4},{"damage":1,"enemies":"theJungle:Lyon","floor":27,"turns":3},{"damage":0,"enemies":"theJungle:2_Flameangoes","floor":28,"turns":3}],"seed_played":"-8972744718994829165","potions_obtained":[{"floor":1,"key":"Milkshake"},{"floor":8,"key":"AttackPotion"}],"is_trial":false,"path_per_floor":["M","?","$","$","M","M","M","E","T","R","E","?","M","M","R","B",null,"M","?","M","$","M","R","E","?","T","M","M","?","$"],"character_chosen":"CHEN","items_purchased":["Chen:TauntHiss","Chen:ResistTemptation","testmod-IndustrialRevolution"],"campfire_rested":0,"item_purchase_floors":[3,21,21],"current_hp_per_floor":[70,70,70,70,67,67,67,52,52,52,52,49,49,49,72,55,77,77,70,70,70,71,71,60,60,60,59,59,74,74,74],"gold":226,"neow_bonus":"NOSTALGIA","is_daily":false,"chose_seed":false,"campfire_upgraded":1,"win_rate":0.0,"timestamp":1614090695,"path_taken":["M","?","?","$","M","M","M","E","T","R","E","?","?","M","R","BOSS","M","?","M","$","M","R","E","?","T","M","M","?","$"],"items_purchased_type":["Card","Card","Relic"],"build_version":"2020-12-22","purchased_purges":0,"victory":false,"max_hp_per_floor":[70,70,70,70,70,70,70,70,70,70,70,77,77,77,77,77,77,77,84,84,84,84,84,84,84,84,84,84,84,84,84],"card_choices":[{"not_picked":[],"picked":"DoctorFetus","floor":0},{"not_picked":["hexamod:Incineration","Chen:Exploit"],"picked":"Chen:Sweep","floor":1},{"not_picked":["Chen:Sneak","Chen:CatPunch","Chen:Flicker","Bane"],"picked":"Chen:SurpriseAttack","floor":5},{"not_picked":["hexamod:BurningTouch","Chen:MisdirectSwipe","Chen:CurlUp","hexamod:RainOfEmbers"],"picked":"Chen:Shot","floor":6},{"not_picked":["Chen:ResistTemptation","Bane","Chen:Lacerate","Chen:Shot"],"picked":"Chen:SurpriseAttack","floor":7},{"not_picked":["Chen:TauntHiss","Chen:Flit","hexamod:RainOfEmbers","Chen:Barrier"],"picked":"Chen:Salvo","floor":8},{"not_picked":["Chen:CatPunch","Chen:GuardCounter","Chen:Lacerate","Deadly Poison"],"picked":"Chen:UnstableBoundary","floor":11},{"not_picked":["Chen:MisdirectSwipe","Chen:Instinct","Chen:Frivolous","Chen:Shapeshift"],"picked":"Chen:Scratch","floor":13},{"not_picked":["hexamod:ThermalTransfer","hexamod:Firestarter","Chen:Barrier","Chen:TauntHiss"],"picked":"Chen:Sneak","floor":14},{"not_picked":["Chen:Gash","hexamod:Toasty","hexamod:WildfireWeapon","Chen:Clarity"],"picked":"Envenom","floor":16},{"not_picked":["Chen:Fadeout","Chen:Spray+1","Chen:Unpredictable","Chen:TauntHiss"],"picked":"Chen:Tear","floor":18},{"not_picked":["Chen:Knockout","Chen:Sneak","Chen:GuardCounter","Chen:Salvo"],"picked":"Chen:Catseye","floor":20},{"not_picked":["Chen:Spray+1","Chen:Sweep","Chen:RecklessLeap+1","Chen:UpperHand+1"],"picked":"Chen:Panic+1","floor":22},{"not_picked":["Chen:Gash","Chen:Sneak","Chen:Shot+1","Chen:Fadeout"],"picked":"Chen:Unpredictable","floor":24},{"not_picked":["Chen:Spray","Chen:Scratch","Chen:FollowUp+1","Chen:Tear+1"],"picked":"Chen:Impale","floor":27},{"not_picked":["Chen:Panic","Chen:TauntHiss","Chen:Sidestep+1","Chen:Sweep"],"picked":"Chen:Copycat+1","floor":28}],"player_experience":86319,"relics_obtained":[{"floor":1,"key":"SynthV:TestCard"},{"floor":8,"key":"reliquary:OuijaBoard"},{"floor":9,"key":"qcfpunch:Combat_Fatigues"},{"floor":11,"key":"Hololive_LightStick"},{"floor":24,"key":"Frozen Egg 2"}],"event_choices":[],"is_beta":false,"boss_relics":[{"not_picked":["aspiration:FutureDiary","TimeKeys"],"picked":"Sozu"},{"not_picked":[]}],"items_purged_floors":[],"is_endless":false,"potions_floor_spawned":[1,7,8,20,28],"ascension_level":0}}