{"host":"llzxi9jqk7yykm8l","time":1614121537,"event":{"mods":["BaseMod","Colored Map","Highlight Path","Minty Spire (QoL Compilation)","Replay The Spire","StSLib","Transform Curses"],"gold_per_floor":[210,223,235,251,271,271,288,137,137,149,224,235,248,261,261,261,261],"floor_reached":16,"language":"ENG","playtime":1675,"items_purged":[],"score":100,"play_id":"e2ccb70a-82eb-4669-aae1-1a8631f4873f","local_time":"20210223170537","is_ascension_mode":false,"campfire_choices":[{"floor":6,"key":"REST"},{"floor":15,"key":"REST"}],"circlet_count":0,"master_deck":["Strike_R","Strike_R","Strike_R","Strike_R","Strike_R","Defend_R","Defend_R","Defend_R","Defend_R","Bash","Shrug It Off","Headbutt","Spot Weakness","Armaments","Twin Strike","Carnage","Fire Breathing","Rampage","Thunderclap","Reckless Charge"],"relics":["Burning Blood","Art of War","Charon\u0027s Ashes"],"acts_visited":["Exordium"],"potions_floor_usage":[4,14,16],"damage_taken":[{"damage":5,"enemies":"Cultist","floor":1,"turns":4},{"damage":0,"enemies":"2 Louse","floor":2,"turns":3},{"damage":2,"enemies":"Jaw Worm","floor":3,"turns":4},{"damage":5,"enemies":"Gremlin Gang","floor":4,"turns":5},{"damage":8,"enemies":"Lots of Slimes","floor":5,"turns":7},{"damage":5,"enemies":"Exordium Wildlife","floor":7,"turns":5},{"damage":0,"enemies":"3 Louse","floor":10,"turns":4},{"damage":8,"enemies":"Lots of Slimes","floor":12,"turns":6},{"damage":10,"enemies":"Looter","floor":13,"turns":3},{"damage":12,"enemies":"Blue Slaver","floor":14,"turns":7},{"damage":85,"enemies":"The Guardian","floor":16,"turns":14}],"seed_played":"-3812045866327642733","potions_obtained":[{"floor":1,"key":"PowerPotion"},{"floor":10,"key":"Regen Potion"},{"floor":14,"key":"Weak Potion"}],"is_trial":false,"path_per_floor":["M","M","M","M","M","R","M","$","T","M","?","M","M","M","R","B"],"character_chosen":"IRONCLAD","items_purchased":["Art of War"],"campfire_rested":2,"item_purchase_floors":[8],"current_hp_per_floor":[80,80,80,80,78,80,80,80,80,80,72,70,66,75,80,0,0],"gold":261,"neow_bonus":"HUNDRED_GOLD","is_daily":false,"chose_seed":false,"campfire_upgraded":0,"win_rate":0.0,"timestamp":1614121537,"path_taken":["M","M","M","M","?","R","M","$","T","M","?","M","M","M","R","BOSS"],"items_purchased_type":["Relic"],"build_version":"2020-12-22","purchased_purges":0,"victory":false,"max_hp_per_floor":[80,80,80,80,80,80,80,80,80,80,80,80,80,80,80,80,80],"card_choices":[{"not_picked":["Second Wind","ReplayTheSpireMod:Limb From Limb"],"picked":"Shrug It Off","floor":1},{"not_picked":["Battle Trance","Clash"],"picked":"Headbutt","floor":2},{"not_picked":["Juggernaut","Replay:Undeath\u0027s Touch"],"picked":"Spot Weakness","floor":3},{"not_picked":["Battle Trance","Cleave"],"picked":"Armaments","floor":4},{"not_picked":["Havoc","Burning Pact"],"picked":"Twin Strike","floor":5},{"not_picked":["Life Link","Disarm"],"picked":"Carnage","floor":7},{"not_picked":["Perfected Strike","Disarm"],"picked":"Fire Breathing","floor":10},{"not_picked":["Defy Death","Spot Weakness"],"picked":"Rampage","floor":12},{"not_picked":["Hemokinesis","Defy Death"],"picked":"Thunderclap","floor":13},{"not_picked":["Fire Breathing","ReplayTheSpireMod:Limb From Limb"],"picked":"Reckless Charge","floor":14}],"player_experience":2441398,"relics_obtained":[{"floor":9,"key":"Charon\u0027s Ashes"}],"event_choices":[{"damage_healed":0,"gold_gain":75,"player_choice":"Touch","damage_taken":8,"max_hp_gain":0,"max_hp_loss":0,"event_name":"FaceTrader","floor":11,"gold_loss":0}],"is_beta":false,"boss_relics":[],"items_purged_floors":[],"is_endless":false,"potions_floor_spawned":[1,10,14],"killed_by":"The Guardian","ascension_level":0}}