{"host":"5h6e4l6hpn0p5lap","time":1614044409,"event":{"mods":["AchievementEnabler","BaseMod","Better Altar","Better Match","Better Sensory Stone","Better Skull","Better Third Choice","Colored Map","Filter the Spire","Minty Spire (QoL Compilation)","StSLib"],"gold_per_floor":[212,223,237,14,14,42,42,70,94,94,94,124,124,140,140,270,270,258,258,289,289,32,32,32],"floor_reached":23,"language":"ENG","playtime":733,"items_purged":["Defend_B","Writhe"],"score":293,"play_id":"34d4e7e7-be02-4045-a138-341257764aaa","local_time":"20210222204009","is_ascension_mode":true,"campfire_choices":[{"floor":7,"key":"REST"},{"data":"Streamline","floor":10,"key":"SMITH"},{"data":"Cold Snap","floor":13,"key":"SMITH"},{"data":"Go for the Eyes","floor":15,"key":"SMITH"}],"circlet_count":0,"master_deck":["AscendersBane","Strike_B+1","Strike_B","Strike_B","Defend_B","Defend_B","Zap","Dualcast","Streamline+1","Leap","Coolheaded","Melter","Hologram+1","Coolheaded","Cold Snap+1","Reinforced Body","Go for the Eyes+1","Biased Cognition","Turbo+1","Hello World","Hologram","Stack"],"relics":["Cracked Core","Orichalcum","Oddly Smooth Stone","Akabeko","Golden Idol","Snecko Eye","Red Mask","Bag of Preparation","Lee\u0027s Waffle"],"acts_visited":["Exordium","TheCity"],"potions_floor_usage":[8,8],"damage_taken":[{"damage":0,"enemies":"Cultist","floor":1,"turns":4},{"damage":1,"enemies":"2 Louse","floor":2,"turns":3},{"damage":0,"enemies":"Small Slimes","floor":3,"turns":3},{"damage":23,"enemies":"3 Sentries","floor":6,"turns":8},{"damage":10,"enemies":"Gremlin Nob","floor":8,"turns":4},{"damage":4,"enemies":"Looter","floor":14,"turns":3},{"damage":17,"enemies":"Hexaghost","floor":16,"turns":14},{"damage":1,"enemies":"2 Thieves","floor":18,"turns":4},{"damage":37,"enemies":"Masked Bandits","floor":20,"turns":6},{"damage":11,"enemies":"Slavers","floor":23,"turns":2}],"seed_played":"-345329383322654197","potions_obtained":[{"floor":3,"key":"GamblersBrew"},{"floor":6,"key":"BlessingOfTheForge"},{"floor":8,"key":"Ancient Potion"},{"floor":16,"key":"FearPotion"}],"is_trial":false,"path_per_floor":["M","M","M","$","?","E","R","E","T","R","?","?","R","M","R","B",null,"M","?","?","?","$","E"],"character_chosen":"DEFECT","items_purchased":["Melter","Hologram","Coolheaded","Lee\u0027s Waffle"],"campfire_rested":1,"item_purchase_floors":[4,4,4,22],"current_hp_per_floor":[68,67,67,67,52,29,51,41,41,41,41,41,41,37,37,20,57,56,56,19,19,76,65,65],"gold":32,"neow_bonus":"HUNDRED_GOLD","is_daily":false,"chose_seed":false,"campfire_upgraded":3,"win_rate":0.0,"timestamp":1614044409,"path_taken":["M","M","M","$","?","E","R","E","T","R","?","?","R","M","R","BOSS","M","?","?","?","$","E"],"items_purchased_type":["Card","Card","Card","Relic"],"build_version":"2020-12-22","purchased_purges":2,"victory":false,"max_hp_per_floor":[75,75,75,75,75,75,75,75,75,75,69,69,69,69,69,69,69,69,69,69,69,76,76,76],"card_choices":[{"not_picked":["Hologram","Double Energy"],"picked":"Streamline","floor":1},{"not_picked":["Force Field","Hologram"],"picked":"Leap","floor":2},{"not_picked":["Redo","Reprogram"],"picked":"Coolheaded","floor":3},{"not_picked":["Stack","BootSequence"],"picked":"Cold Snap","floor":6},{"not_picked":["Storm","Redo"],"picked":"Reinforced Body","floor":8},{"not_picked":["Cold Snap","Reprogram"],"picked":"Go for the Eyes","floor":14},{"not_picked":["Buffer","All For One"],"picked":"Biased Cognition","floor":16},{"not_picked":["Beam Cell","Blizzard"],"picked":"Turbo+1","floor":18},{"not_picked":["Melter","FTL"],"picked":"Stack","floor":20}],"player_experience":1159494,"relics_obtained":[{"floor":6,"key":"Orichalcum"},{"floor":8,"key":"Oddly Smooth Stone"},{"floor":9,"key":"Akabeko"},{"floor":20,"key":"Red Mask"}],"event_choices":[{"damage_healed":67,"gold_gain":0,"player_choice":"Upgrade","damage_taken":15,"max_hp_gain":0,"max_hp_loss":75,"event_name":"betterThird:BetterShining","floor":5,"gold_loss":0,"cards_upgraded":["Hologram","Strike_B"]},{"damage_healed":0,"gold_gain":0,"player_choice":"Lose Max HP","damage_taken":0,"relics_obtained":["Golden Idol"],"max_hp_gain":0,"max_hp_loss":6,"event_name":"Golden Idol","floor":11,"gold_loss":0},{"damage_healed":0,"gold_gain":30,"player_choice":"Searched \u00272\u0027 times","damage_taken":0,"max_hp_gain":0,"max_hp_loss":0,"event_name":"Dead Adventurer","floor":12,"gold_loss":0},{"damage_healed":0,"gold_gain":0,"cards_transformed":["Strike_B","Defend_B"],"player_choice":"Became Test Subject","damage_taken":0,"max_hp_gain":0,"max_hp_loss":0,"event_name":"Drug Dealer","floor":19,"gold_loss":0,"cards_obtained":["Hello World","Hologram"]},{"damage_healed":0,"gold_gain":0,"player_choice":"Fought Bandits","damage_taken":0,"max_hp_gain":0,"max_hp_loss":0,"event_name":"Masked Bandits","floor":20,"gold_loss":0},{"damage_healed":0,"gold_gain":0,"player_choice":"Opened","damage_taken":0,"relics_obtained":["Bag of Preparation"],"max_hp_gain":0,"max_hp_loss":0,"event_name":"The Mausoleum","floor":21,"gold_loss":0,"cards_obtained":["Writhe"]}],"is_beta":false,"boss_relics":[{"not_picked":["Sozu","Runic Dome"],"picked":"Snecko Eye"}],"items_purged_floors":[4,22],"is_endless":false,"potions_floor_spawned":[3,6,8,16],"killed_by":"Slavers","ascension_level":10}}