{"host":"7xwe9tmiyvwn0fou","time":1614049253,"event":{"mods":["2.2 Compatiblity","AchievementEnabler","Act Like it!","Aspiration","BaseMod","Better Altar","Better Match","Better Note","Better Sensory Stone","Better Skull","Better Third Choice","BetterRewards","CapriCore","Colored Map","Colored Powertips","Conspire","Downfall","Elementarium","Energized Spire","Friendly Minions","Gensokyo","GifTheSpireLib","Googly Eyes","Halation","Hallownest","Hero for Fun","Highlight Path","Hubris","Infinite Spire","LagranYue(???·?)","Lobotomy","Minty Spire (QoL Compilation)","MostiFishMod","Rare Cards Sparkle","Reliquary","Ruina","Shop Mod","Spikes Relics","Spire Arcade","StSLib","Stuff the Spire","Td1madao Mod","The Bug Knight","The Jungle","Waifu the Spire","everything is the same but u backflip on backflip","slay the spire mod where everything is the same but ironclad has a cowboy hat"],"gold_per_floor":[111,125,50,50,61,91,91,109,134,144,179,104,104,4,4,104,104,122,134,147,22,22,38,53,53,133,133,133,133,133,147,147,247,247,257,307,340,354,371,371,391,406,406,406,92,92,107,123,123,123,123,123,29,59,59],"floor_reached":56,"language":"ENG","playtime":6255,"items_purged":["Zap","Strike_B","Rebound","Defend_B"],"score":1186,"play_id":"3e83e597-06fa-420c-8041-90ec0f04af78","local_time":"20210222220053","is_ascension_mode":false,"campfire_choices":[{"data":"MostiFishMod:DawningShadow","floor":7.0,"key":"SMITH"},{"data":"Seek","floor":13.0,"key":"SMITH"},{"floor":15.0,"key":"REST"},{"data":"Turbo","floor":25.0,"key":"SMITH"},{"data":"Hallownest:skillGreenpathMap","floor":27.0,"key":"SMITH"},{"data":"Conserve Battery","floor":32.0,"key":"SMITH"},{"floor":40.0,"key":"RECALL"},{"data":"MostiFishMod:Distribution","floor":44.0,"key":"SMITH"},{"data":"StuffTheSpire:EventHorizon","floor":46.0,"key":"SMITH"},{"data":"Creative AI","floor":49.0,"key":"SMITH"},{"data":"Conserve Battery","floor":52.0,"key":"SMITH"}],"circlet_count":0,"master_deck":["Defend_B","Defend_B","Defend_B","Turbo+1","FTL","Hallownest:skillGreenpathMap+1","Conserve Battery+1","MostiFishMod:DawningShadow+1","Seek+1","Multi-Cast","FTL+1","Leap+1","Conserve Battery+1","MostiFishMod:Distribution+1","Turbo+1","Creative AI+1","StuffTheSpire:EventHorizon+1","Jack Of All Trades"],"relics":["Cracked Core","DaveBox","LagranYue:RandomDrawCardRelic","Nloth\u0027s Gift","SynthV:TestCard","ImprovedEquipment","StuffTheSpire:Barrel","reliquary:IridiumChain","FeatherPendant","Bottled Tornado","theJungle:BirthdayCakeSlice","hubris:Stopwatch","DianPoetry","halation:BlackBeret","aspiration:ChemicalBlood"],"acts_visited":["Hallownest:Greenpath","theJungle:Jungle","TheBeyond","TheEnding"],"potions_floor_usage":[55,55],"damage_taken":[{"damage":0.0,"enemies":"2_ Uuma","floor":1.0,"turns":5.0},{"damage":0.0,"enemies":"Hallownest:monsterHuskWarrior","floor":2.0,"turns":4.0},{"damage":0.0,"enemies":"Hallownest:2_Baldur","floor":5.0,"turns":3.0},{"damage":6.0,"enemies":"Hallownest:eliteVengeflyKing","floor":6.0,"turns":7.0},{"damage":13.0,"enemies":"Hallownest:Guard_and_Warrior","floor":8.0,"turns":4.0},{"damage":0.0,"enemies":"Hallownest:monsterMossCharger","floor":10.0,"turns":3.0},{"damage":0.0,"enemies":"Hallownest:eliteCrystalGuardian","floor":11.0,"turns":3.0},{"damage":11.0,"enemies":"Hallownest:BossFalseKnight","floor":16.0,"turns":5.0},{"damage":0.0,"enemies":"theJungle:GiantWrat","floor":18.0,"turns":3.0},{"damage":2.0,"enemies":"Shell Parasite","floor":19.0,"turns":3.0},{"damage":0.0,"enemies":"theJungle:SlimyTreeVines","floor":20.0,"turns":3.0},{"damage":15.0,"enemies":"theJungle:JungleHuntersEncounter","floor":23.0,"turns":3.0},{"damage":0.0,"enemies":"theJungle:2_Snecko_Cultists","floor":24.0,"turns":2.0},{"damage":1.0,"enemies":"theJungle:Snecko_Cultist_And_Trap","floor":31.0,"turns":4.0},{"damage":16.0,"enemies":"theJungle:TotemBoss","floor":33.0,"turns":4.0},{"damage":0.0,"enemies":"3 Shapes","floor":35.0,"turns":2.0},{"damage":0.0,"enemies":"Mind Bloom Boss Battle","floor":36.0,"turns":3.0},{"damage":2.0,"enemies":"conspire:MimicChest","floor":37.0,"turns":3.0},{"damage":0.0,"enemies":"Orb Walker","floor":38.0,"turns":2.0},{"damage":0.0,"enemies":"Maw","floor":39.0,"turns":3.0},{"damage":0.0,"enemies":"Transient","floor":41.0,"turns":2.0},{"damage":0.0,"enemies":"Sphere and 2 Shapes","floor":42.0,"turns":3.0},{"damage":0.0,"enemies":"Maw","floor":47.0,"turns":2.0},{"damage":6.0,"enemies":"Spire Growth","floor":48.0,"turns":3.0},{"damage":43.0,"enemies":"infinitespire:MassOfShapes","floor":50.0,"turns":3.0},{"damage":0.0,"enemies":"Shield and Spear","floor":54.0,"turns":3.0},{"damage":42,"enemies":"The Heart","floor":55,"turns":5}],"seed_played":"-6283398144775317913","potions_obtained":[{"floor":2.0,"key":"GamblersBrew"},{"floor":10.0,"key":"SmokeBomb"},{"floor":11.0,"key":"infinitespire:BlackPotion"},{"floor":31.0,"key":"FearPotion"},{"floor":33.0,"key":"LiquidMemories"},{"floor":38.0,"key":"Energy Potion"}],"is_trial":false,"path_per_floor":["M","M","?","?","M","E","R","M","T","M","E","$","R","$","R","B",null,"M","M","M","$","?","M","M","R","T","R","?","?","$","M","R","B",null,"M","?","?","M","M","R","M","M","T","R","$","R","M","M","R","B",null,"R","$","E","B",null],"character_chosen":"DEFECT","items_purchased":["StuffTheSpire:EventHorizon","Jack Of All Trades"],"campfire_rested":1,"item_purchase_floors":[45,53],"current_hp_per_floor":[54,54,54,54,54,48,48,35,35,35,35,35,35,35,57,54,75,75,73,75,75,75,68,75,75,75,75,80,70,70,69,69,53,80,80,80,78,78,78,78,78,78,78,78,78,78,78,72,72,29,80,80,80,80,38],"gold":59,"neow_bonus":"REMOVE_TWO","is_daily":false,"chose_seed":false,"campfire_upgraded":9,"win_rate":0.0,"timestamp":1614049253,"path_taken":["M","M","?","?","M","E","R","M","T","M","E","$","R","$","R","BOSS","M","M","M","$","?","M","M","R","T","R","?","?","?","?","R","BOSS","M","?","?","M","M","R","M","M","T","R","$","R","M","M","R","BOSS","R","$","E","BOSS"],"items_purchased_type":["Card","Card"],"build_version":"2020-12-22","purchased_purges":4,"victory":true,"max_hp_per_floor":[75,75,75,75,75,75,75,75,75,75,75,75,75,75,75,75,75,75,75,75,75,75,75,75,75,75,75,80,80,80,80,80,80,80,80,80,80,80,80,80,80,80,80,80,80,80,80,80,80,80,80,80,80,80,80],"card_choices":[{"not_picked":["StuffTheSpire:Plugnplay","Beam Cell"],"picked":"Turbo","floor":1.0},{"not_picked":["Go for the Eyes","Sunder","Rebound","MostiFishMod:Impulse"],"picked":"FTL","floor":2.0},{"not_picked":["StuffTheSpire:LoadUp","Go for the Eyes","Gash","Hologram"],"picked":"Conserve Battery","floor":5.0},{"not_picked":["Compile Driver","MostiFishMod:InterfaceCompatibility","Stack","Leap"],"picked":"MostiFishMod:DawningShadow","floor":6.0},{"not_picked":["MostiFishMod:PushDownKick","StuffTheSpire:CleanHardDrive","Compile Driver","StuffTheSpire:LoadUp","Genetic Algorithm"],"picked":"SKIP","floor":8.0},{"not_picked":["Buffer","StuffTheSpire:Plugnplay","DiskWipe","Redo","Steam"],"picked":"SKIP","floor":10.0},{"not_picked":["RefreshScreen","MostiFishMod:GatherIntelligence","Glacier","Undo"],"picked":"Seek","floor":11.0},{"not_picked":["MostiFishMod:Overload","MostiFishMod:Culaccino","Seek","MostiFishMod:Distribution"],"picked":"Multi-Cast","floor":16.0},{"not_picked":["Darkness+1","StuffTheSpire:Rend","Ball Lightning","Gash","MostiFishMod:PushDownKick+1"],"picked":"SKIP","floor":18.0},{"not_picked":["Ball Lightning","hubris:SpecializedCircuitry","Turbo","Barrage","Cold Snap+1"],"picked":"SKIP","floor":19.0},{"not_picked":["Steam Power+1","Undo","StuffTheSpire:Plugnplay","Tempest"],"picked":"FTL+1","floor":20.0},{"not_picked":["MostiFishMod:DawningShadow","Steam","Darkness+1","Redo"],"picked":"Leap+1","floor":23.0},{"not_picked":["Tempest","StuffTheSpire:Synthwave","MostiFishMod:GatherIntelligence","Barrage","Beam Cell"],"picked":"SKIP","floor":24.0},{"not_picked":["StuffTheSpire:ShieldGenerator","Leap+1","Barrage","Stack+1"],"picked":"Conserve Battery","floor":31.0},{"not_picked":["Seek","MostiFishMod:IntelligentEquipment","Thunder Strike","StuffTheSpire:LaunchingStrike"],"picked":"MostiFishMod:Distribution","floor":33.0},{"not_picked":["Leap","Scrape","Steam+1","conspire:SharedLibrary+1"],"picked":"Turbo+1","floor":35.0},{"not_picked":["Heatsinks+1","Undo","Gash","MostiFishMod:FluxCapactior+1"],"picked":"Creative AI","floor":36.0},{"not_picked":["FTL+1","Cold Snap+1","Sweeping Beam+1","StuffTheSpire:LoadUp+1","Gash"],"picked":"SKIP","floor":38.0},{"not_picked":["Beam Cell","hubris:DoWhile","RefreshScreen","DiskWipe","Tempest+1"],"picked":"SKIP","floor":39.0},{"not_picked":["Reinforced Body","Go for the Eyes+1","Redo","StuffTheSpire:SnapShoot+1","MostiFishMod:Nova"],"picked":"SKIP","floor":41.0},{"not_picked":["Glacier","Leap","Coolheaded+1","Redo","Barrage"],"picked":"SKIP","floor":42.0},{"not_picked":["MostiFishMod:ActiveDefenseSystem","Gash+1","MostiFishMod:PushDownKick","Leap","Scrape"],"picked":"SKIP","floor":47.0},{"not_picked":["StuffTheSpire:Plugnplay","Genetic Algorithm","Coolheaded+1","Cold Snap","Rebound+1"],"picked":"SKIP","floor":48.0},{"not_picked":["Barrage","hubris:DoWhile","Undo","hubris:PowerSurge+1","Leap"],"picked":"SKIP","floor":54.0}],"player_experience":31322,"relics_obtained":[{"floor":1.0,"key":"SynthV:TestCard"},{"floor":6.0,"key":"ImprovedEquipment"},{"floor":9.0,"key":"StuffTheSpire:Barrel"},{"floor":11.0,"key":"reliquary:IridiumChain"},{"floor":26.0,"key":"Bottled Tornado"},{"floor":36.0,"key":"DianPoetry"},{"floor":37.0,"key":"halation:BlackBeret"},{"floor":54.0,"key":"aspiration:ChemicalBlood"}],"event_choices":[{"damage_healed":0.0,"max_hp_gain":0.0,"max_hp_loss":0.0,"gold_gain":0.0,"event_name":"conspire:Investor","player_choice":"Leave","floor":22.0,"gold_loss":0.0,"damage_taken":0.0},{"damage_healed":0.0,"max_hp_gain":0.0,"max_hp_loss":0.0,"gold_gain":0.0,"event_name":"MindBloom","player_choice":"Fight","floor":36.0,"gold_loss":0.0,"damage_taken":0.0}],"is_beta":false,"boss_relics":[{"not_picked":["OneHitWonderSystem","Black Star"],"picked":"FeatherPendant"},{"not_picked":["Inserter","energizedSpire:HugeHouse"],"picked":"hubris:Stopwatch"}],"items_purged_floors":[12,14,21,45],"is_endless":false,"potions_floor_spawned":[2,10,11,23,24,31,33,38,39,47,48],"ascension_level":0}}