{"host":"8rgpnls124hwjv5t","time":1614051142,"event":{"mods":["BaseMod","Colored Map","Colored Powertips","DeckTracker","Highlight Path","Minty Spire (QoL Compilation)","Permanent Neow","Quick Restart","Relic Stats","Shop Mod","StSLib"],"gold_per_floor":[219,237,255,268,19,69,69,96,177,2,20,54,54,112,112,112,112],"floor_reached":16,"language":"ENG","playtime":1299,"items_purged":[],"score":263,"play_id":"78a0365c-0baa-4b17-9f6f-6a898350408a","local_time":"20210222223222","is_ascension_mode":true,"campfire_choices":[{"data":"Envenom","floor":7,"key":"SMITH"},{"data":"Neutralize","floor":13,"key":"SMITH"},{"data":"Dagger Spray","floor":15,"key":"SMITH"}],"circlet_count":0,"master_deck":["AscendersBane","Strike_G","Strike_G","Strike_G","Strike_G","Strike_G","Defend_G","Defend_G","Defend_G","Defend_G","Defend_G","Survivor","Neutralize+1","Quick Slash","Dagger Spray+1","Dagger Spray","Blade Dance","Envenom+1","Dagger Throw","Cloak And Dagger","Riddle With Holes","Cloak And Dagger","Acrobatics"],"relics":["Ring of the Snake","Sling","Ice Cream","Ninja Scroll","Membership Card","Anchor","Tiny Chest"],"acts_visited":["Exordium"],"potions_floor_usage":[4,8,12,16],"damage_taken":[{"damage":3,"enemies":"Jaw Worm","floor":1,"turns":7},{"damage":1,"enemies":"Cultist","floor":2,"turns":4},{"damage":1,"enemies":"2 Louse","floor":3,"turns":3},{"damage":18,"enemies":"Exordium Thugs","floor":4,"turns":4},{"damage":7,"enemies":"Lagavulin","floor":8,"turns":4},{"damage":0,"enemies":"Looter","floor":11,"turns":2},{"damage":0,"enemies":"Gremlin Nob","floor":12,"turns":2},{"damage":2,"enemies":"Gremlin Nob","floor":14,"turns":3},{"damage":27,"enemies":"The Guardian","floor":16,"turns":11}],"seed_played":"9178568383947199234","potions_obtained":[{"floor":1,"key":"PowerPotion"},{"floor":2,"key":"SneckoOil"},{"floor":4,"key":"Energy Potion"},{"floor":14,"key":"SpeedPotion"}],"is_trial":false,"path_per_floor":["M","M","M","M","$","?","R","E","T","$","M","E","R","?","R","B"],"character_chosen":"THE_SILENT","items_purchased":["Sling","Envenom","Membership Card","Cloak And Dagger"],"campfire_rested":0,"item_purchase_floors":[5,5,10,10],"current_hp_per_floor":[56,55,54,36,36,30,30,23,23,23,23,23,23,21,21,0,0],"gold":112,"neow_bonus":"HUNDRED_GOLD","is_daily":false,"chose_seed":false,"campfire_upgraded":3,"win_rate":0.0,"timestamp":1614051142,"path_taken":["M","M","M","M","$","?","R","E","T","$","?","E","R","?","R","BOSS"],"items_purchased_type":["Relic","Card","Relic","Card"],"build_version":"2020-12-22","purchased_purges":0,"victory":false,"max_hp_per_floor":[66,66,66,66,66,66,66,66,66,66,66,66,66,66,66,66,66],"relic_stats":{"counters":[9,40],"Tiny Chest":0,"obtain_stats":[{"Ice Cream":8,"Anchor":12,"Ninja Scroll":9,"Tiny Chest":14,"Membership Card":10,"Sling":5,"Ring of the Snake":0},{"Ice Cream":5,"Anchor":7,"Ninja Scroll":5,"Tiny Chest":8,"Membership Card":5,"Sling":4,"Ring of the Snake":0},{"Ice Cream":22,"Anchor":26,"Ninja Scroll":22,"Tiny Chest":29,"Membership Card":22,"Sling":18,"Ring of the Snake":0}],"Ring of the Snake":[18]},"card_choices":[{"not_picked":["Distraction","Leg Sweep"],"picked":"Quick Slash","floor":1},{"not_picked":["Accuracy","Poisoned Stab"],"picked":"Dagger Spray","floor":2},{"not_picked":["Calculated Gamble","Quick Slash"],"picked":"Dagger Spray","floor":3},{"not_picked":["Quick Slash","Sucker Punch"],"picked":"Blade Dance","floor":4},{"not_picked":["Dodge and Roll","Sucker Punch"],"picked":"Dagger Throw","floor":8},{"not_picked":["Outmaneuver","Unload"],"picked":"Riddle With Holes","floor":11},{"not_picked":["Quick Slash","Dodge and Roll"],"picked":"Cloak And Dagger","floor":12},{"not_picked":["Reflex","Prepared"],"picked":"Acrobatics","floor":14}],"player_experience":642145,"relics_obtained":[{"floor":8,"key":"Ice Cream"},{"floor":9,"key":"Ninja Scroll"},{"floor":12,"key":"Anchor"},{"floor":14,"key":"Tiny Chest"}],"event_choices":[{"damage_healed":0,"gold_gain":50,"player_choice":"Touch","damage_taken":6,"max_hp_gain":0,"max_hp_loss":0,"event_name":"FaceTrader","floor":6,"gold_loss":0},{"damage_healed":0,"gold_gain":30,"player_choice":"Searched \u00272\u0027 times","damage_taken":0,"max_hp_gain":0,"max_hp_loss":0,"event_name":"Dead Adventurer","floor":14,"gold_loss":0}],"is_beta":false,"boss_relics":[],"items_purged_floors":[],"is_endless":false,"potions_floor_spawned":[1,2,4,14],"killed_by":"The Guardian","ascension_level":19}}