{"host":"ztme5fio60r7om62","time":1614086514,"event":{"mods":["BaseMod","Colored Map","Highlight Path","Minty Spire (QoL Compilation)","Permanent Neow","everything is the same but u backflip on backflip"],"gold_per_floor":[110,125,135,149,162,190,190,210,237,265,275,275,287,287,287,389,439,459,474,137,137,137,166,166,191,214,224,224,224],"floor_reached":28,"language":"KOR","playtime":1177,"items_purged":["Strike_R"],"score":272,"play_id":"d0bab5f1-f024-4ba1-93ae-3168b3d747eb","local_time":"20210223222154","is_ascension_mode":false,"campfire_choices":[{"data":"Rupture","floor":12,"key":"SMITH"},{"floor":15,"key":"RECALL"},{"data":"Intimidate","floor":24,"key":"SMITH"},{"floor":28,"key":"REST"}],"circlet_count":0,"master_deck":["Strike_R","Strike_R","Strike_R","Strike_R+1","Defend_R","Defend_R","Defend_R","Defend_R","Bash+1","Bludgeon","Battle Trance+1","Iron Wave","Combust","Shrug It Off","Disarm","Carnage","Fire Breathing","Fire Breathing","Rupture+1","Shockwave","Immolate","Wild Strike","Dual Wield","Intimidate+1"],"relics":["Burning Blood","Incense Burner","Orichalcum","Tiny House","Bottled Lightning","Nilry\u0027s Codex","Art of War","Centennial Puzzle","Smiling Mask"],"acts_visited":["Exordium","TheCity"],"potions_floor_usage":[6,16,27],"damage_taken":[{"damage":0,"enemies":"2 Louse","floor":1,"turns":3},{"damage":11,"enemies":"Jaw Worm","floor":2,"turns":2},{"damage":6,"enemies":"Cultist","floor":3,"turns":3},{"damage":14,"enemies":"Blue Slaver","floor":4,"turns":4},{"damage":0,"enemies":"Large Slime","floor":5,"turns":2},{"damage":26,"enemies":"3 Sentries","floor":6,"turns":9},{"damage":10,"enemies":"Looter","floor":8,"turns":2},{"damage":17,"enemies":"Lagavulin","floor":10,"turns":6},{"damage":3,"enemies":"2 Fungi Beasts","floor":11,"turns":3},{"damage":1,"enemies":"3 Louse","floor":13,"turns":4},{"damage":24,"enemies":"The Guardian","floor":16,"turns":8},{"damage":8,"enemies":"Shell Parasite","floor":18,"turns":6},{"damage":2,"enemies":"Chosen","floor":19,"turns":4},{"damage":16,"enemies":"Book of Stabbing","floor":23,"turns":8},{"damage":41,"enemies":"Gremlin Leader","floor":25,"turns":7},{"damage":17,"enemies":"Snake Plant","floor":27,"turns":5}],"seed_played":"3860179559468547692","potions_obtained":[{"floor":1,"key":"Dexterity Potion"},{"floor":2,"key":"HeartOfIron"},{"floor":6,"key":"BloodPotion"},{"floor":8,"key":"Swift Potion"},{"floor":13,"key":"Dexterity Potion"},{"floor":17,"key":"Swift Potion"},{"floor":18,"key":"FearPotion"},{"floor":27,"key":"Weak Potion"}],"is_trial":false,"path_per_floor":["M","M","M","M","M","E","?","M","T","E","M","R","M","?","R","B",null,"M","M","$","?","?","E","R","E","T","M","R"],"character_chosen":"IRONCLAD","items_purchased":["Bottled Lightning"],"campfire_rested":1,"item_purchase_floors":[20],"current_hp_per_floor":[80,75,75,67,73,53,79,75,75,64,67,67,72,56,56,38,85,83,85,85,85,69,59,59,24,24,30,55,55],"gold":224,"neow_bonus":"ONE_RANDOM_RARE_CARD","is_daily":false,"chose_seed":false,"campfire_upgraded":2,"win_rate":0.0,"timestamp":1614086514,"path_taken":["M","M","M","M","M","E","?","M","T","E","M","R","M","?","R","BOSS","M","M","$","?","?","E","R","E","T","M","R"],"items_purchased_type":["Relic"],"build_version":"2020-12-22","purchased_purges":1,"victory":false,"max_hp_per_floor":[80,80,80,80,80,80,80,80,80,80,80,80,80,80,80,80,85,85,85,85,85,85,85,85,85,85,85,85,85],"card_choices":[{"not_picked":["Rage","Bloodletting"],"picked":"Battle Trance","floor":1},{"not_picked":["Battle Trance","Anger"],"picked":"Iron Wave","floor":2},{"not_picked":["Armaments","Second Wind"],"picked":"Combust","floor":3},{"not_picked":["Anger","Seeing Red"],"picked":"Shrug It Off","floor":4},{"not_picked":["Fire Breathing","Dropkick"],"picked":"Disarm","floor":5},{"not_picked":["Clash","Wild Strike"],"picked":"Carnage","floor":6},{"not_picked":["Wild Strike","Iron Wave"],"picked":"Fire Breathing","floor":8},{"not_picked":["Cleave","Exhume"],"picked":"Fire Breathing","floor":10},{"not_picked":["Heavy Blade","Body Slam"],"picked":"Rupture","floor":11},{"not_picked":["Feel No Pain","Rampage"],"picked":"Shockwave","floor":13},{"not_picked":["Barricade","Juggernaut"],"picked":"Immolate","floor":16},{"not_picked":["Thunderclap","Pommel Strike"],"picked":"Wild Strike","floor":17},{"not_picked":["Pummel+1","Havoc","Armaments"],"picked":"SKIP","floor":18},{"not_picked":["Fire Breathing","Iron Wave"],"picked":"Dual Wield","floor":19},{"not_picked":["Second Wind+1","Battle Trance","Anger"],"picked":"SKIP","floor":23},{"not_picked":["Thunderclap","Dual Wield","Havoc"],"picked":"SKIP","floor":25},{"not_picked":["Rage","Headbutt","True Grit"],"picked":"SKIP","floor":27}],"player_experience":613207,"relics_obtained":[{"floor":6,"key":"Incense Burner"},{"floor":10,"key":"Orichalcum"},{"floor":22,"key":"Nilry\u0027s Codex"},{"floor":23,"key":"Art of War"},{"floor":25,"key":"Centennial Puzzle"},{"floor":26,"key":"Smiling Mask"}],"event_choices":[{"damage_healed":26,"gold_gain":0,"player_choice":"Banana","damage_taken":0,"max_hp_gain":0,"max_hp_loss":0,"event_name":"Big Fish","floor":7,"gold_loss":0},{"damage_healed":0,"gold_gain":0,"player_choice":"Entered Light","damage_taken":16,"max_hp_gain":0,"max_hp_loss":0,"event_name":"Shining Light","floor":14,"gold_loss":0,"cards_upgraded":["Battle Trance","Strike_R"]},{"damage_healed":0,"gold_gain":0,"player_choice":"Read","damage_taken":0,"max_hp_gain":0,"max_hp_loss":0,"event_name":"The Library","floor":21,"gold_loss":0,"cards_obtained":["Intimidate"]},{"damage_healed":0,"gold_gain":0,"player_choice":"Obtained Book","damage_taken":16,"max_hp_gain":0,"max_hp_loss":0,"event_name":"Cursed Tome","floor":22,"gold_loss":0}],"is_beta":false,"boss_relics":[{"not_picked":["Ectoplasm","Pandora\u0027s Box"],"picked":"Tiny House"}],"items_purged_floors":[20],"is_endless":false,"potions_floor_spawned":[1,2,6,8,13,18,27],"ascension_level":0}}