{"host":"bg8va46pgqgvtzim","time":1614094294,"event":{"mods":["BaseMod","Minty Spire (QoL Compilation)","Quick Restart","StSLib","SuperFastMode"],"gold_per_floor":[116,116,216,232,247,262,279,279,310,322,347,386,425,437,474,515,539,580,609,638,650,673,685,697,808,820,843,873,905,952,975,987,924,936,964,1005,1017,1029,1131,1058,1101,1113,1224,1250,1262,1274,1388,1400,1431,1492,1523,1551,1244,1244,1244,1271,1271,1271,1302,915,915,996,996,1028,1028,1041,1056,1278,1308,1308,1308,1308,1308,494,525,525],"floor_reached":77,"language":"ZHS","playtime":1922,"items_purged":["Strike_G","Corpse Explosion","Defend_G"],"score":1923,"play_id":"54e381b4-c343-4902-afb7-73ce42893d5c","local_time":"20210223233134","is_ascension_mode":true,"campfire_choices":[{"data":"Accuracy","floor":8.0,"key":"SMITH"},{"data":"Blade Dance","floor":10.0,"key":"SMITH"},{"data":"Prepared","floor":21.0,"key":"SMITH"},{"data":"Tactician","floor":23.0,"key":"SMITH"},{"data":"Expertise","floor":24.0,"key":"SMITH"},{"data":"Tools of the Trade","floor":34.0,"key":"SMITH"},{"data":"Terror","floor":37.0,"key":"SMITH"},{"data":"Calculated Gamble","floor":46.0,"key":"SMITH"},{"data":"Setup","floor":57.0,"key":"SMITH"},{"data":"Reflex","floor":65,"key":"SMITH"},{"floor":70,"key":"RECALL"},{"data":"Reflex","floor":73,"key":"SMITH"}],"circlet_count":0,"master_deck":["Defend_G","Defend_G","Defend_G","Defend_G","Survivor","Neutralize+1","Underhanded Strike+1","Blade Dance+1","Accuracy+1","Blade Dance","Terror+1","Tactician+1","Prepared+1","Expertise+1","Tools of the Trade+1","Reflex+1","Backflip","Escape Plan","Reflex+1","Blur+1","Prepared+1","Calculated Gamble+1","Underhanded Strike","Concentrate","Backflip+1","Setup+1","Acrobatics+1","Acrobatics","Thinking Ahead"],"relics":["Ring of the Snake","Ancient Tea Set","MawBank","Happy Flower","Art of War","Bronze Scales","Juzu Bracelet","Odd Mushroom","Akabeko","HoveringKite","Red Mask","Ginger","Blood Vial","Bag of Preparation","Shuriken","Coffee Dripper","Lizard Tail","Letter Opener","Tingsha","Blue Candle","Ice Cream","Mercury Hourglass","Bag of Marbles","Pen Nib","Whetstone","Toy Ornithopter","Cauldron","Turnip"],"acts_visited":["Exordium","TheCity","TheBeyond","TheEnding"],"potions_floor_usage":[76,76,76,76,76,76],"damage_taken":[{"damage":2.0,"enemies":"Small Slimes","floor":1.0,"turns":5.0},{"damage":1.0,"enemies":"Cultist","floor":4.0,"turns":3.0},{"damage":0.0,"enemies":"2 Louse","floor":5.0,"turns":2.0},{"damage":5.0,"enemies":"Exordium Thugs","floor":6.0,"turns":4.0},{"damage":0.0,"enemies":"3 Louse","floor":7.0,"turns":2.0},{"damage":0.0,"enemies":"Lagavulin","floor":9.0,"turns":4.0},{"damage":3.0,"enemies":"Red Slaver","floor":11.0,"turns":3.0},{"damage":5.0,"enemies":"Gremlin Nob","floor":12.0,"turns":3.0},{"damage":8.0,"enemies":"Lagavulin","floor":15.0,"turns":6.0},{"damage":0.0,"enemies":"The Mushroom Lair","floor":16.0,"turns":2.0},{"damage":0.0,"enemies":"Looter","floor":17.0,"turns":1.0},{"damage":0.0,"enemies":"Gremlin Nob","floor":18.0,"turns":3.0},{"damage":0.0,"enemies":"3 Louse","floor":19.0,"turns":1.0},{"damage":0.0,"enemies":"Exordium Thugs","floor":20.0,"turns":2.0},{"damage":0.0,"enemies":"Lots of Slimes","floor":22.0,"turns":3.0},{"damage":23.0,"enemies":"The Guardian","floor":25.0,"turns":9.0},{"damage":14.0,"enemies":"2 Thieves","floor":27.0,"turns":3.0},{"damage":0.0,"enemies":"Chosen","floor":28.0,"turns":3.0},{"damage":3.0,"enemies":"Snecko","floor":29.0,"turns":5.0},{"damage":16.0,"enemies":"Masked Bandits","floor":30.0,"turns":4.0},{"damage":5.0,"enemies":"Centurion and Healer","floor":31.0,"turns":4.0},{"damage":14.0,"enemies":"Shelled Parasite and Fungi","floor":35.0,"turns":4.0},{"damage":7.0,"enemies":"Slavers","floor":36.0,"turns":4.0},{"damage":26.0,"enemies":"Gremlin Leader","floor":41.0,"turns":6.0},{"damage":0.0,"enemies":"Chosen and Byrds","floor":44.0,"turns":2.0},{"damage":0.0,"enemies":"Collector","floor":47.0,"turns":5.0},{"damage":0.0,"enemies":"3 Shapes","floor":49.0,"turns":2.0},{"damage":0.0,"enemies":"2 Orb Walkers","floor":50.0,"turns":2.0},{"damage":0.0,"enemies":"Orb Walker","floor":51.0,"turns":1.0},{"damage":0.0,"enemies":"Jaw Worm Horde","floor":52.0,"turns":2.0},{"damage":0.0,"enemies":"Reptomancer","floor":56.0,"turns":2.0},{"damage":0.0,"enemies":"Nemesis","floor":59.0,"turns":4.0},{"damage":0,"enemies":"Reptomancer","floor":64,"turns":1},{"damage":0,"enemies":"Transient","floor":66,"turns":1},{"damage":0,"enemies":"Writhing Mass","floor":67,"turns":2},{"damage":0,"enemies":"Nemesis","floor":69,"turns":3},{"damage":19,"enemies":"Time Eater","floor":71,"turns":4},{"damage":0,"enemies":"Shield and Spear","floor":75,"turns":1},{"damage":0,"enemies":"The Heart","floor":76,"turns":4}],"seed_played":"-8233795515945352233","potions_obtained":[{"floor":1.0,"key":"DistilledChaos"},{"floor":4.0,"key":"Weak Potion"},{"floor":5.0,"key":"FearPotion"},{"floor":25.0,"key":"Ancient Potion"},{"floor":28.0,"key":"Regen Potion"},{"floor":29.0,"key":"Swift Potion"},{"floor":30.0,"key":"FairyPotion"},{"floor":41.0,"key":"Weak Potion"},{"floor":47.0,"key":"SteroidPotion"},{"floor":74,"key":"EntropicBrew"}],"is_trial":false,"path_per_floor":["M","?","?","M","M","M","M","R","E","R","M","E","T","T","E","?","M","E","M","M","R","M","R","R","B",null,"M","M","M","?","M","$","?","R","M","E","R","T","?","?","E","?","?","M","?","R","B",null,"M","?","M","M","$","?","?","E","R","?","E","$","T","T","?","E","R","M","M","?","E","R","B",null,"R","$","E","B",null],"character_chosen":"THE_SILENT","items_purchased":["Letter Opener","Ice Cream","Acrobatics","Whetstone","Toy Ornithopter","Thinking Ahead","Cauldron"],"campfire_rested":0,"item_purchase_floors":[53,60,74,74,74,74,74],"current_hp_per_floor":[68,65,65,64,64,59,59,59,59,59,56,51,51,51,43,43,43,43,43,43,43,43,43,43,20,70,56,56,68,52,47,47,47,47,33,26,26,26,14,14,21,21,21,23,23,23,25,70,70,70,70,70,70,70,70,70,70,70,70,70,70,70,70,70,70,70,70,70,70,70,51,70,70,70,70,70],"gold":525,"neow_bonus":"THREE_CARDS","is_daily":false,"chose_seed":false,"campfire_upgraded":11,"win_rate":0.0,"timestamp":1614094294,"path_taken":["M","?","?","M","M","?","M","R","E","R","M","E","T","T","E","?","M","E","M","M","R","M","R","R","BOSS","M","M","M","?","M","$","?","R","M","E","R","T","?","?","E","?","?","M","?","R","BOSS","M","?","M","M","$","?","?","E","R","?","E","?","T","T","?","E","R","M","M","?","E","R","BOSS","R","$","E","BOSS"],"items_purchased_type":["Relic","Relic","Card","Relic","Relic","Card","Relic"],"build_version":"2020-12-22","purchased_purges":3,"victory":true,"max_hp_per_floor":[70,70,70,70,70,70,70,70,70,70,70,70,70,70,70,70,70,70,70,70,70,70,70,70,70,70,70,70,70,70,70,70,70,70,70,70,70,70,70,70,70,70,70,70,70,70,70,70,70,70,70,70,70,70,70,70,70,70,70,70,70,70,70,70,70,70,70,70,70,70,70,70,70,70,70,70],"card_choices":[{"not_picked":["Heel Hook","Riddle With Holes"],"picked":"Underhanded Strike","floor":0.0},{"not_picked":["Caltrops","Quick Slash"],"picked":"Blade Dance","floor":1.0},{"not_picked":["Riddle With Holes","Crippling Poison","Backflip"],"picked":"SKIP","floor":4.0},{"not_picked":["Dodge and Roll","Cloak And Dagger"],"picked":"Accuracy","floor":5.0},{"not_picked":["Deflect","PiercingWail"],"picked":"Blade Dance","floor":6.0},{"not_picked":["Dagger Spray","Blur"],"picked":"Terror","floor":7.0},{"not_picked":["Deadly Poison","Noxious Fumes","Cloak And Dagger"],"picked":"SKIP","floor":9.0},{"not_picked":["Adrenaline","Setup"],"picked":"Tactician","floor":11.0},{"not_picked":["Blade Dance","Deflect","Caltrops"],"picked":"SKIP","floor":12.0},{"not_picked":["Crippling Poison","Concentrate"],"picked":"Prepared","floor":15.0},{"not_picked":["Dagger Throw","Leg Sweep","Catalyst"],"picked":"SKIP","floor":17.0},{"not_picked":["Backflip","Crippling Poison"],"picked":"Expertise","floor":18.0},{"not_picked":["Bouncing Flask","Crippling Poison","Deadly Poison"],"picked":"SKIP","floor":19.0},{"not_picked":["Dagger Spray","Slice","Endless Agony"],"picked":"SKIP","floor":20.0},{"not_picked":["Flying Knee","Poisoned Stab","Slice"],"picked":"SKIP","floor":22.0},{"not_picked":["Storm of Steel","Envenom"],"picked":"Tools of the Trade","floor":25.0},{"not_picked":["Cloak And Dagger","Dash"],"picked":"Reflex","floor":27.0},{"not_picked":["Blade Dance","Slice+1","Distraction"],"picked":"SKIP","floor":28.0},{"not_picked":["Masterful Stab","Backstab"],"picked":"Backflip","floor":29.0},{"not_picked":["Finisher+1","Outmaneuver"],"picked":"Escape Plan","floor":30.0},{"not_picked":["Caltrops","Leg Sweep"],"picked":"Reflex","floor":31.0},{"not_picked":["Setup","Heel Hook"],"picked":"Blur+1","floor":35.0},{"not_picked":["Sucker Punch","Bane"],"picked":"Prepared+1","floor":36.0},{"not_picked":["Bouncing Flask+1","PiercingWail","Deflect"],"picked":"SKIP","floor":41.0},{"not_picked":["PiercingWail+1","Sucker Punch"],"picked":"Calculated Gamble","floor":44.0},{"not_picked":["Backflip+1","Acrobatics"],"picked":"Concentrate","floor":49.0},{"not_picked":["Cloak And Dagger","Leg Sweep"],"picked":"Backflip+1","floor":51.0},{"not_picked":["Deflect+1","Backflip+1","Poisoned Stab"],"picked":"SKIP","floor":52.0},{"not_picked":["Leg Sweep","Infinite Blades","Tools of the Trade"],"picked":"SKIP","floor":56.0},{"not_picked":["Flying Knee+1","Bane+1","Noxious Fumes+1"],"picked":"SKIP","floor":59.0},{"not_picked":["Poisoned Stab+1","Backflip"],"picked":"Acrobatics+1","floor":64},{"not_picked":["PiercingWail","Slice","Blade Dance"],"picked":"SKIP","floor":66},{"not_picked":["Doppelganger","Riddle With Holes+1","Sucker Punch+1"],"picked":"SKIP","floor":67},{"not_picked":["Blade Dance","PiercingWail+1","Blur"],"picked":"SKIP","floor":69},{"not_picked":["Underhanded Strike","Reflex","Poisoned Stab+1"],"picked":"SKIP","floor":75}],"player_experience":2521288,"relics_obtained":[{"floor":9.0,"key":"MawBank"},{"floor":12.0,"key":"Happy Flower"},{"floor":13.0,"key":"Art of War"},{"floor":14.0,"key":"Bronze Scales"},{"floor":15.0,"key":"Juzu Bracelet"},{"floor":16.0,"key":"Odd Mushroom"},{"floor":18.0,"key":"Akabeko"},{"floor":30.0,"key":"Red Mask"},{"floor":36.0,"key":"Ginger"},{"floor":38.0,"key":"Blood Vial"},{"floor":41.0,"key":"Shuriken"},{"floor":50.0,"key":"Lizard Tail"},{"floor":56.0,"key":"Tingsha"},{"floor":59.0,"key":"Blue Candle"},{"floor":62.0,"key":"Mercury Hourglass"},{"floor":64,"key":"Bag of Marbles"},{"floor":69,"key":"Pen Nib"},{"floor":75,"key":"Turnip"}],"event_choices":[{"damage_healed":0.0,"max_hp_gain":0.0,"max_hp_loss":0.0,"gold_gain":0.0,"event_name":"Scrap Ooze","player_choice":"Success","floor":2.0,"gold_loss":0.0,"damage_taken":3.0,"relics_obtained":["Ancient Tea Set"]},{"damage_healed":0.0,"max_hp_gain":0.0,"max_hp_loss":0.0,"gold_gain":100.0,"event_name":"Golden Shrine","player_choice":"Pray","floor":3.0,"gold_loss":0.0,"damage_taken":0.0},{"damage_healed":0.0,"max_hp_gain":0.0,"max_hp_loss":0.0,"gold_gain":0.0,"event_name":"Mushrooms","player_choice":"Fought Mushrooms","floor":16.0,"gold_loss":0.0,"damage_taken":0.0},{"damage_healed":0.0,"max_hp_gain":0.0,"max_hp_loss":0.0,"gold_gain":0.0,"event_name":"Masked Bandits","player_choice":"Fought Bandits","floor":30.0,"gold_loss":0.0,"damage_taken":0.0},{"cards_removed":["Strike_G"],"damage_healed":0.0,"max_hp_gain":0.0,"max_hp_loss":0.0,"gold_gain":0.0,"event_name":"Beggar","player_choice":"Gave Gold","floor":33.0,"gold_loss":75.0,"damage_taken":0.0},{"damage_healed":0.0,"max_hp_gain":0.0,"max_hp_loss":0.0,"gold_gain":90.0,"event_name":"Knowing Skull","player_choice":"GOLD ","floor":39.0,"potions_obtained":[],"gold_loss":0.0,"damage_taken":12.0,"cards_obtained":[]},{"damage_healed":0.0,"max_hp_gain":0.0,"max_hp_loss":0.0,"gold_gain":0.0,"event_name":"Addict","player_choice":"Obtained Relic","floor":40.0,"gold_loss":85.0,"damage_taken":0.0,"relics_obtained":["Bag of Preparation"]},{"damage_healed":0.0,"max_hp_gain":0.0,"max_hp_loss":0.0,"gold_gain":0.0,"cards_transformed":["Strike_G"],"event_name":"Transmorgrifier","player_choice":"Transformed","floor":42.0,"gold_loss":0.0,"damage_taken":0.0,"cards_obtained":["Corpse Explosion"]},{"damage_healed":0.0,"max_hp_gain":0.0,"max_hp_loss":0.0,"gold_gain":99.0,"event_name":"Nest","player_choice":"Stole From Cult","floor":43.0,"gold_loss":0.0,"damage_taken":0.0},{"damage_healed":0.0,"max_hp_gain":0.0,"max_hp_loss":0.0,"gold_gain":0.0,"cards_transformed":["Strike_G","Strike_G"],"event_name":"Drug Dealer","player_choice":"Became Test Subject","floor":45.0,"gold_loss":0.0,"damage_taken":0.0,"cards_obtained":["Underhanded Strike","Bullet Time"]},{"damage_healed":0.0,"max_hp_gain":0.0,"max_hp_loss":0.0,"gold_gain":0.0,"event_name":"Mysterious Sphere","player_choice":"Fight","floor":50.0,"gold_loss":0.0,"damage_taken":0.0},{"damage_healed":0.0,"max_hp_gain":0.0,"max_hp_loss":0.0,"gold_gain":0.0,"event_name":"Match and Keep!","player_choice":"1 cards matched","floor":54.0,"gold_loss":0.0,"damage_taken":0.0,"cards_obtained":["Setup"]},{"cards_removed":["Bullet Time"],"damage_healed":0.0,"max_hp_gain":0.0,"max_hp_loss":0.0,"gold_gain":0.0,"event_name":"Purifier","player_choice":"Purged","floor":55.0,"gold_loss":0.0,"damage_taken":0.0},{"damage_healed":0.0,"max_hp_gain":0.0,"max_hp_loss":0.0,"gold_gain":0.0,"event_name":"Wheel of Change","player_choice":"Full Heal","floor":58.0,"gold_loss":0.0,"damage_taken":0.0},{"damage_healed":0,"gold_gain":0,"player_choice":"Memory 1","damage_taken":0,"max_hp_gain":0,"max_hp_loss":0,"event_name":"SensoryStone","floor":63,"gold_loss":0},{"damage_healed":0,"gold_gain":222,"player_choice":"Wore Mask","damage_taken":0,"max_hp_gain":0,"max_hp_loss":0,"event_name":"Tomb of Lord Red Mask","floor":68,"gold_loss":0}],"is_beta":false,"boss_relics":[{"not_picked":["Runic Dome","Snecko Eye"],"picked":"HoveringKite"},{"not_picked":["Runic Pyramid","SlaversCollar"],"picked":"Coffee Dripper"}],"items_purged_floors":[53,60,74],"is_endless":false,"potions_floor_spawned":[1,4,5,15,16,20,25,28,29,30,41,47,50,52,59,64,67,75],"ascension_level":1}}