{"host":"btkbr53c3gip0r7d","time":1614117654,"event":{"mods":["BaseMod","Better Altar","Better Match","Better Note","Better Sensory Stone","Better Skull","Better Third Choice","Colored Map","Curses Come First","Downfall","Minty Spire (QoL Compilation)","StSLib","The Cursed","The Marked"],"gold_per_floor":[99,119,145,172,192,230,230,70,93,121,275,298,198,241,268,380,380,380,412,439,60,82,128,128,147,184,229,257,257,299,408,436,544,553,553,576,585,614,1631,1683,1709,1761,1793,1793,1460,1509,1131,1158,1182,1182],"floor_reached":51,"language":"ENG","playtime":8394,"items_purged":["Regret","Normality"],"score":1229,"play_id":"4ef6833f-a561-43f3-b2a0-5dff91cd3d3f","local_time":"20210223150054","is_ascension_mode":true,"campfire_choices":[{"floor":1.0,"key":"RECALL"},{"data":"hexamod:ApocalypseNow","floor":13.0,"key":"SMITH"},{"data":"hexamod:ParanormalForm","floor":18.0,"key":"SMITH"},{"floor":29.0,"key":"REST"},{"data":"Apotheosis","floor":35.0,"key":"SMITH"},{"floor":44.0,"key":"REST"}],"circlet_count":0,"master_deck":["hexamod:Defend","hexamod:Defend","hexamod:Defend","hexamod:Defend","hexamod:Sear","hexamod:Float","hexamod:RainOfEmbers","hexamod:HauntingEcho","hexamod:Hexaguard","hexamod:GhostLash","hexamod:HeatShield","hexamod:ApocalypseNow+1","hexamod:EmpoweredFlame","hexamod:SecondSeal","downfall:Haunted","downfall:Haunted","Injury","hexamod:WildfireWeapon","Pain","hexamod:PowerFromBeyond","hexamod:UnleashSpirits","hexamod:Haunt","hexamod:ParanormalForm+1","hexamod:Incineration","hexamod:RecurringNightmare","hexamod:SpectralSpark","Apotheosis+1","hexamod:GhostflameInferno","hexamod:Firestarter+1","hexamod:TimeOfNeed","hexamod:Rewind","Bite","Bite","Bite","Bite","Bite","hexamod:FourthSeal","hexamod:GhostflameInferno","hexamod:FourthSeal","hexamod:HauntingEcho+1","hexamod:ApocalypticArmor","CurseOfTheBell","hexamod:GhostLash+1","hexamod:ThirdSeal","hexamod:EtherealExpedition+1","hexamod:HauntingEcho+1","Normality","hexamod:FastForward+1","hexamod:HeatCrush","hexamod:EtherealExpedition+1","hexamod:Rewind+1","hexamod:Haunt+1","hexamod:Again+1","hexamod:TimeWarp","Apotheosis+1","Dramatic Entrance","hexamod:Hexaguard+1","hexamod:NightmareGuise+1","expansioncontent:YouAreMine+1","expansioncontent:Chronoboost","expansioncontent:PolyBeam","hexamod:FastForward+1"],"relics":["hexamod:SpiritBrand","CeramicFish","Orichalcum","Blue Candle","Sling","Darkstone Periapt","downfall:HeartBlessingRed","Calipers","hexamod:IceCube","Happy Flower","Bottled Flame","Lantern","Kunai","hexamod:SoulOfChaos","StrikeDummy","Calling Bell","Anchor","Toxic Egg 2","Torii","InkBottle","Blood Vial","Peace Pipe","FossilizedHelix","Membership Card","Akabeko","Lizard Tail"],"acts_visited":["Exordium","TheCity","TheBeyond"],"potions_floor_usage":[50,50,50],"damage_taken":[{"damage":0.0,"enemies":"2 Louse","floor":2.0,"turns":2.0},{"damage":4.0,"enemies":"Small Slimes","floor":3.0,"turns":3.0},{"damage":2.0,"enemies":"Jaw Worm","floor":4.0,"turns":3.0},{"damage":4.0,"enemies":"Red Slaver","floor":5.0,"turns":3.0},{"damage":5.0,"enemies":"3 Sentries","floor":6.0,"turns":7.0},{"damage":0.0,"enemies":"downfall:FleeingMerchant","floor":8.0,"turns":4.0},{"damage":0.0,"enemies":"2 Fungi Beasts","floor":9.0,"turns":3.0},{"damage":0.0,"enemies":"3 Louse","floor":10.0,"turns":2.0},{"damage":7.0,"enemies":"downfall:LooterAlt","floor":12.0,"turns":3.0},{"damage":0.0,"enemies":"Gremlin Nob","floor":14.0,"turns":2.0},{"damage":8.0,"enemies":"Gremlin Gang","floor":15.0,"turns":4.0},{"damage":7.0,"enemies":"SI_SHIV_ARCHETYPE","floor":16.0,"turns":7.0},{"damage":13.0,"enemies":"Shell Parasite","floor":19.0,"turns":4.0},{"damage":18.0,"enemies":"downfall:LooterAlt2","floor":20.0,"turns":4.0},{"damage":8.0,"enemies":"downfall:FleeingMerchant","floor":21.0,"turns":4.0},{"damage":8.0,"enemies":"Cultist and Chosen","floor":22.0,"turns":4.0},{"damage":3.0,"enemies":"Gremlin Leader","floor":23.0,"turns":6.0},{"damage":4.0,"enemies":"Sentry and Sphere","floor":25.0,"turns":4.0},{"damage":25.0,"enemies":"Book of Stabbing","floor":26.0,"turns":4.0},{"damage":0.0,"enemies":"Centurion and Healer","floor":28.0,"turns":2.0},{"damage":45.0,"enemies":"Gremlin Leader","floor":30.0,"turns":7.0},{"damage":3.0,"enemies":"Colosseum Nobs","floor":31.0,"turns":3.0},{"damage":13.0,"enemies":"Snake Plant","floor":32.0,"turns":3.0},{"damage":16.0,"enemies":"WA_ARCHETYPE_CALM","floor":33.0,"turns":7.0},{"damage":9.0,"enemies":"Orb Walker","floor":36.0,"turns":3.0},{"damage":17.0,"enemies":"3 Darklings","floor":38.0,"turns":5.0},{"damage":29.0,"enemies":"Reptomancer","floor":40.0,"turns":5.0},{"damage":39.0,"enemies":"Nemesis","floor":42.0,"turns":5.0},{"damage":3.0,"enemies":"Maw","floor":43.0,"turns":7.0},{"damage":26.0,"enemies":"Reptomancer","floor":46.0,"turns":4.0},{"damage":0.0,"enemies":"downfall:FleeingMerchant","floor":47.0,"turns":1.0},{"damage":0.0,"enemies":"4 Shapes","floor":49.0,"turns":1.0},{"damage":62,"enemies":"DF_ARCHETYPE_ORBS","floor":50,"turns":6}],"seed_played":"-1329758865271404547","potions_obtained":[{"floor":3.0,"key":"Weak Potion"},{"floor":5.0,"key":"Block Potion"},{"floor":10.0,"key":"Weak Potion"},{"floor":14.0,"key":"Energy Potion"},{"floor":15.0,"key":"DuplicationPotion"},{"floor":16.0,"key":"SteroidPotion"},{"floor":22.0,"key":"AttackPotion"},{"floor":23.0,"key":"Dexterity Potion"},{"floor":30.0,"key":"hexamod:EctoCoolerPotion"},{"floor":30.0,"key":"hexamod:SoulburnPotion"},{"floor":31.0,"key":"EntropicBrew"},{"floor":31.0,"key":"Weak Potion"},{"floor":32.0,"key":"SkillPotion"},{"floor":32.0,"key":"CultistPotion"},{"floor":33.0,"key":"bronze:BurnAndBuffPotion"},{"floor":36.0,"key":"DistilledChaos"},{"floor":36.0,"key":"SneckoOil"},{"floor":38.0,"key":"LiquidMemories"},{"floor":46.0,"key":"Swift Potion"},{"floor":49.0,"key":"bronze:BurnAndBuffPotion"}],"is_trial":false,"path_per_floor":["R","M","M","M","M","E","T","$","M","M","?","M","R","E","M","B",null,"R","M","M","$","M","E","T","M","E","?","M","R","E","?","M","B",null,"R","M","?","M","?","E","T","E","M","R","?","E","$","?","M","B",null],"character_chosen":"THE_SPIRIT","items_purchased":["Sling","Apotheosis","hexamod:GhostflameInferno","Membership Card","Akabeko","Lizard Tail","hexamod:TimeWarp","Slimebound:ThreeZeroPotion","Fire Potion","Apotheosis+1","Dramatic Entrance","hexamod:Hexaguard+1","hexamod:NightmareGuise+1"],"campfire_rested":2,"item_purchase_floors":[8,21,21,47,47,47,47,47,47,47,47,47,47],"current_hp_per_floor":[70,70,66,64,60,55,55,55,55,55,90,83,83,83,75,68,105,105,92,74,66,58,55,55,51,26,26,32,53,23,22,11,5,79,79,70,70,60,72,51,51,18,30,57,102,79,81,71,73,19],"gold":1182,"neow_bonus":"RANDOM_COMMON_RELIC","is_daily":false,"chose_seed":false,"campfire_upgraded":3,"win_rate":0.0,"timestamp":1614117654,"path_taken":["R","M","M","M","M","E","T","$","M","M","?","M","R","E","M","BOSS","R","M","M","$","M","E","T","M","E","?","M","R","E","?","M","BOSS","R","M","?","M","?","E","T","E","M","R","?","E","$","?","M","BOSS"],"items_purchased_type":["Relic","Card","Card","Relic","Relic","Relic","Card","Potion","Potion","Card","Card","Card","Card"],"build_version":"2020-12-22","purchased_purges":2,"victory":true,"max_hp_per_floor":[70,70,70,70,70,70,70,70,70,70,105,105,105,105,105,105,105,105,105,105,105,105,105,105,105,105,73,73,73,73,73,73,73,79,79,79,79,79,91,91,91,91,91,91,102,102,102,102,102,102],"card_choices":[{"not_picked":["hexamod:GhostShield","hexamod:HauntingEcho"],"picked":"hexamod:RainOfEmbers","floor":2.0},{"not_picked":["hexamod:Firestarter","hexamod:AdvancingGuard"],"picked":"hexamod:HauntingEcho","floor":3.0},{"not_picked":["hexamod:Firestarter","hexamod:InspiringFlames"],"picked":"hexamod:Hexaguard","floor":4.0},{"not_picked":["hexamod:PhantomCloak","hexamod:SuperheatedStrike"],"picked":"hexamod:GhostLash","floor":5.0},{"not_picked":["hexamod:NightmareGuise","hexamod:HauntingEcho"],"picked":"hexamod:HeatShield","floor":6.0},{"not_picked":["hexamod:FastForward","hexamod:RadiantFlame"],"picked":"hexamod:ApocalypseNow","floor":8.0},{"not_picked":["hexamod:SwordOfDarkness","hexamod:GhostOfSpirePast"],"picked":"hexamod:EmpoweredFlame","floor":9.0},{"not_picked":["hexamod:GhostLash","hexamod:ThermalTransfer"],"picked":"hexamod:SecondSeal","floor":10.0},{"not_picked":["hexamod:StepThrough","hexamod:GhostflameBarrier"],"picked":"hexamod:PowerFromBeyond","floor":12.0},{"not_picked":["hexamod:Firestarter","hexamod:NightmareGuise"],"picked":"hexamod:UnleashSpirits","floor":14.0},{"not_picked":["hexamod:AdvancingGuard","hexamod:EmpoweredFlame"],"picked":"hexamod:Haunt","floor":15.0},{"not_picked":["hexamod:GhostflameInferno","hexamod:FlameSwitch"],"picked":"hexamod:ParanormalForm","floor":16.0},{"not_picked":["hexamod:GhostOfSpirePast+1","hexamod:BurningTouch"],"picked":"hexamod:Incineration","floor":19.0},{"not_picked":["hexamod:CatchUp","hexamod:AdvancingGuard"],"picked":"hexamod:RecurringNightmare","floor":20.0},{"not_picked":["hexamod:HeatShield+1","hexamod:SuperheatedStrike"],"picked":"hexamod:SpectralSpark","floor":21.0},{"not_picked":["hexamod:SwordOfDarkness","hexamod:GhostShield"],"picked":"hexamod:Firestarter+1","floor":22.0},{"not_picked":["hexamod:RecurringNightmare","hexamod:DynamicBlow"],"picked":"hexamod:TimeOfNeed","floor":23.0},{"not_picked":["hexamod:AdvancingGuard+1","hexamod:BacktrackSmack+1"],"picked":"hexamod:ThermalTransfer+1","floor":25.0},{"not_picked":["hexamod:AdvancingGuard","hexamod:GhostOfSpireFuture"],"picked":"hexamod:Rewind","floor":26.0},{"not_picked":["hexamod:PhantomFireball","hexamod:Rewind"],"picked":"hexamod:FourthSeal","floor":28.0},{"not_picked":["hexamod:SuperheatedStrike","hexamod:FlamesFromBeyond+1"],"picked":"hexamod:GhostflameInferno","floor":30.0},{"not_picked":["hexamod:ThermalTransfer+1","hexamod:GhostOfSpirePast"],"picked":"hexamod:FourthSeal","floor":31.0},{"not_picked":["hexamod:ThermalTransfer","hexamod:ShieldOfDarkness"],"picked":"hexamod:HauntingEcho+1","floor":32.0},{"not_picked":["hexamod:GhostflameInferno","hexamod:GhostOfSpirePresent"],"picked":"hexamod:ApocalypticArmor","floor":33.0},{"not_picked":["hexamod:InspiringFlames+1","hexamod:GhostShield+1"],"picked":"hexamod:GhostLash+1","floor":36.0},{"not_picked":["hexamod:AdvancingGuard+1","hexamod:NightmareGuise+1"],"picked":"hexamod:EtherealExpedition+1","floor":38.0},{"not_picked":["hexamod:ShieldOfDarkness+1","hexamod:BacktrackSmack"],"picked":"hexamod:HauntingEcho+1","floor":38.0},{"not_picked":["hexamod:AdvancingGuard+1","hexamod:GhostShield+1"],"picked":"hexamod:FastForward+1","floor":40.0},{"not_picked":["hexamod:HauntingEcho+1","hexamod:AdvancingGuard+1"],"picked":"hexamod:HeatCrush","floor":42.0},{"not_picked":["hexamod:SixthSeal","hexamod:GhostLash"],"picked":"hexamod:EtherealExpedition+1","floor":43.0},{"not_picked":["hexamod:InspiringFlames+1","hexamod:SwordOfDarkness"],"picked":"hexamod:Rewind+1","floor":43.0},{"not_picked":["hexamod:Again+1","hexamod:DynamicBlow+1"],"picked":"hexamod:Haunt+1","floor":46.0},{"not_picked":["hexamod:AdvancingGuard+1","hexamod:SoulSteal+1"],"picked":"hexamod:Again+1","floor":46.0},{"not_picked":["hexamod:InspiringFlames+1","hexamod:SwordOfDarkness","hexamod:BacktrackSmack"],"picked":"SKIP","floor":47.0},{"not_picked":["expansioncontent:PolyBeam","expansioncontent:InvincibleStrength"],"picked":"expansioncontent:YouAreMine","floor":48.0},{"not_picked":["expansioncontent:InvincibleStrength","expansioncontent:GuardianWhirl"],"picked":"expansioncontent:Chronoboost","floor":48.0},{"not_picked":["expansioncontent:AwakenDeath","expansioncontent:InvincibleStrength"],"picked":"expansioncontent:PolyBeam","floor":48.0},{"not_picked":["hexamod:SwordOfDarkness","hexamod:ThirdSeal"],"picked":"hexamod:FastForward+1","floor":49.0}],"player_experience":1515853,"relics_obtained":[{"floor":6.0,"key":"Orichalcum"},{"floor":7.0,"key":"Blue Candle"},{"floor":14.0,"key":"Calipers"},{"floor":23.0,"key":"Happy Flower"},{"floor":24.0,"key":"Bottled Flame"},{"floor":26.0,"key":"Lantern"},{"floor":30.0,"key":"Kunai"},{"floor":31.0,"key":"hexamod:SoulOfChaos"},{"floor":31.0,"key":"StrikeDummy"},{"floor":34.0,"key":"Anchor"},{"floor":34.0,"key":"Toxic Egg 2"},{"floor":34.0,"key":"Torii"},{"floor":40.0,"key":"InkBottle"},{"floor":41.0,"key":"Blood Vial"},{"floor":42.0,"key":"Peace Pipe"},{"floor":46.0,"key":"FossilizedHelix"}],"event_choices":[{"damage_healed":0.0,"max_hp_gain":0.0,"max_hp_loss":32.0,"gold_gain":0.0,"event_name":"Vampires","player_choice":"Became a vampire","floor":27.0,"gold_loss":0.0,"damage_taken":0.0,"cards_obtained":["Bite","Bite","Bite","Bite","Bite"]}],"is_beta":false,"boss_relics":[{"not_picked":["Velvet Choker","Fusion Hammer"],"picked":"hexamod:IceCube"},{"not_picked":["Astrolabe","Pandora\u0027s Box"],"picked":"Calling Bell"}],"items_purged_floors":[21,47],"is_endless":false,"potions_floor_spawned":[3,5,10,14,15,16,19,22,23,30,31,32,36,46,49],"ascension_level":3}}