{"host":"egwexuw5uvnxf11j","time":1614039501,"event":{"mods":["2.2 Compatiblity","Aspiration","BaseMod","Better Note","Better Sensory Stone","Better Third Choice","Displayed Cursed Tome","Downfall","Hermit","Key Reminder","Koishi","Marisa????????","Minty Spire (QoL Compilation)","Quick Restart","Shade Mod","Spicy Shops","StSLib","The Construct","The Cursed","The Runesmith","The Senshi","The Servant 0.9.4","Transform Curses"],"gold_per_floor":[116,128,49,49,60,60,91,154,154,169,181,198,198,211,211,310,310,330,245,27,43,54,54,85,85,85,120,120,148,148,148,148,246,246,261,271,289,101,121,121,121],"floor_reached":40,"language":"ENG","playtime":6975,"items_purged":["Decay"],"score":569,"play_id":"20c63ee8-b823-49e0-b942-26c2317ac33c","local_time":"20210222191821","is_ascension_mode":true,"campfire_choices":[{"data":"All Out Attack","floor":6,"key":"SMITH"},{"floor":13,"key":"REST"},{"floor":15,"key":"REST"},{"floor":23,"key":"REST"},{"floor":25,"key":"REST"},{"floor":32,"key":"REST"}],"circlet_count":0,"master_deck":["Strike_G","Strike_G","Strike_G","Strike_G","Strike_G","Defend_G","Defend_G","Defend_G","Defend_G","Defend_G","Survivor","Neutralize+1","Slice","Flying Knee","Slice","Quick Slash","All Out Attack+1","Dagger Throw","Sucker Punch","Dash","Deflect","Dagger Spray","Deflect","Unload","Well Laid Plans+1","Masterful Stab","Underhanded Strike+1","Blade Dance+1","Accuracy+1","Setup+1","Flying Knee","Corpse Explosion","Accuracy","Backflip+1","Terror+1","Cloak And Dagger+1","Outmaneuver+1","Backflip","Infinite Blades","Underhanded Strike+1","All Out Attack+1"],"relics":["Ring of the Snake","aspiration:HatOfInfinitePower","Bag of Preparation","keyreminder:keyreminder","HoveringKite","aspiration:FrozenJewel","ClockworkSouvenir","aspiration:HiddenCompartment","Shuriken","construct:FoamFinger","aspiration:Lifesprig","Prayer Wheel","aspiration:MobileForge"],"acts_visited":["Exordium","TheCity","TheBeyond"],"potions_floor_usage":[8,8,8,16,16,27,29,29,33,33],"damage_taken":[{"damage":0,"enemies":"Small Slimes","floor":1,"turns":4},{"damage":7,"enemies":"2 Louse","floor":2,"turns":3},{"damage":0,"enemies":"Jaw Worm","floor":5,"turns":4},{"damage":15,"enemies":"3 Sentries","floor":7,"turns":6},{"damage":8,"enemies":"Gremlin Nob","floor":8,"turns":3},{"damage":15,"enemies":"3 Louse","floor":10,"turns":2},{"damage":7,"enemies":"Large Slime","floor":11,"turns":4},{"damage":0,"enemies":"Exordium Wildlife","floor":12,"turns":2},{"damage":0,"enemies":"2 Fungi Beasts","floor":14,"turns":2},{"damage":21,"enemies":"The Guardian","floor":16,"turns":9},{"damage":3,"enemies":"2 Thieves","floor":18,"turns":4},{"damage":0,"enemies":"Chosen","floor":21,"turns":3},{"damage":12,"enemies":"Centurion and Healer","floor":22,"turns":6},{"damage":40,"enemies":"Gremlin Leader","floor":24,"turns":6},{"damage":8,"enemies":"Book of Stabbing","floor":27,"turns":3},{"damage":0,"enemies":"Slavers","floor":29,"turns":2},{"damage":35,"enemies":"Collector","floor":33,"turns":8},{"damage":0,"enemies":"Orb Walker","floor":35,"turns":2},{"damage":13,"enemies":"3 Darklings","floor":36,"turns":3},{"damage":29,"enemies":"4 Shapes","floor":37,"turns":4},{"damage":12,"enemies":"Maw","floor":39,"turns":5},{"damage":28,"enemies":"Reptomancer","floor":40,"turns":2}],"seed_played":"-361042989319964427","potions_obtained":[{"floor":7,"key":"EntropicBrew"},{"floor":10,"key":"CultistPotion"},{"floor":11,"key":"ColorlessPotion"},{"floor":12,"key":"Strength Potion"},{"floor":21,"key":"Ancient Potion"},{"floor":24,"key":"LiquidBronze"},{"floor":27,"key":"Explosive Potion"},{"floor":29,"key":"champ:CounterPotion"},{"floor":39,"key":"sneckomod:MuddlingPotion"}],"is_trial":false,"path_per_floor":["M","M","$","?","M","R","E","?","T","M","M","M","R","M","R","B",null,"M","?","$","M","M","R","E","R","T","E","?","E","T","?","R","B",null,"M","M","M","$","M","E"],"character_chosen":"THE_SILENT","items_purchased":["Slice","Quick Slash","ClockworkSouvenir","Masterful Stab","Infinite Blades"],"campfire_rested":5,"item_purchase_floors":[3,3,20,20,38],"current_hp_per_floor":[70,63,63,63,63,63,48,40,40,25,18,18,39,39,60,39,70,67,67,67,67,55,70,30,51,51,43,43,43,43,43,64,29,70,70,57,28,28,16,0,0],"gold":121,"neow_bonus":"UPGRADE_CARD","is_daily":false,"chose_seed":false,"campfire_upgraded":1,"win_rate":0.0,"timestamp":1614039501,"path_taken":["M","M","$","?","M","R","E","?","T","M","M","M","R","M","R","BOSS","M","?","$","M","M","R","E","R","T","E","?","E","?","?","R","BOSS","M","M","M","$","M","E"],"items_purchased_type":["Card","Card","Relic","Card","Card"],"build_version":"2020-12-22","purchased_purges":1,"victory":false,"max_hp_per_floor":[70,70,70,70,70,70,70,70,70,70,70,70,70,70,70,70,70,70,70,70,70,70,70,70,70,70,70,70,70,70,70,70,70,70,70,70,70,70,70,70,70],"card_choices":[{"not_picked":["Deadly Poison","Acrobatics"],"picked":"Slice","floor":1},{"not_picked":["All Out Attack","Slice"],"picked":"Flying Knee","floor":2},{"not_picked":["Acrobatics","Crippling Poison"],"picked":"All Out Attack","floor":5},{"not_picked":["Phantasmal Killer","Blur"],"picked":"Dagger Throw","floor":7},{"not_picked":["Distraction","Infinite Blades"],"picked":"Sucker Punch","floor":8},{"not_picked":["Slice","Prepared"],"picked":"Dash","floor":10},{"not_picked":["PiercingWail","Tactician"],"picked":"Deflect","floor":11},{"not_picked":["Outmaneuver","Dash"],"picked":"Dagger Spray","floor":12},{"not_picked":["Dagger Spray","Catalyst"],"picked":"Deflect","floor":14},{"not_picked":["Grand Finale","Tools of the Trade"],"picked":"Unload","floor":16},{"not_picked":["Sucker Punch","Backstab"],"picked":"Well Laid Plans+1","floor":18},{"not_picked":["Deadly Poison","Prepared"],"picked":"Underhanded Strike+1","floor":21},{"not_picked":["Backflip","Dodge and Roll"],"picked":"Blade Dance+1","floor":22},{"not_picked":["Burst","Underhanded Strike"],"picked":"Accuracy+1","floor":24},{"not_picked":["Quick Slash","Wraith Form v2"],"picked":"Setup+1","floor":27},{"not_picked":["Bane+1","Slice"],"picked":"Flying Knee","floor":29},{"not_picked":["Grand Finale","Malaise"],"picked":"Corpse Explosion","floor":33},{"not_picked":["Reflex+1","Dagger Throw"],"picked":"Accuracy","floor":35},{"not_picked":["Underhanded Strike","Footwork"],"picked":"Backflip+1","floor":35},{"not_picked":["Escape Plan+1","Backflip"],"picked":"Terror+1","floor":36},{"not_picked":["Calculated Gamble","Slice+1","Cloak And Dagger+1"],"picked":"SKIP","floor":36},{"not_picked":["Calculated Gamble","Slice+1"],"picked":"Cloak And Dagger+1","floor":36},{"not_picked":["Eviscerate","Quick Slash"],"picked":"Outmaneuver+1","floor":37},{"not_picked":["Underhanded Strike","Outmaneuver"],"picked":"Backflip","floor":37},{"not_picked":["Dagger Spray","Adrenaline"],"picked":"Underhanded Strike+1","floor":39},{"not_picked":["Prepared+1","PiercingWail+1"],"picked":"All Out Attack+1","floor":39}],"player_experience":2114442,"relics_obtained":[{"floor":7,"key":"aspiration:HatOfInfinitePower"},{"floor":8,"key":"Bag of Preparation"},{"floor":24,"key":"aspiration:HiddenCompartment"},{"floor":26,"key":"Shuriken"},{"floor":27,"key":"construct:FoamFinger"},{"floor":29,"key":"aspiration:Lifesprig"},{"floor":30,"key":"Prayer Wheel"}],"event_choices":[{"damage_healed":0,"gold_gain":0,"player_choice":"Leave","damage_taken":0,"max_hp_gain":0,"max_hp_loss":0,"event_name":"The Cleric","floor":4,"gold_loss":0},{"damage_healed":0,"gold_gain":30,"player_choice":"Searched \u00272\u0027 times","damage_taken":0,"max_hp_gain":0,"max_hp_loss":0,"event_name":"Dead Adventurer","floor":8,"gold_loss":0},{"damage_healed":0,"gold_gain":0,"player_choice":"Obtained Relic","damage_taken":0,"relics_obtained":["aspiration:FrozenJewel"],"max_hp_gain":0,"max_hp_loss":0,"event_name":"Addict","floor":19,"gold_loss":85},{"damage_healed":0,"gold_gain":0,"player_choice":"Ignored","damage_taken":0,"max_hp_gain":0,"max_hp_loss":0,"event_name":"Vampires","floor":28,"gold_loss":0},{"damage_healed":0,"gold_gain":0,"player_choice":"Smashed Altar","damage_taken":0,"max_hp_gain":0,"max_hp_loss":0,"event_name":"Forgotten Altar","floor":31,"gold_loss":0,"cards_obtained":["Decay"]}],"is_beta":false,"boss_relics":[{"not_picked":["aspiration:WatcherSkillbook","Black Star"],"picked":"HoveringKite"},{"not_picked":["aspiration:RunicSpoon","Snecko Eye"],"picked":"aspiration:MobileForge"}],"items_purged_floors":[38],"is_endless":false,"potions_floor_spawned":[7,10,11,12,21,24,27,29,39],"killed_by":"Reptomancer","ascension_level":3}}