{"host":"xltyy2z8nrfiikj5","time":1614120762,"event":{"mods":["BaseMod","Colored Map","Downfall","Minty Spire (QoL Compilation)","StSLib"],"gold_per_floor":[99,116,131,0,56,83,83,100,100,100,115,115,55,69,81,186,186,186,198,214,214,214,233,233,26,26,26,41,41,61,61,73,171,171,171,185,309,324,124,24,93,193,193,52,82,82,82,82,92,92],"floor_reached":51,"language":"ENG","playtime":8454,"items_purged":["Slimebound:Tackle","Slimebound:Defend_Slimebound","Slimebound:Defend_Slimebound"],"score":725,"play_id":"2ceeb530-010c-47c9-a8ca-d57a907a925e","local_time":"20210223175242","is_ascension_mode":false,"campfire_choices":[{"data":"Slimebound:CorrosiveSpit","floor":1.0,"key":"SMITH"},{"data":"Slimebound:Split","floor":10.0,"key":"SMITH"},{"data":"Slimebound:LeadByExample","floor":12.0,"key":"SMITH"},{"data":"Slimebound:OneTwoCombo","floor":18.0,"key":"SMITH"},{"data":"Slimebound:MassFeed","floor":27.0,"key":"SMITH"},{"floor":29.0,"key":"REST"},{"data":"Slimebound:WasteNot","floor":35.0,"key":"SMITH"},{"floor":40.0,"key":"RECALL"},{"data":"Slimebound:DuplicatedForm","floor":43.0,"key":"SMITH"},{"data":"Slimebound:RejuvenatingLick","floor":47.0,"key":"SMITH"}],"circlet_count":0,"master_deck":["Slimebound:Split+1","Slimebound:CorrosiveSpit+1","Slimebound:RejuvenatingLick+1","Slimebound:ItLooksTasty","Slimebound:MassFeed+1","Slimebound:SplitMire","Slimebound:Equalize","Slimebound:LeadByExample+1","Slimebound:Repurpose","Slimebound:OneTwoCombo+1","Slimebound:LivingWall","Slimebound:GoopSpray","Slimebound:SplitAcid","Slimebound:RallyTheTroops","Slimebound:ForwardTackle+1","Slimebound:LivingWall+1","Slimebound:TongueLash+1","Slimebound:RainOfGoop+1","Slimebound:Tackle+1","Slimebound:Tackle+1","Slimebound:Tackle+1","Slimebound:SlimeSpikes+1","Slimebound:OozeBath","Slimebound:WasteNot+1","Slimebound:Prepare+1","Slimebound:LivingWall+1","Bandage Up","Slimebound:FormOfPuddle+1","Slimebound:DuplicatedForm+1","Slimebound:Split+1","Slimebound:OozeBath","Slimebound:SplitBruiser+1"],"relics":["Slimebound:AbsorbEndCombat","Mercury Hourglass","Bronze Scales","CaptainsWheel","Astrolabe","Enchiridion","Omamori","Membership Card","SlaversCollar","Sundial","Slimebound:SelfDamagePreventRelic","Meat on the Bone","downfall:HeartBlessingGreen","downfall:ExtraCursedKey","DollysMirror","Ancient Tea Set","downfall:TeleportStone"],"acts_visited":["Exordium","TheCity","TheBeyond"],"potions_floor_usage":[50],"damage_taken":[{"damage":4.0,"enemies":"Cultist","floor":2.0,"turns":3.0},{"damage":8.0,"enemies":"Small Slimes","floor":3.0,"turns":3.0},{"damage":3.0,"enemies":"downfall:FleeingMerchant","floor":4.0,"turns":4.0},{"damage":21.0,"enemies":"3 Sentries","floor":5.0,"turns":6.0},{"damage":56.0,"enemies":"Gremlin Nob","floor":6.0,"turns":5.0},{"damage":6.0,"enemies":"Jaw Worm","floor":8.0,"turns":3.0},{"damage":14.0,"enemies":"Blue Slaver","floor":11.0,"turns":3.0},{"damage":8.0,"enemies":"downfall:FleeingMerchant","floor":13.0,"turns":4.0},{"damage":5.0,"enemies":"Exordium Thugs","floor":14.0,"turns":2.0},{"damage":18.0,"enemies":"3 Louse","floor":15.0,"turns":3.0},{"damage":30.0,"enemies":"WA_ARCHETYPE_RETAIN","floor":16.0,"turns":5.0},{"damage":0.0,"enemies":"Chosen","floor":19.0,"turns":3.0},{"damage":13.0,"enemies":"downfall:LooterAlt2","floor":20.0,"turns":4.0},{"damage":25.0,"enemies":"Centurion and Healer","floor":23.0,"turns":3.0},{"damage":23.0,"enemies":"downfall:FleeingMerchant","floor":25.0,"turns":4.0},{"damage":4.0,"enemies":"3 Cultists","floor":28.0,"turns":4.0},{"damage":33.0,"enemies":"Shelled Parasite and Fungi","floor":30.0,"turns":3.0},{"damage":27.0,"enemies":"Snake Plant","floor":32.0,"turns":3.0},{"damage":46.0,"enemies":"DF_ARCHETYPE_CLAW","floor":33.0,"turns":7.0},{"damage":8.0,"enemies":"3 Shapes","floor":36.0,"turns":4.0},{"damage":4.0,"enemies":"downfall:FleeingMerchant","floor":37.0,"turns":2.0},{"damage":28.0,"enemies":"3 Darklings","floor":38.0,"turns":6.0},{"damage":15.0,"enemies":"Giant Head","floor":45.0,"turns":6.0},{"damage":6,"enemies":"4 Shapes","floor":49,"turns":2},{"damage":64,"enemies":"IC_BLOCK_ARCHETYPE","floor":50,"turns":8}],"seed_played":"5645728622545020967","potions_obtained":[{"floor":2.0,"key":"BlessingOfTheForge"},{"floor":6.0,"key":"Fruit Juice"},{"floor":11.0,"key":"SkillPotion"},{"floor":16.0,"key":"Explosive Potion"},{"floor":19.0,"key":"Explosive Potion"},{"floor":23.0,"key":"SmokeBomb"},{"floor":26.0,"key":"SneckoOil"},{"floor":26.0,"key":"BlessingOfTheForge"},{"floor":26.0,"key":"SpeedPotion"},{"floor":32.0,"key":"Slimebound:SlimyTonguePotion"},{"floor":45.0,"key":"CultistPotion"},{"floor":49,"key":"Fruit Juice"}],"is_trial":false,"path_per_floor":["R","M","M","$","?","E","T","M","?","R","M","R","$","M","M","B",null,"R","M","M","?","?","M","T","$","?","R","M","R","M","?","M","B",null,"R","M","$","M","$","R","T","?","R","$","E","?","R","?","M","B",null],"character_chosen":"SLIMEBOUND","items_purchased":["Slimebound:MassFeed","Slimebound:SplitMire","Slimebound:LivingWall","Membership Card","Sundial","Bandage Up","Slimebound:SelfDamagePreventRelic","Meat on the Bone","DollysMirror"],"campfire_rested":1,"item_purchase_floors":[4,4,13,25,37,37,39,39,44],"current_hp_per_floor":[71,71,67,71,62,20,20,16,85,85,78,78,84,88,72,61,91,91,91,82,66,66,49,49,47,47,47,51,81,56,56,37,7,104,104,103,99,89,89,89,89,89,89,89,105,105,105,105,109,80],"gold":92,"neow_bonus":"TEN_PERCENT_HP_BONUS","is_daily":false,"chose_seed":false,"campfire_upgraded":8,"win_rate":0.0,"timestamp":1614120762,"path_taken":["R","M","?","$","?","E","T","M","?","R","M","R","$","M","M","BOSS","R","M","M","?","?","M","T","$","?","R","?","R","M","?","M","BOSS","R","M","$","M","$","R","T","?","R","$","E","?","R","?","M","BOSS"],"items_purchased_type":["Card","Card","Card","Relic","Relic","Card","Relic","Relic","Relic"],"build_version":"2020-12-22","purchased_purges":3,"victory":true,"max_hp_per_floor":[71,71,71,71,75,75,75,75,85,85,88,88,88,88,88,91,91,91,91,91,91,91,91,91,96,96,96,100,100,100,100,104,104,104,104,108,108,108,108,108,108,108,108,108,108,108,108,108,116,121],"card_choices":[{"not_picked":["Slimebound:ViciousTackle","Slimebound:LeechingTouch"],"picked":"Slimebound:RejuvenatingLick","floor":2.0},{"not_picked":["Slimebound:LeechingTouch","Slimebound:SplitLeeching"],"picked":"Slimebound:ItLooksTasty","floor":3.0},{"not_picked":["Slimebound:GoopSpray","Slimebound:Repurpose"],"picked":"Slimebound:Overexert","floor":4.0},{"not_picked":["Slimebound:Prepare","Slimebound:RainOfGoop"],"picked":"Slimebound:Equalize","floor":5.0},{"not_picked":["Slimebound:FinishingTackle","Slimebound:AcidTongue"],"picked":"Slimebound:LeadByExample","floor":6.0},{"not_picked":["Slimebound:SamplingLick","Slimebound:LeechEnergy"],"picked":"Slimebound:Repurpose","floor":8.0},{"not_picked":["Slimebound:SplitMire","Slimebound:ComboTackle"],"picked":"Slimebound:PressTheAttack","floor":11.0},{"not_picked":["Slimebound:BestDefense","Slimebound:LeadByExample"],"picked":"Slimebound:OneTwoCombo","floor":13.0},{"not_picked":["Slimebound:GoopTackle","Slimebound:LivingWall"],"picked":"Slimebound:GoopSpray","floor":14.0},{"not_picked":["Slimebound:ComboTackle","Slimebound:SlimeTap"],"picked":"Slimebound:SplitAcid","floor":15.0},{"not_picked":["Slimebound:Teamwork","Slimebound:PrepareCrush"],"picked":"Slimebound:RallyTheTroops","floor":16.0},{"not_picked":["Slimebound:SplitLeeching","Slimebound:BestDefense","Slimebound:ComboTackle"],"picked":"SKIP","floor":19.0},{"not_picked":["Slimebound:ForwardTackle","Slimebound:SlimeSpikes"],"picked":"Slimebound:RainOfGoop+1","floor":20.0},{"not_picked":["Slimebound:DisruptingSlam","Slimebound:FlameTackle","Slimebound:GoopTackle"],"picked":"SKIP","floor":23.0},{"not_picked":["Slimebound:RainOfGoop","Slimebound:FlameTackle"],"picked":"Slimebound:SlimeSpikes+1","floor":25.0},{"not_picked":["Slimebound:Dissolve","Slimebound:BestDefense","Slimebound:SplitBruiser"],"picked":"SKIP","floor":28.0},{"not_picked":["Slimebound:Dissolve","Slimebound:ItLooksTasty","Slimebound:BestDefense+1"],"picked":"SKIP","floor":30.0},{"not_picked":["Slimebound:LivingWall+1","Slimebound:HauntingLick"],"picked":"Slimebound:OozeBath","floor":32.0},{"not_picked":["Slimebound:Teamwork","Slimebound:RallyTheTroops"],"picked":"Slimebound:WasteNot","floor":33.0},{"not_picked":["Slimebound:SamplingLick+1","Slimebound:LivingWall"],"picked":"Slimebound:Prepare+1","floor":36.0},{"not_picked":["Slimebound:DisruptingSlam","Slimebound:SlimeSpikes"],"picked":"Slimebound:LivingWall+1","floor":37.0},{"not_picked":["Slimebound:Schlurp","Slimebound:PressTheAttack+1"],"picked":"Slimebound:FormOfPuddle+1","floor":38.0},{"not_picked":["Slimebound:SlimeTap","Slimebound:Prepare"],"picked":"Slimebound:OozeBath","floor":45.0},{"not_picked":["Slimebound:GoopTackle","Slimebound:ItLooksTasty"],"picked":"Slimebound:SplitBruiser+1","floor":49}],"player_experience":1554842,"relics_obtained":[{"floor":5.0,"key":"Mercury Hourglass"},{"floor":6.0,"key":"Bronze Scales"},{"floor":7.0,"key":"CaptainsWheel"},{"floor":21.0,"key":"Enchiridion"},{"floor":24.0,"key":"Omamori"},{"floor":45.0,"key":"Ancient Tea Set"}],"event_choices":[{"cards_removed":["Slimebound:Overexert"],"damage_healed":59.0,"max_hp_gain":10.0,"max_hp_loss":0.0,"gold_gain":0.0,"event_name":"Bonfire Elementals","player_choice":"Offered Rare","floor":9.0,"gold_loss":0.0,"damage_taken":0.0},{"damage_healed":0.0,"max_hp_gain":0.0,"max_hp_loss":0.0,"gold_gain":0.0,"event_name":"Lab","player_choice":"Got Potions","floor":26.0,"gold_loss":0.0,"damage_taken":0.0},{"cards_removed":["Slimebound:PressTheAttack"],"damage_healed":0.0,"max_hp_gain":0.0,"max_hp_loss":0.0,"gold_gain":0.0,"event_name":"Falling","player_choice":"Removed Attack","floor":46.0,"gold_loss":0.0,"damage_taken":0.0}],"is_beta":false,"boss_relics":[{"not_picked":["Sozu","Calling Bell"],"picked":"Astrolabe"},{"not_picked":["Slimebound:AbsorbEndCombatUpgraded","Coffee Dripper"],"picked":"SlaversCollar"}],"items_purged_floors":[25,37,44],"is_endless":false,"potions_floor_spawned":[2,6,11,16,19,23,32,45,49],"ascension_level":0}}