{"host":"z439itq93uucuvou","time":1614062487,"event":{"mods":["BaseMod","Colored Powertips","Downfall","Jorbs\u0027s Wanderer Trilogy","Minty Spire (QoL Compilation)","StSLib"],"gold_per_floor":[99,110,125,137,137,192,492,506,506,526,543,693,725,725,735,735,735,735],"floor_reached":16,"language":"ENG","playtime":868,"items_purged":[],"score":104,"play_id":"9f12467f-e668-48e3-92f6-25a0ab70dde7","local_time":"20210222224127","is_ascension_mode":false,"campfire_choices":[{"data":"bronze:AlphaBuild","floor":1,"key":"SMITH"},{"data":"bronze:FineTuning","floor":9,"key":"SMITH"}],"circlet_count":0,"master_deck":["bronze:Strike","bronze:Strike","bronze:Strike","bronze:Strike","bronze:Defend","bronze:Defend","bronze:Defend","bronze:Defend","bronze:Replicate","bronze:Goto","bronze:AlphaBuild+1","bronze:Boost","bronze:FineTuning+1","bronze:CutThrough","bronze:Flail","bronze:ForceShield","bronze:BronzeArmor","downfall:Icky","bronze:Verify"],"relics":["bronze:BronzeCore","Blue Candle","Old Coin","Calipers","downfall:BrokenWingStatue"],"acts_visited":["Exordium"],"potions_floor_usage":[6,13,16,16],"damage_taken":[{"damage":11,"enemies":"Jaw Worm","floor":2,"turns":2},{"damage":0,"enemies":"2 Louse","floor":3,"turns":2},{"damage":5,"enemies":"Small Slimes","floor":4,"turns":3},{"damage":14,"enemies":"3 Sentries","floor":6,"turns":7},{"damage":0,"enemies":"downfall:LooterAlt","floor":8,"turns":3},{"damage":6,"enemies":"Exordium Wildlife","floor":10,"turns":3},{"damage":5,"enemies":"Exordium Thugs","floor":11,"turns":3},{"damage":17,"enemies":"3 Sentries","floor":13,"turns":6},{"damage":0,"enemies":"Red Slaver","floor":15,"turns":3},{"damage":10,"enemies":"SI_SHIV_ARCHETYPE","floor":16,"turns":9}],"seed_played":"1878845446649786520","potions_obtained":[{"floor":2,"key":"BlessingOfTheForge"},{"floor":10,"key":"LiquidMemories"},{"floor":11,"key":"Weak Potion"},{"floor":15,"key":"SpeedPotion"}],"is_trial":false,"path_per_floor":["R","M","M","M","?","?","T","M","R","M","M","?","E","?","M","B"],"character_chosen":"THE_AUTOMATON","items_purchased":[],"campfire_rested":0,"item_purchase_floors":[],"current_hp_per_floor":[63,52,52,47,52,38,38,38,38,32,27,27,10,10,10,0,0,0],"gold":735,"neow_bonus":"THREE_RARE_CARDS","is_daily":false,"chose_seed":false,"campfire_upgraded":2,"win_rate":0.0,"timestamp":1614062487,"path_taken":["R","M","M","M","?","?","T","M","R","M","M","?","E","?","M","BOSS"],"items_purchased_type":[],"build_version":"2020-12-22","purchased_purges":0,"victory":false,"max_hp_per_floor":[63,63,63,63,68,68,68,68,68,68,68,68,68,68,68,68,68,68],"card_choices":[{"not_picked":["bronze:Virus","bronze:Break"],"picked":"bronze:AlphaBuild","floor":0},{"not_picked":["bronze:NullPointer","bronze:Frontload","bronze:Turbo"],"picked":"SKIP","floor":2},{"not_picked":["bronze:WhirlingStrike","bronze:FineTuning"],"picked":"bronze:Boost","floor":3},{"not_picked":["bronze:Overheat","bronze:GetLatest"],"picked":"bronze:FineTuning","floor":4},{"not_picked":["bronze:DelayedSlice","bronze:DelayedGuard"],"picked":"bronze:CutThrough","floor":6},{"not_picked":["bronze:Philosophize","bronze:OilSpill"],"picked":"bronze:Flail","floor":8},{"not_picked":["bronze:Safeguard","bronze:Branch"],"picked":"bronze:ForceShield","floor":10},{"not_picked":["bronze:BitShift","bronze:WildBeam"],"picked":"bronze:BronzeArmor","floor":11},{"not_picked":["bronze:Shield","bronze:ClassDefault"],"picked":"bronze:Verify","floor":13},{"not_picked":["bronze:DelayedGuard","bronze:FineTuning","bronze:Invalidate"],"picked":"SKIP","floor":15}],"player_experience":1737298,"relics_obtained":[{"floor":6,"key":"Blue Candle"},{"floor":7,"key":"Old Coin"},{"floor":13,"key":"Calipers"}],"event_choices":[{"damage_healed":0,"gold_gain":0,"player_choice":"Donut","damage_taken":0,"max_hp_gain":5,"max_hp_loss":0,"event_name":"Big Fish","floor":5,"gold_loss":0}],"is_beta":false,"boss_relics":[],"items_purged_floors":[],"is_endless":false,"potions_floor_spawned":[2,10,11,15],"killed_by":"SI_SHIV_ARCHETYPE","ascension_level":0}}