{"host":"xm9adsgm4dq1zj57","time":1614083481,"event":{"mods":["AchievementEnabler","BaseMod","Colored Map","DeckTracker","Highlight Path","Keyboard Shortcuts","Minty Spire (QoL Compilation)","Permanent Neow","Quick Restart","Rare Cards Sparkle","Slay-I","StSLib","SuperFastMode"],"gold_per_floor":[119,131,206,224,224,224,224,224,224,243,243,253,271,287,287,287,287],"floor_reached":16,"language":"KOR","playtime":1004,"items_purged":[],"score":136,"play_id":"8590cd0b-28b7-41c4-a37a-6529a13c4c98","local_time":"20210223213121","is_ascension_mode":true,"campfire_choices":[{"data":"Neutralize","floor":6,"key":"SMITH"},{"data":"All Out Attack","floor":8,"key":"SMITH"},{"data":"PiercingWail","floor":11,"key":"SMITH"},{"data":"Dagger Spray","floor":15,"key":"SMITH"}],"circlet_count":0,"master_deck":["Strike_G","Strike_G","Strike_G","Strike_G","Strike_G","Defend_G","Defend_G","Defend_G","Defend_G","Defend_G","Survivor","Neutralize+1","Dodge and Roll","PiercingWail+1","All Out Attack+1","Prepared","Acrobatics","Dagger Throw","Dagger Spray+1"],"relics":["Ring of the Snake","Dead Branch","Ice Cream"],"acts_visited":["Exordium"],"potions_floor_usage":[16,16],"damage_taken":[{"damage":0,"enemies":"Small Slimes","floor":1,"turns":5},{"damage":0,"enemies":"2 Louse","floor":2,"turns":3},{"damage":0,"enemies":"Jaw Worm","floor":4,"turns":5},{"damage":6,"enemies":"Looter","floor":10,"turns":4},{"damage":16,"enemies":"Large Slime","floor":12,"turns":9},{"damage":2,"enemies":"2 Fungi Beasts","floor":13,"turns":3},{"damage":2,"enemies":"Looter","floor":14,"turns":3},{"damage":30,"enemies":"Hexaghost","floor":16,"turns":11}],"seed_played":"4838478388792411900","potions_obtained":[{"floor":2,"key":"Swift Potion"},{"floor":13,"key":"LiquidBronze"}],"is_trial":false,"path_per_floor":["M","M","?","M","?","R","?","R","T","M","R","M","M","M","R","B"],"character_chosen":"THE_SILENT","items_purchased":[],"campfire_rested":0,"item_purchase_floors":[],"current_hp_per_floor":[63,63,52,52,57,57,54,54,54,48,48,32,30,28,28,0,0],"gold":287,"neow_bonus":"THREE_CARDS","is_daily":false,"chose_seed":false,"campfire_upgraded":4,"win_rate":0.0,"timestamp":1614083481,"path_taken":["M","M","?","M","?","R","?","R","T","M","R","?","M","M","R","BOSS"],"items_purchased_type":[],"build_version":"2020-12-22","purchased_purges":0,"victory":false,"max_hp_per_floor":[70,70,70,70,75,75,75,75,75,75,75,75,75,75,75,75,75],"card_choices":[{"not_picked":["Cloak And Dagger","Poisoned Stab"],"picked":"Dodge and Roll","floor":0},{"not_picked":["Endless Agony","Sucker Punch"],"picked":"PiercingWail","floor":1},{"not_picked":["Bane","Leg Sweep"],"picked":"All Out Attack","floor":2},{"not_picked":["Flying Knee","Bane","Finisher"],"picked":"SKIP","floor":4},{"not_picked":["Slice","Quick Slash"],"picked":"Prepared","floor":10},{"not_picked":["Corpse Explosion","Endless Agony"],"picked":"Acrobatics","floor":12},{"not_picked":["Choke","Finisher"],"picked":"Dagger Throw","floor":13},{"not_picked":["Dodge and Roll","Quick Slash"],"picked":"Dagger Spray","floor":14}],"player_experience":966230,"relics_obtained":[{"floor":9,"key":"Ice Cream"}],"event_choices":[{"damage_healed":0,"gold_gain":75,"player_choice":"Gather Gold","damage_taken":11,"max_hp_gain":0,"max_hp_loss":0,"event_name":"World of Goop","floor":3,"gold_loss":0},{"damage_healed":0,"gold_gain":0,"player_choice":"Donut","damage_taken":0,"max_hp_gain":5,"max_hp_loss":0,"event_name":"Big Fish","floor":5,"gold_loss":0},{"damage_healed":0,"gold_gain":0,"player_choice":"Success","damage_taken":3,"relics_obtained":["Dead Branch"],"max_hp_gain":0,"max_hp_loss":0,"event_name":"Scrap Ooze","floor":7,"gold_loss":0}],"is_beta":false,"boss_relics":[],"items_purged_floors":[],"is_endless":false,"potions_floor_spawned":[2,13],"killed_by":"Hexaghost","ascension_level":9}}