{"host":"gbop6m4qugddaz18","time":1614043199,"event":{"mods":["2.2 Compatiblity","BaseMod","Better Third Choice","Block Reminder","Downfall","GifTheSpireLib","Highlight Path","Minty Spire (QoL Compilation)","Replay The Spire","StSLib"],"gold_per_floor":[99,99,99,99,117,137,137,154,154,154,179,44,61,79,93,192,192,192,209,27,27,27,40,89,107,107,135,135,150,173,173,188,188,188,188],"floor_reached":33,"language":"ENG","playtime":5565,"items_purged":[],"score":292,"play_id":"2fb95f85-8d47-403c-a8dc-9ae0930e8009","local_time":"20210222201959","is_ascension_mode":false,"campfire_choices":[{"data":"bronze:Replicate","floor":1,"key":"SMITH"},{"data":"bronze:ItsAFeature","floor":10,"key":"SMITH"},{"floor":18,"key":"DIG"},{"floor":26,"key":"REST"},{"floor":28,"key":"REST"}],"circlet_count":0,"master_deck":["bronze:Strike","bronze:Strike","bronze:Strike","bronze:Strike","bronze:Defend","bronze:Defend","bronze:Defend","bronze:Replicate+1","bronze:Goto","bronze:Iterate","bronze:Boost","bronze:Repair","bronze:ItsAFeature+1","bronze:SpaghettiCode","bronze:Boost","bronze:WhirlingStrike","bronze:Optimize","bronze:Terminator+1","bronze:ItsAFeature","bronze:Overheat","bronze:WildBeam","bronze:WildBeam","bronze:HardenedForm","bronze:BronzeOrb","bronze:OilSpill+1","bronze:WildBeam+1","bronze:ItsAFeature","bronze:WhirlingStrike","Pride","bronze:BurnOut","bronze:DelayedGuard","bronze:DelayedSlice","bronze:CutThrough","bronze:Constructor","bronze:Frontload"],"relics":["bronze:BronzeCore","downfall:HeartsMalice","Snack Pack","bronze:BottledCode","Smiling Mask","Philosopher\u0027s Stone","Toy Ornithopter","bronze:CableSpool","Vajra","Ice Cream","Dream Catcher"],"acts_visited":["Exordium","TheCity"],"potions_floor_usage":[],"damage_taken":[{"damage":0,"enemies":"Small Slimes","floor":2,"turns":1},{"damage":0,"enemies":"2 Louse","floor":3,"turns":1},{"damage":0,"enemies":"Cultist","floor":4,"turns":1},{"damage":3,"enemies":"Exordium Wildlife","floor":5,"turns":4},{"damage":15,"enemies":"Large Slime","floor":6,"turns":4},{"damage":7,"enemies":"2 Fungi Beasts","floor":8,"turns":4},{"damage":18,"enemies":"Lagavulin","floor":11,"turns":6},{"damage":10,"enemies":"downfall:FleeingMerchant","floor":12,"turns":4},{"damage":7,"enemies":"downfall:LooterAlt","floor":13,"turns":4},{"damage":8,"enemies":"Large Slime","floor":14,"turns":4},{"damage":2,"enemies":"Blue Slaver","floor":15,"turns":3},{"damage":17,"enemies":"SI_SHIV_ARCHETYPE","floor":16,"turns":8},{"damage":0,"enemies":"Spheric Guardian","floor":19,"turns":2},{"damage":7,"enemies":"downfall:FleeingMerchant","floor":20,"turns":4},{"damage":6,"enemies":"Chosen","floor":23,"turns":4},{"damage":36,"enemies":"Snecko","floor":25,"turns":6},{"damage":39,"enemies":"Book of Stabbing","floor":27,"turns":6},{"damage":7,"enemies":"Centurion and Healer","floor":29,"turns":4},{"damage":19,"enemies":"Sentry and Sphere","floor":32,"turns":4},{"damage":35,"enemies":"IC_MUSHROOM_ARCHETYPE","floor":33,"turns":6}],"seed_played":"-5710119466978456907","potions_obtained":[{"floor":6,"key":"hexamod:SoulburnPotion"},{"floor":8,"key":"SmokeBomb"},{"floor":11,"key":"hexamod:SoulburnPotion"},{"floor":14,"key":"sneckomod:MuddlingPotion"},{"floor":15,"key":"SteroidPotion"},{"floor":16,"key":"Languid Potion"},{"floor":19,"key":"Block Potion"},{"floor":25,"key":"PowerPotion"},{"floor":29,"key":"BlessingOfTheForge"}],"is_trial":false,"path_per_floor":["R","M","M","M","M","M","T","M","?","R","E","$","M","M","M","B",null,"R","M","$","?","?","M","T","M","R","E","R","M","T","?","M","B"],"character_chosen":"THE_AUTOMATON","items_purchased":["bronze:Terminator+1","bronze:ItsAFeature","bronze:WildBeam+1","bronze:ItsAFeature","bronze:WhirlingStrike"],"campfire_rested":2,"item_purchase_floors":[12,12,20,20,20],"current_hp_per_floor":[70,70,70,70,70,62,62,64,60,60,51,50,55,52,52,44,60,60,60,60,60,60,54,54,24,42,12,30,27,27,27,26,0,0,0],"gold":188,"neow_bonus":"THREE_ENEMY_KILL","is_daily":false,"chose_seed":false,"campfire_upgraded":2,"win_rate":0.0,"timestamp":1614043199,"path_taken":["R","M","M","M","M","M","T","M","?","R","E","$","M","M","M","BOSS","R","M","$","?","?","M","T","M","R","E","R","?","?","?","M","BOSS"],"items_purchased_type":["Card","Card","Card","Card","Card"],"build_version":"2020-12-22","purchased_purges":0,"victory":false,"max_hp_per_floor":[70,70,70,70,70,70,70,70,60,60,60,60,60,60,60,60,60,60,60,60,60,60,60,60,60,60,60,60,60,60,60,60,60,60,60],"card_choices":[{"not_picked":["bronze:CloningBeam","bronze:BugBarrage"],"picked":"bronze:Iterate","floor":2},{"not_picked":["bronze:BuggyMess","bronze:Frontload"],"picked":"bronze:Boost","floor":3},{"not_picked":["bronze:Overheat","bronze:BuggyMess"],"picked":"bronze:Repair","floor":4},{"not_picked":["bronze:Allocate","bronze:Turbo"],"picked":"bronze:ItsAFeature","floor":5},{"not_picked":["bronze:CutThrough","bronze:Return"],"picked":"bronze:SpaghettiCode","floor":6},{"not_picked":["bronze:BitShift","bronze:Frontload"],"picked":"bronze:Boost","floor":8},{"not_picked":["bronze:CutThrough","bronze:Safeguard"],"picked":"bronze:WhirlingStrike","floor":11},{"not_picked":["bronze:Iterate","bronze:ForceShield"],"picked":"bronze:Optimize","floor":12},{"not_picked":["bronze:CutThrough","bronze:Safeguard"],"picked":"bronze:Overheat","floor":13},{"not_picked":["bronze:Branch","bronze:GetLatest"],"picked":"bronze:WildBeam","floor":14},{"not_picked":["bronze:Overheat","bronze:GetLatest"],"picked":"bronze:WildBeam","floor":15},{"not_picked":["bronze:CleanCode","bronze:RecursiveStrike"],"picked":"bronze:HardenedForm","floor":16},{"not_picked":["bronze:BitShift","bronze:Frontload"],"picked":"bronze:BronzeOrb","floor":19},{"not_picked":["bronze:Constructor","bronze:WildBeam"],"picked":"bronze:OilSpill+1","floor":20},{"not_picked":["bronze:Branch+1","bronze:Invalidate"],"picked":"bronze:DelayedGuard","floor":23},{"not_picked":["bronze:ItsAFeature","bronze:Return"],"picked":"bronze:DelayedSlice","floor":25},{"not_picked":["bronze:Overheat+1","bronze:CleanCode"],"picked":"bronze:CutThrough","floor":27},{"not_picked":["bronze:DarkDash","bronze:Separator"],"picked":"bronze:Constructor","floor":29},{"not_picked":["bronze:Optimize+1","bronze:DarkDash+1"],"picked":"bronze:Frontload","floor":32}],"player_experience":617196,"relics_obtained":[{"floor":7,"key":"Snack Pack"},{"floor":11,"key":"Smiling Mask"},{"floor":18,"key":"Toy Ornithopter"},{"floor":24,"key":"Vajra"},{"floor":27,"key":"Ice Cream"},{"floor":30,"key":"Dream Catcher"}],"event_choices":[{"damage_healed":0,"gold_gain":0,"player_choice":"Stole Relic","damage_taken":0,"relics_obtained":["bronze:CableSpool"],"max_hp_gain":0,"max_hp_loss":0,"event_name":"Addict","floor":21,"gold_loss":0,"cards_obtained":["Pride"]},{"damage_healed":0,"gold_gain":0,"player_choice":"Ignored","damage_taken":0,"max_hp_gain":0,"max_hp_loss":0,"event_name":"Ghosts","floor":31,"gold_loss":0}],"is_beta":false,"boss_relics":[{"not_picked":["Empty Cage","Honey Jar"],"picked":"Philosopher\u0027s Stone"}],"items_purged_floors":[],"is_endless":false,"potions_floor_spawned":[6,8,11,14,15,16,19,23,25,29],"killed_by":"IC_MUSHROOM_ARCHETYPE","ascension_level":0}}