{"host":"at5b10nm0iti0w4x","time":1614040810,"event":{"mods":["2.2 Compatiblity","AchievementEnabler","BaseMod","Bestiary","Block Reminder","Colored Map","Colored Powertips","Highlight Path","Keyboard Shortcuts","Minty Spire (QoL Compilation)","Quick Restart","Relic Stats","Slay the Relics Exporter","StSLib","SuperFastMode","Unknown Chances"],"gold_per_floor":[109,120,132,146,71,102,102,117,143,162,190,365,365,383,383,479,479,479,479,479,479,479,479,479,210,210,210,210,210,210,210,210,210,210,210,170,170,60,60,60,60,60,60,60,60,60,60,60,60,60,60],"floor_reached":50,"language":"ENG","playtime":1364,"items_purged":[],"score":600,"play_id":"f77c998d-8388-4424-8f45-059bdf02d7cc","local_time":"20210222194010","is_ascension_mode":false,"campfire_choices":[{"data":"Spot Weakness","floor":13,"key":"SMITH"},{"data":"Combust","floor":15,"key":"SMITH"},{"data":"Limit Break","floor":23,"key":"SMITH"},{"data":"Flex","floor":27,"key":"SMITH"},{"data":"Demon Form","floor":32,"key":"SMITH"},{"floor":41,"key":"REST"},{"data":"Spot Weakness","floor":44,"key":"SMITH"},{"floor":47,"key":"REST"},{"floor":49,"key":"REST"}],"circlet_count":0,"master_deck":["Defend_R+1","Defend_R+1","Defend_R+1","Defend_R+1","Bash+1","Twin Strike+1","Shrug It Off+1","Twin Strike+1","Spot Weakness+1","Sword Boomerang+1","Combust+1","Flex+1","Limit Break+1","Pommel Strike+1","Battle Trance+1","Bite+1","Bite+1","Bite+1","Bite+1","Bite+1","Demon Form+1","Feed+1","Spot Weakness+1","Flex+1"],"relics":["Burning Blood","Strawberry","Omamori","Ancient Tea Set","Art of War","Ectoplasm","Membership Card","Juzu Bracelet","Singing Bowl","Anchor","Potion Belt","Velvet Choker","Regal Pillow","Bag of Marbles","Ornamental Fan","Smiling Mask","Darkstone Periapt","Mark of the Bloom"],"acts_visited":["Exordium","TheCity","TheBeyond"],"potions_floor_usage":[16,16,25,36,50,50,50],"damage_taken":[{"damage":5,"enemies":"Small Slimes","floor":1,"turns":3},{"damage":6,"enemies":"Cultist","floor":2,"turns":3},{"damage":0,"enemies":"2 Louse","floor":3,"turns":3},{"damage":23,"enemies":"Large Slime","floor":4,"turns":5},{"damage":31,"enemies":"3 Sentries","floor":6,"turns":9},{"damage":21,"enemies":"Lots of Slimes","floor":8,"turns":5},{"damage":20,"enemies":"3 Louse","floor":10,"turns":3},{"damage":28,"enemies":"Lagavulin","floor":11,"turns":6},{"damage":2,"enemies":"Large Slime","floor":14,"turns":4},{"damage":49,"enemies":"The Guardian","floor":16,"turns":12},{"damage":11,"enemies":"3 Byrds","floor":18,"turns":5},{"damage":11,"enemies":"Spheric Guardian","floor":20,"turns":3},{"damage":24,"enemies":"Centurion and Healer","floor":21,"turns":6},{"damage":17,"enemies":"Sentry and Sphere","floor":24,"turns":3},{"damage":36,"enemies":"Gremlin Leader","floor":28,"turns":6},{"damage":18,"enemies":"Book of Stabbing","floor":30,"turns":4},{"damage":40,"enemies":"Collector","floor":33,"turns":6},{"damage":14,"enemies":"3 Darklings","floor":35,"turns":3},{"damage":19,"enemies":"Orb Walker","floor":37,"turns":4},{"damage":73,"enemies":"Nemesis","floor":40,"turns":5},{"damage":1,"enemies":"4 Shapes","floor":42,"turns":3},{"damage":2,"enemies":"Reptomancer","floor":45,"turns":3},{"damage":2,"enemies":"Spire Growth","floor":48,"turns":3},{"damage":79,"enemies":"Time Eater","floor":50,"turns":4}],"seed_played":"3516650501093647775","potions_obtained":[{"floor":1,"key":"DuplicationPotion"},{"floor":2,"key":"FairyPotion"},{"floor":6,"key":"SpeedPotion"},{"floor":8,"key":"Regen Potion"},{"floor":18,"key":"EssenceOfSteel"},{"floor":19,"key":"BloodPotion"},{"floor":19,"key":"Fire Potion"},{"floor":30,"key":"FairyPotion"},{"floor":33,"key":"BloodPotion"},{"floor":36,"key":"Fruit Juice"},{"floor":36,"key":"Energy Potion"},{"floor":45,"key":"LiquidMemories"},{"floor":48,"key":"LiquidMemories"}],"is_trial":false,"path_per_floor":["M","M","M","M","$","E","?","M","T","M","E","?","R","M","R","B",null,"M","?","M","M","?","R","M","$","T","R","E","?","E","?","R","B",null,"M","?","M","$","T","E","R","M","T","R","E","?","R","M","R","B"],"character_chosen":"IRONCLAD","items_purchased":["Spot Weakness","Membership Card","Juzu Bracelet","EntropicBrew","Spot Weakness","Regal Pillow"],"campfire_rested":3,"item_purchase_floors":[5,25,25,25,38,38],"current_hp_per_floor":[87,87,87,70,70,45,87,72,72,58,36,36,36,40,40,9,87,82,82,77,59,59,59,54,60,60,60,38,38,28,48,48,30,62,60,65,63,63,63,31,67,76,76,76,81,81,81,79,79,0,0],"gold":60,"neow_bonus":"RANDOM_COMMON_RELIC","is_daily":false,"chose_seed":false,"campfire_upgraded":6,"win_rate":0.0,"timestamp":1614040810,"path_taken":["M","M","M","M","$","E","?","?","T","M","E","?","R","M","R","BOSS","M","?","?","M","?","R","M","$","T","R","E","?","E","?","R","BOSS","M","?","M","?","?","E","R","M","T","R","E","?","R","M","R","BOSS"],"items_purchased_type":["Card","Relic","Relic","Potion","Card","Relic"],"build_version":"2020-12-22","purchased_purges":0,"victory":false,"max_hp_per_floor":[87,87,87,87,87,87,87,87,87,87,87,87,87,87,87,87,87,87,87,87,87,60,60,60,60,60,60,60,60,62,62,62,62,62,64,69,71,71,71,71,71,76,76,76,81,81,81,83,83,83,83],"relic_stats":{"Darkstone Periapt":0,"Regal Pillow":15,"Mark of the Bloom":98,"Singing Bowl":12,"counters":[24,111],"Ornamental Fan":[16],"Ectoplasm":380,"Art of War":[6],"Juzu Bracelet":0,"Smiling Mask":0,"obtain_stats":[{"Potion Belt":30,"Darkstone Periapt":45,"Regal Pillow":38,"Mark of the Bloom":46,"Singing Bowl":26,"Velvet Choker":34,"Omamori":6,"Juzu Bracelet":25,"Ancient Tea Set":9,"Smiling Mask":43,"Burning Blood":0,"Anchor":28,"Ornamental Fan":40,"Strawberry":0,"Ectoplasm":17,"Art of War":11,"Bag of Marbles":39,"Membership Card":25},{"Potion Belt":16,"Darkstone Periapt":22,"Regal Pillow":19,"Mark of the Bloom":22,"Singing Bowl":14,"Velvet Choker":17,"Omamori":5,"Juzu Bracelet":14,"Ancient Tea Set":6,"Smiling Mask":21,"Burning Blood":0,"Anchor":15,"Ornamental Fan":20,"Strawberry":0,"Ectoplasm":10,"Art of War":8,"Bag of Marbles":19,"Membership Card":14},{"Potion Belt":80,"Darkstone Periapt":104,"Regal Pillow":93,"Mark of the Bloom":104,"Singing Bowl":70,"Velvet Choker":86,"Omamori":23,"Juzu Bracelet":70,"Ancient Tea Set":28,"Smiling Mask":101,"Burning Blood":0,"Anchor":76,"Ornamental Fan":98,"Strawberry":0,"Ectoplasm":53,"Art of War":37,"Bag of Marbles":93,"Membership Card":70}],"Burning Blood":114},"card_choices":[{"not_picked":["Searing Blow","Intimidate"],"picked":"Twin Strike","floor":1},{"not_picked":["Wild Strike","Carnage"],"picked":"Shrug It Off","floor":2},{"not_picked":["Dark Embrace","Clash"],"picked":"Twin Strike","floor":3},{"not_picked":["Clash","Fiend Fire"],"picked":"Dual Wield","floor":4},{"not_picked":["Headbutt","Anger"],"picked":"Sword Boomerang","floor":6},{"not_picked":["Clash","Warcry","Twin Strike"],"picked":"SKIP","floor":8},{"not_picked":["Pummel","Anger","Havoc"],"picked":"SKIP","floor":10},{"not_picked":["Armaments","Reckless Charge"],"picked":"Combust","floor":11},{"not_picked":["Wild Strike","Perfected Strike"],"picked":"Flex","floor":14},{"not_picked":["Offering","Brutality"],"picked":"Limit Break","floor":16},{"not_picked":["Burning Pact","Dual Wield"],"picked":"Pommel Strike+1","floor":18},{"not_picked":["Infernal Blade+1","Headbutt"],"picked":"Battle Trance","floor":20},{"not_picked":["Armaments+1","Pommel Strike","Infernal Blade"],"picked":"SKIP","floor":21},{"not_picked":["Clash","Uppercut","Wild Strike"],"picked":"SKIP","floor":24},{"not_picked":["Berserk","Whirlwind+1"],"picked":"Demon Form","floor":28},{"not_picked":["Clothesline","Anger+1","Shockwave+1"],"picked":"Singing Bowl","floor":30},{"not_picked":["Reaper","Bludgeon"],"picked":"Feed","floor":33},{"not_picked":["Thunderclap","Wild Strike+1","Havoc"],"picked":"Singing Bowl","floor":35},{"not_picked":["Ghostly Armor+1","Shrug It Off+1","Body Slam"],"picked":"Singing Bowl","floor":37},{"not_picked":["Shrug It Off","Warcry+1"],"picked":"Flex+1","floor":40},{"not_picked":["Blood for Blood+1","Wild Strike+1","Perfected Strike"],"picked":"Singing Bowl","floor":42},{"not_picked":["Sentinel+1","Reaper","Body Slam"],"picked":"Singing Bowl","floor":45},{"not_picked":["Warcry","Anger","Shrug It Off+1"],"picked":"Singing Bowl","floor":48}],"player_experience":116748,"relics_obtained":[{"floor":6,"key":"Omamori"},{"floor":9,"key":"Ancient Tea Set"},{"floor":11,"key":"Art of War"},{"floor":26,"key":"Singing Bowl"},{"floor":28,"key":"Anchor"},{"floor":30,"key":"Potion Belt"},{"floor":39,"key":"Bag of Marbles"},{"floor":40,"key":"Ornamental Fan"},{"floor":43,"key":"Smiling Mask"},{"floor":45,"key":"Darkstone Periapt"}],"event_choices":[{"cards_removed":["Dual Wield"],"damage_healed":42,"gold_gain":0,"player_choice":"Offered Uncommon","damage_taken":0,"max_hp_gain":0,"max_hp_loss":0,"event_name":"Bonfire Elementals","floor":7,"gold_loss":0},{"damage_healed":0,"gold_gain":175,"player_choice":"AGREE","damage_taken":0,"max_hp_gain":0,"max_hp_loss":0,"event_name":"Liars Game","floor":12,"gold_loss":0,"cards_obtained":["Doubt"]},{"damage_healed":0,"gold_gain":0,"player_choice":"Got Potions","damage_taken":0,"max_hp_gain":0,"max_hp_loss":0,"event_name":"Lab","floor":19,"gold_loss":0},{"damage_healed":0,"gold_gain":0,"player_choice":"Became a vampire","damage_taken":0,"max_hp_gain":0,"max_hp_loss":27,"event_name":"Vampires","floor":22,"gold_loss":0,"cards_obtained":["Bite","Bite","Bite","Bite","Bite"]},{"damage_healed":0,"gold_gain":0,"player_choice":"Ignored","damage_taken":0,"max_hp_gain":0,"max_hp_loss":0,"event_name":"Cursed Tome","floor":29,"gold_loss":0},{"damage_healed":20,"gold_gain":0,"player_choice":"Heal","damage_taken":0,"max_hp_gain":0,"max_hp_loss":0,"event_name":"The Library","floor":31,"gold_loss":0},{"damage_healed":0,"gold_gain":0,"player_choice":"Bought 3 Potions","damage_taken":0,"max_hp_gain":0,"max_hp_loss":0,"event_name":"The Woman in Blue","floor":36,"gold_loss":0},{"damage_healed":0,"gold_gain":0,"player_choice":"Upgrade","damage_taken":0,"relics_obtained":["Mark of the Bloom"],"max_hp_gain":0,"max_hp_loss":0,"event_name":"MindBloom","floor":46,"gold_loss":0,"cards_upgraded":["Defend_R","Defend_R","Defend_R","Defend_R","Bash","Twin Strike","Shrug It Off","Twin Strike","Sword Boomerang","Battle Trance","Bite","Bite","Bite","Bite","Bite","Feed"]}],"is_beta":false,"boss_relics":[{"not_picked":["Astrolabe","Black Blood"],"picked":"Ectoplasm"},{"not_picked":["Fusion Hammer","Runic Dome"],"picked":"Velvet Choker"}],"items_purged_floors":[],"is_endless":false,"potions_floor_spawned":[1,2,6,8,18,30,33,35,45,48],"killed_by":"Time Eater","ascension_level":0}}