{"host":"24vdok87ydm8sokm","time":1614098510,"event":{"mods":["AchievementEnabler","BaseMod","Colored Map","Colored Powertips","Minty Spire (QoL Compilation)","StSLib"],"gold_per_floor":[118,135,135,146,221,248,248,283,310,326,343,360,395,406,406,508,508,521,532,550,550,369,394,394,394,418,437,462,479,479,496,496,601,601,616,616,633,651,669,669,704,253,253,253,279,279,297,316,316,316,316],"floor_reached":50,"language":"ENG","playtime":4237,"items_purged":["Strike_R","Strike_R"],"score":673,"play_id":"344e6fb4-f32b-4a9c-8246-95c57384e94e","local_time":"20210223104150","is_ascension_mode":true,"campfire_choices":[{"floor":7,"key":"REST"},{"data":"Demon Form","floor":15,"key":"SMITH"},{"data":"Barricade","floor":25,"key":"SMITH"},{"floor":30,"key":"REST"},{"floor":32,"key":"REST"},{"floor":40,"key":"REST"},{"data":"Limit Break","floor":44,"key":"SMITH"},{"floor":46,"key":"REST"},{"data":"Armaments","floor":49,"key":"SMITH"}],"circlet_count":0,"master_deck":["Strike_R","Strike_R","Strike_R+1","Defend_R+1","Defend_R","Defend_R","Defend_R","Bash+1","Thunderclap","Cleave+1","Iron Wave","Body Slam","Shrug It Off+1","Thunderclap","Body Slam","Reaper","True Grit","Body Slam","Demon Form+1","Barricade+1","Body Slam","Shrug It Off","Armaments+1","Shrug It Off","Pommel Strike+1","Limit Break+1","Flex+1","Entrench+1","Headbutt+1","Body Slam+1","Reaper","Reaper+1","Inflame+1","Heavy Blade+1","Parasite"],"relics":["Burning Blood","Dream Catcher","Bag of Marbles","Whetstone","Ornamental Fan","Velvet Choker","Membership Card","Boot","Vajra","Matryoshka","Mark of Pain","Bottled Flame","Kunai","Molten Egg 2","Strange Spoon","Happy Flower","War Paint","Frozen Egg 2"],"acts_visited":["Exordium","TheCity","TheBeyond"],"potions_floor_usage":[11,18,23,23,27,28,28,31,39,39,47,48,50],"damage_taken":[{"damage":3,"enemies":"Jaw Worm","floor":1,"turns":4},{"damage":5,"enemies":"2 Louse","floor":2,"turns":3},{"damage":1,"enemies":"Cultist","floor":4,"turns":3},{"damage":44,"enemies":"Lagavulin","floor":6,"turns":8},{"damage":24,"enemies":"Gremlin Nob","floor":8,"turns":5},{"damage":0,"enemies":"Lots of Slimes","floor":10,"turns":1},{"damage":0,"enemies":"Exordium Wildlife","floor":11,"turns":2},{"damage":8,"enemies":"2 Fungi Beasts","floor":12,"turns":3},{"damage":20,"enemies":"3 Sentries","floor":13,"turns":6},{"damage":1,"enemies":"Red Slaver","floor":14,"turns":3},{"damage":32,"enemies":"Slime Boss","floor":16,"turns":8},{"damage":4,"enemies":"2 Thieves","floor":18,"turns":4},{"damage":6,"enemies":"Spheric Guardian","floor":19,"turns":3},{"damage":7,"enemies":"Cultist and Chosen","floor":20,"turns":5},{"damage":32,"enemies":"Gremlin Leader","floor":23,"turns":5},{"damage":28,"enemies":"Snake Plant","floor":27,"turns":5},{"damage":71,"enemies":"Slavers","floor":28,"turns":5},{"damage":13,"enemies":"Snecko","floor":29,"turns":5},{"damage":20,"enemies":"Shelled Parasite and Fungi","floor":31,"turns":4},{"damage":75,"enemies":"Champ","floor":33,"turns":10},{"damage":7,"enemies":"3 Shapes","floor":35,"turns":4},{"damage":35,"enemies":"3 Darklings","floor":37,"turns":4},{"damage":31,"enemies":"4 Shapes","floor":38,"turns":4},{"damage":37,"enemies":"Sphere and 2 Shapes","floor":39,"turns":7},{"damage":21,"enemies":"Giant Head","floor":41,"turns":6},{"damage":50,"enemies":"Nemesis","floor":45,"turns":7},{"damage":24,"enemies":"Writhing Mass","floor":47,"turns":4},{"damage":28,"enemies":"Transient","floor":48,"turns":5},{"damage":90,"enemies":"Donu and Deca","floor":50,"turns":6}],"seed_played":"-8868276061427860591","potions_obtained":[{"floor":6,"key":"GamblersBrew"},{"floor":8,"key":"Energy Potion"},{"floor":10,"key":"Fire Potion"},{"floor":13,"key":"Strength Potion"},{"floor":20,"key":"Dexterity Potion"},{"floor":23,"key":"SteroidPotion"},{"floor":27,"key":"AttackPotion"},{"floor":29,"key":"DistilledChaos"},{"floor":33,"key":"CultistPotion"},{"floor":35,"key":"BlessingOfTheForge"},{"floor":38,"key":"EssenceOfSteel"},{"floor":41,"key":"Block Potion"},{"floor":45,"key":"Weak Potion"},{"floor":48,"key":"Fire Potion"}],"is_trial":false,"path_per_floor":["M","M","$","M","?","E","R","E","T","M","M","M","E","M","R","B",null,"M","M","M","?","$","E","?","R","T","M","E","M","R","M","R","B",null,"M","?","M","M","M","R","E","$","T","R","E","R","M","M","R","B"],"character_chosen":"IRONCLAD","items_purchased":["Membership Card","Kunai","Molten Egg 2","Strange Spoon","Reaper+1"],"campfire_rested":5,"item_purchase_floors":[22,42,42,42,42],"current_hp_per_floor":[80,80,80,80,69,31,55,37,37,43,49,59,57,62,62,42,80,80,80,80,65,65,81,81,81,81,66,29,22,47,45,70,12,85,84,84,55,30,19,44,63,63,63,63,32,57,44,83,83,0,0],"gold":316,"neow_bonus":"UPGRADE_CARD","is_daily":false,"chose_seed":false,"campfire_upgraded":4,"win_rate":0.0,"timestamp":1614098510,"path_taken":["M","M","$","M","?","E","R","E","T","M","M","M","E","M","R","BOSS","M","M","M","?","$","E","?","R","T","M","E","M","R","M","R","BOSS","M","?","M","M","?","R","E","$","T","R","E","R","M","M","R","BOSS"],"items_purchased_type":["Relic","Relic","Relic","Relic","Card"],"build_version":"2020-12-22","purchased_purges":2,"victory":false,"max_hp_per_floor":[80,80,80,80,80,80,80,80,80,80,80,80,80,80,80,80,80,80,80,80,85,85,85,85,85,85,85,85,85,85,85,85,85,85,85,85,85,85,85,85,85,85,85,85,85,85,85,85,85,85,85],"card_choices":[{"not_picked":["Clothesline","Combust"],"picked":"Thunderclap","floor":1},{"not_picked":["Sever Soul","Power Through"],"picked":"Cleave","floor":2},{"not_picked":["Twin Strike","Cleave"],"picked":"Iron Wave","floor":4},{"not_picked":["Burning Pact","Dropkick"],"picked":"Body Slam","floor":6},{"not_picked":["Clothesline","Shockwave"],"picked":"Shrug It Off","floor":7},{"not_picked":["Cleave","Clash"],"picked":"Thunderclap","floor":8},{"not_picked":["Warcry","Flex"],"picked":"Body Slam","floor":10},{"not_picked":["Second Wind","Shockwave"],"picked":"Reaper","floor":11},{"not_picked":["Disarm","Evolve"],"picked":"True Grit","floor":12},{"not_picked":["Flame Barrier","Warcry"],"picked":"Body Slam","floor":13},{"not_picked":["Infernal Blade","Reckless Charge"],"picked":"Demon Form","floor":14},{"not_picked":["Corruption","Berserk"],"picked":"Barricade","floor":16},{"not_picked":["Second Wind","Warcry"],"picked":"Body Slam","floor":18},{"not_picked":["Combust","Clothesline","Shockwave"],"picked":"SKIP","floor":19},{"not_picked":["Rupture+1","Perfected Strike"],"picked":"Shrug It Off","floor":20},{"not_picked":["Whirlwind","Anger"],"picked":"Armaments","floor":23},{"not_picked":["Body Slam","Bloodletting","Flame Barrier"],"picked":"SKIP","floor":27},{"not_picked":["Battle Trance","Rampage"],"picked":"Shrug It Off","floor":28},{"not_picked":["Thunderclap","Havoc","Seeing Red+1"],"picked":"SKIP","floor":29},{"not_picked":["Clothesline","Anger"],"picked":"Pommel Strike+1","floor":30},{"not_picked":["Cleave","Power Through","Flame Barrier"],"picked":"SKIP","floor":31},{"not_picked":["Barricade","Corruption"],"picked":"Limit Break","floor":33},{"not_picked":["Sword Boomerang","Thunderclap"],"picked":"Flex+1","floor":35},{"not_picked":["Shrug It Off","Rupture","Thunderclap"],"picked":"SKIP","floor":37},{"not_picked":["Second Wind","Carnage"],"picked":"Entrench+1","floor":38},{"not_picked":["Body Slam","Second Wind+1"],"picked":"Headbutt+1","floor":39},{"not_picked":["Heavy Blade","Sword Boomerang"],"picked":"Body Slam+1","floor":40},{"not_picked":["Headbutt","Battle Trance+1"],"picked":"Reaper","floor":41},{"not_picked":["Twin Strike+1","Anger+1"],"picked":"Inflame+1","floor":45},{"not_picked":["Pommel Strike+1","Clash+1"],"picked":"Heavy Blade+1","floor":46},{"not_picked":["Anger+1","Twin Strike+1","Limit Break"],"picked":"SKIP","floor":47},{"not_picked":["Feel No Pain+1","Flex+1","Warcry"],"picked":"SKIP","floor":48}],"player_experience":120142,"relics_obtained":[{"floor":6,"key":"Dream Catcher"},{"floor":8,"key":"Bag of Marbles"},{"floor":9,"key":"Whetstone"},{"floor":13,"key":"Ornamental Fan"},{"floor":23,"key":"Boot"},{"floor":26,"key":"Vajra"},{"floor":28,"key":"Matryoshka"},{"floor":41,"key":"Bottled Flame"},{"floor":43,"key":"Happy Flower"},{"floor":43,"key":"War Paint"},{"floor":45,"key":"Frozen Egg 2"}],"event_choices":[{"damage_healed":0,"gold_gain":75,"player_choice":"Gather Gold","damage_taken":11,"max_hp_gain":0,"max_hp_loss":0,"event_name":"World of Goop","floor":5,"gold_loss":0},{"damage_healed":0,"gold_gain":0,"player_choice":"Shed Blood","damage_taken":20,"max_hp_gain":5,"max_hp_loss":0,"event_name":"Forgotten Altar","floor":21,"gold_loss":0},{"damage_healed":0,"gold_gain":0,"player_choice":"Ignored","damage_taken":0,"max_hp_gain":0,"max_hp_loss":0,"event_name":"Vampires","floor":24,"gold_loss":0},{"damage_healed":0,"gold_gain":0,"player_choice":"Ignored","damage_taken":0,"max_hp_gain":0,"max_hp_loss":0,"event_name":"NoteForYourself","floor":36,"gold_loss":0}],"is_beta":false,"boss_relics":[{"not_picked":["Coffee Dripper","Busted Crown"],"picked":"Velvet Choker"},{"not_picked":["Runic Pyramid","Empty Cage"],"picked":"Mark of Pain"}],"items_purged_floors":[22,42],"is_endless":false,"potions_floor_spawned":[6,8,10,13,20,23,27,29,33,35,38,41,45,48],"killed_by":"Donu and Deca","ascension_level":1}}