{"host":"ypphcgdomtfqpc2w","time":1614093397,"event":{"mods":["BaseMod","DeckTracker","MarisaÅiñ∂âJÅ@ñÇóùçπÅj","Minty Spire (QoL Compilation)","Relic Stats","StSLib"],"gold_per_floor":[112,129,142,159,170,170,170,170,170,202,18,18,52,52,52,151,151,207,207,303,2,52,52,111,111,136,215,215,282,348,413,413,511,511,629,697,210,300,300,300,379,379,406,18,18,94,94,210,210,260,260,260,9,67,67,67],"floor_reached":55,"language":"ENG","playtime":4728,"items_purged":["Strike_P+1","Defend_P"],"score":1761,"play_id":"aa164750-ac1a-4fe4-bd43-bfb8bee474db","local_time":"20210224001637","is_ascension_mode":true,"campfire_choices":[{"data":"Eruption","floor":6.0,"key":"SMITH"},{"floor":12.0,"key":"REST"},{"floor":15.0,"key":"REST"},{"data":"HandOfGreed","floor":23.0,"key":"SMITH"},{"data":"Wallop","floor":25.0,"key":"SMITH"},{"data":"Perseverance","floor":28.0,"key":"SMITH"},{"data":"Meditate","floor":32.0,"key":"SMITH"},{"data":"Establishment","floor":40.0,"key":"SMITH"},{"data":"Sanctity","floor":42.0,"key":"SMITH"},{"floor":47.0,"key":"RECALL"},{"data":"ThirdEye","floor":49.0,"key":"SMITH"},{"data":"SpiritShield","floor":52.0,"key":"SMITH"}],"circlet_count":0,"master_deck":["AscendersBane","Defend_P","Defend_P+1","Eruption+1","Vigilance+1","ReachHeaven+1","Wallop+1","DeceiveReality","Sanctity+1","CutThroughFate","HandOfGreed+1","EmptyFist","Wish","SandsOfTime","Consecrate+1","Prostrate+1","Tantrum","Perseverance+1","Meditate+1","EmptyBody+1","Establishment+1","FlurryOfBlows","Wireheading","Weave","SpiritShield+1","ThirdEye+1","Flash of Steel","Protect","Blind","Alpha"],"relics":["PureWater","Kunai","Bottled Flame","Centennial Puzzle","Coffee Dripper","Oddly Smooth Stone","HornCleat","Whetstone","Ice Cream","Empty Cage","Frozen Eye","Ancient Tea Set","Du-Vu Doll","Shuriken","Letter Opener","Toy Ornithopter","Ginger"],"acts_visited":["Exordium","TheCity","TheBeyond","TheEnding"],"potions_floor_usage":[55],"damage_taken":[{"damage":0.0,"enemies":"Cultist","floor":1.0,"turns":2.0},{"damage":0.0,"enemies":"Jaw Worm","floor":2.0,"turns":3.0},{"damage":7.0,"enemies":"Small Slimes","floor":3.0,"turns":3.0},{"damage":0.0,"enemies":"Looter","floor":4.0,"turns":3.0},{"damage":0.0,"enemies":"Blue Slaver","floor":5.0,"turns":5.0},{"damage":2.0,"enemies":"Lagavulin","floor":10.0,"turns":8.0},{"damage":1.0,"enemies":"Red Slaver","floor":13.0,"turns":4.0},{"damage":11.0,"enemies":"Hexaghost","floor":16.0,"turns":11.0},{"damage":5.0,"enemies":"Spheric Guardian","floor":18.0,"turns":9.0},{"damage":2.0,"enemies":"3 Byrds","floor":20.0,"turns":7.0},{"damage":17.0,"enemies":"Book of Stabbing","floor":24.0,"turns":5.0},{"damage":2.0,"enemies":"Slavers","floor":27.0,"turns":8.0},{"damage":12.0,"enemies":"Cultist and Chosen","floor":29.0,"turns":8.0},{"damage":6.0,"enemies":"Snake Plant","floor":30.0,"turns":4.0},{"damage":0.0,"enemies":"Snecko","floor":31.0,"turns":5.0},{"damage":0.0,"enemies":"Champ","floor":33.0,"turns":12.0},{"damage":2.0,"enemies":"3 Shapes","floor":35.0,"turns":8.0},{"damage":2.0,"enemies":"Orb Walker","floor":36.0,"turns":6.0},{"damage":8.0,"enemies":"Jaw Worm Horde","floor":38.0,"turns":8.0},{"damage":0.0,"enemies":"Nemesis","floor":41.0,"turns":7.0},{"damage":0.0,"enemies":"Giant Head","floor":46.0,"turns":6.0},{"damage":0.0,"enemies":"4 Shapes","floor":48.0,"turns":11.0},{"damage":0.0,"enemies":"Donu and Deca","floor":50.0,"turns":11.0},{"damage":15.0,"enemies":"Shield and Spear","floor":54.0,"turns":5.0},{"damage":63,"enemies":"The Heart","floor":55,"turns":8}],"seed_played":"-8212730393220798431","potions_obtained":[{"floor":1.0,"key":"StancePotion"},{"floor":13.0,"key":"LiquidMemories"},{"floor":16.0,"key":"EssenceOfSteel"},{"floor":18.0,"key":"Weak Potion"},{"floor":24.0,"key":"BottledMiracle"},{"floor":30.0,"key":"LiquidBronze"},{"floor":31.0,"key":"DuplicationPotion"},{"floor":41.0,"key":"Block Potion"},{"floor":46.0,"key":"SkillPotion"}],"is_trial":false,"path_per_floor":["M","M","M","M","M","R","?","?","T","E","$","R","M","?","R","B",null,"M","?","M","$","?","R","E","R","T","E","R","M","M","M","R","B",null,"M","M","$","M","?","R","E","R","T","$","?","E","R","M","R","B",null,"R","$","E","B"],"character_chosen":"WATCHER","items_purchased":["HandOfGreed","Oddly Smooth Stone","BottledMiracle","Tantrum","Frozen Eye","Wireheading","Ancient Tea Set","Shuriken","ThirdEye","Blind","Toy Ornithopter"],"campfire_rested":2,"item_purchase_floors":[11,21,21,21,37,37,37,44,44,53,53],"current_hp_per_floor":[43,43,36,36,36,36,36,16,16,14,14,34,33,15,35,24,57,52,52,50,50,50,50,33,33,33,31,31,19,13,13,13,13,54,52,50,50,42,42,42,42,42,42,42,42,42,42,42,42,42,62,62,62,52,0,0],"gold":67,"neow_bonus":"REMOVE_TWO","is_daily":false,"chose_seed":false,"campfire_upgraded":9,"win_rate":0.0,"timestamp":1614093397,"path_taken":["M","M","M","?","M","R","?","?","T","E","$","R","M","?","R","BOSS","M","?","M","$","?","R","E","R","T","E","R","M","?","M","R","BOSS","M","M","$","M","?","R","E","R","T","$","?","E","R","M","R","BOSS","R","$","E","BOSS"],"items_purchased_type":["Card","Relic","Potion","Card","Relic","Card","Relic","Relic","Card","Card","Relic"],"build_version":"2020-12-22","purchased_purges":2,"victory":false,"max_hp_per_floor":[68,68,68,68,68,68,68,68,68,68,68,68,68,68,68,68,68,68,68,68,68,68,68,68,68,68,68,68,68,68,68,68,68,68,68,68,68,68,68,68,68,68,68,68,68,68,68,68,68,68,68,68,68,68,68,68],"relic_stats":{"Centennial Puzzle":[36],"counters":[25,167],"Shuriken":[22],"Kunai":[60],"Whetstone":["ReachHeaven","Consecrate"],"Letter Opener":[105],"Ginger":[2],"obtain_stats":[{"Ice Cream":27,"Oddly Smooth Stone":21,"Whetstone":26,"Letter Opener":46,"Ginger":54,"Empty Cage":34,"Ancient Tea Set":37,"Du-Vu Doll":41,"Frozen Eye":37,"Bottled Flame":10,"Centennial Puzzle":14,"HornCleat":24,"Shuriken":44,"Coffee Dripper":17,"Kunai":9,"PureWater":0,"Toy Ornithopter":53},{"Ice Cream":12,"Oddly Smooth Stone":10,"Whetstone":11,"Letter Opener":21,"Ginger":24,"Empty Cage":16,"Ancient Tea Set":18,"Du-Vu Doll":20,"Frozen Eye":18,"Bottled Flame":6,"Centennial Puzzle":7,"HornCleat":11,"Shuriken":20,"Coffee Dripper":8,"Kunai":5,"PureWater":0,"Toy Ornithopter":23},{"Ice Cream":68,"Oddly Smooth Stone":55,"Whetstone":60,"Letter Opener":132,"Ginger":159,"Empty Cage":97,"Ancient Tea Set":111,"Du-Vu Doll":126,"Frozen Eye":111,"Bottled Flame":24,"Centennial Puzzle":28,"HornCleat":60,"Shuriken":126,"Coffee Dripper":39,"Kunai":16,"PureWater":0,"Toy Ornithopter":154}],"Toy Ornithopter":10},"card_choices":[{"not_picked":["Meditate","SashWhip"],"picked":"ReachHeaven","floor":1.0},{"not_picked":["JustLucky","Halt"],"picked":"Wallop","floor":2.0},{"not_picked":["PathToVictory","Prostrate"],"picked":"DeceiveReality","floor":3.0},{"not_picked":["Wallop","CarveReality"],"picked":"Sanctity","floor":4.0},{"not_picked":["Pray","InnerPeace","Fasting2"],"picked":"SKIP","floor":5.0},{"not_picked":["Prostrate","SashWhip"],"picked":"CutThroughFate","floor":10.0},{"not_picked":["FollowUp","Protect"],"picked":"EmptyFist","floor":13.0},{"not_picked":["Devotion","Ragnarok"],"picked":"Wish","floor":16.0},{"not_picked":["DeceiveReality","CutThroughFate"],"picked":"SandsOfTime","floor":18.0},{"not_picked":["FollowUp","BowlingBash"],"picked":"Prostrate+1","floor":20.0},{"not_picked":["BattleHymn","Prostrate","Tantrum"],"picked":"SKIP","floor":24.0},{"not_picked":["Pray","LikeWater"],"picked":"Perseverance","floor":27.0},{"not_picked":["Crescendo+1","FlyingSleeves"],"picked":"Meditate","floor":29.0},{"not_picked":["BowlingBash","Consecrate","Evaluate"],"picked":"SKIP","floor":30.0},{"not_picked":["InnerPeace","CutThroughFate"],"picked":"EmptyBody+1","floor":31.0},{"not_picked":["Alpha","MasterReality"],"picked":"Establishment","floor":33.0},{"not_picked":["InnerPeace+1","ForeignInfluence+1"],"picked":"FlurryOfBlows","floor":35.0},{"not_picked":["ReachHeaven","Crescendo","ForeignInfluence"],"picked":"SKIP","floor":36.0},{"not_picked":["CarveReality","SashWhip+1"],"picked":"Weave","floor":38.0},{"not_picked":["FlyingSleeves","Establishment"],"picked":"SpiritShield","floor":41.0},{"not_picked":["Mind Blast","Finesse"],"picked":"Flash of Steel","floor":45.0},{"not_picked":["Halt","DeceiveReality"],"picked":"Protect","floor":46.0},{"not_picked":["SashWhip","BowlingBash","EmptyBody"],"picked":"SKIP","floor":48.0},{"not_picked":["Worship","Halt"],"picked":"Alpha","floor":54.0}],"player_experience":3377138,"relics_obtained":[{"floor":9.0,"key":"Kunai"},{"floor":10.0,"key":"Bottled Flame"},{"floor":24.0,"key":"HornCleat"},{"floor":26.0,"key":"Whetstone"},{"floor":27.0,"key":"Ice Cream"},{"floor":41.0,"key":"Du-Vu Doll"},{"floor":46.0,"key":"Letter Opener"},{"floor":54.0,"key":"Ginger"}],"event_choices":[{"damage_healed":0.0,"max_hp_gain":0.0,"max_hp_loss":0.0,"gold_gain":0.0,"event_name":"Living Wall","player_choice":"Grow","floor":7.0,"gold_loss":0.0,"damage_taken":0.0,"cards_upgraded":["Vigilance"]},{"damage_healed":0.0,"max_hp_gain":0.0,"max_hp_loss":0.0,"gold_gain":0.0,"event_name":"Shining Light","player_choice":"Entered Light","floor":8.0,"gold_loss":0.0,"damage_taken":20.0,"cards_upgraded":["Strike_P","Defend_P"]},{"damage_healed":0.0,"max_hp_gain":0.0,"max_hp_loss":0.0,"gold_gain":0.0,"event_name":"Scrap Ooze","player_choice":"Success","floor":14.0,"gold_loss":0.0,"damage_taken":18.0,"relics_obtained":["Centennial Puzzle"]},{"damage_healed":0.0,"max_hp_gain":0.0,"max_hp_loss":0.0,"gold_gain":0.0,"event_name":"The Library","player_choice":"Read","floor":19.0,"gold_loss":0.0,"damage_taken":0.0,"cards_obtained":["Consecrate"]},{"damage_healed":0.0,"max_hp_gain":0.0,"max_hp_loss":0.0,"gold_gain":50.0,"event_name":"Golden Shrine","player_choice":"Pray","floor":22.0,"gold_loss":0.0,"damage_taken":0.0},{"damage_healed":0.0,"max_hp_gain":0.0,"max_hp_loss":0.0,"gold_gain":0.0,"event_name":"Tomb of Lord Red Mask","player_choice":"Ignored","floor":39.0,"gold_loss":0.0,"damage_taken":0.0},{"damage_healed":0.0,"max_hp_gain":0.0,"max_hp_loss":0.0,"gold_gain":0.0,"event_name":"SensoryStone","player_choice":"Memory 1","floor":45.0,"gold_loss":0.0,"damage_taken":0.0}],"is_beta":false,"boss_relics":[{"not_picked":["VioletLotus","Calling Bell"],"picked":"Coffee Dripper"},{"not_picked":["HolyWater","Tiny House"],"picked":"Empty Cage"}],"items_purged_floors":[37,44],"is_endless":false,"potions_floor_spawned":[1,13,16,18,24,30,31,33,41,46],"killed_by":"The Heart","ascension_level":19}}