{"host":"okln270zkafj6dck","time":1614109801,"event":{"mods":["BaseMod","Minty Spire (QoL Compilation)","Permanent Neow","Quick Restart","Relic Stats","StSLib","SuperFastMode","UnlockEverythingMod"],"gold_per_floor":[359,378,15,0,0,0,79,79,105,105,137,62,75,105,105,182,182,122,122,122,47,47,47,47,47,47,47,47,47,47,47,47,47,47,47,47,47,47,47,47,47,47,47,47,47,47,47,47,47,47,47,47,47,4,4,4],"floor_reached":57,"language":"ENG","playtime":2106,"items_purged":["Strike_G"],"score":3260,"play_id":"2de110b5-06b0-44b0-817d-fd83c6f7c934","local_time":"20210223115001","is_ascension_mode":true,"campfire_choices":[{"data":"Noxious Fumes","floor":6.0,"key":"SMITH"},{"floor":8.0,"key":"REST"},{"data":"Neutralize","floor":15.0,"key":"SMITH"},{"floor":23.0,"key":"REST"},{"floor":27.0,"key":"REST"},{"floor":32.0,"key":"REST"},{"data":"Well Laid Plans","floor":41.0,"key":"SMITH"},{"floor":44,"key":"REST"},{"floor":46,"key":"RECALL"},{"floor":49,"key":"REST"},{"data":"Bane","floor":53,"key":"SMITH"}],"circlet_count":0,"master_deck":["AscendersBane","Strike_G","Strike_G","Strike_G","Strike_G","Defend_G","Defend_G+1","Defend_G+1","Defend_G","Defend_G","Survivor","Neutralize+1","Noxious Fumes+1","Bane+1","Skewer+1","Catalyst+1","Backflip+1","Predator","Malaise+1","Backflip+1","Calculated Gamble+1","Well Laid Plans+1","Bouncing Flask+1","Backflip+1","PiercingWail+1","After Image","Backflip+1","Deflect+1","Noxious Fumes+1","Crippling Poison+1","Crippling Poison+1","PiercingWail+1","Deadly Poison+1","Adrenaline+1","Catalyst+1","Blur+1"],"relics":["Ring of the Snake","Incense Burner","Snake Skull","Toxic Egg 2","Akabeko","Ectoplasm","Bag of Preparation","Calipers","War Paint","SacredBark","Bird Faced Urn","Oddly Smooth Stone","Gambling Chip","Shuriken","Anchor"],"acts_visited":["Exordium","TheCity","TheBeyond","TheEnding"],"potions_floor_usage":[42,56,56],"damage_taken":[{"damage":2.0,"enemies":"Small Slimes","floor":1.0,"turns":6.0},{"damage":0.0,"enemies":"2 Louse","floor":2.0,"turns":4.0},{"damage":21.0,"enemies":"3 Sentries","floor":11.0,"turns":6.0},{"damage":0.0,"enemies":"Jaw Worm","floor":13.0,"turns":4.0},{"damage":15.0,"enemies":"Lagavulin","floor":14.0,"turns":5.0},{"damage":0.0,"enemies":"Hexaghost","floor":16.0,"turns":8.0},{"damage":2.0,"enemies":"2 Thieves","floor":18.0,"turns":4.0},{"damage":3.0,"enemies":"3 Byrds","floor":22.0,"turns":5.0},{"damage":3.0,"enemies":"Snake Plant","floor":24.0,"turns":4.0},{"damage":33.0,"enemies":"Gremlin Leader","floor":25.0,"turns":7.0},{"damage":10.0,"enemies":"Slavers","floor":28.0,"turns":4.0},{"damage":2.0,"enemies":"Chosen and Byrds","floor":29.0,"turns":5.0},{"damage":0.0,"enemies":"Gremlin Leader","floor":30.0,"turns":5.0},{"damage":0.0,"enemies":"Shelled Parasite and Fungi","floor":31.0,"turns":5.0},{"damage":12.0,"enemies":"Automaton","floor":33.0,"turns":11.0},{"damage":0.0,"enemies":"Orb Walker","floor":35.0,"turns":4.0},{"damage":1.0,"enemies":"3 Shapes","floor":36.0,"turns":6.0},{"damage":8.0,"enemies":"Sphere and 2 Shapes","floor":37.0,"turns":4.0},{"damage":0.0,"enemies":"Mind Bloom Boss Battle","floor":38.0,"turns":4.0},{"damage":5.0,"enemies":"Jaw Worm Horde","floor":39.0,"turns":6.0},{"damage":34.0,"enemies":"Nemesis","floor":40.0,"turns":7.0},{"damage":32,"enemies":"Reptomancer","floor":42,"turns":6},{"damage":0,"enemies":"Maw","floor":45,"turns":6},{"damage":0,"enemies":"4 Shapes","floor":47,"turns":4},{"damage":7,"enemies":"Transient","floor":48,"turns":6},{"damage":0,"enemies":"Donu and Deca","floor":50,"turns":8},{"damage":0,"enemies":"Time Eater","floor":51,"turns":5},{"damage":5,"enemies":"Shield and Spear","floor":55,"turns":7},{"damage":59,"enemies":"The Heart","floor":56,"turns":9}],"seed_played":"7994159016453833396","potions_obtained":[{"floor":11.0,"key":"Fire Potion"},{"floor":14.0,"key":"EssenceOfSteel"},{"floor":25.0,"key":"Energy Potion"},{"floor":28.0,"key":"Fire Potion"},{"floor":29.0,"key":"Energy Potion"},{"floor":36.0,"key":"Block Potion"},{"floor":37.0,"key":"SpeedPotion"},{"floor":39.0,"key":"EssenceOfSteel"},{"floor":40.0,"key":"EssenceOfSteel"},{"floor":45,"key":"LiquidMemories"}],"is_trial":false,"path_per_floor":["M","M","$","?","?","R","?","R","T","?","E","$","M","E","R","B",null,"M","?","?","$","M","R","M","E","T","R","E","M","E","M","R","B",null,"M","M","M","?","M","E","R","E","T","R","M","R","M","M","R","B","B",null,"R","$","E","B",null],"character_chosen":"THE_SILENT","items_purchased":["Incense Burner","Skewer","Calculated Gamble+1","Blur+1"],"campfire_rested":6,"item_purchase_floors":[3,3,21,54],"current_hp_per_floor":[42,42,42,42,42,42,42,61,61,66,45,45,45,30,30,30,61,59,39,28,28,25,47,44,11,11,33,23,21,21,21,43,31,65,65,64,56,56,59,31,31,7,7,29,37,37,45,46,68,76,76,76,76,76,75,19],"gold":4,"neow_bonus":"TWO_FIFTY_GOLD","is_daily":false,"chose_seed":false,"campfire_upgraded":4,"win_rate":0.0,"timestamp":1614109801,"path_taken":["M","M","$","?","?","R","?","R","T","?","E","?","M","E","R","BOSS","M","?","?","$","?","R","M","E","T","R","E","M","E","M","R","BOSS","M","M","M","?","M","E","R","E","T","R","M","R","M","M","R","BOSS","BOSS","R","$","E","BOSS"],"items_purchased_type":["Relic","Card","Card","Card"],"build_version":"2020-12-22","purchased_purges":1,"victory":true,"max_hp_per_floor":[66,66,66,66,66,66,66,66,66,71,71,71,71,71,71,71,71,71,76,76,76,76,76,76,76,76,76,76,76,76,76,76,76,76,76,76,76,76,76,76,76,76,76,76,76,76,76,76,76,76,76,76,76,76,76,76],"relic_stats":{"counters":[29,165],"Shuriken":[1],"Bird Faced Urn":[61],"Gambling Chip":[34],"Snake Skull":[314],"Ectoplasm":526,"Bag of Preparation":[38],"War Paint":["Defend_G","Defend_G"],"obtain_stats":[{"Calipers":28,"SacredBark":34,"Oddly Smooth Stone":40,"Snake Skull":9,"Incense Burner":3,"Bag of Preparation":25,"War Paint":30,"Akabeko":14,"Anchor":55,"Shuriken":43,"Bird Faced Urn":38,"Gambling Chip":42,"Ectoplasm":17,"Toxic Egg 2":11,"Ring of the Snake":0},{"Calipers":11,"SacredBark":15,"Oddly Smooth Stone":21,"Snake Skull":2,"Incense Burner":2,"Bag of Preparation":10,"War Paint":13,"Akabeko":5,"Anchor":28,"Shuriken":22,"Bird Faced Urn":19,"Gambling Chip":22,"Ectoplasm":6,"Toxic Egg 2":3,"Ring of the Snake":0},{"Calipers":57,"SacredBark":83,"Oddly Smooth Stone":114,"Snake Skull":10,"Incense Burner":10,"Bag of Preparation":53,"War Paint":67,"Akabeko":25,"Anchor":156,"Shuriken":120,"Bird Faced Urn":101,"Gambling Chip":120,"Ectoplasm":33,"Toxic Egg 2":16,"Ring of the Snake":0}],"Ring of the Snake":[58]},"card_choices":[{"not_picked":["Dagger Spray","Eviscerate"],"picked":"Noxious Fumes","floor":1.0},{"not_picked":["Riddle With Holes","Flying Knee"],"picked":"Bane","floor":2.0},{"not_picked":["Backflip+1","Flying Knee"],"picked":"Catalyst+1","floor":11.0},{"not_picked":["Flying Knee","Riddle With Holes"],"picked":"Backflip+1","floor":13.0},{"not_picked":["Dagger Throw","Outmaneuver+1"],"picked":"Predator","floor":14.0},{"not_picked":["Tools of the Trade","Storm of Steel+1"],"picked":"Malaise+1","floor":16.0},{"not_picked":["Dagger Throw","Bane+1"],"picked":"Backflip+1","floor":18.0},{"not_picked":["Outmaneuver+1","Concentrate+1","Flying Knee"],"picked":"SKIP","floor":22.0},{"not_picked":["Deadly Poison+1","Deflect+1"],"picked":"Well Laid Plans","floor":24.0},{"not_picked":["Backflip+1","Predator"],"picked":"Bouncing Flask+1","floor":25.0},{"not_picked":["Dagger Spray","Blur+1"],"picked":"Backflip+1","floor":28.0},{"not_picked":["Backflip+1","Bane","Terror+1"],"picked":"SKIP","floor":29.0},{"not_picked":["Dagger Throw","Bane","Reflex+1"],"picked":"SKIP","floor":30.0},{"not_picked":["Envenom","Masterful Stab"],"picked":"PiercingWail+1","floor":31.0},{"not_picked":["Bullet Time+1","Envenom"],"picked":"After Image","floor":33.0},{"not_picked":["Prepared+1","Acrobatics+1"],"picked":"Backflip+1","floor":35.0},{"not_picked":["Riddle With Holes","Underhanded Strike+1","Dash"],"picked":"SKIP","floor":36.0},{"not_picked":["Caltrops","Dagger Throw"],"picked":"Deflect+1","floor":37.0},{"not_picked":["Underhanded Strike","All Out Attack+1"],"picked":"Noxious Fumes+1","floor":38.0},{"not_picked":["Envenom","PiercingWail+1"],"picked":"Crippling Poison+1","floor":39.0},{"not_picked":["Prepared+1","Poisoned Stab"],"picked":"Crippling Poison+1","floor":40.0},{"not_picked":["Caltrops","Backflip+1"],"picked":"PiercingWail+1","floor":42},{"not_picked":["Setup+1","Blade Dance+1"],"picked":"Deadly Poison+1","floor":45},{"not_picked":["Crippling Poison+1","Flying Knee"],"picked":"Adrenaline+1","floor":47},{"not_picked":["Expertise+1","PiercingWail+1"],"picked":"Catalyst+1","floor":48},{"not_picked":["Underhanded Strike","Terror+1","Doppelganger+1"],"picked":"SKIP","floor":55}],"player_experience":78032,"relics_obtained":[{"floor":9.0,"key":"Snake Skull"},{"floor":11.0,"key":"Toxic Egg 2"},{"floor":14.0,"key":"Akabeko"},{"floor":25.0,"key":"Bag of Preparation"},{"floor":28.0,"key":"Calipers"},{"floor":30.0,"key":"War Paint"},{"floor":38.0,"key":"Bird Faced Urn"},{"floor":40.0,"key":"Oddly Smooth Stone"},{"floor":42,"key":"Gambling Chip"},{"floor":43,"key":"Shuriken"},{"floor":55,"key":"Anchor"}],"event_choices":[{"damage_healed":0.0,"max_hp_gain":0.0,"max_hp_loss":0.0,"gold_gain":0.0,"event_name":"World of Goop","player_choice":"Left Gold","floor":4.0,"gold_loss":15.0,"damage_taken":0.0},{"damage_healed":0.0,"max_hp_gain":0.0,"max_hp_loss":0.0,"gold_gain":0.0,"event_name":"Living Wall","player_choice":"Grow","floor":5.0,"gold_loss":0.0,"damage_taken":0.0,"cards_upgraded":["Skewer"]},{"damage_healed":0.0,"max_hp_gain":0.0,"max_hp_loss":0.0,"gold_gain":79.0,"event_name":"Golden Wing","player_choice":"Gained Gold","floor":7.0,"gold_loss":0.0,"damage_taken":0.0},{"damage_healed":0.0,"max_hp_gain":5.0,"max_hp_loss":0.0,"gold_gain":0.0,"event_name":"Big Fish","player_choice":"Donut","floor":10.0,"gold_loss":0.0,"damage_taken":0.0},{"damage_healed":0.0,"max_hp_gain":5.0,"max_hp_loss":0.0,"gold_gain":0.0,"event_name":"Forgotten Altar","player_choice":"Shed Blood","floor":19.0,"gold_loss":0.0,"damage_taken":25.0},{"damage_healed":0.0,"max_hp_gain":0.0,"max_hp_loss":0.0,"gold_gain":0.0,"event_name":"Wheel of Change","player_choice":"Damaged","floor":20.0,"gold_loss":0.0,"damage_taken":11.0},{"damage_healed":0.0,"max_hp_gain":0.0,"max_hp_loss":0.0,"gold_gain":0.0,"event_name":"MindBloom","player_choice":"Fight","floor":38.0,"gold_loss":0.0,"damage_taken":0.0}],"is_beta":false,"boss_relics":[{"not_picked":["Calling Bell","Runic Dome"],"picked":"Ectoplasm"},{"not_picked":["Coffee Dripper","Tiny House"],"picked":"SacredBark"}],"items_purged_floors":[12],"is_endless":false,"potions_floor_spawned":[11,14,16,22,25,28,29,30,36,37,39,40,45],"ascension_level":20}}