{"host":"pjgcdp3h1plnbocs","time":1614091448,"event":{"mods":["AchievementEnabler","BaseMod","Colored Map","Downfall","Highlight Path","Minty Spire (QoL Compilation)","StSLib"],"gold_per_floor":[111,130,130,205,224,224,253,35,61,92,92,92,109,123,123,223,223,235,235,235,160,60,87,87,0,0,34,50,79,79,91,91,187,187,207,226,246,102,102,102,129,210,234,287,306,332,348,379,379,379,379,379,14,42,42,42],"floor_reached":55,"language":"ENG","playtime":2511,"items_purged":["Strike_B","Defend_B"],"score":1182,"play_id":"ee26dc20-4b7f-4705-825e-a10cf51f7dbf","local_time":"20210223154408","is_ascension_mode":true,"campfire_choices":[{"floor":6.0,"key":"REST"},{"data":"Electrodynamics","floor":12,"key":"SMITH"},{"data":"Amplify","floor":15,"key":"SMITH"},{"data":"Defragment","floor":24,"key":"SMITH"},{"data":"Strike_B+1","floor":32,"key":"PURGE"},{"data":"Defend_B","floor":40,"key":"PURGE"},{"floor":49,"key":"RECALL"},{"data":"Dualcast","floor":52,"key":"SMITH"}],"circlet_count":0,"master_deck":["AscendersBane","Defend_B","Defend_B","Zap","Dualcast+1","Electrodynamics+1","Loop","Machine Learning","Defragment+1","Amplify+1","Machine Learning","Defragment","Coolheaded","Creative AI","Glacier+1","Defragment","Blizzard","Panache"],"relics":["Cracked Core","Centennial Puzzle","Meat on the Bone","DataDisk","Tiny Chest","Bottled Tornado","FaceOfCleric","SlaversCollar","Incense Burner","Whetstone","Orichalcum","Nunchaku","Peace Pipe","Philosopher\u0027s Stone","Lantern","TungstenRod","Eternal Feather","Blood Vial","Torii","Kunai","Oddly Smooth Stone","Bag of Preparation","Bottled Flame"],"acts_visited":["Exordium","TheCity","TheBeyond","TheEnding"],"potions_floor_usage":[23,50,50,55,55],"damage_taken":[{"damage":0.0,"enemies":"2 Louse","floor":1.0,"turns":2.0},{"damage":5.0,"enemies":"Small Slimes","floor":2.0,"turns":2.0},{"damage":9.0,"enemies":"Jaw Worm","floor":5.0,"turns":3.0},{"damage":25.0,"enemies":"3 Sentries","floor":7.0,"turns":4.0},{"damage":8.0,"enemies":"Gremlin Nob","floor":10.0,"turns":3.0},{"damage":0,"enemies":"Lots of Slimes","floor":13,"turns":1},{"damage":0,"enemies":"Looter","floor":14,"turns":1},{"damage":37,"enemies":"The Guardian","floor":16,"turns":10},{"damage":0,"enemies":"3 Byrds","floor":18,"turns":1},{"damage":29,"enemies":"Slavers","floor":23,"turns":2},{"damage":31,"enemies":"Gremlin Leader","floor":27,"turns":4},{"damage":6,"enemies":"Chosen","floor":28,"turns":4},{"damage":26,"enemies":"Book of Stabbing","floor":29,"turns":4},{"damage":23,"enemies":"Shelled Parasite and Fungi","floor":31,"turns":6},{"damage":16,"enemies":"Champ","floor":33,"turns":10},{"damage":6,"enemies":"3 Darklings","floor":35,"turns":2},{"damage":16,"enemies":"3 Shapes","floor":36,"turns":2},{"damage":34,"enemies":"Spire Growth","floor":37,"turns":5},{"damage":4,"enemies":"Giant Head","floor":41,"turns":12},{"damage":22,"enemies":"2 Orb Walkers","floor":44,"turns":2},{"damage":0,"enemies":"Sphere and 2 Shapes","floor":45,"turns":3},{"damage":13,"enemies":"Reptomancer","floor":46,"turns":10},{"damage":0,"enemies":"3 Darklings","floor":47,"turns":2},{"damage":31,"enemies":"Nemesis","floor":48,"turns":7},{"damage":46,"enemies":"Awakened One","floor":50,"turns":16},{"damage":59,"enemies":"Shield and Spear","floor":54,"turns":5},{"damage":42,"enemies":"The Heart","floor":55,"turns":11}],"seed_played":"4835360370784813994","potions_obtained":[{"floor":1.0,"key":"FocusPotion"},{"floor":5.0,"key":"Explosive Potion"},{"floor":13,"key":"LiquidMemories"},{"floor":14,"key":"Guardian:BlockOnCardUsePotion"},{"floor":18,"key":"FairyPotion"},{"floor":23,"key":"FocusPotion"},{"floor":35,"key":"Energy Potion"},{"floor":47,"key":"DuplicationPotion"},{"floor":54,"key":"Block Potion"}],"is_trial":false,"path_per_floor":["M","M","?","?","M","R","E","$","T","E","?","R","M","M","R","B",null,"M","?","T","?","$","E","R","$","T","E","M","E","?","M","R","B",null,"M","M","M","$","?","R","E","T","T","?","M","E","M","E","R","B",null,"R","$","E","B"],"character_chosen":"DEFECT","items_purchased":["DataDisk","Defragment","Coolheaded","Lantern","Panache","Bag of Preparation","champ:CounterPotion"],"campfire_rested":1,"item_purchase_floors":[8,25,25,38,53,53,53],"current_hp_per_floor":[50,45,33,22,13,35,10,10,10,14,14,14,27,40,40,16,63,64,64,64,64,64,48,48,48,48,30,37,24,24,14,14,38,73,68,53,32,32,32,32,41,41,41,34,49,51,54,38,47,16,75,84,84,40,0,0],"gold":42,"neow_bonus":"THREE_RARE_CARDS","is_daily":false,"chose_seed":false,"campfire_upgraded":4,"win_rate":0.0,"timestamp":1614091448,"path_taken":["M","M","?","?","M","R","E","$","T","E","?","R","?","M","R","BOSS","M","?","?","?","$","E","R","$","T","E","M","E","?","M","R","BOSS","M","M","M","$","?","R","E","?","T","?","M","E","M","E","R","BOSS","R","$","E","BOSS"],"items_purchased_type":["Relic","Card","Card","Relic","Card","Relic","Potion"],"build_version":"2020-12-22","purchased_purges":2,"victory":false,"max_hp_per_floor":[75,75,75,75,75,75,75,75,75,75,75,75,76,77,77,78,78,79,79,79,79,79,80,80,80,80,81,82,83,83,84,84,85,85,86,87,88,88,88,88,89,89,89,90,91,92,93,94,94,95,95,95,95,96,96,96],"card_choices":[{"not_picked":["Multi-Cast","Rainbow"],"picked":"Electrodynamics","floor":0.0},{"not_picked":["Sunder","Go for the Eyes"],"picked":"Loop","floor":1.0},{"not_picked":["Compile Driver","Stack","Turbo"],"picked":"SKIP","floor":2.0},{"not_picked":["Streamline","Leap"],"picked":"Machine Learning","floor":5.0},{"not_picked":["Tempest","Double Energy"],"picked":"Defragment","floor":7.0},{"not_picked":["Rebound","Aggregate","Go for the Eyes"],"picked":"SKIP","floor":10},{"not_picked":["Fusion","Rebound"],"picked":"Amplify","floor":13},{"not_picked":["Sunder","Steam","Leap"],"picked":"SKIP","floor":14},{"not_picked":["Thunder Strike","Reboot"],"picked":"Machine Learning","floor":16},{"not_picked":["Recycle","Glacier","Compile Driver+1"],"picked":"SKIP","floor":18},{"not_picked":["Static Discharge","Genetic Algorithm","Barrage"],"picked":"SKIP","floor":23},{"not_picked":["Hyperbeam","Melter","Leap"],"picked":"SKIP","floor":27},{"not_picked":["Reinforced Body+1","Coolheaded","Stack+1"],"picked":"SKIP","floor":28},{"not_picked":["Streamline+1","Steam+1"],"picked":"Creative AI","floor":29},{"not_picked":["Tempest","Turbo+1"],"picked":"Glacier+1","floor":31},{"not_picked":["Turbo+1","Beam Cell"],"picked":"Defragment","floor":35},{"not_picked":["Doom and Gloom","Sweeping Beam","Turbo"],"picked":"SKIP","floor":36},{"not_picked":["Coolheaded+1","Compile Driver","Cold Snap"],"picked":"SKIP","floor":37},{"not_picked":["Sunder","Steam+1","Leap"],"picked":"SKIP","floor":41},{"not_picked":["Storm","Turbo","Go for the Eyes+1"],"picked":"SKIP","floor":45},{"not_picked":["Streamline","Gash","Sweeping Beam"],"picked":"SKIP","floor":46},{"not_picked":["Melter+1","Chaos","White Noise"],"picked":"SKIP","floor":47},{"not_picked":["Buffer","Hologram+1","Reboot"],"picked":"SKIP","floor":48},{"not_picked":["Sunder+1","Self Repair","Thunder Strike"],"picked":"SKIP","floor":54}],"player_experience":266393,"relics_obtained":[{"floor":7.0,"key":"Meat on the Bone"},{"floor":9.0,"key":"Tiny Chest"},{"floor":10,"key":"Bottled Tornado"},{"floor":20,"key":"Incense Burner"},{"floor":23,"key":"Whetstone"},{"floor":27,"key":"Orichalcum"},{"floor":29,"key":"Nunchaku"},{"floor":41,"key":"TungstenRod"},{"floor":42,"key":"Eternal Feather"},{"floor":43,"key":"Blood Vial"},{"floor":44,"key":"Torii"},{"floor":46,"key":"Kunai"},{"floor":48,"key":"Oddly Smooth Stone"},{"floor":54,"key":"Bottled Flame"}],"event_choices":[{"damage_healed":0.0,"max_hp_gain":0.0,"max_hp_loss":0.0,"gold_gain":0.0,"event_name":"Scrap Ooze","player_choice":"Success","floor":3.0,"gold_loss":0.0,"damage_taken":12.0,"relics_obtained":["Centennial Puzzle"]},{"damage_healed":0.0,"max_hp_gain":0.0,"max_hp_loss":0.0,"gold_gain":75.0,"event_name":"World of Goop","player_choice":"Gather Gold","floor":4.0,"gold_loss":0.0,"damage_taken":11.0},{"damage_healed":0,"gold_gain":0,"player_choice":"Trade","damage_taken":0,"relics_obtained":["FaceOfCleric"],"max_hp_gain":0,"max_hp_loss":0,"event_name":"FaceTrader","floor":11,"gold_loss":0},{"damage_healed":0,"gold_gain":0,"player_choice":"Ignored","damage_taken":0,"max_hp_gain":0,"max_hp_loss":0,"event_name":"Ghosts","floor":19,"gold_loss":0},{"cards_removed":["Strike_B"],"damage_healed":0,"gold_gain":0,"player_choice":"Gave Gold","damage_taken":0,"max_hp_gain":0,"max_hp_loss":0,"event_name":"Beggar","floor":21,"gold_loss":75},{"damage_healed":0,"gold_gain":0,"player_choice":"Opened","damage_taken":0,"relics_obtained":["Peace Pipe"],"max_hp_gain":0,"max_hp_loss":0,"event_name":"The Mausoleum","floor":30,"gold_loss":0},{"damage_healed":0,"gold_gain":0,"cards_transformed":["Strike_B"],"player_choice":"Transformed","damage_taken":0,"max_hp_gain":0,"max_hp_loss":0,"event_name":"Transmorgrifier","floor":39,"gold_loss":0,"cards_obtained":["Blizzard"]},{"damage_healed":0,"gold_gain":0,"player_choice":"Fight","damage_taken":0,"max_hp_gain":0,"max_hp_loss":0,"event_name":"Mysterious Sphere","floor":44,"gold_loss":0}],"is_beta":false,"boss_relics":[{"not_picked":["Pandora\u0027s Box","Calling Bell"],"picked":"SlaversCollar"},{"not_picked":["Runic Dome","FrozenCore"],"picked":"Philosopher\u0027s Stone"}],"items_purged_floors":[8,22],"is_endless":false,"potions_floor_spawned":[1,5,13,14,18,23,31,35,44,46,47,54],"killed_by":"The Heart","ascension_level":10}}