{"host":"kaame4qwxxqnygv7","time":1614087372,"event":{"mods":["AchievementEnabler","BaseMod","Better Match","Better Skull","Better Third Choice","BetterRewards","Block Reminder","Bossed Relics","DeckTracker","Energized Spire","GungeonMod","Minty Spire (QoL Compilation)","Quick Restart","Red Circlet Mod","StSLib","SuperFastMode","The Blue Laboratory"],"gold_per_floor":[114,114,114,76,89,89,89,89,89,89,108,131,131,164,164,290,290,311,311,311,21,39,69,81,106,106,106,116,132,150,166,177,177,177,272,272,292,292,341,353,372,403,416,442,468,468,468,483,509,522,522,522,522,522,152,179,179],"floor_reached":58,"language":"KOR","playtime":1644,"items_purged":["Strike_G","Strike_G","Strike_G"],"score":2357,"play_id":"348937f8-f351-442c-bf35-7b80715c3295","local_time":"20210223223612","is_ascension_mode":true,"campfire_choices":[{"data":"Neutralize","floor":6.0,"key":"SMITH"},{"floor":10.0,"key":"REST"},{"data":"Footwork","floor":15.0,"key":"SMITH"},{"data":"Calculated Gamble","floor":27.0,"key":"SMITH"},{"data":"Blur","floor":33.0,"key":"SMITH"},{"floor":51,"key":"RECALL"},{"data":"Adrenaline","floor":54,"key":"SMITH"}],"circlet_count":0,"master_deck":["AscendersBane","Strike_G","Strike_G","Defend_G","Defend_G","Defend_G","Defend_G","Defend_G","Survivor","Neutralize+1","Poisoned Stab","Poisoned Stab+1","Footwork+1","Die Die Die+1","Calculated Gamble+1","Blur","Blur+1","Calculated Gamble+1","Poisoned Stab+1","Bane","Terror+1","Adrenaline+1","Glass Knife","Noxious Fumes","Blur","Noxious Fumes+1"],"relics":["Ring of the Snake","Membership Card","Thread and Needle","DemoMod:VorpalBullet","DemoMod:MeatBun","DemoMod:AgedBell","Omamori","DemoMod:GlassGuonStoneRelic","Lantern","Bloody Idol","CaptainsWheel","Bag of Preparation","The Specimen","energizedSpire:CursedPentagram","DemoMod:OrangeGuonStone","Medical Kit","Pocketwatch","Whetstone","DemoMod:RatBoots","DemoMod:ResourcefulSack","DemoMod:PartiallyEatenCheese","DemoMod:WaxWing","Tingsha","Paper Crane","Regal Pillow","Sundial","TwistedFunnel","Anchor","InkBottle","DemoMod:Bottle"],"acts_visited":["Exordium","TheCity","DemoMod:Maze","TheBeyond","TheEnding"],"potions_floor_usage":[35],"damage_taken":[{"damage":0.0,"enemies":"Cultist","floor":1.0,"turns":3.0},{"damage":0.0,"enemies":"Jaw Worm","floor":5.0,"turns":1.0},{"damage":0.0,"enemies":"Small Slimes","floor":11.0,"turns":2.0},{"damage":0.0,"enemies":"Looter","floor":12.0,"turns":1.0},{"damage":0.0,"enemies":"Gremlin Nob","floor":14.0,"turns":1.0},{"damage":0.0,"enemies":"Hexaghost","floor":16.0,"turns":9.0},{"damage":0.0,"enemies":"Shell Parasite","floor":18.0,"turns":3.0},{"damage":0.0,"enemies":"Chosen","floor":22.0,"turns":2.0},{"damage":0.0,"enemies":"Gremlin Leader","floor":23.0,"turns":5.0},{"damage":0.0,"enemies":"3 Cultists","floor":24.0,"turns":3.0},{"damage":0.0,"enemies":"DemoMod:Red_and_blue_shotgun_kin","floor":28.0,"turns":1.0},{"damage":0.0,"enemies":"DemoMod:4_Bullet_Kins_with_one_veteran","floor":29.0,"turns":1.0},{"damage":0.0,"enemies":"DemoMod:Veteran_shot_gun_kin_and_blue_shotgun_kin_with_gunsinger","floor":30.0,"turns":1.0},{"damage":0.0,"enemies":"DemoMod:Red_and_blue_shotgun_kin_with_gunsinger","floor":31.0,"turns":1.0},{"damage":0.0,"enemies":"DemoMod:Veteran_shot_gun_kin_and_blue_shotgun_kin","floor":32.0,"turns":1.0},{"damage":0,"enemies":"DemoMod:ResourcefulRat","floor":34,"turns":5},{"damage":0,"enemies":"DemoMod:ResourcefulRat","floor":35,"turns":13},{"damage":0,"enemies":"Orb Walker","floor":37,"turns":2},{"damage":0,"enemies":"2 Orb Walkers","floor":39,"turns":1},{"damage":0,"enemies":"3 Shapes","floor":40,"turns":1},{"damage":0,"enemies":"Transient","floor":41,"turns":5},{"damage":0,"enemies":"Reptomancer","floor":42,"turns":4},{"damage":0,"enemies":"4 Shapes","floor":43,"turns":3},{"damage":0,"enemies":"Nemesis","floor":44,"turns":3},{"damage":0,"enemies":"Maw","floor":48,"turns":3},{"damage":0,"enemies":"Reptomancer","floor":49,"turns":4},{"damage":0,"enemies":"Spire Growth","floor":50,"turns":2},{"damage":0,"enemies":"Donu and Deca","floor":52,"turns":9},{"damage":0,"enemies":"Shield and Spear","floor":56,"turns":5},{"damage":0,"enemies":"The Heart","floor":57,"turns":8}],"seed_played":"-8973231286468743453","potions_obtained":[{"floor":1.0,"key":"blueLaboratory:ArtistsPotion"},{"floor":3.0,"key":"EssenceOfSteel"},{"floor":3.0,"key":"blueLaboratory:ForbiddenFruitJuice"},{"floor":3.0,"key":"Strength Potion"},{"floor":12.0,"key":"Fire Potion"},{"floor":16.0,"key":"DistilledChaos"},{"floor":29.0,"key":"FairyPotion"},{"floor":37,"key":"SpeedPotion"},{"floor":50,"key":"blueLaboratory:FruitPunch"}],"is_trial":false,"path_per_floor":["M","T","?","$","M","R","?","?","T","R","M","M","?","E","R","B",null,"M","?","?","$","M","E","M","T","T","R","M","M","M","M","M","R","B","B",null,"M","?","?","M","M","E","M","E","T","?","?","M","E","M","R","B",null,"R","$","E","B",null],"character_chosen":"THE_SILENT","items_purchased":["Membership Card","DemoMod:GnawedKey","DemoMod:MeatBun","Omamori","DemoMod:OrangeGuonStone","Medical Kit","Blur","TwistedFunnel","Anchor","DemoMod:LeadSkinPotion","InkBottle"],"campfire_rested":1,"item_purchase_floors":[0,0,0,0,21,21,21,55,55,55,55],"current_hp_per_floor":[45,45,45,45,45,45,45,45,45,64,64,64,61,61,61,61,64,64,64,64,64,65,65,65,65,65,65,65,65,65,65,65,65,65,65,65,65,65,65,65,65,65,65,65,65,62,62,62,62,62,62,62,62,62,62,62,62],"gold":179,"neow_bonus":"","is_daily":false,"chose_seed":false,"campfire_upgraded":5,"win_rate":0.0,"timestamp":1614087372,"path_taken":["M","?","?","$","?","R","?","?","T","R","M","M","?","E","R","BOSS","M","?","?","$","?","E","?","?","T","R","M","M","M","M","M","R","BOSS","BOSS","M","?","?","M","M","E","M","E","T","?","?","?","E","M","R","BOSS","R","$","E","BOSS"],"items_purchased_type":["Relic","Relic","Relic","Relic","Relic","Relic","Card","Relic","Relic","Undefined","Relic"],"build_version":"2020-12-22","purchased_purges":3,"victory":true,"max_hp_per_floor":[70,70,70,70,70,70,65,65,65,65,65,65,65,65,65,65,65,65,65,65,65,65,65,65,65,65,65,65,65,65,65,65,65,65,65,65,65,65,65,65,65,65,65,65,65,62,62,62,62,62,62,62,62,62,62,62,62],"card_choices":[{"not_picked":["PiercingWail","Blade Dance"],"picked":"Poisoned Stab","floor":1.0},{"not_picked":["Acrobatics","Quick Slash"],"picked":"Poisoned Stab","floor":5.0},{"not_picked":["Poisoned Stab","Quick Slash","Heel Hook"],"picked":"SKIP","floor":11.0},{"not_picked":["PiercingWail","Underhanded Strike","Deadly Poison"],"picked":"SKIP","floor":12.0},{"not_picked":["Dodge and Roll","Deadly Poison"],"picked":"Footwork","floor":14.0},{"not_picked":["A Thousand Cuts","Storm of Steel"],"picked":"Die Die Die","floor":16.0},{"not_picked":["Flying Knee","Blade Dance+1"],"picked":"Calculated Gamble","floor":18.0},{"not_picked":["Escape Plan","Infinite Blades"],"picked":"Blur","floor":22.0},{"not_picked":["Dash","Deflect"],"picked":"Calculated Gamble+1","floor":23.0},{"not_picked":["Outmaneuver","Masterful Stab","Choke"],"picked":"SKIP","floor":24.0},{"not_picked":["PiercingWail+1","Bouncing Flask","Night Terror"],"picked":"SKIP","floor":28.0},{"not_picked":["Quick Slash+1","Slice+1"],"picked":"Poisoned Stab+1","floor":29.0},{"not_picked":["PiercingWail+1","Blade Dance+1","Dodge and Roll+1"],"picked":"SKIP","floor":30.0},{"not_picked":["Backflip+1","Heel Hook","Footwork+1"],"picked":"SKIP","floor":31.0},{"not_picked":["Leg Sweep","Acrobatics","Poisoned Stab"],"picked":"SKIP","floor":32.0},{"not_picked":["PiercingWail+1","Prepared+1"],"picked":"Bane","floor":36},{"not_picked":["Poisoned Stab","Endless Agony+1"],"picked":"Terror+1","floor":37},{"not_picked":["Terror","Sucker Punch+1"],"picked":"Adrenaline","floor":39},{"not_picked":["Terror","Eviscerate+1","Underhanded Strike"],"picked":"SKIP","floor":40},{"not_picked":["Blade Dance","Quick Slash+1","PiercingWail"],"picked":"SKIP","floor":41},{"not_picked":["Masterful Stab","Leg Sweep"],"picked":"Glass Knife","floor":42},{"not_picked":["Bane","Outmaneuver+1","Deflect"],"picked":"SKIP","floor":43},{"not_picked":["Tools of the Trade","Accuracy+1","Blade Dance"],"picked":"SKIP","floor":44},{"not_picked":["PiercingWail+1","Expertise"],"picked":"Noxious Fumes","floor":48},{"not_picked":["Bane","Eviscerate+1"],"picked":"Blur","floor":49},{"not_picked":["Expertise+1","Accuracy+1","Dagger Throw"],"picked":"SKIP","floor":50},{"not_picked":["Cloak And Dagger","Blur+1"],"picked":"Noxious Fumes+1","floor":56}],"player_experience":329826,"relics_obtained":[{"floor":2.0,"key":"Lantern"},{"floor":9.0,"key":"CaptainsWheel"},{"floor":14.0,"key":"The Specimen"},{"floor":23.0,"key":"Pocketwatch"},{"floor":25.0,"key":"Whetstone"},{"floor":36,"key":"DemoMod:RatBoots"},{"floor":36,"key":"DemoMod:ResourcefulSack"},{"floor":36,"key":"DemoMod:PartiallyEatenCheese"},{"floor":36,"key":"DemoMod:WaxWing"},{"floor":39,"key":"Tingsha"},{"floor":42,"key":"Paper Crane"},{"floor":44,"key":"Regal Pillow"},{"floor":49,"key":"Sundial"},{"floor":56,"key":"DemoMod:Bottle"}],"event_choices":[{"damage_healed":0.0,"max_hp_gain":0.0,"max_hp_loss":0.0,"gold_gain":0.0,"event_name":"Lab","player_choice":"Got Potions","floor":3.0,"gold_loss":0.0,"damage_taken":0.0},{"damage_healed":0.0,"max_hp_gain":0.0,"max_hp_loss":5.0,"gold_gain":0.0,"event_name":"Golden Idol","player_choice":"Lose Max HP","floor":7.0,"gold_loss":0.0,"damage_taken":0.0,"relics_obtained":["Golden Idol"]},{"damage_healed":0.0,"max_hp_gain":0.0,"max_hp_loss":0.0,"gold_gain":0.0,"event_name":"betterThird:BetterSerpent","player_choice":"Ignored","floor":8.0,"gold_loss":0.0,"damage_taken":89.0},{"damage_healed":0.0,"max_hp_gain":0.0,"max_hp_loss":0.0,"gold_gain":0.0,"event_name":"betterThird:BetterScrap","player_choice":"Relic ","floor":13.0,"gold_loss":0.0,"damage_taken":3.0,"cards_obtained":["Uppercut"]},{"damage_healed":0.0,"max_hp_gain":0.0,"max_hp_loss":0.0,"gold_gain":0.0,"event_name":"Ghosts","player_choice":"Ignored","floor":19.0,"gold_loss":0.0,"damage_taken":0.0},{"damage_healed":0.0,"max_hp_gain":0.0,"max_hp_loss":0.0,"gold_gain":0.0,"event_name":"Forgotten Altar","player_choice":"Gave Idol","floor":20.0,"relics_lost":["Golden Idol"],"gold_loss":0.0,"damage_taken":0.0,"relics_obtained":["Bloody Idol"]},{"damage_healed":0,"gold_gain":0,"player_choice":"Ignored","damage_taken":0,"max_hp_gain":0,"max_hp_loss":0,"event_name":"Tomb of Lord Red Mask","floor":38,"gold_loss":0},{"damage_healed":0,"gold_gain":0,"player_choice":"Fight","damage_taken":0,"max_hp_gain":0,"max_hp_loss":0,"event_name":"Mysterious Sphere","floor":39,"gold_loss":0},{"damage_healed":0,"gold_gain":0,"player_choice":"Max HP","damage_taken":0,"max_hp_gain":0,"max_hp_loss":3,"event_name":"Winding Halls","floor":46,"gold_loss":0},{"damage_healed":3,"gold_gain":0,"player_choice":"LEAVE ","damage_taken":0,"relics_obtained":[],"max_hp_gain":0,"max_hp_loss":0,"event_name":"betterSkull:BetterSkull","floor":47,"gold_loss":0,"cards_upgraded":[]}],"is_beta":false,"boss_relics":[{"not_picked":["Sozu","Velvet Choker"],"picked":"energizedSpire:CursedPentagram"},{"not_picked":[]}],"items_purged_floors":[4,21,55],"is_endless":false,"potions_floor_spawned":[1,12,14,16,22,23,28,29,37,41,48,50],"ascension_level":10}}