{"host":"ydg0vn0pu4pubmdt","time":1614113396,"event":{"mods":["AchievementEnabler","BaseMod","Colored Map","Minty Spire (QoL Compilation)","Quick Restart","SuperFastMode"],"gold_per_floor":[111,111,122,122,122,157,157,157,157,157,82,96,106,106,106],"floor_reached":14,"language":"KOR","playtime":148,"items_purged":["Strike_R"],"score":226,"play_id":"430eb9e5-7e3f-40aa-8320-56d8647fe97b","local_time":"20210224054956","is_ascension_mode":true,"campfire_choices":[{"data":"Battle Trance","floor":7,"key":"SMITH"},{"data":"Pommel Strike","floor":10,"key":"SMITH"}],"circlet_count":0,"master_deck":["AscendersBane","Strike_R+1","Strike_R","Defend_R+1","Defend_R","Defend_R","Defend_R","Bash","Battle Trance+1","Armaments","Pommel Strike+1","Pummel"],"relics":["Burning Blood","NeowsBlessing","HornCleat","Matryoshka"],"acts_visited":["Exordium"],"potions_floor_usage":[14],"damage_taken":[{"damage":0.0,"enemies":"Small Slimes","floor":1.0,"turns":1.0},{"damage":0.0,"enemies":"Jaw Worm","floor":3.0,"turns":1.0},{"damage":0,"enemies":"Lagavulin","floor":6,"turns":1},{"damage":1,"enemies":"2 Louse","floor":12,"turns":3},{"damage":0,"enemies":"Exordium Wildlife","floor":13,"turns":3},{"damage":13,"enemies":"3 Sentries","floor":14,"turns":5}],"seed_played":"-5467441916921428174","potions_obtained":[{"floor":1.0,"key":"LiquidBronze"}],"is_trial":false,"path_per_floor":["M","?","M","?","?","E","R","?","T","R","$","M","M","E"],"character_chosen":"IRONCLAD","items_purchased":[],"campfire_rested":0,"item_purchase_floors":[],"current_hp_per_floor":[74,79,80,56,49,55,55,55,55,55,55,60,66,53,53],"gold":106,"neow_bonus":"THREE_ENEMY_KILL","is_daily":false,"chose_seed":false,"campfire_upgraded":2,"win_rate":0.0,"timestamp":1614113396,"path_taken":["M","?","M","?","?","E","R","?","T","R","$","M","M","E"],"items_purchased_type":[],"build_version":"2020-12-22","purchased_purges":1,"victory":false,"max_hp_per_floor":[75,80,80,80,80,80,80,80,80,80,80,80,80,80,80],"card_choices":[{"not_picked":["Shrug It Off","Armaments"],"picked":"Battle Trance","floor":1.0},{"not_picked":["Heavy Blade","True Grit"],"picked":"Armaments","floor":3},{"not_picked":["Anger","Bloodletting"],"picked":"Pommel Strike","floor":6},{"not_picked":["Rupture","Headbutt"],"picked":"Pummel","floor":12},{"not_picked":["Heavy Blade","Body Slam","Anger"],"picked":"SKIP","floor":13}],"player_experience":629369,"relics_obtained":[{"floor":6,"key":"HornCleat"},{"floor":9,"key":"Matryoshka"}],"event_choices":[{"damage_healed":0.0,"max_hp_gain":5.0,"max_hp_loss":0.0,"gold_gain":0.0,"event_name":"Big Fish","player_choice":"Donut","floor":2.0,"gold_loss":0.0,"damage_taken":0.0},{"damage_healed":0,"gold_gain":0,"player_choice":"Entered Light","damage_taken":24,"max_hp_gain":0,"max_hp_loss":0,"event_name":"Shining Light","floor":4,"gold_loss":0,"cards_upgraded":["Strike_R","Defend_R"]},{"cards_removed":["Strike_R"],"damage_healed":0,"gold_gain":0,"player_choice":"Card Removal","damage_taken":7,"max_hp_gain":0,"max_hp_loss":0,"event_name":"Golden Wing","floor":5,"gold_loss":0},{"cards_removed":["Strike_R"],"damage_healed":0,"gold_gain":0,"player_choice":"Forget","damage_taken":0,"max_hp_gain":0,"max_hp_loss":0,"event_name":"Living Wall","floor":8,"gold_loss":0}],"is_beta":false,"boss_relics":[],"items_purged_floors":[11],"is_endless":false,"potions_floor_spawned":[1],"killed_by":"3 Sentries","ascension_level":20}}