{"host":"x3tdtn2vw0frar62","time":1614116463,"event":{"mods":["100% Spire Juice","Aspiration","BaseMod","Better Note","Better Sensory Stone","Better Third Choice","BetterRewards","CatGirl Mod","Hermit","Hubris","LagranYue(???·?)","Marisa????????","Minty Spire (QoL Compilation)","Morshu Shopkeeper","Morshu Shopkeeper - ENHANCED","Practice Mode","Railgun Mod","Relic Stats","Reliquary","Remilia??????","Replay The Spire","Robot Space Explorer","Shade Mod","Shop Mod","Spicy Shops","Spire Arcade","StSLib","The Cursed","The Dragon Tamer","The Marked","The Runesmith","The Sage","The Senshi","The Servant 0.9.4"],"gold_per_floor":[109,127,127,127,56,87,97,128,151,151,151,151,174,199,199,320,320,339,339,539,555,61,61,61],"floor_reached":23,"language":"ENG","playtime":1377,"items_purged":["Sickly"],"score":209,"play_id":"8179d567-50f8-41ac-8223-e730012d737d","local_time":"20210223164103","is_ascension_mode":true,"campfire_choices":[{"floor":10.0,"key":"RECALL"},{"floor":12.0,"key":"REST"},{"floor":15.0,"key":"DIG"}],"circlet_count":0,"master_deck":["Strike_S","Strike_S","Strike_S","Strike_S","Defend_S","Defend_S","Defend_S","Defend_S","KidneyShot","Exchange","SurpressingFire","Starlight+1","Comet","Ricochet","Ricochet","Luminosity","TheWorld","BottledTime"],"relics":["Uniform","aspiration:Nostalgia","m_SnakeCloak","Snack Pack","Replay:Kaleidoscope","theSenshi:SailorFukuRelic","Golden Idol","hubris:TenFootPole","LagranYue:ContractPerformanceRelic","Ring of Peace","ReplayTheSpireMod:Ring of Collecting","Cauldron"],"acts_visited":["Exordium","TheCity"],"potions_floor_usage":[16,23,23],"damage_taken":[{"damage":0.0,"enemies":"Cultist","floor":1.0,"turns":3.0},{"damage":5.0,"enemies":"Jaw Worm","floor":2.0,"turns":4.0},{"damage":6.0,"enemies":"Gremlin Nob","floor":6.0,"turns":4.0},{"damage":0.0,"enemies":"2 Louse","floor":7.0,"turns":2.0},{"damage":16.0,"enemies":"3 Sentries","floor":8.0,"turns":5.0},{"damage":0.0,"enemies":"Exordium Wildlife","floor":13.0,"turns":2.0},{"damage":9.0,"enemies":"Large Slime","floor":14.0,"turns":5.0},{"damage":8,"enemies":"Slime Boss","floor":16,"turns":7},{"damage":19,"enemies":"Shell Parasite","floor":18,"turns":7},{"damage":63,"enemies":"Chosen","floor":21,"turns":9},{"damage":8,"enemies":"Replay:Snechameleon","floor":23,"turns":2}],"seed_played":"-2625831978792711765","potions_obtained":[{"floor":1.0,"key":"DistilledChaos"},{"floor":2.0,"key":"Explosive Potion"},{"floor":8.0,"key":"BlessingOfTheForge"},{"floor":22,"key":"Flashbang"},{"floor":22,"key":"Energy Potion"},{"floor":22,"key":"DuplicationPotion"}],"is_trial":false,"path_per_floor":["M","M","$","?","$","E","M","E","T","R","?","R","M","M","R","B",null,"M","?","?","M","$","E"],"character_chosen":"THE_SERVANT","items_purchased":["Comet","Luminosity","Cauldron","TheWorld","BottledTime"],"campfire_rested":1,"item_purchase_floors":[5,22,22,22,22],"current_hp_per_floor":[65,60,60,60,60,54,56,44,44,44,28,47,47,42,42,42,65,54,54,54,3,3,0,0],"gold":61,"neow_bonus":"NOSTALGIA","is_daily":false,"chose_seed":false,"campfire_upgraded":0,"win_rate":0.0,"timestamp":1614116463,"path_taken":["M","?","$","?","$","E","M","E","T","R","?","R","M","M","R","BOSS","M","?","?","M","$","E"],"items_purchased_type":["Card","Card","Relic","Card","Card"],"build_version":"2020-12-22","purchased_purges":1,"victory":false,"max_hp_per_floor":[65,65,65,65,65,65,65,65,65,65,65,65,65,65,65,65,65,65,65,65,65,65,65,65],"relic_stats":{"counters":[11,50],"Golden Idol":41,"obtain_stats":[{"m_SnakeCloak":0,"Cauldron":22,"LagranYue:ContractPerformanceRelic":17,"aspiration:Nostalgia":0,"Golden Idol":11,"Ring of Peace":19,"ReplayTheSpireMod:Ring of Collecting":19,"Uniform":0,"Snack Pack":6,"hubris:TenFootPole":15,"Replay:Kaleidoscope":8,"theSenshi:SailorFukuRelic":9},{"m_SnakeCloak":0,"Cauldron":10,"LagranYue:ContractPerformanceRelic":8,"aspiration:Nostalgia":0,"Golden Idol":5,"Ring of Peace":9,"ReplayTheSpireMod:Ring of Collecting":9,"Uniform":0,"Snack Pack":3,"hubris:TenFootPole":7,"Replay:Kaleidoscope":5,"theSenshi:SailorFukuRelic":5},{"m_SnakeCloak":0,"Cauldron":48,"LagranYue:ContractPerformanceRelic":32,"aspiration:Nostalgia":0,"Golden Idol":18,"Ring of Peace":39,"ReplayTheSpireMod:Ring of Collecting":39,"Uniform":0,"Snack Pack":11,"hubris:TenFootPole":25,"Replay:Kaleidoscope":18,"theSenshi:SailorFukuRelic":18}]},"card_choices":[{"not_picked":["DualDimension","DoubleEdge"],"picked":"SurpressingFire","floor":1.0},{"not_picked":["Dagger Throw","Replace"],"picked":"Starlight","floor":2.0},{"not_picked":["Defy","MoonPhase","BottledTime"],"picked":"SKIP","floor":6.0},{"not_picked":["Alleviate","Snipe"],"picked":"Ricochet","floor":7.0},{"not_picked":["Rewind","Starlight","Tactician"],"picked":"SKIP","floor":8.0},{"not_picked":["Unruled","DoubleEdge"],"picked":"Ricochet","floor":13.0},{"not_picked":["Misdirection","BottledTime","Contraction"],"picked":"SKIP","floor":14.0},{"not_picked":["BottledTime","Moonlight","InstantArmor"],"picked":"SKIP","floor":18},{"not_picked":["Alleviate","Shuttle+1","DualDimension+1"],"picked":"SKIP","floor":21}],"player_experience":219415,"relics_obtained":[{"floor":6.0,"key":"Snack Pack"},{"floor":8.0,"key":"Replay:Kaleidoscope"},{"floor":9.0,"key":"theSenshi:SailorFukuRelic"},{"floor":15.0,"key":"hubris:TenFootPole"},{"floor":19,"key":"Ring of Peace"},{"floor":19,"key":"ReplayTheSpireMod:Ring of Collecting"}],"event_choices":[{"damage_healed":0.0,"max_hp_gain":0.0,"max_hp_loss":0.0,"gold_gain":0.0,"event_name":"Golden Idol","player_choice":"Take Damage","floor":11.0,"gold_loss":0.0,"damage_taken":16.0,"relics_obtained":["Golden Idol"]},{"damage_healed":0,"gold_gain":250,"player_choice":"Bet on Owner","damage_taken":0,"max_hp_gain":0,"max_hp_loss":0,"event_name":"The Joust","floor":20,"gold_loss":50}],"is_beta":false,"boss_relics":[{"not_picked":["aspiration:MobileForge","Runic Pyramid"],"picked":"LagranYue:ContractPerformanceRelic"}],"items_purged_floors":[22],"is_endless":false,"potions_floor_spawned":[1,2,8],"killed_by":"Replay:Snechameleon","ascension_level":1}}