{"host":"d52brwsy6af8zvaq","time":1614061526,"event":{"mods":["AchievementEnabler","BaseMod","Bestiary","Highlight Path","Minty Spire (QoL Compilation)","Quick Restart","Relic Stats","ojb\u0027s Better Paths Mod"],"gold_per_floor":[111,111,164,184,211,239,239,258,258,285,295,40,51,77,77,153,153,168,197,214,59,78,103,103,113,138,164,164,64,91,91,91,91,91],"floor_reached":33,"language":"ENG","playtime":1211,"items_purged":["Strike_B","Strike_B"],"score":696,"play_id":"a10ff334-8d7d-410e-bd49-370c4527f569","local_time":"20210222232526","is_ascension_mode":true,"campfire_choices":[{"data":"Compile Driver","floor":7.0,"key":"SMITH"},{"data":"Coolheaded","floor":15.0,"key":"SMITH"},{"data":"Doom and Gloom","floor":24,"key":"SMITH"},{"data":"Self Repair","floor":28,"key":"SMITH"},{"floor":32,"key":"REST"}],"circlet_count":0,"master_deck":["AscendersBane","Strike_B+1","Strike_B+1","Defend_B+1","Defend_B+1","Defend_B+1","Defend_B+1","Zap+1","Dualcast","Doom and Gloom+1","Compile Driver+1","Ball Lightning","Coolheaded+1","Capacitor","Coolheaded+1","Self Repair+1","Skim+1","Auto Shields+1","Core Surge","Double Energy+1","Hologram+1","Steam+1","Reinforced Body+1","Genetic Algorithm+1","BootSequence+1","Stack+1","Biased Cognition"],"relics":["Cracked Core","NeowsBlessing","Bronze Scales","DataDisk","Pear","Toxic Egg 2","Lee\u0027s Waffle","WingedGreaves","Sozu","Red Mask","Cables","Oddly Smooth Stone","Question Card","Pen Nib"],"acts_visited":["Exordium","TheCity"],"potions_floor_usage":[],"damage_taken":[{"damage":0.0,"enemies":"2 Louse","floor":1.0,"turns":1.0},{"damage":0.0,"enemies":"Jaw Worm","floor":4.0,"turns":1.0},{"damage":0.0,"enemies":"3 Sentries","floor":6.0,"turns":1.0},{"damage":8.0,"enemies":"Small Slimes","floor":8.0,"turns":2.0},{"damage":14.0,"enemies":"Gremlin Nob","floor":10.0,"turns":3.0},{"damage":6.0,"enemies":"3 Louse","floor":11.0,"turns":2.0},{"damage":3.0,"enemies":"Blue Slaver","floor":13.0,"turns":2.0},{"damage":5.0,"enemies":"Lagavulin","floor":14.0,"turns":6.0},{"damage":8.0,"enemies":"The Guardian","floor":16.0,"turns":10.0},{"damage":20.0,"enemies":"Shell Parasite","floor":18.0,"turns":3.0},{"damage":13.0,"enemies":"Masked Bandits","floor":19.0,"turns":3.0},{"damage":0,"enemies":"2 Thieves","floor":20,"turns":4},{"damage":0,"enemies":"Snake Plant","floor":22,"turns":5},{"damage":21,"enemies":"Slavers","floor":23,"turns":7},{"damage":7,"enemies":"Snecko","floor":25,"turns":5},{"damage":22,"enemies":"Book of Stabbing","floor":27,"turns":6},{"damage":26,"enemies":"Slavers","floor":30,"turns":5},{"damage":48,"enemies":"Collector","floor":33,"turns":8}],"seed_played":"-2002065321764305428","potions_obtained":[{"floor":6.0,"key":"PowerPotion"},{"floor":16.0,"key":"BlessingOfTheForge"}],"is_trial":false,"path_per_floor":["M","?","?","M","T","E","R","M","T","E","M","$","M","E","R","B",null,"M","?","M","$","M","E","R","M","T","E","R","$","E","?","R","B"],"character_chosen":"DEFECT","items_purchased":["Lee\u0027s Waffle","Self Repair","Reinforced Body+1"],"campfire_rested":1,"item_purchase_floors":[12,12,21],"current_hp_per_floor":[64,43,43,43,43,43,43,35,45,31,25,88,85,87,87,86,88,75,69,69,69,76,62,62,62,62,47,47,47,21,21,47,0,0],"gold":91,"neow_bonus":"THREE_ENEMY_KILL","is_daily":false,"chose_seed":false,"campfire_upgraded":4,"win_rate":0.0,"timestamp":1614061526,"path_taken":["M","?","?","M","?","E","R","M","T","E","M","$","?","E","R","BOSS","M","?","M","$","M","E","R","M","T","E","R","$","E","?","R","BOSS"],"items_purchased_type":["Relic","Card","Card"],"build_version":"2020-12-22","purchased_purges":2,"victory":false,"max_hp_per_floor":[71,71,71,71,71,71,71,71,81,81,81,88,88,88,88,88,88,88,88,88,88,88,88,88,88,88,88,88,88,88,88,88,88,88],"relic_stats":{"Sozu":3,"Lee\u0027s Waffle":63,"counters":[18,74],"Bronze Scales":[275],"Pen Nib":[1],"Question Card":1,"obtain_stats":[{"Lee\u0027s Waffle":12,"Pear":9,"NeowsBlessing":0,"Oddly Smooth Stone":26,"Pen Nib":30,"Question Card":27,"Cables":23,"Sozu":17,"DataDisk":6,"Bronze Scales":5,"WingedGreaves":14,"Red Mask":19,"Toxic Egg 2":10,"Cracked Core":0},{"Lee\u0027s Waffle":6,"Pear":4,"NeowsBlessing":0,"Oddly Smooth Stone":15,"Pen Nib":17,"Question Card":16,"Cables":14,"Sozu":9,"DataDisk":3,"Bronze Scales":2,"WingedGreaves":8,"Red Mask":11,"Toxic Egg 2":5,"Cracked Core":0},{"Lee\u0027s Waffle":10,"Pear":5,"NeowsBlessing":0,"Oddly Smooth Stone":55,"Pen Nib":66,"Question Card":61,"Cables":50,"Sozu":28,"DataDisk":3,"Bronze Scales":2,"WingedGreaves":18,"Red Mask":34,"Toxic Egg 2":8,"Cracked Core":0}],"Cables":[23,16,4,3,0]},"card_choices":[{"not_picked":["Streamline","Gash"],"picked":"Doom and Gloom","floor":1.0},{"not_picked":["Chaos","Barrage"],"picked":"Compile Driver","floor":4.0},{"not_picked":["Chill","Hologram"],"picked":"Ball Lightning","floor":6.0},{"not_picked":["Aggregate","Darkness"],"picked":"Coolheaded","floor":8.0},{"not_picked":["Redo+1","Core Surge"],"picked":"Capacitor","floor":10.0},{"not_picked":["Conserve Battery+1","Barrage"],"picked":"Coolheaded+1","floor":11.0},{"not_picked":["Beam Cell","Streamline"],"picked":"Skim+1","floor":13.0},{"not_picked":["Skim+1","Sweeping Beam"],"picked":"Auto Shields+1","floor":14.0},{"not_picked":["Thunder Strike","Reboot+1"],"picked":"Core Surge","floor":16.0},{"not_picked":["Compile Driver","Streamline+1"],"picked":"Double Energy+1","floor":18.0},{"not_picked":["Cold Snap","Ball Lightning"],"picked":"Hologram+1","floor":19.0},{"not_picked":["Doom and Gloom","Go for the Eyes"],"picked":"Steam+1","floor":20},{"not_picked":["Redo+1","White Noise+1"],"picked":"Genetic Algorithm+1","floor":22},{"not_picked":["Rebound","Go for the Eyes"],"picked":"BootSequence+1","floor":23},{"not_picked":["Streamline+1","Self Repair"],"picked":"Stack+1","floor":25},{"not_picked":["Coolheaded+1","Compile Driver","Conserve Battery+1"],"picked":"SKIP","floor":27},{"not_picked":["Double Energy+1","Conserve Battery+1","Sunder"],"picked":"Biased Cognition","floor":30}],"player_experience":2350323,"relics_obtained":[{"floor":5.0,"key":"Bronze Scales"},{"floor":6.0,"key":"DataDisk"},{"floor":9.0,"key":"Pear"},{"floor":10.0,"key":"Toxic Egg 2"},{"floor":14.0,"key":"WingedGreaves"},{"floor":19.0,"key":"Red Mask"},{"floor":23,"key":"Cables"},{"floor":26,"key":"Oddly Smooth Stone"},{"floor":27,"key":"Question Card"},{"floor":30,"key":"Pen Nib"}],"event_choices":[{"damage_healed":0.0,"max_hp_gain":0.0,"max_hp_loss":0.0,"gold_gain":0.0,"event_name":"Shining Light","player_choice":"Entered Light","floor":2.0,"gold_loss":0.0,"damage_taken":21.0,"cards_upgraded":["Zap","Defend_B"]},{"damage_healed":0.0,"max_hp_gain":0.0,"max_hp_loss":0.0,"gold_gain":53.0,"event_name":"Golden Wing","player_choice":"Gained Gold","floor":3.0,"gold_loss":0.0,"damage_taken":0.0},{"damage_healed":0.0,"max_hp_gain":0.0,"max_hp_loss":0.0,"gold_gain":0.0,"event_name":"Masked Bandits","player_choice":"Fought Bandits","floor":19.0,"gold_loss":0.0,"damage_taken":0.0},{"damage_healed":0,"gold_gain":0,"player_choice":"Simplicity","damage_taken":0,"max_hp_gain":0,"max_hp_loss":0,"event_name":"Back to Basics","floor":31,"gold_loss":0,"cards_upgraded":["Strike_B","Strike_B","Defend_B","Defend_B","Defend_B"]}],"is_beta":false,"boss_relics":[{"not_picked":["Philosopher\u0027s Stone","Pandora\u0027s Box"],"picked":"Sozu"}],"items_purged_floors":[21,29],"is_endless":false,"potions_floor_spawned":[6,16,19,20,30],"killed_by":"Collector","ascension_level":20}}