{"host":"iv934i4dusq1uqxh","time":1614050193,"event":{"mods":["Act Like it!","BaseMod","Downfall","Minty Spire (QoL Compilation)","Quick Restart","Replay The Spire","StSLib"],"gold_per_floor":[118,118,128,77,96,131,146,176,176,176,176,176,220,220,220,339,339,354,394,373,473,488,522,522,130,130,173,281,304,342,342,342,470,470,494,517,517,536,557,557,24,65,65,65,2,26,41,54,54,54],"floor_reached":51,"language":"ZHS","playtime":3237,"items_purged":["Normality"],"score":1105,"play_id":"79c1dc36-4ae8-4236-994e-5260364c1d77","local_time":"20210223111633","is_ascension_mode":false,"campfire_choices":[{"data":"Slimebound:Split","floor":12.0,"key":"SMITH"},{"data":"Slimebound:SelfFormingGoo","floor":15.0,"key":"SMITH"},{"floor":32.0,"key":"REST"},{"data":"Slimebound:LevelUp","floor":40.0,"key":"SMITH"},{"data":"1","floor":44.0,"key":"LIFT"},{"data":"2","floor":49,"key":"LIFT"}],"circlet_count":0,"master_deck":["Slimebound:Strike_Slimebound","Slimebound:Strike_Slimebound","Slimebound:Strike_Slimebound","Slimebound:Tackle","Slimebound:Defend_Slimebound","Slimebound:Defend_Slimebound","Slimebound:Defend_Slimebound+1","Slimebound:Defend_Slimebound","Slimebound:Split+1","Slimebound:CorrosiveSpit","Slimebound:LevelUp+1","Slimebound:SplitLeeching","Slimebound:SplitLeeching","Slimebound:SplitLeeching","Slimebound:LeadByExample","Slimebound:SelfFormingGoo+1","Slimebound:LeechLife","Slimebound:SlimeBarrage+1","Slimebound:Schlurp","Slimebound:SplitAcid","Slimebound:SplitBruiser","Slimebound:MinionMaster+1","Slimebound:LeechEnergy","Slimebound:SplitBruiser+1","Slimebound:SplitBruiser","Slimebound:SplitLeeching","Slimebound:MinionMaster+1","Slimebound:SplitAcid+1","Slimebound:SplitAcid","Slimebound:Gluttony+1","Slimebound:Gluttony+1","Slimebound:SplitAcid","Slimebound:Teamwork","Slimebound:SplitLeeching","Slimebound:LevelUp+1","Slimebound:ProtectTheBoss+1","Slimebound:SplitBruiser+1","Slimebound:ComboTackle","Slimebound:SplitLeeching"],"relics":["Slimebound:AbsorbEndCombat","NeowsBlessing","Sundial","The Courier","Meat on the Bone","Iron Hammer","Golden Idol","Frozen Egg 2","Replay:Grab Bag","ChewingGum","SlaversCollar","Snecko Heart","Red Mask","Orichalcum","Blue Doll","MealTicket","Girya","Bag of Marbles","Dream Catcher","Slimebound:MaxSlimesRelic","Painkiller Herb","Bird Faced Urn","Ice Cream","Replay:Mystery Machine"],"acts_visited":["Exordium","TheCity","TheBeyond"],"potions_floor_usage":[46,50],"damage_taken":[{"damage":0.0,"enemies":"Small Slimes","floor":1.0,"turns":1.0},{"damage":0.0,"enemies":"Cultist","floor":3.0,"turns":1.0},{"damage":1.0,"enemies":"2 Louse","floor":5.0,"turns":2.0},{"damage":23.0,"enemies":"Gremlin Nob","floor":6.0,"turns":5.0},{"damage":1.0,"enemies":"Looter","floor":7.0,"turns":3.0},{"damage":7.0,"enemies":"Lagavulin","floor":8.0,"turns":7.0},{"damage":0.0,"enemies":"3 Sentries","floor":13.0,"turns":6.0},{"damage":7.0,"enemies":"Fading Forest","floor":16.0,"turns":11.0},{"damage":8.0,"enemies":"Spheric Guardian","floor":18.0,"turns":4.0},{"damage":2.0,"enemies":"Masked Bandits","floor":19.0,"turns":4.0},{"damage":7.0,"enemies":"2 Thieves","floor":20.0,"turns":5.0},{"damage":0.0,"enemies":"Centurion and Healer","floor":22.0,"turns":6.0},{"damage":0.0,"enemies":"Replay:Snechameleon","floor":23.0,"turns":6.0},{"damage":18.0,"enemies":"Book of Stabbing","floor":27.0,"turns":6.0},{"damage":9.0,"enemies":"Snake Plant","floor":29.0,"turns":4.0},{"damage":27.0,"enemies":"Gremlin Leader","floor":30.0,"turns":6.0},{"damage":38.0,"enemies":"Pondfish","floor":33.0,"turns":11.0},{"damage":5.0,"enemies":"3 Darklings","floor":35.0,"turns":3.0},{"damage":21.0,"enemies":"3 Shapes","floor":36.0,"turns":4.0},{"damage":0.0,"enemies":"3 Darklings","floor":38.0,"turns":4.0},{"damage":10.0,"enemies":"Sphere and 2 Shapes","floor":39.0,"turns":6.0},{"damage":4.0,"enemies":"R_Hoarder","floor":42.0,"turns":8.0},{"damage":12,"enemies":"Jaw Worm Horde","floor":46,"turns":3},{"damage":18,"enemies":"Maw","floor":47,"turns":7},{"damage":14,"enemies":"Spire Growth","floor":48,"turns":5},{"damage":55,"enemies":"Awakened One","floor":50,"turns":10}],"seed_played":"1604721764329548584","potions_obtained":[{"floor":1.0,"key":"DuplicationPotion"},{"floor":7.0,"key":"Adrenaline Potion"},{"floor":8.0,"key":"Milkshake"},{"floor":13.0,"key":"BlessingOfTheForge"},{"floor":19.0,"key":"PowerPotion"},{"floor":39.0,"key":"Guardian:BlockOnCardUsePotion"}],"is_trial":false,"path_per_floor":["M","?","M","$","M","E","M","E","T","?","?","R","E","?","R","B",null,"M","?","M","?","M","E","?","$","T","E","?","M","E","?","R","B",null,"?","?","?","?","?","T","T","E","T","T","T","?","?","?","T","B",null],"character_chosen":"SLIMEBOUND","items_purchased":["Slimebound:SplitLeeching","Slimebound:SplitBruiser","Slimebound:MinionMaster+1","Blue Doll","MealTicket","Bird Faced Urn","Slimebound:Gluttony+1","Slimebound:SplitAcid","Slimebound:Teamwork","Slimebound:SplitLeeching","Slimebound:ProtectTheBoss+1"],"campfire_rested":1,"item_purchase_floors":[4,25,25,25,25,41,41,41,41,41,45],"current_hp_per_floor":[65,65,65,65,65,42,43,42,42,42,42,42,42,42,42,45,60,54,52,53,53,60,60,60,60,60,42,42,33,26,26,44,42,60,55,36,36,36,38,38,53,60,60,60,60,60,54,54,54,37],"gold":54,"neow_bonus":"THREE_ENEMY_KILL","is_daily":false,"chose_seed":false,"campfire_upgraded":3,"win_rate":0.0,"timestamp":1614050193,"path_taken":["M","?","M","$","?","E","M","E","T","?","?","R","E","?","R","BOSS","M","?","M","?","?","E","?","$","T","E","?","M","E","?","R","BOSS","?","?","?","?","?","T","T","E","T","T","?","?","?","?","T","BOSS"],"items_purchased_type":["Card","Card","Card","Relic","Relic","Relic","Card","Card","Card","Card","Card"],"build_version":"2020-12-22","purchased_purges":1,"victory":true,"max_hp_per_floor":[65,65,65,65,65,65,65,65,65,60,60,60,60,60,60,60,60,60,60,60,60,60,60,60,60,60,60,60,60,60,60,60,60,60,60,60,60,60,60,60,60,60,60,60,60,60,60,60,60,60],"card_choices":[{"not_picked":["Slimebound:RollThrough","Slimebound:Dissolve"],"picked":"Slimebound:SlimeBarrage","floor":1.0},{"not_picked":["Slimebound:Chomp","Slimebound:GoopTackle"],"picked":"Slimebound:LevelUp","floor":3.0},{"not_picked":["Slimebound:GoopSpray","Slimebound:SamplingLick"],"picked":"Slimebound:SplitLeeching","floor":5.0},{"not_picked":["Slimebound:SplitAcid","Slimebound:SlimeSpikes"],"picked":"Slimebound:SplitLeeching","floor":6.0},{"not_picked":["Slimebound:ViciousTackle","Slimebound:LeechingTouch"],"picked":"Slimebound:LeadByExample","floor":7.0},{"not_picked":["Slimebound:Gluttony","Slimebound:Prepare"],"picked":"Slimebound:SelfFormingGoo","floor":8.0},{"not_picked":["Slimebound:RejuvenatingLick","Slimebound:Dissolve"],"picked":"Slimebound:LeechLife","floor":13.0},{"not_picked":["Slimebound:ItLooksTasty","Slimebound:FinishingTackle"],"picked":"Slimebound:SlimeBarrage+1","floor":18.0},{"not_picked":["Slimebound:PressTheAttack","Slimebound:ForwardTackle"],"picked":"Slimebound:Schlurp","floor":20.0},{"not_picked":["Slimebound:ProtectTheBoss+1","Slimebound:LeechLife","Slimebound:LivingWall+1"],"picked":"SKIP","floor":22.0},{"not_picked":["Slimebound:RainOfGoop","Slimebound:ProtectTheBoss+1","Slimebound:SamplingLick"],"picked":"SKIP","floor":23.0},{"not_picked":["Slimebound:RollThrough","Slimebound:LivingWall"],"picked":"Slimebound:LeechEnergy","floor":27.0},{"not_picked":["Slimebound:LeadByExample+1","Slimebound:SlimeTap"],"picked":"Slimebound:SplitBruiser+1","floor":28.0},{"not_picked":["Slimebound:Chomp+1","Slimebound:FinishingTackle+1"],"picked":"Slimebound:SplitBruiser","floor":28.0},{"not_picked":["Slimebound:Overexert+1","Slimebound:SlimeSpikes"],"picked":"Slimebound:SplitLeeching","floor":29.0},{"not_picked":["Slimebound:Gluttony+1","Slimebound:FinishingTackle","Slimebound:HauntingLick"],"picked":"SKIP","floor":30.0},{"not_picked":["Slimebound:RallyTheTroops","Slimebound:WasteNot"],"picked":"Slimebound:MinionMaster+1","floor":33.0},{"not_picked":["Slimebound:Chomp","Slimebound:SlimeBarrage"],"picked":"Slimebound:SplitAcid+1","floor":35.0},{"not_picked":["Slimebound:RainOfGoop+1","Slimebound:Dissolve+1","Slimebound:SlimeSpikes+1"],"picked":"SKIP","floor":36.0},{"not_picked":["Slimebound:AcidTongue+1","Slimebound:Schlurp+1"],"picked":"Slimebound:SplitAcid","floor":38.0},{"not_picked":["Slimebound:GoopTackle+1","Slimebound:MegaLick","Slimebound:ComboTackle"],"picked":"SKIP","floor":39.0},{"not_picked":["Slimebound:RejuvenatingLick","Slimebound:SplitLeeching+1"],"picked":"Slimebound:LevelUp+1","floor":42.0},{"not_picked":["Slimebound:ForwardTackle","Slimebound:PressTheAttack+1"],"picked":"Slimebound:SplitBruiser+1","floor":46},{"not_picked":["Slimebound:MegaLick+1","Slimebound:RollThrough+1"],"picked":"Slimebound:ComboTackle","floor":47},{"not_picked":["Slimebound:FinishingTackle","Slimebound:ViciousTackle"],"picked":"Slimebound:SplitLeeching","floor":48}],"player_experience":808927,"relics_obtained":[{"floor":6.0,"key":"The Courier"},{"floor":8.0,"key":"Meat on the Bone"},{"floor":9.0,"key":"Iron Hammer"},{"floor":13.0,"key":"Frozen Egg 2"},{"floor":19.0,"key":"Red Mask"},{"floor":23.0,"key":"Orichalcum"},{"floor":26.0,"key":"Girya"},{"floor":27.0,"key":"Bag of Marbles"},{"floor":30.0,"key":"Dream Catcher"},{"floor":42.0,"key":"Ice Cream"},{"floor":43.0,"key":"Replay:Mystery Machine"}],"event_choices":[{"cards_removed":["Slimebound:SlimeBarrage"],"damage_healed":0.0,"max_hp_gain":0.0,"max_hp_loss":0.0,"gold_gain":0.0,"event_name":"WeMeetAgain","player_choice":"Gave Card","floor":2.0,"gold_loss":0.0,"damage_taken":0.0,"relics_obtained":["Sundial"]},{"damage_healed":0.0,"max_hp_gain":0.0,"max_hp_loss":5.0,"gold_gain":0.0,"event_name":"Golden Idol","player_choice":"Lose Max HP","floor":10.0,"gold_loss":0.0,"damage_taken":0.0,"relics_obtained":["Golden Idol"]},{"damage_healed":0.0,"max_hp_gain":0.0,"max_hp_loss":0.0,"gold_gain":0.0,"event_name":"Liars Game","player_choice":"Ignored","floor":14.0,"gold_loss":0.0,"damage_taken":0.0},{"damage_healed":0.0,"max_hp_gain":0.0,"max_hp_loss":0.0,"gold_gain":0.0,"event_name":"Masked Bandits","player_choice":"Fought Bandits","floor":19.0,"gold_loss":0.0,"damage_taken":0.0},{"damage_healed":0.0,"max_hp_gain":0.0,"max_hp_loss":0.0,"gold_gain":100.0,"event_name":"Golden Shrine","player_choice":"Pray","floor":21.0,"gold_loss":0.0,"damage_taken":0.0},{"damage_healed":0.0,"max_hp_gain":0.0,"max_hp_loss":0.0,"gold_gain":0.0,"event_name":"The Library","player_choice":"Read","floor":24.0,"gold_loss":0.0,"damage_taken":0.0,"cards_obtained":["Slimebound:SplitAcid"]},{"damage_healed":0.0,"max_hp_gain":0.0,"max_hp_loss":0.0,"gold_gain":0.0,"event_name":"SensoryStone","player_choice":"Memory 1","floor":37.0,"gold_loss":0.0,"damage_taken":0.0}],"is_beta":false,"boss_relics":[{"not_picked":["SacredBark","Philosopher\u0027s Stone"],"picked":"Replay:Grab Bag"},{"not_picked":["Runic Dome","Coffee Dripper"],"picked":"ChewingGum"},{"not_picked":["Busted Crown","Sozu"],"picked":"SlaversCollar"},{"not_picked":["Honey Jar","Runic Pyramid"],"picked":"Snecko Heart"},{"not_picked":["ReplayTheSpireMod:DimensionalGlitch","Ring of Chaos"],"picked":"Painkiller Herb"}],"items_purged_floors":[41],"is_endless":false,"potions_floor_spawned":[1,7,8,13,19,23,29,35,36,39],"ascension_level":0}}