{"host":"df48i9djcn92c5sx","time":1614062923,"event":{"mods":["Act Like it!","Arknights","BaseMod","Decade(王小明)","Downfall","Gensokyo","Marisa（F雨　魔理沙）","Minty Spire (QoL Compilation)","READ ME - Guardian Mod","READ ME - Snecko Mod","Reimu（博丽灵梦）","Remilia（蕾米莉亚）","Shop Mod","StSLib","The Jungle","The Servant 0.9.4"],"gold_per_floor":[110,110,71,71,82,82,100,100,124,124,6,17,17,33,33,106,106,119,119,119,119,132,132,32,32,32,32,32],"floor_reached":27,"language":"ZHS","playtime":588,"items_purged":["Strike_B","Lust_TH"],"score":358,"play_id":"5204ddfe-c444-460d-901f-7445489ad04e","local_time":"20210223144843","is_ascension_mode":true,"campfire_choices":[{"data":"Capacitor","floor":6,"key":"SMITH"},{"data":"Storm","floor":8,"key":"SMITH"},{"data":"Defragment","floor":13,"key":"SMITH"},{"data":"Barrage","floor":15,"key":"SMITH"},{"floor":23,"key":"REST"},{"data":"Auto Shields","floor":25,"key":"SMITH"}],"circlet_count":0,"master_deck":["AscendersBane","Strike_B","Strike_B","Strike_B","Defend_B","Defend_B","Defend_B","Defend_B","Zap+1","Dualcast","Auto Shields+1","Capacitor+1","Decay","Storm+1","Defragment+1","Cold Snap","Barrage+1","Amplify+1","Writhe"],"relics":["Cracked Core","NeowsBlessing","Nunchaku","Ancient Tea Set","bronze:MakeshiftBattery","bronze:BronzeIdol","Guardian:PocketSentry"],"acts_visited":["Exordium","TheCity"],"potions_floor_usage":[16],"damage_taken":[{"damage":0,"enemies":"2 Louse","floor":1,"turns":1},{"damage":0,"enemies":"Cultist","floor":5,"turns":1},{"damage":0,"enemies":"Small Slimes","floor":7,"turns":1},{"damage":24,"enemies":"Exordium Thugs","floor":12,"turns":5},{"damage":0,"enemies":"3 Louse","floor":14,"turns":3},{"damage":30,"enemies":"The Guardian","floor":16,"turns":11},{"damage":15,"enemies":"Spheric Guardian","floor":18,"turns":4},{"damage":23,"enemies":"Chosen","floor":22,"turns":5},{"damage":38,"enemies":"Book of Stabbing","floor":27,"turns":5}],"seed_played":"1591493878880521923","potions_obtained":[{"floor":5,"key":"Energy Potion"},{"floor":12,"key":"CultistPotion"},{"floor":16,"key":"Ancient Potion"}],"is_trial":false,"path_per_floor":["M","?","$","?","M","R","M","R","T","?","$","M","R","M","R","B",null,"M","?","?","?","M","R","$","R","T","E"],"character_chosen":"DEFECT","items_purchased":["Capacitor","Defragment"],"campfire_rested":1,"item_purchase_floors":[3,11],"current_hp_per_floor":[64,64,64,64,64,64,64,64,64,59,59,35,35,35,35,5,55,40,40,40,40,17,38,38,38,38,0,0],"gold":32,"neow_bonus":"THREE_ENEMY_KILL","is_daily":false,"chose_seed":false,"campfire_upgraded":5,"win_rate":0.0,"timestamp":1614062923,"path_taken":["M","?","$","?","?","R","M","R","T","?","?","M","R","M","R","BOSS","M","?","?","?","M","R","$","R","T","E"],"items_purchased_type":["Card","Card"],"build_version":"2020-12-22","purchased_purges":2,"victory":false,"max_hp_per_floor":[71,71,71,71,71,71,71,71,71,71,71,71,71,71,71,71,71,71,71,71,71,71,71,71,71,71,71,71],"card_choices":[{"not_picked":["Leap","Redo"],"picked":"Auto Shields","floor":1},{"not_picked":["Redo","Streamline"],"picked":"Storm","floor":5},{"not_picked":["Double Energy","White Noise","Leap"],"picked":"SKIP","floor":7},{"not_picked":["Reinforced Body","Barrage"],"picked":"Cold Snap","floor":12},{"not_picked":["All For One","Gash"],"picked":"Barrage","floor":14},{"not_picked":["Machine Learning","Buffer"],"picked":"Amplify","floor":16},{"not_picked":["Sweeping Beam","Fusion","Storm"],"picked":"SKIP","floor":18},{"not_picked":["Turbo","Melter","Undo+1"],"picked":"SKIP","floor":22},{"not_picked":["Turbo","Melter","Undo+1"],"picked":"SKIP","floor":22}],"player_experience":1617090,"relics_obtained":[{"floor":9,"key":"Nunchaku"},{"floor":26,"key":"Guardian:PocketSentry"}],"event_choices":[{"damage_healed":0,"gold_gain":0,"player_choice":"Ignored","damage_taken":0,"max_hp_gain":0,"max_hp_loss":0,"event_name":"Shining Light","floor":2,"gold_loss":0},{"damage_healed":0,"gold_gain":0,"player_choice":"Cursed","damage_taken":0,"max_hp_gain":0,"max_hp_loss":0,"event_name":"Wheel of Change","floor":4,"gold_loss":0,"cards_obtained":["Decay"]},{"damage_healed":0,"gold_gain":0,"player_choice":"Success","damage_taken":5,"relics_obtained":["Ancient Tea Set"],"max_hp_gain":0,"max_hp_loss":0,"event_name":"Scrap Ooze","floor":10,"gold_loss":0},{"damage_healed":0,"gold_gain":0,"player_choice":"Opened","damage_taken":0,"relics_obtained":["bronze:BronzeIdol"],"max_hp_gain":0,"max_hp_loss":0,"event_name":"The Mausoleum","floor":19,"gold_loss":0,"cards_obtained":["Writhe"]},{"damage_healed":0,"gold_gain":0,"player_choice":"Ignored","damage_taken":0,"max_hp_gain":0,"max_hp_loss":0,"event_name":"Ghosts","floor":21,"gold_loss":0}],"is_beta":false,"boss_relics":[{"not_picked":["Empty Cage","Pandora\u0027s Box"],"picked":"bronze:MakeshiftBattery"}],"items_purged_floors":[11,24],"is_endless":false,"potions_floor_spawned":[5,12,16,22],"killed_by":"Book of Stabbing","ascension_level":16}}