{"host":"fwdkxxz7291ipt0p","time":1614097577,"event":{"mods":["Act Like it!","BaseMod","Bossed Relics","Energized Spire","Marked Mod","Minty Spire (QoL Compilation)","Relic Filter Mod","StSLib","The Alterego","The Animator","The Hierophant","The Mystic","The Runesmith","Youmu£®ªÍ∆«—˝√Œ£©"],"gold_per_floor":[119,82,105,30,30,30,43,90,114,139,139,169,169,169,169,300,300,320,355,380,209,222,222,290,290,316,352,352,371,147,167,167,296,296,309,43,64,64,80,80,113,113,113,127,166,189,189,14,14,14],"floor_reached":51,"language":"ZHS","playtime":8467,"items_purged":["animator:Strike","animator:Geryuganshoop","animator:Genos","animator:FielNirvalen+1","animator:Defend"],"score":758,"play_id":"85e6d61f-5f13-445e-9b5b-0d30964d82ae","local_time":"20210224002617","is_ascension_mode":true,"campfire_choices":[{"data":"animator:DolaSchwi","floor":6.0,"key":"SMITH"},{"data":"animator:Jibril","floor":11.0,"key":"SMITH"},{"data":"animator:NarberalGamma","floor":13.0,"key":"SMITH"},{"data":"animator:ChlammyZell","floor":15.0,"key":"SMITH"},{"data":"animator:Caster","floor":23.0,"key":"SMITH"},{"data":"animator:DolaStephanie","floor":25.0,"key":"SMITH"},{"data":"animator:DolaCouronne","floor":28.0,"key":"SMITH"},{"data":"animator:Demiurge","floor":32.0,"key":"SMITH"},{"data":"animator:Shiro","floor":40.0,"key":"SMITH"},{"floor":49.0,"key":"REST"}],"circlet_count":0,"master_deck":["animator:Defend_NoGameNoLife","animator:Defend","animator:Defend","animator:DolaSchwi+1","animator:DolaCouronne+1","animator:NarberalGamma+1","animator:ChlammyZell+1","animator:ElricAlphonse","animator:DolaRiku","animator:Jibril+1","animator:Elesis","animator:Tatsumaki","animator:Geryuganshoop","animator:Caster+1","animator:DolaStephanie+1","animator:Arpeggio","animator:IzunaHatsuse+1","animator:Demiurge+1","animator:ElricEdward","animator:Chung","animator:Shiro+1","animator:LeleiLaLalena","animator:DolaCouronne+1","animator:Aisha","animator:Tet+1","animator:Chung+1"],"relics":["animator:LivingPicture","animator:TheMissingPiece","animator:PurgingStone","Golden Idol","Strawberry","PreservedInsect","animator:RacePiece","Tiny Chest","Dream Catcher","Boot","Red Mask","energizedSpire:DeadBattery","animator:CerealBox","animator:Buoy","Ornamental Fan","HornCleat","Anchor"],"acts_visited":["Exordium","TheCity","TheBeyond"],"potions_floor_usage":[50],"damage_taken":[{"damage":0.0,"enemies":"Cultist","floor":1.0,"turns":4.0},{"damage":0.0,"enemies":"2 Louse","floor":3.0,"turns":2.0},{"damage":2.0,"enemies":"Jaw Worm","floor":7.0,"turns":3.0},{"damage":13.0,"enemies":"3 Sentries","floor":8.0,"turns":6.0},{"damage":3.0,"enemies":"Blue Slaver","floor":10.0,"turns":3.0},{"damage":3.0,"enemies":"Red Slaver","floor":12.0,"turns":4.0},{"damage":6.0,"enemies":"Slime Boss","floor":16.0,"turns":5.0},{"damage":1.0,"enemies":"Spheric Guardian","floor":18.0,"turns":3.0},{"damage":6.0,"enemies":"Chosen","floor":19.0,"turns":4.0},{"damage":4.0,"enemies":"3 Cultists","floor":22.0,"turns":3.0},{"damage":0.0,"enemies":"Gremlin Leader","floor":24.0,"turns":4.0},{"damage":2.0,"enemies":"Masked Bandits","floor":27.0,"turns":3.0},{"damage":0.0,"enemies":"Cultist and Chosen","floor":29.0,"turns":4.0},{"damage":13.0,"enemies":"Shelled Parasite and Fungi","floor":31.0,"turns":6.0},{"damage":42.0,"enemies":"Champ","floor":33.0,"turns":9.0},{"damage":10.0,"enemies":"Orb Walker","floor":35.0,"turns":3.0},{"damage":0.0,"enemies":"3 Shapes","floor":37.0,"turns":3.0},{"damage":1.0,"enemies":"Maw","floor":39.0,"turns":7.0},{"damage":8.0,"enemies":"Nemesis","floor":41.0,"turns":5.0},{"damage":19.0,"enemies":"3 Darklings","floor":44.0,"turns":4.0},{"damage":5.0,"enemies":"Giant Head","floor":45.0,"turns":6.0},{"damage":47,"enemies":"Time Eater","floor":50,"turns":10}],"seed_played":"-1774107798374801121","potions_obtained":[{"floor":3.0,"key":"Explosive Potion"},{"floor":10.0,"key":"animator:FalseLifePotion"},{"floor":12.0,"key":"Strength Potion"},{"floor":18.0,"key":"Swift Potion"},{"floor":24.0,"key":"Fire Potion"},{"floor":31.0,"key":"Block Potion"},{"floor":37.0,"key":"LiquidMemories"},{"floor":45.0,"key":"FearPotion"}],"is_trial":false,"path_per_floor":["M","$","M","$","?","R","M","E","T","M","R","M","R","?","R","B",null,"M","M","T","$","M","R","E","R","T","?","R","M","$","M","R","B",null,"M","$","M","?","M","R","E","$","T","M","E","T","$","$","R","B",null],"character_chosen":"THE_ANIMATOR","items_purchased":["animator:ChlammyZell","animator:Arpeggio","animator:ElricEdward","animator:Chung","animator:CerealBox"],"campfire_rested":1,"item_purchase_floors":[2,21,30,30,36],"current_hp_per_floor":[72,72,72,72,54,54,52,46,46,44,44,41,41,41,41,35,80,80,74,74,74,71,71,71,71,71,69,69,69,69,56,56,22,84,74,74,74,74,73,73,65,65,65,48,43,43,45,45,70,23],"gold":14,"neow_bonus":"TEN_PERCENT_HP_BONUS","is_daily":false,"chose_seed":false,"campfire_upgraded":9,"win_rate":0.0,"timestamp":1614097577,"path_taken":["M","?","M","$","?","R","M","E","T","M","R","?","R","?","R","BOSS","M","M","?","$","M","R","E","R","T","?","R","M","$","?","R","BOSS","M","$","M","?","M","R","E","$","T","M","E","?","?","$","R","BOSS"],"items_purchased_type":["Card","Card","Card","Card","Relic"],"build_version":"2020-12-22","purchased_purges":5,"victory":true,"max_hp_per_floor":[72,72,72,72,72,72,72,79,79,80,80,80,80,80,80,80,80,81,81,81,81,82,82,82,82,82,82,82,82,82,82,82,84,84,84,84,84,84,84,84,84,84,84,84,84,84,84,84,84,84],"card_choices":[{"not_picked":["animator:TukaLunaMarceau","animator:Genos"],"picked":"animator:NarberalGamma","floor":1.0},{"not_picked":["animator:Alexander","animator:Sloth"],"picked":"animator:Lancer","floor":3.0},{"not_picked":["animator:Vesta","animator:Chung"],"picked":"animator:ElricAlphonse","floor":7.0},{"not_picked":["animator:DolaStephanie","animator:ChlammyZell"],"picked":"animator:DolaRiku","floor":8.0},{"not_picked":["animator:Lu","animator:DolaRiku"],"picked":"animator:Jibril","floor":10.0},{"not_picked":["animator:CowGirl","animator:Tet"],"picked":"animator:Genos","floor":12.0},{"not_picked":["animator:Saber","animator:Greed"],"picked":"animator:Elesis","floor":16.0},{"not_picked":["animator:Evileye","animator:WinryRockbell"],"picked":"animator:Caster","floor":18.0},{"not_picked":["animator:IzunaHatsuse","animator:Tet"],"picked":"animator:DolaStephanie","floor":19.0},{"not_picked":["animator:TukaLunaMarceau","animator:Demiurge"],"picked":"animator:IzunaHatsuse+1","floor":22.0},{"not_picked":["animator:NarberalGamma","animator:WinryRockbell"],"picked":"animator:FielNirvalen+1","floor":24.0},{"not_picked":["animator:ElricAlphonse","animator:SwordMaiden"],"picked":"animator:Demiurge","floor":29.0},{"not_picked":["animator:Rimuru","animator:SwordMaiden"],"picked":"animator:Shiro","floor":33.0},{"not_picked":["animator:Rider","animator:Melzalgald+1","animator:Chung"],"picked":"SKIP","floor":35.0},{"not_picked":["animator:MaesHughes+1","animator:Bozes+1"],"picked":"animator:LeleiLaLalena","floor":37.0},{"not_picked":["animator:Melzalgald","animator:Shuna","animator:Cocytus"],"picked":"SKIP","floor":39.0},{"not_picked":["animator:Ain","animator:Chung"],"picked":"animator:Aisha","floor":41.0},{"not_picked":["animator:Rena","animator:HighElfArcher","animator:Kuribayashi"],"picked":"SKIP","floor":44.0},{"not_picked":["animator:DwarfShaman","animator:Raven"],"picked":"animator:Tet+1","floor":45.0},{"not_picked":["animator:RoyMustang","animator:SilverFang+1"],"picked":"animator:Chung+1","floor":49.0}],"player_experience":548774,"relics_obtained":[{"floor":8.0,"key":"Strawberry"},{"floor":9.0,"key":"PreservedInsect"},{"floor":20.0,"key":"Tiny Chest"},{"floor":24.0,"key":"Dream Catcher"},{"floor":26.0,"key":"Boot"},{"floor":27.0,"key":"Red Mask"},{"floor":41.0,"key":"animator:Buoy"},{"floor":43.0,"key":"Ornamental Fan"},{"floor":45.0,"key":"HornCleat"},{"floor":46.0,"key":"Anchor"}],"event_choices":[{"damage_healed":0.0,"max_hp_gain":0.0,"max_hp_loss":0.0,"gold_gain":0.0,"event_name":"Golden Idol","player_choice":"Take Damage","floor":5.0,"gold_loss":0.0,"damage_taken":18.0,"relics_obtained":["Golden Idol"]},{"cards_removed":["animator:Strike"],"damage_healed":0.0,"max_hp_gain":0.0,"max_hp_loss":0.0,"gold_gain":0.0,"event_name":"Bonfire Elementals","player_choice":"Offered Basic","floor":14.0,"gold_loss":0.0,"damage_taken":0.0},{"damage_healed":0.0,"max_hp_gain":0.0,"max_hp_loss":0.0,"gold_gain":0.0,"event_name":"Masked Bandits","player_choice":"Fought Bandits","floor":27.0,"gold_loss":0.0,"damage_taken":0.0},{"damage_healed":0.0,"max_hp_gain":0.0,"max_hp_loss":0.0,"gold_gain":0.0,"event_name":"Duplicator","player_choice":"Copied","floor":38.0,"gold_loss":0.0,"damage_taken":0.0,"cards_obtained":["animator:DolaCouronne"]}],"is_beta":false,"boss_relics":[{"not_picked":["energizedSpire:HugeHouse","Tiny House"],"picked":"animator:RacePiece"},{"not_picked":["energizedSpire:RedRose","Astrolabe"],"picked":"energizedSpire:DeadBattery"}],"items_purged_floors":[4,21,30,36,48],"is_endless":false,"potions_floor_spawned":[3,10,12,16,18,19,24,31,37,45],"ascension_level":1}}