{"host":"dz37y7s0f4dytpbs","time":1614060541,"event":{"mods":["2.2 Compatiblity","AchievementEnabler","BaseMod","BetterRewards","Colored Map","Custom Start","Keyboard Shortcuts","Marisa£¨Ùöéë¡¡Øª×âÞÞ£©","Minty Spire (QoL Compilation)","Permanent Neow","StSLib","SuperFastMode","everything is the same but u backflip on backflip"],"gold_per_floor":[32,32,45,45,72,113,132,171,171,171,186,186,217,237,237,331,331,355,368,293,311,338,376,401,436,436,436,467,18,38,57,57,152,152,167,167,187,206,262,295,329,329,376,376,439,439,478,498,498,498,498,498,18,59,59],"floor_reached":56,"language":"KOR","playtime":3550,"items_purged":["Strike_G","Strike_G","Strike_G","Pain","Defend_G","Defend_G"],"score":3226,"play_id":"e35d5b86-f277-4686-af4c-465253f4bf2d","local_time":"20210223150901","is_ascension_mode":true,"campfire_choices":[{"floor":10.0,"key":"DIG"},{"floor":15.0,"key":"DIG"},{"floor":27.0,"key":"DIG"},{"floor":32.0,"key":"DIG"},{"floor":42.0,"key":"RECALL"},{"data":"Defend_G","floor":44.0,"key":"PURGE"},{"data":"Strike_G","floor":46.0,"key":"PURGE"},{"data":"Defend_G","floor":49.0,"key":"PURGE"},{"data":"Strike_G","floor":52.0,"key":"PURGE"}],"circlet_count":0,"master_deck":["AscendersBane","Defend_G","Survivor","Neutralize","Accuracy","Apotheosis","Blade Dance","Accuracy","Infinite Blades","Blade Dance","Dagger Throw","Dodge and Roll","Catalyst","Infinite Blades","Cloak And Dagger","Backflip","Cloak And Dagger+1","Acrobatics","Catalyst","After Image","Backflip+1","Tactician","Prepared","PiercingWail","Well Laid Plans","Backflip","Caltrops+1","Burst","Cloak And Dagger+1","Night Terror","Accuracy","Terror","Footwork","Escape Plan","Malaise","Blur","Venomology","Deadly Poison","Poisoned Stab","Blade Dance","Tactician","Setup","Cloak And Dagger","Tactician","Violence","Footwork"],"relics":["Ring of the Snake","Calipers","Centennial Puzzle","Tiny Chest","Ancient Tea Set","TwistedFunnel","Sling","Shuriken","Membership Card","Snake Skull","Anchor","Golden Idol","Lantern","Letter Opener","Shovel","StoneCalendar","Kunai","WarpedTongs","Thread and Needle","FossilizedHelix","Fusion Hammer","Potion Belt","Dream Catcher","MealTicket","Matryoshka","Peace Pipe","Orichalcum","Frozen Eye","Prayer Wheel","War Paint","Juzu Bracelet","Philosopher\u0027s Stone","Question Card","WingedGreaves","Bronze Scales","Strawberry","Sundial","Oddly Smooth Stone","CatCart","Smiling Mask","OrangePellets","Akabeko","Blood Vial","Bag of Preparation"],"acts_visited":["Exordium","TheCity","TheBeyond","TheEnding"],"potions_floor_usage":[54,55,55,55,55],"damage_taken":[{"damage":0.0,"enemies":"Cultist","floor":1.0,"turns":2.0},{"damage":0.0,"enemies":"Small Slimes","floor":3.0,"turns":1.0},{"damage":6.0,"enemies":"Gremlin Nob","floor":6.0,"turns":3.0},{"damage":0.0,"enemies":"Jaw Worm","floor":7.0,"turns":2.0},{"damage":4.0,"enemies":"3 Sentries","floor":8.0,"turns":4.0},{"damage":0.0,"enemies":"2 Fungi Beasts","floor":11.0,"turns":3.0},{"damage":9.0,"enemies":"Gremlin Nob","floor":13.0,"turns":3.0},{"damage":0.0,"enemies":"Red Slaver","floor":14.0,"turns":2.0},{"damage":1.0,"enemies":"Slime Boss","floor":16.0,"turns":3.0},{"damage":0.0,"enemies":"Shell Parasite","floor":18.0,"turns":2.0},{"damage":0.0,"enemies":"Chosen","floor":19.0,"turns":4.0},{"damage":0.0,"enemies":"Sentry and Sphere","floor":21.0,"turns":6.0},{"damage":0.0,"enemies":"Gremlin Leader","floor":23.0,"turns":3.0},{"damage":0.0,"enemies":"Snake Plant","floor":24.0,"turns":3.0},{"damage":0.0,"enemies":"Book of Stabbing","floor":25.0,"turns":3.0},{"damage":0.0,"enemies":"Gremlin Leader","floor":28.0,"turns":3.0},{"damage":0.0,"enemies":"3 Cultists","floor":30.0,"turns":4.0},{"damage":0.0,"enemies":"Sentry and Sphere","floor":31.0,"turns":3.0},{"damage":0.0,"enemies":"Collector","floor":33.0,"turns":3.0},{"damage":0.0,"enemies":"3 Shapes","floor":35.0,"turns":2.0},{"damage":0.0,"enemies":"Orb Walker","floor":37.0,"turns":2.0},{"damage":0.0,"enemies":"Writhing Mass","floor":38.0,"turns":4.0},{"damage":0.0,"enemies":"2 Orb Walkers","floor":39.0,"turns":4.0},{"damage":0.0,"enemies":"Reptomancer","floor":40.0,"turns":5.0},{"damage":0.0,"enemies":"Giant Head","floor":41.0,"turns":5.0},{"damage":0.0,"enemies":"Orin","floor":45.0,"turns":6.0},{"damage":0.0,"enemies":"Reptomancer","floor":47.0,"turns":4.0},{"damage":10.0,"enemies":"3 Darklings","floor":48.0,"turns":3.0},{"damage":0.0,"enemies":"Donu and Deca","floor":50.0,"turns":6.0},{"damage":24,"enemies":"Shield and Spear","floor":54,"turns":5},{"damage":3,"enemies":"The Heart","floor":55,"turns":6}],"seed_played":"9068055347754913858","potions_obtained":[{"floor":1.0,"key":"Ancient Potion"},{"floor":7.0,"key":"Block Potion"},{"floor":8.0,"key":"Swift Potion"},{"floor":23.0,"key":"PowerPotion"},{"floor":25.0,"key":"GamblersBrew"},{"floor":28.0,"key":"PowerPotion"},{"floor":37.0,"key":"Strength Potion"},{"floor":39.0,"key":"Poison Potion"},{"floor":41.0,"key":"PowerPotion"},{"floor":48.0,"key":"Fire Potion"}],"is_trial":false,"path_per_floor":["M","?","M","?","T","E","M","E","T","R","M","?","E","M","R","B",null,"M","M","$","M","T","E","M","E","T","R","E","$","M","M","R","B",null,"M","T","M","M","?","E","E","R","T","R","?","R","E","M","R","B",null,"R","$","E","B",null],"character_chosen":"THE_SILENT","items_purchased":["Calipers","Centennial Puzzle","Accuracy","Tiny Chest","Ancient Tea Set","TwistedFunnel","Sling","Apotheosis","Blade Dance","Shuriken","Accuracy","Membership Card","Snake Skull","Infinite Blades","Anchor","Blade Dance","Well Laid Plans","Frozen Eye","Prayer Wheel","War Paint","Backflip","OrangePellets","Cloak And Dagger","Tactician","SteroidPotion","Akabeko","Violence","Footwork","Blood Vial"],"campfire_rested":0,"item_purchase_floors":[0,0,0,0,0,0,0,0,0,0,0,0,0,0,0,0,29,29,29,29,29,53,53,53,53,53,53,53,53],"current_hp_per_floor":[59,66,66,43,43,37,37,33,33,33,33,33,24,24,24,23,55,55,55,55,55,55,55,55,55,55,55,55,66,66,66,66,66,66,66,66,66,66,66,66,73,73,73,73,73,73,73,63,63,63,71,71,73,58,57],"gold":59,"neow_bonus":"","is_daily":false,"chose_seed":false,"campfire_upgraded":0,"win_rate":0.0,"timestamp":1614060541,"path_taken":["M","?","?","?","?","E","M","E","T","R","M","?","E","M","R","BOSS","M","M","$","M","?","E","M","E","T","R","E","?","M","M","R","BOSS","M","?","M","M","?","E","E","R","T","R","?","R","E","M","R","BOSS","R","$","E","BOSS"],"items_purchased_type":["Relic","Relic","Card","Relic","Relic","Relic","Relic","Card","Card","Relic","Card","Relic","Relic","Card","Relic","Card","Card","Relic","Relic","Relic","Card","Relic","Card","Card","Potion","Relic","Card","Card","Relic"],"build_version":"2020-12-22","purchased_purges":6,"victory":true,"max_hp_per_floor":[66,66,66,66,66,66,66,66,66,66,66,66,66,66,66,66,66,66,66,66,66,66,66,66,66,66,66,66,66,66,66,66,66,66,66,66,66,66,66,66,73,73,73,73,73,73,73,73,73,73,73,73,73,73,73],"card_choices":[{"not_picked":["Slice","Setup"],"picked":"Dodge and Roll","floor":1.0},{"not_picked":["Sucker Punch","Endless Agony"],"picked":"Catalyst","floor":3.0},{"not_picked":["Bouncing Flask","Predator"],"picked":"Infinite Blades","floor":6.0},{"not_picked":["Dash","Outmaneuver"],"picked":"Cloak And Dagger","floor":7.0},{"not_picked":["Bane","Bullet Time"],"picked":"Backflip","floor":8.0},{"not_picked":["Flying Knee","Prepared"],"picked":"Cloak And Dagger","floor":11.0},{"not_picked":["Unload","Die Die Die"],"picked":"Acrobatics","floor":13.0},{"not_picked":["Choke","Outmaneuver"],"picked":"Catalyst","floor":14.0},{"not_picked":["Unload","Adrenaline"],"picked":"After Image","floor":16.0},{"not_picked":["Acrobatics","Outmaneuver"],"picked":"Backflip","floor":18.0},{"not_picked":["Calculated Gamble","Slice","Underhanded Strike"],"picked":"SKIP","floor":19.0},{"not_picked":["Dash","Crippling Poison+1","Bane"],"picked":"SKIP","floor":21.0},{"not_picked":["Poisoned Stab","Riddle With Holes","Outmaneuver"],"picked":"SKIP","floor":23.0},{"not_picked":["Flechettes","Heel Hook"],"picked":"Tactician","floor":24.0},{"not_picked":["Poisoned Stab","Riddle With Holes"],"picked":"Prepared","floor":25.0},{"not_picked":["Catalyst","Blade Dance"],"picked":"PiercingWail","floor":28.0},{"not_picked":["Cloak And Dagger+1","Underhanded Strike"],"picked":"Caltrops+1","floor":30.0},{"not_picked":["Backstab","Quick Slash"],"picked":"Burst","floor":30.0},{"not_picked":["Quick Slash","Caltrops"],"picked":"Cloak And Dagger+1","floor":31.0},{"not_picked":["Dagger Spray+1","Backflip","Finisher"],"picked":"SKIP","floor":31.0},{"not_picked":["Adrenaline","Glass Knife"],"picked":"Night Terror","floor":33.0},{"not_picked":["All Out Attack","Deflect"],"picked":"Accuracy","floor":35.0},{"not_picked":["Outmaneuver","Prepared","Quick Slash"],"picked":"SKIP","floor":35.0},{"not_picked":["Crippling Poison","Slice","Heel Hook"],"picked":"Terror","floor":37.0},{"not_picked":["Flying Knee","Dodge and Roll","Choke+1"],"picked":"Footwork","floor":37.0},{"not_picked":["Slice","Flying Knee","Bane"],"picked":"Escape Plan","floor":38.0},{"not_picked":["Heel Hook","Flying Knee","Dagger Throw"],"picked":"Malaise","floor":38.0},{"not_picked":["Deflect+1","Leg Sweep+1","Acrobatics+1"],"picked":"Blur","floor":39.0},{"not_picked":["Footwork+1","Calculated Gamble+1","Bane"],"picked":"Venomology","floor":40.0},{"not_picked":["Dagger Spray","Distraction","Bane"],"picked":"Deadly Poison","floor":41.0},{"not_picked":["Dagger Throw","Slice","Bane"],"picked":"Poisoned Stab","floor":45.0},{"not_picked":["Glass Knife","Dash","Skewer"],"picked":"Blade Dance","floor":47.0},{"not_picked":["Catalyst","Noxious Fumes","Acrobatics"],"picked":"Tactician","floor":48.0},{"not_picked":["Sucker Punch+1","Deflect","Slice+1"],"picked":"Setup","floor":48.0},{"not_picked":["Outmaneuver","Underhanded Strike","Blade Dance","Sucker Punch"],"picked":"SKIP","floor":54}],"player_experience":364161,"relics_obtained":[{"floor":5.0,"key":"Lantern"},{"floor":6.0,"key":"Letter Opener"},{"floor":8.0,"key":"Shovel"},{"floor":9.0,"key":"StoneCalendar"},{"floor":10.0,"key":"Kunai"},{"floor":13.0,"key":"Thread and Needle"},{"floor":15.0,"key":"FossilizedHelix"},{"floor":22.0,"key":"Potion Belt"},{"floor":23.0,"key":"Dream Catcher"},{"floor":25.0,"key":"MealTicket"},{"floor":26.0,"key":"Matryoshka"},{"floor":27.0,"key":"Peace Pipe"},{"floor":28.0,"key":"Orichalcum"},{"floor":32.0,"key":"Juzu Bracelet"},{"floor":36.0,"key":"Question Card"},{"floor":39.0,"key":"WingedGreaves"},{"floor":40.0,"key":"Bronze Scales"},{"floor":41.0,"key":"Strawberry"},{"floor":43.0,"key":"Sundial"},{"floor":43.0,"key":"Oddly Smooth Stone"},{"floor":45.0,"key":"CatCart"},{"floor":47.0,"key":"Smiling Mask"},{"floor":54,"key":"Bag of Preparation"}],"event_choices":[{"damage_healed":7.0,"max_hp_gain":0.0,"max_hp_loss":0.0,"gold_gain":0.0,"event_name":"Wheel of Change","player_choice":"Full Heal","floor":2.0,"gold_loss":0.0,"damage_taken":0.0},{"damage_healed":0.0,"max_hp_gain":0.0,"max_hp_loss":0.0,"gold_gain":0.0,"event_name":"Golden Idol","player_choice":"Take Damage","floor":4.0,"gold_loss":0.0,"damage_taken":23.0,"relics_obtained":["Golden Idol"]},{"damage_healed":0.0,"max_hp_gain":0.0,"max_hp_loss":0.0,"gold_gain":0.0,"event_name":"Accursed Blacksmith","player_choice":"Rummage","floor":12.0,"gold_loss":0.0,"damage_taken":0.0,"relics_obtained":["WarpedTongs"],"cards_obtained":["Pain"]},{"damage_healed":0.0,"max_hp_gain":0.0,"max_hp_loss":0.0,"gold_gain":0.0,"event_name":"Mysterious Sphere","player_choice":"Fight","floor":39.0,"gold_loss":0.0,"damage_taken":0.0},{"damage_healed":0.0,"max_hp_gain":0.0,"max_hp_loss":0.0,"gold_gain":0.0,"event_name":"OrinTheCat","player_choice":"Fight","floor":45.0,"gold_loss":0.0,"damage_taken":0.0}],"is_beta":false,"boss_relics":[{"not_picked":["Busted Crown","Velvet Choker"],"picked":"Fusion Hammer"},{"not_picked":["Cursed Key","Pandora\u0027s Box"],"picked":"Philosopher\u0027s Stone"}],"items_purged_floors":[0,0,0,20,29,53],"is_endless":false,"potions_floor_spawned":[1,7,8,11,14,19,23,25,28,37,39,41,48],"ascension_level":15}}