{"host":"8vqkh0x3c7vpgzzm","time":1614041467,"event":{"mods":["AchievementEnabler","BaseMod","Colored Map","Colored Powertips","Curses Come First","DeckTracker","Highlight Path","Minty Spire (QoL Compilation)","Permanent Neow","Quick Restart","Random Character Mod","Rare Cards Sparkle","Relic Sorter","Relic Stats","StSLib","SuperFastMode","Unceasing Turn Reminder","egg","everything is the same but u backflip on backflip"],"gold_per_floor":[119,219,239,239,239,239,267,267,346,373,405,425,425,443,443,546,546,556,567,65,65,82,82,115,115,115,141,160,160,160,174,174,277,277,293,108,119,132,32,32,48,79,79,79,105,105,155,168,168,168],"floor_reached":51,"language":"ENG","playtime":2850,"items_purged":["Strike_B","Strike_B"],"score":1066,"play_id":"48999462-a119-4890-8d33-43c0507a155d","local_time":"20210223015107","is_ascension_mode":true,"campfire_choices":[{"data":"Go for the Eyes","floor":6,"key":"SMITH"},{"floor":8,"key":"REST"},{"data":"Hologram","floor":13,"key":"SMITH"},{"data":"Streamline","floor":15,"key":"SMITH"},{"data":"Dualcast","floor":23,"key":"SMITH"},{"data":"Echo Form","floor":25,"key":"SMITH"},{"data":"Double Energy","floor":29,"key":"SMITH"},{"data":"Redo","floor":32,"key":"SMITH"},{"data":"Hologram","floor":40,"key":"SMITH"},{"data":"Coolheaded","floor":44,"key":"SMITH"},{"data":"Rainbow","floor":46,"key":"SMITH"},{"floor":49,"key":"REST"}],"circlet_count":0,"master_deck":["Strike_B+1","Defend_B+1","Defend_B","Zap+1","Dualcast+1","Go for the Eyes+1","BootSequence","Glacier","Hologram+1","Streamline+1","Rainbow+1","Steam","Coolheaded+1","Zap+1","Compile Driver","Lockon+1","Echo Form+1","Genetic Algorithm","Double Energy+1","Amplify","Meteor Strike","Redo+1","Creative AI+1","Hologram+1","Storm+1","Consume+1","Tempest","Heatsinks+1","Turbo+1","Rebound+1"],"relics":["Cracked Core","PreservedInsect","Turnip","Mummified Hand","Blood Vial","Juzu Bracelet","Odd Mushroom","Runic Pyramid","DollysMirror","Meat on the Bone","Vajra","DataDisk","Frozen Egg 2","Cursed Key","ClockworkSouvenir","Pen Nib","The Courier","Calipers"],"acts_visited":["Exordium","TheCity","TheBeyond"],"potions_floor_usage":[16,19,24,33,50,50,50],"damage_taken":[{"damage":2,"enemies":"Jaw Worm","floor":1,"turns":3},{"damage":1,"enemies":"Cultist","floor":3,"turns":3},{"damage":23,"enemies":"Lagavulin","floor":7,"turns":6},{"damage":6,"enemies":"Gremlin Nob","floor":11,"turns":4},{"damage":5,"enemies":"The Mushroom Lair","floor":12,"turns":5},{"damage":0,"enemies":"2 Louse","floor":14,"turns":2},{"damage":9,"enemies":"Slime Boss","floor":16,"turns":10},{"damage":1,"enemies":"Spheric Guardian","floor":18,"turns":3},{"damage":13,"enemies":"2 Thieves","floor":19,"turns":4},{"damage":0,"enemies":"Snake Plant","floor":22,"turns":4},{"damage":14,"enemies":"Book of Stabbing","floor":24,"turns":3},{"damage":0,"enemies":"Gremlin Leader","floor":27,"turns":5},{"damage":0,"enemies":"Shelled Parasite and Fungi","floor":28,"turns":5},{"damage":0,"enemies":"Snecko","floor":31,"turns":4},{"damage":0,"enemies":"Collector","floor":33,"turns":6},{"damage":0,"enemies":"Orb Walker","floor":35,"turns":4},{"damage":2,"enemies":"3 Shapes","floor":37,"turns":4},{"damage":0,"enemies":"Spire Growth","floor":38,"turns":5},{"damage":14,"enemies":"4 Shapes","floor":41,"turns":3},{"damage":7,"enemies":"Reptomancer","floor":42,"turns":5},{"damage":0,"enemies":"Nemesis","floor":45,"turns":3},{"damage":0,"enemies":"Mind Bloom Boss Battle","floor":47,"turns":6},{"damage":0,"enemies":"Maw","floor":48,"turns":3},{"damage":79,"enemies":"Awakened One","floor":50,"turns":8}],"seed_played":"-9101618870145456643","potions_obtained":[{"floor":1,"key":"AttackPotion"},{"floor":11,"key":"Regen Potion"},{"floor":12,"key":"BlessingOfTheForge"},{"floor":16,"key":"LiquidMemories"},{"floor":24,"key":"SteroidPotion"},{"floor":27,"key":"FocusPotion"},{"floor":37,"key":"Explosive Potion"},{"floor":47,"key":"FearPotion"},{"floor":48,"key":"Regen Potion"}],"is_trial":false,"path_per_floor":["M","?","M","?","?","R","E","R","T","T","E","?","R","M","R","B",null,"M","M","$","?","M","R","E","R","T","E","M","R","?","M","R","B",null,"M","$","M","M","$","R","M","E","T","R","E","R","?","M","R","B",null],"character_chosen":"DEFECT","items_purchased":["DollysMirror","Meat on the Bone","Compile Driver","Storm+1","ClockworkSouvenir"],"campfire_rested":2,"item_purchase_floors":[20,20,20,36,36],"current_hp_per_floor":[66,66,65,65,50,50,27,49,49,49,45,42,42,44,44,37,66,67,56,56,56,58,58,46,46,46,48,50,50,50,52,52,54,70,72,72,72,74,74,74,61,56,56,56,58,58,60,62,75,39],"gold":168,"neow_bonus":"RANDOM_COMMON_RELIC","is_daily":false,"chose_seed":false,"campfire_upgraded":10,"win_rate":0.0,"timestamp":1614041467,"path_taken":["M","?","?","?","?","R","E","R","T","?","E","?","R","M","R","BOSS","M","M","$","?","M","R","E","R","T","E","M","R","?","M","R","BOSS","M","$","M","M","$","R","M","E","T","R","E","R","?","M","R","BOSS"],"items_purchased_type":["Relic","Relic","Card","Card","Relic"],"build_version":"2020-12-22","purchased_purges":2,"victory":true,"max_hp_per_floor":[75,75,75,75,75,75,75,75,75,75,75,75,75,75,75,75,75,75,75,75,75,75,75,75,75,75,75,75,75,75,75,75,75,75,75,75,75,75,75,75,75,75,75,75,75,75,75,75,75,75],"relic_stats":{"Blood Vial":39,"counters":[24,108],"Mummified Hand":[53],"PreservedInsect":243,"Turnip":[19],"Pen Nib":[2],"Juzu Bracelet":1,"Cursed Key":0,"obtain_stats":[{"Calipers":47,"Vajra":24,"PreservedInsect":0,"Pen Nib":42,"The Courier":45,"Juzu Bracelet":11,"Odd Mushroom":12,"Frozen Egg 2":27,"Cursed Key":34,"ClockworkSouvenir":36,"Blood Vial":10,"DataDisk":26,"Mummified Hand":9,"DollysMirror":20,"Turnip":7,"Cracked Core":0,"Runic Pyramid":17,"Meat on the Bone":20},{"Calipers":22,"Vajra":11,"PreservedInsect":0,"Pen Nib":20,"The Courier":21,"Juzu Bracelet":4,"Odd Mushroom":5,"Frozen Egg 2":12,"Cursed Key":15,"ClockworkSouvenir":16,"Blood Vial":3,"DataDisk":11,"Mummified Hand":3,"DollysMirror":9,"Turnip":3,"Cracked Core":0,"Runic Pyramid":7,"Meat on the Bone":9},{"Calipers":97,"Vajra":47,"PreservedInsect":0,"Pen Nib":88,"The Courier":91,"Juzu Bracelet":16,"Odd Mushroom":21,"Frozen Egg 2":52,"Cursed Key":67,"ClockworkSouvenir":71,"Blood Vial":12,"DataDisk":47,"Mummified Hand":12,"DollysMirror":40,"Turnip":12,"Cracked Core":0,"Runic Pyramid":33,"Meat on the Bone":40}],"Meat on the Bone":0},"card_choices":[{"not_picked":["Double Energy","Redo"],"picked":"Go for the Eyes","floor":1},{"not_picked":["Reinforced Body","Coolheaded"],"picked":"BootSequence","floor":3},{"not_picked":["Aggregate","Leap","Compile Driver"],"picked":"SKIP","floor":7},{"not_picked":["Beam Cell","Reboot"],"picked":"Glacier","floor":11},{"not_picked":["Gash","FTL"],"picked":"Hologram","floor":12},{"not_picked":["FTL","Hologram"],"picked":"Streamline","floor":14},{"not_picked":["Reboot","All For One"],"picked":"Rainbow","floor":16},{"not_picked":["Auto Shields","Doom and Gloom"],"picked":"Steam","floor":18},{"not_picked":["Gash","Hologram"],"picked":"Coolheaded","floor":19},{"not_picked":["Stack","Hologram"],"picked":"Lockon+1","floor":22},{"not_picked":["Cold Snap+1","Gash"],"picked":"Echo Form","floor":24},{"not_picked":["Compile Driver","Redo"],"picked":"Genetic Algorithm","floor":27},{"not_picked":["Storm+1","Conserve Battery"],"picked":"Double Energy","floor":28},{"not_picked":["Steam","Leap+1"],"picked":"Redo","floor":31},{"not_picked":["Amplify","Reboot"],"picked":"Creative AI+1","floor":33},{"not_picked":["Beam Cell+1","Barrage"],"picked":"Hologram","floor":35},{"not_picked":["Gash+1","Stack+1"],"picked":"Consume+1","floor":37},{"not_picked":["Redo+1","Aggregate+1","White Noise+1"],"picked":"SKIP","floor":38},{"not_picked":["Gash+1","Melter"],"picked":"Tempest","floor":41},{"not_picked":["Gash+1","Sunder","Melter"],"picked":"SKIP","floor":42},{"not_picked":["Streamline","Redo"],"picked":"Heatsinks+1","floor":45},{"not_picked":["All For One","Stack"],"picked":"Turbo+1","floor":47},{"not_picked":["Doom and Gloom","White Noise+1"],"picked":"Rebound+1","floor":48}],"player_experience":608244,"relics_obtained":[{"floor":7,"key":"Turnip"},{"floor":9,"key":"Mummified Hand"},{"floor":10,"key":"Blood Vial"},{"floor":11,"key":"Juzu Bracelet"},{"floor":12,"key":"Odd Mushroom"},{"floor":24,"key":"Vajra"},{"floor":26,"key":"DataDisk"},{"floor":27,"key":"Frozen Egg 2"},{"floor":42,"key":"Pen Nib"},{"floor":45,"key":"The Courier"},{"floor":47,"key":"Calipers"}],"event_choices":[{"damage_healed":0,"gold_gain":100,"player_choice":"Pray","damage_taken":0,"max_hp_gain":0,"max_hp_loss":0,"event_name":"Golden Shrine","floor":2,"gold_loss":0},{"damage_healed":0,"gold_gain":0,"player_choice":"Grow","damage_taken":0,"max_hp_gain":0,"max_hp_loss":0,"event_name":"Living Wall","floor":4,"gold_loss":0,"cards_upgraded":["Zap"]},{"damage_healed":0,"gold_gain":0,"player_choice":"Entered Light","damage_taken":15,"max_hp_gain":0,"max_hp_loss":0,"event_name":"Shining Light","floor":5,"gold_loss":0,"cards_upgraded":["Strike_B","Defend_B"]},{"damage_healed":0,"gold_gain":0,"player_choice":"Fought Mushrooms","damage_taken":0,"max_hp_gain":0,"max_hp_loss":0,"event_name":"Mushrooms","floor":12,"gold_loss":0},{"cards_removed":["Defend_B"],"damage_healed":0,"gold_gain":0,"player_choice":"Offered Basic","damage_taken":0,"max_hp_gain":0,"max_hp_loss":0,"event_name":"Bonfire Elementals","floor":21,"gold_loss":0},{"damage_healed":0,"gold_gain":0,"cards_transformed":["Strike_B","Defend_B"],"player_choice":"Became Test Subject","damage_taken":0,"max_hp_gain":0,"max_hp_loss":0,"event_name":"Drug Dealer","floor":30,"gold_loss":0,"cards_obtained":["Amplify","Meteor Strike"]},{"damage_healed":0,"gold_gain":0,"player_choice":"Fight","damage_taken":0,"max_hp_gain":0,"max_hp_loss":0,"event_name":"MindBloom","floor":47,"gold_loss":0}],"is_beta":false,"boss_relics":[{"not_picked":["SacredBark","FrozenCore"],"picked":"Runic Pyramid"},{"not_picked":["Pandora\u0027s Box","Empty Cage"],"picked":"Cursed Key"}],"items_purged_floors":[20,39],"is_endless":false,"potions_floor_spawned":[1,11,12,16,24,27,31,37,41,47,48],"ascension_level":6}}