{"host":"g3js2eermvvpeiqn","time":1614113951,"event":{"mods":["BaseMod","DeckTracker","Downfall","Minty Spire (QoL Compilation)","Quick Restart","StSLib"],"gold_per_floor":[364,14,14,24,36,36,49,83,108,108,126,153,153,166,166,245,245,262,282,2,2,13,13,33,33,33,66,85,85,35,66,66,137,137,150,167,183,195,195,225,225,241,241,241,269,315,346,360,360,360,360,360,360,53,83,83,83],"floor_reached":56,"language":"ENG","playtime":3578,"items_purged":["Strike_R","Strike_R","Strike_R"],"score":2028,"play_id":"20354ba3-25a0-44ad-a066-233e0fad0eca","local_time":"20210223145911","is_ascension_mode":true,"campfire_choices":[{"data":"Spot Weakness","floor":6.0,"key":"SMITH"},{"data":"Inflame","floor":10.0,"key":"SMITH"},{"data":"Heavy Blade","floor":13.0,"key":"SMITH"},{"data":"Bloodletting","floor":15.0,"key":"SMITH"},{"data":"Limit Break","floor":23.0,"key":"SMITH"},{"data":"Shockwave","floor":32.0,"key":"SMITH"},{"data":"Offering","floor":41.0,"key":"SMITH"},{"floor":44.0,"key":"RECALL"},{"data":"Inflame","floor":49.0,"key":"SMITH"},{"data":"Clothesline","floor":53.0,"key":"SMITH"}],"circlet_count":0,"master_deck":["AscendersBane","Strike_R","Defend_R","Defend_R","Defend_R","Bash","Cleave","Clothesline+1","Spot Weakness+1","Cleave","Inflame+1","Heavy Blade+1","Headbutt","Bloodletting+1","Limit Break+1","Rage+1","Headbutt+1","Shockwave+1","Reaper","Limit Break+1","Inflame+1","Heavy Blade+1","Offering+1","Battle Trance+1","Headbutt"],"relics":["Burning Blood","Membership Card","Pantograph","Anchor","Vajra","Toy Ornithopter","Philosopher\u0027s Stone","Bag of Preparation","Bag of Marbles","HandDrill","Du-Vu Doll","Blood Vial","Happy Flower","Empty Cage","Mercury Hourglass","Sundial","Mango","Champion Belt","Medical Kit","Centennial Puzzle","Art of War","Slimebound:PreparedRelic"],"acts_visited":["Exordium","TheCity","TheBeyond","TheEnding"],"potions_floor_usage":[56,56],"damage_taken":[{"damage":9.0,"enemies":"Jaw Worm","floor":1.0,"turns":4.0},{"damage":1.0,"enemies":"Cultist","floor":4.0,"turns":3.0},{"damage":7.0,"enemies":"Small Slimes","floor":5.0,"turns":4.0},{"damage":8.0,"enemies":"Looter","floor":7.0,"turns":2.0},{"damage":25.0,"enemies":"3 Sentries","floor":8.0,"turns":6.0},{"damage":0.0,"enemies":"Large Slime","floor":11.0,"turns":4.0},{"damage":30.0,"enemies":"Lagavulin","floor":12.0,"turns":5.0},{"damage":0.0,"enemies":"2 Fungi Beasts","floor":14.0,"turns":3.0},{"damage":12.0,"enemies":"Hexaghost","floor":16.0,"turns":7.0},{"damage":0.0,"enemies":"Chosen","floor":18.0,"turns":3.0},{"damage":43.0,"enemies":"3 Byrds","floor":19.0,"turns":6.0},{"damage":8.0,"enemies":"Snake Plant","floor":22.0,"turns":2.0},{"damage":5.0,"enemies":"3 Cultists","floor":24.0,"turns":3.0},{"damage":7.0,"enemies":"Slavers","floor":27.0,"turns":3.0},{"damage":4.0,"enemies":"Chosen and Byrds","floor":28.0,"turns":3.0},{"damage":4.0,"enemies":"Gremlin Leader","floor":31.0,"turns":4.0},{"damage":18.0,"enemies":"Automaton","floor":33.0,"turns":4.0},{"damage":23.0,"enemies":"3 Darklings","floor":35.0,"turns":4.0},{"damage":6.0,"enemies":"3 Shapes","floor":36.0,"turns":2.0},{"damage":8.0,"enemies":"3 Darklings","floor":37.0,"turns":3.0},{"damage":36.0,"enemies":"Sphere and 2 Shapes","floor":38.0,"turns":4.0},{"damage":9.0,"enemies":"Nemesis","floor":40.0,"turns":3.0},{"damage":32.0,"enemies":"Maw","floor":42.0,"turns":3.0},{"damage":6.0,"enemies":"Reptomancer","floor":45.0,"turns":2.0},{"damage":34.0,"enemies":"2 Orb Walkers","floor":46.0,"turns":4.0},{"damage":10.0,"enemies":"Giant Head","floor":47.0,"turns":3.0},{"damage":9.0,"enemies":"Writhing Mass","floor":48.0,"turns":2.0},{"damage":101.0,"enemies":"Donu and Deca","floor":50.0,"turns":6.0},{"damage":24.0,"enemies":"Awakened One","floor":51.0,"turns":4.0},{"damage":64.0,"enemies":"Shield and Spear","floor":55.0,"turns":3.0},{"damage":119,"enemies":"The Heart","floor":56,"turns":5}],"seed_played":"-9139036388481962875","potions_obtained":[{"floor":11.0,"key":"SkillPotion"},{"floor":12.0,"key":"Fire Potion"},{"floor":14.0,"key":"SteroidPotion"},{"floor":16.0,"key":"BlessingOfTheForge"},{"floor":22.0,"key":"AttackPotion"},{"floor":24.0,"key":"sneckomod:MuddlingPotion"},{"floor":28.0,"key":"Swift Potion"},{"floor":38.0,"key":"CultistPotion"},{"floor":40.0,"key":"LiquidMemories"}],"is_trial":false,"path_per_floor":["M","$","?","M","M","R","M","E","T","R","M","E","R","M","R","B",null,"M","M","$","?","M","R","M","?","T","E","M","$","$","E","R","B",null,"M","M","M","M","?","E","R","M","T","R","E","?","E","M","R","B","B",null,"R","$","E","B"],"character_chosen":"IRONCLAD","items_purchased":["Membership Card","Pantograph","Bag of Preparation","Bag of Marbles","HandDrill","Shockwave","Medical Kit","Centennial Puzzle","Art of War"],"campfire_rested":0,"item_purchase_floors":[2,2,20,20,20,20,54,54,54],"current_hp_per_floor":[65,65,65,68,67,67,65,46,46,46,52,28,28,34,34,58,66,68,31,31,31,34,34,68,68,68,67,68,68,68,68,68,56,65,68,68,68,58,58,57,57,45,45,45,47,70,82,79,79,55,64,78,78,78,82,0,0],"gold":83,"neow_bonus":"TWO_FIFTY_GOLD","is_daily":false,"chose_seed":false,"campfire_upgraded":9,"win_rate":0.0,"timestamp":1614113951,"path_taken":["M","$","?","M","M","R","M","E","T","R","M","E","R","M","R","BOSS","M","M","$","?","?","R","M","?","T","E","M","?","$","E","R","BOSS","M","M","?","M","?","E","R","M","T","R","E","?","E","M","R","BOSS","BOSS","R","$","E","BOSS"],"items_purchased_type":["Relic","Relic","Relic","Relic","Relic","Card","Relic","Relic","Relic"],"build_version":"2020-12-22","purchased_purges":3,"victory":false,"max_hp_per_floor":[68,68,68,68,68,68,68,68,68,68,68,68,68,68,68,68,68,68,68,68,68,68,68,68,68,68,68,68,68,68,68,68,68,68,68,68,68,68,68,68,68,68,68,68,68,82,82,82,82,82,82,82,82,82,82,82,82],"card_choices":[{"not_picked":["Clash","Twin Strike"],"picked":"Cleave","floor":1.0},{"not_picked":["Cleave","Sword Boomerang"],"picked":"Clothesline","floor":4.0},{"not_picked":["Shockwave","Reckless Charge"],"picked":"Spot Weakness","floor":5.0},{"not_picked":["Rage","Perfected Strike"],"picked":"Cleave","floor":7.0},{"not_picked":["Disarm","Shrug It Off"],"picked":"Inflame","floor":8.0},{"not_picked":["Fiend Fire","Entrench"],"picked":"Heavy Blade","floor":11.0},{"not_picked":["Cleave","Blood for Blood"],"picked":"Headbutt","floor":12.0},{"not_picked":["True Grit","Body Slam"],"picked":"Bloodletting","floor":14.0},{"not_picked":["Impervious","Brutality"],"picked":"Limit Break","floor":16.0},{"not_picked":["Clash","Bloodletting"],"picked":"Rage+1","floor":18.0},{"not_picked":["Dual Wield","Clothesline"],"picked":"Headbutt+1","floor":19.0},{"not_picked":["Carnage","Ghostly Armor","Anger"],"picked":"SKIP","floor":22.0},{"not_picked":["Anger","Sword Boomerang","Cleave"],"picked":"SKIP","floor":24.0},{"not_picked":["Brutality","Flex"],"picked":"Inflame","floor":27.0},{"not_picked":["Iron Wave","Perfected Strike"],"picked":"Heavy Blade+1","floor":28.0},{"not_picked":["Twin Strike","Dark Embrace","Brutality"],"picked":"SKIP","floor":31.0},{"not_picked":["Barricade","Juggernaut"],"picked":"Offering","floor":33.0},{"not_picked":["Sever Soul","Body Slam+1","Wild Strike+1"],"picked":"SKIP","floor":35.0},{"not_picked":["Second Wind","Blood for Blood"],"picked":"Battle Trance+1","floor":36.0},{"not_picked":["Battle Trance","Evolve","Feel No Pain"],"picked":"SKIP","floor":37.0},{"not_picked":["Sword Boomerang","Dropkick+1","Fiend Fire"],"picked":"SKIP","floor":38.0},{"not_picked":["Clothesline","Wild Strike","Warcry"],"picked":"SKIP","floor":40.0},{"not_picked":["Twin Strike+1","Clash+1","Infernal Blade"],"picked":"SKIP","floor":42.0},{"not_picked":["Dropkick","Havoc","Feed"],"picked":"SKIP","floor":45.0},{"not_picked":["Demon Form","Intimidate","Infernal Blade+1"],"picked":"SKIP","floor":47.0},{"not_picked":["Flame Barrier+1","Armaments","Infernal Blade"],"picked":"SKIP","floor":48.0},{"not_picked":["Heavy Blade","Shrug It Off"],"picked":"Headbutt","floor":55.0}],"player_experience":1558155,"relics_obtained":[{"floor":8.0,"key":"Anchor"},{"floor":9.0,"key":"Vajra"},{"floor":12.0,"key":"Toy Ornithopter"},{"floor":26.0,"key":"Du-Vu Doll"},{"floor":27.0,"key":"Blood Vial"},{"floor":31.0,"key":"Happy Flower"},{"floor":40.0,"key":"Mercury Hourglass"},{"floor":45.0,"key":"Sundial"},{"floor":46.0,"key":"Mango"},{"floor":47.0,"key":"Champion Belt"},{"floor":55.0,"key":"Slimebound:PreparedRelic"}],"event_choices":[{"damage_healed":0.0,"max_hp_gain":0.0,"max_hp_loss":0.0,"gold_gain":0.0,"event_name":"Scrap Ooze","player_choice":"Fled","floor":3.0,"gold_loss":0.0,"damage_taken":0.0},{"damage_healed":0.0,"max_hp_gain":0.0,"max_hp_loss":0.0,"gold_gain":0.0,"event_name":"Match and Keep!","player_choice":"1 cards matched","floor":21.0,"gold_loss":0.0,"damage_taken":0.0,"cards_obtained":["Reaper"]},{"damage_healed":0.0,"max_hp_gain":0.0,"max_hp_loss":0.0,"gold_gain":0.0,"event_name":"Duplicator","player_choice":"Copied","floor":25.0,"gold_loss":0.0,"damage_taken":0.0,"cards_obtained":["Limit Break"]},{"damage_healed":0.0,"max_hp_gain":0.0,"max_hp_loss":0.0,"gold_gain":0.0,"event_name":"Tomb of Lord Red Mask","player_choice":"Ignored","floor":39.0,"gold_loss":0.0,"damage_taken":0.0},{"damage_healed":0.0,"max_hp_gain":0.0,"max_hp_loss":0.0,"gold_gain":0.0,"event_name":"Mysterious Sphere","player_choice":"Fight","floor":46.0,"gold_loss":0.0,"damage_taken":0.0}],"is_beta":false,"boss_relics":[{"not_picked":["Pandora\u0027s Box","Calling Bell"],"picked":"Philosopher\u0027s Stone"},{"not_picked":["Black Star","bronze:MakeshiftBattery"],"picked":"Empty Cage"}],"items_purged_floors":[2,30,54],"is_endless":false,"potions_floor_spawned":[11,12,14,16,18,22,24,28,38,40,42,45,47],"killed_by":"The Heart","ascension_level":20}}