{"host":"w14xfy17z3c5mpoi","time":1614116874,"event":{"mods":["AchievementEnabler","BaseMod","Minty Spire (QoL Compilation)","Relic Stats"],"gold_per_floor":[116,127,143,160,180,206,206,236,236,236,262,262,262,278,278,278,278],"floor_reached":16,"language":"ENG","playtime":1577,"items_purged":[],"score":220,"play_id":"8005e737-ac9c-456d-9a0e-5f1dceba900c","local_time":"20210223164754","is_ascension_mode":true,"campfire_choices":[{"data":"Blade Dance","floor":7,"key":"SMITH"},{"floor":10,"key":"REST"},{"data":"Neutralize","floor":12,"key":"SMITH"},{"data":"Finisher","floor":15,"key":"SMITH"}],"circlet_count":0,"master_deck":["AscendersBane","Strike_G","Strike_G","Strike_G","Strike_G","Strike_G","Defend_G","Defend_G","Defend_G","Defend_G","Defend_G","Survivor","Neutralize+1","Backstab","Slice","Backflip","Blade Dance+1","Masterful Stab","Poisoned Stab+1","Finisher+1"],"relics":["Ring of the Snake","MealTicket","Bottled Flame","Lantern","Ornamental Fan","Ninja Scroll"],"acts_visited":["Exordium"],"potions_floor_usage":[5,16],"damage_taken":[{"damage":6,"enemies":"Cultist","floor":1,"turns":4},{"damage":1,"enemies":"Small Slimes","floor":2,"turns":4},{"damage":0,"enemies":"2 Louse","floor":3,"turns":2},{"damage":4,"enemies":"Blue Slaver","floor":4,"turns":3},{"damage":0,"enemies":"2 Fungi Beasts","floor":5,"turns":2},{"damage":30,"enemies":"Gremlin Nob","floor":6,"turns":5},{"damage":20,"enemies":"3 Sentries","floor":8,"turns":7},{"damage":9,"enemies":"Gremlin Nob","floor":11,"turns":4},{"damage":0,"enemies":"Exordium Thugs","floor":14,"turns":3},{"damage":31,"enemies":"The Guardian","floor":16,"turns":9}],"seed_played":"6388228333085544238","potions_obtained":[{"floor":1,"key":"Explosive Potion"},{"floor":2,"key":"FairyPotion"},{"floor":6,"key":"Fire Potion"}],"is_trial":false,"path_per_floor":["M","M","M","M","M","E","R","E","T","R","E","R","?","M","R","B"],"character_chosen":"THE_SILENT","items_purchased":[],"campfire_rested":1,"item_purchase_floors":[],"current_hp_per_floor":[53,52,52,48,48,18,18,19,19,38,29,29,29,29,29,0,0],"gold":278,"neow_bonus":"RANDOM_COMMON_RELIC","is_daily":false,"chose_seed":false,"campfire_upgraded":3,"win_rate":0.0,"timestamp":1614116874,"path_taken":["M","?","M","M","M","E","R","E","T","R","E","R","?","M","R","BOSS"],"items_purchased_type":[],"build_version":"2020-12-22","purchased_purges":0,"victory":false,"max_hp_per_floor":[66,66,66,66,66,66,66,66,66,66,66,66,66,66,66,66,66],"relic_stats":{"counters":[10,43],"Ornamental Fan":[52],"MealTicket":0,"obtain_stats":[{"Bottled Flame":6,"Lantern":8,"Ornamental Fan":9,"Ninja Scroll":11,"MealTicket":0,"Ring of the Snake":0},{"Bottled Flame":6,"Lantern":7,"Ornamental Fan":7,"Ninja Scroll":8,"MealTicket":0,"Ring of the Snake":0},{"Bottled Flame":20,"Lantern":27,"Ornamental Fan":27,"Ninja Scroll":31,"MealTicket":0,"Ring of the Snake":0}],"Ring of the Snake":[20]},"card_choices":[{"not_picked":["Sucker Punch","Poisoned Stab"],"picked":"Backstab","floor":1},{"not_picked":["Deadly Poison","Quick Slash"],"picked":"Slice","floor":2},{"not_picked":["Flying Knee","Leg Sweep"],"picked":"Backflip","floor":3},{"not_picked":["Deflect","Outmaneuver"],"picked":"Blade Dance","floor":4},{"not_picked":["Dodge and Roll","Prepared","Acrobatics"],"picked":"SKIP","floor":5},{"not_picked":["Heel Hook","Bouncing Flask"],"picked":"Masterful Stab","floor":6},{"not_picked":["Deadly Poison","Quick Slash"],"picked":"Poisoned Stab","floor":8},{"not_picked":["Dodge and Roll","Bouncing Flask","Bullet Time"],"picked":"SKIP","floor":11},{"not_picked":["Skewer","Blur"],"picked":"Finisher","floor":14}],"player_experience":790154,"relics_obtained":[{"floor":6,"key":"Bottled Flame"},{"floor":8,"key":"Lantern"},{"floor":9,"key":"Ornamental Fan"},{"floor":11,"key":"Ninja Scroll"}],"event_choices":[{"damage_healed":0,"gold_gain":0,"player_choice":"Grow","damage_taken":0,"max_hp_gain":0,"max_hp_loss":0,"event_name":"Living Wall","floor":13,"gold_loss":0,"cards_upgraded":["Poisoned Stab"]}],"is_beta":false,"boss_relics":[],"items_purged_floors":[],"is_endless":false,"potions_floor_spawned":[1,2,6],"killed_by":"The Guardian","ascension_level":16}}