{"host":"lsq35p0sdkx2xifo","time":1614064817,"event":{"mods":["AchievementEnabler","BaseMod","Highlight Path","Minty Spire (QoL Compilation)","StSLib"],"gold_per_floor":[110,11,24,24,34,59,59,92,138,138,154,172,5,5,5,77,77,89,89,101,51,51,51,51],"floor_reached":23,"language":"ENG","playtime":1032,"items_purged":["Decay","Strike_G"],"score":358,"play_id":"c93ff0c6-7360-42d4-bdba-6e5d9b74e682","local_time":"20210222232017","is_ascension_mode":true,"campfire_choices":[{"floor":7,"key":"REST"},{"floor":10,"key":"REST"},{"floor":15,"key":"REST"}],"circlet_count":0,"master_deck":["AscendersBane","Strike_G","Strike_G","Strike_G","Strike_G","Defend_G","Defend_G","Defend_G","Defend_G","Defend_G","Survivor","Neutralize","Envenom+1","Deadly Poison","Flying Knee","Cloak And Dagger","Terror","Caltrops","Prepared","Bane","Catalyst","Caltrops","Adrenaline","Flying Knee","Prepared+1"],"relics":["Ring of the Snake","Sundial","Smiling Mask","Bag of Marbles","SacredBark"],"acts_visited":["Exordium","TheCity"],"potions_floor_usage":[12,16,20,23],"damage_taken":[{"damage":9,"enemies":"Cultist","floor":1,"turns":5},{"damage":1,"enemies":"2 Louse","floor":3,"turns":4},{"damage":3,"enemies":"Small Slimes","floor":5,"turns":5},{"damage":30,"enemies":"Lagavulin","floor":6,"turns":7},{"damage":40,"enemies":"3 Sentries","floor":8,"turns":11},{"damage":10,"enemies":"3 Louse","floor":11,"turns":4},{"damage":5,"enemies":"Gremlin Gang","floor":12,"turns":5},{"damage":63,"enemies":"The Guardian","floor":16,"turns":9},{"damage":15,"enemies":"Shell Parasite","floor":18,"turns":5},{"damage":8,"enemies":"3 Byrds","floor":20,"turns":2},{"damage":46,"enemies":"Slavers","floor":23,"turns":4}],"seed_played":"7758709656105034557","potions_obtained":[{"floor":3,"key":"FairyPotion"},{"floor":11,"key":"Fire Potion"},{"floor":12,"key":"SkillPotion"},{"floor":18,"key":"ColorlessPotion"},{"floor":20,"key":"CultistPotion"},{"floor":22,"key":"Block Potion"}],"is_trial":false,"path_per_floor":["M","$","M","?","M","E","R","E","T","R","M","M","$","?","R","B",null,"M","?","M","$","?","E"],"character_chosen":"THE_SILENT","items_purchased":["Flying Knee","Regen Potion","Caltrops"],"campfire_rested":3,"item_purchase_floors":[2,13,13],"current_hp_per_floor":[50,50,49,54,51,21,42,2,2,23,13,8,8,8,29,3,54,39,53,45,45,45,0,0],"gold":51,"neow_bonus":"THREE_RARE_CARDS","is_daily":false,"chose_seed":false,"campfire_upgraded":0,"win_rate":0.0,"timestamp":1614064817,"path_taken":["M","$","?","?","M","E","R","E","T","R","M","M","$","?","R","BOSS","M","?","M","$","?","E"],"items_purchased_type":["Card","Potion","Card"],"build_version":"2020-12-22","purchased_purges":2,"victory":false,"max_hp_per_floor":[66,66,66,71,71,71,71,71,71,71,71,71,71,71,71,71,71,71,71,71,71,71,71,71],"card_choices":[{"not_picked":["Glass Knife","Doppelganger"],"picked":"Envenom","floor":0},{"not_picked":["Outmaneuver","Setup"],"picked":"Deadly Poison","floor":1},{"not_picked":["Tactician","Dodge and Roll"],"picked":"Cloak And Dagger","floor":3},{"not_picked":["Backstab","Choke"],"picked":"Terror","floor":5},{"not_picked":["Quick Slash","Concentrate"],"picked":"Caltrops","floor":6},{"not_picked":["Slice","Underhanded Strike"],"picked":"Prepared","floor":8},{"not_picked":["All Out Attack","Cloak And Dagger"],"picked":"Bane","floor":11},{"not_picked":["Cloak And Dagger","Acrobatics"],"picked":"Catalyst","floor":12},{"not_picked":["Grand Finale","Burst"],"picked":"Adrenaline","floor":16},{"not_picked":["Outmaneuver","Predator"],"picked":"Flying Knee","floor":18},{"not_picked":["Flying Knee","Setup"],"picked":"Prepared+1","floor":20}],"player_experience":1304104,"relics_obtained":[{"floor":6,"key":"Sundial"},{"floor":8,"key":"Smiling Mask"},{"floor":9,"key":"Bag of Marbles"}],"event_choices":[{"damage_healed":0,"gold_gain":0,"player_choice":"Donut","damage_taken":0,"max_hp_gain":5,"max_hp_loss":0,"event_name":"Big Fish","floor":4,"gold_loss":0},{"damage_healed":0,"gold_gain":0,"player_choice":"Grow","damage_taken":0,"max_hp_gain":0,"max_hp_loss":0,"event_name":"Living Wall","floor":14,"gold_loss":0,"cards_upgraded":["Envenom"]},{"damage_healed":14,"gold_gain":0,"player_choice":"Heal","damage_taken":0,"max_hp_gain":0,"max_hp_loss":0,"event_name":"The Library","floor":19,"gold_loss":0},{"damage_healed":0,"gold_gain":0,"player_choice":"Got Potions","damage_taken":0,"max_hp_gain":0,"max_hp_loss":0,"event_name":"Lab","floor":22,"gold_loss":0}],"is_beta":false,"boss_relics":[{"not_picked":["Cursed Key","Tiny House"],"picked":"SacredBark"}],"items_purged_floors":[2,21],"is_endless":false,"potions_floor_spawned":[3,11,12,18,20],"killed_by":"Slavers","ascension_level":16}}