{"host":"ix2a18c4ohfsrslv","time":1614097276,"event":{"mods":["Act Like it!","BaseMod","Downfall","Hubris","Minty Spire (QoL Compilation)","Relic Stats","Reliquary","Ruina","StSLib"],"gold_per_floor":[209,10,10,10,85,85,113,132,132,144,157,187,187,201,201,297,297,314,314,314,325,325,325,343,368,368,368,380,380,380],"floor_reached":29,"language":"ENG","playtime":1277,"items_purged":[],"score":245,"play_id":"e23ea0f7-b0e3-44d8-acb6-8b0a5151d614","local_time":"20210223082116","is_ascension_mode":true,"campfire_choices":[{"data":"Hologram","floor":6.0,"key":"SMITH"},{"floor":13.0,"key":"REST"},{"floor":15.0,"key":"DIG"},{"data":"Streamline","floor":23,"key":"SMITH"},{"floor":27,"key":"DIG"}],"circlet_count":0,"master_deck":["Strike_B","Strike_B","Strike_B","Strike_B","Defend_B","Defend_B","Defend_B","Defend_B","Hologram+1","Genetic Algorithm+1","Cold Snap","Gash","Coolheaded","Streamline+1","hubris:DuctTapeCard","Reboot","Beam Cell","Writhe","Leap","BootSequence+1"],"relics":["Cracked Core","hubris:TenFootPole","hubris:DuctTape","Shovel","Regal Pillow","reliquary:SilkGlove","reliquary:RustamsPendant","ruina:Goodbye","hubris:BallOfYels","Toxic Egg 2","hubris:SlimyHat"],"acts_visited":["Exordium","Exordium"],"potions_floor_usage":[16,24,28],"damage_taken":[{"damage":3.0,"enemies":"Jaw Worm","floor":1.0,"turns":3.0},{"damage":41.0,"enemies":"3 Sentries","floor":7.0,"turns":7.0},{"damage":0.0,"enemies":"2 Louse","floor":8.0,"turns":3.0},{"damage":0.0,"enemies":"Cultist","floor":10.0,"turns":3.0},{"damage":0.0,"enemies":"Blue Slaver","floor":11.0,"turns":3.0},{"damage":12.0,"enemies":"Lagavulin","floor":12.0,"turns":6.0},{"damage":2.0,"enemies":"Large Slime","floor":14.0,"turns":5.0},{"damage":19,"enemies":"Slime Boss","floor":16,"turns":9},{"damage":18,"enemies":"ruina:BadWolf","floor":18,"turns":6},{"damage":24,"enemies":"ruina:Nosferatu","floor":21,"turns":5},{"damage":16,"enemies":"ruina:KingOfGreed","floor":24,"turns":6},{"damage":10,"enemies":"ruina:KnightOfDespair","floor":28,"turns":4},{"damage":27,"enemies":"ruina:Woodsman","floor":29,"turns":4}],"seed_played":"-1331396191411559974","potions_obtained":[{"floor":7.0,"key":"EssenceOfSteel"},{"floor":8.0,"key":"hexamod:SoulburnPotion"},{"floor":12.0,"key":"Fire Potion"},{"floor":21,"key":"DuplicationPotion"},{"floor":24,"key":"Dexterity Potion"}],"is_trial":false,"path_per_floor":["M","$","?","?","?","R","E","M","T","M","M","E","R","M","R","B",null,"M","?","?","M","?","R","M","T","T","R","M","M"],"character_chosen":"DEFECT","items_purchased":["hubris:TenFootPole","FocusPotion"],"campfire_rested":1,"item_purchase_floors":[2,2],"current_hp_per_floor":[72,72,72,72,69,69,28,28,28,28,28,16,53,51,51,32,75,57,75,75,51,51,51,35,35,35,35,25,0,0],"gold":380,"neow_bonus":"HUNDRED_GOLD","is_daily":false,"chose_seed":false,"campfire_upgraded":2,"win_rate":0.0,"timestamp":1614097276,"path_taken":["M","$","?","?","?","R","E","M","T","?","M","E","R","M","R","BOSS","M","?","?","M","?","R","M","?","T","R","M","?"],"items_purchased_type":["Relic","Potion"],"build_version":"2020-12-22","purchased_purges":0,"victory":false,"max_hp_per_floor":[75,75,75,75,75,75,75,75,75,75,75,75,75,75,75,75,75,75,75,75,75,75,75,75,75,75,75,75,75,75],"relic_stats":{"Regal Pillow":15,"Shovel":2,"counters":[13,64],"obtain_stats":[{"reliquary:RustamsPendant":17,"hubris:BallOfYels":25,"Regal Pillow":12,"Shovel":9,"reliquary:SilkGlove":15,"hubris:DuctTape":7,"ruina:Goodbye":22,"hubris:TenFootPole":2,"hubris:SlimyHat":27,"Toxic Egg 2":26,"Cracked Core":0},{"reliquary:RustamsPendant":8,"hubris:BallOfYels":11,"Regal Pillow":6,"Shovel":3,"reliquary:SilkGlove":7,"hubris:DuctTape":2,"ruina:Goodbye":10,"hubris:TenFootPole":1,"hubris:SlimyHat":11,"Toxic Egg 2":11,"Cracked Core":0},{"reliquary:RustamsPendant":39,"hubris:BallOfYels":56,"Regal Pillow":25,"Shovel":13,"reliquary:SilkGlove":30,"hubris:DuctTape":10,"ruina:Goodbye":50,"hubris:TenFootPole":3,"hubris:SlimyHat":56,"Toxic Egg 2":56,"Cracked Core":0}]},"card_choices":[{"not_picked":["Redo","Beam Cell"],"picked":"Hologram","floor":1.0},{"not_picked":["Genetic Algorithm","Auto Shields"],"picked":"Cold Snap","floor":7.0},{"not_picked":["Barrage","Heatsinks"],"picked":"Gash","floor":8.0},{"not_picked":["Cold Snap","Ball Lightning"],"picked":"Coolheaded","floor":10.0},{"not_picked":["Turbo","Force Field"],"picked":"Streamline","floor":11.0},{"not_picked":["Fusion","Compile Driver","Thunder Strike"],"picked":"SKIP","floor":12.0},{"not_picked":["Fusion","Tempest","Compile Driver"],"picked":"SKIP","floor":14.0},{"not_picked":["Rainbow","Creative AI"],"picked":"Reboot","floor":16},{"not_picked":["Go for the Eyes","Streamline"],"picked":"Beam Cell","floor":18},{"not_picked":["Leap","Hologram","Steam+1"],"picked":"SKIP","floor":21},{"not_picked":["Rip and Tear","Compile Driver+1"],"picked":"Leap","floor":24},{"not_picked":["Sweeping Beam","Ball Lightning"],"picked":"BootSequence+1","floor":28}],"player_experience":190538,"relics_obtained":[{"floor":7.0,"key":"hubris:DuctTape"},{"floor":9.0,"key":"Shovel"},{"floor":12.0,"key":"Regal Pillow"},{"floor":15.0,"key":"reliquary:SilkGlove"},{"floor":25,"key":"hubris:BallOfYels"},{"floor":26,"key":"Toxic Egg 2"},{"floor":27,"key":"hubris:SlimyHat"}],"event_choices":[{"damage_healed":0.0,"max_hp_gain":0.0,"max_hp_loss":0.0,"gold_gain":0.0,"event_name":"Living Wall","player_choice":"Grow","floor":4.0,"gold_loss":0.0,"damage_taken":0.0,"cards_upgraded":["Genetic Algorithm"]},{"damage_healed":0.0,"max_hp_gain":0.0,"max_hp_loss":0.0,"gold_gain":75.0,"event_name":"FaceTrader","player_choice":"Touch","floor":5.0,"gold_loss":0.0,"damage_taken":7.0}],"is_beta":false,"boss_relics":[{"not_picked":["SacredBark","reliquary:WritOfMandamus"],"picked":"reliquary:RustamsPendant"}],"items_purged_floors":[],"is_endless":false,"potions_floor_spawned":[7,8,12,21,24],"killed_by":"ruina:Woodsman","ascension_level":1}}