{"host":"jg1kdgv8lq0s5kn4","time":1614094283,"event":{"mods":["AchievementEnabler","Act Like it!","Alarm Clock","AlwaysNeverKeys","BaseMod","Colored Map","Colored Powertips","FoggyMod","Gensokyo","Gold Saver","Marisa（F雨　魔理沙）","Minty Spire (QoL Compilation)","Quick Restart","Relic Filter Mod","Remove Card Discount Mod","Shop Mod","Spicy Shops","StSLib","SuperFastMode","Wide Potions","[IsaacMod]以撒尖塔","noobMod","【功能Mod】Neow奖励","【功能Mod】强力的原版药水","【遗物Mod】简单游戏","没有小屋子和绿帽子啦","篝火指南"],"gold_per_floor":[3603,3678,3678,3678,3083,3083,3117,3136,3136,3207,3232,2543,2543,2890,2890,3013,2513,2524,2524,2185,2201,2229,2229,2284,2284,2311,2311,2344,2403,2403,2428,2428,2543,2543,2608,2608,2608,2608,1676,1730,1748,1748,1748,811,846,846,220,239,239,239,239,239,237,287,287],"floor_reached":56,"language":"ZHS","playtime":2349,"items_purged":["Strike_MRS","Shame","Strike_MRS","Strike_MRS","Writhe","Pride","Gensokyo:PrivateSquare"],"score":1560,"play_id":"63521deb-92d3-40ce-9b69-0a65214d2ce0","local_time":"20210223233123","is_ascension_mode":true,"campfire_choices":[{"data":"GrandCross","floor":6,"key":"SMITH"},{"data":"LuminesStrike","floor":15,"key":"SMITH"},{"data":"Gensokyo:FourOfAKind","floor":32,"key":"SMITH"},{"data":"WitchOfGreed","floor":49,"key":"SMITH"},{"data":"MillisecondPulsars","floor":52,"key":"SMITH"}],"circlet_count":0,"master_deck":["Defend_MRS","Defend_MRS+1","UpSweep+1","GrandCross+1","SuperNova+1","ShootTheMoon","WitchOfGreed+1","ManaConvection+1","Apotheosis+1","CollectingQuirk","6A","Acceleration","EscapeVelocity","MillisecondPulsars+1","Gensokyo:FourOfAKind+1","Gensokyo:FourOfAKind","Gensokyo:FourOfAKind","Gensokyo:FourOfAKind","MilkyWay","WitchLeyline","Orbital","SuperNova","GasGiant+1","Parasite","Parasite","WitchOfGreed","PulseMagic+1","AsteroidBelt+1"],"relics":["MiniHakkero","HushsDoor","ice","EasyRelic","PillsDrop","SteamSale","TheBattery","HandDrill","Toy Ornithopter","StrikeDummy","Sundial","Question Card","Medical Kit","Incense Burner","Pear","SharpPlug","Regal Pillow","Bronze Scales","Ice Cream","Tiny House","Leech","OrangePellets","Frozen Eye","Oddly Smooth Stone","Akabeko","Happy Flower","BookofShadows","Bag of Marbles","MagicMushroom","Kunai","ClockworkSouvenir","NineVolt","TheAbacus","SimpleLauncher","Chaos","Blue Candle","Toxic Egg 2","Turnip","ShroomBag","Cursed Key","Boot","Torii","Lee\u0027s Waffle","Molten Egg 2","Succubus","BookOfRevelations","TungstenRod","Mummified Hand","Nunchaku","Pen Nib","GuppysPaw","FossilizedHelix","SlaversCollar"],"acts_visited":["Exordium","Gensokyo:Gensokyo","Gensokyo:Gensokyoer","TheEnding"],"potions_floor_usage":[7,11,16,35,35,35,54],"damage_taken":[{"damage":0,"enemies":"Gensokyo:3_Fairies","floor":1,"turns":3},{"damage":6,"enemies":"Gensokyo:Mamizou","floor":7,"turns":6},{"damage":1,"enemies":"Gensokyo:Gryphon","floor":8,"turns":3},{"damage":0,"enemies":"Gensokyo:Aya","floor":11,"turns":1},{"damage":16,"enemies":"Gensokyo:Mamizou","floor":14,"turns":9},{"damage":1,"enemies":"Gensokyo:Yukari","floor":16,"turns":6},{"damage":0,"enemies":"Gensokyo:Chomper","floor":18,"turns":2},{"damage":1,"enemies":"Gensokyo:AngelMirror","floor":21,"turns":1},{"damage":25,"enemies":"Gensokyo:Slime_Group","floor":22,"turns":3},{"damage":18,"enemies":"Gensokyo:Tenshi","floor":24,"turns":4},{"damage":0,"enemies":"Gensokyo:Koishi","floor":28,"turns":2},{"damage":25,"enemies":"Gensokyo:Mirror_and_Dog","floor":29,"turns":4},{"damage":0,"enemies":"Gensokyo:Tenshi","floor":31,"turns":1},{"damage":32,"enemies":"Gensokyo:Eiki","floor":33,"turns":5},{"damage":14,"enemies":"Gensokyo:3_Bats","floor":35,"turns":3},{"damage":21,"enemies":"Gensokyo:Kasen","floor":40,"turns":5},{"damage":1,"enemies":"Gensokyo:3_Boulders","floor":41,"turns":1},{"damage":4,"enemies":"Gensokyo:Doremy","floor":45,"turns":3},{"damage":0,"enemies":"Gensokyo:SeedOfUnknown","floor":48,"turns":1},{"damage":16,"enemies":"Gensokyo:Yuyuko","floor":50,"turns":4},{"damage":0,"enemies":"Shield and Spear","floor":54,"turns":3},{"damage":0,"enemies":"Delirium","floor":55,"turns":10}],"seed_played":"1963822759917907082","potions_obtained":[{"floor":1,"key":"ColorlessPotion"},{"floor":7,"key":"Fire Potion"},{"floor":11,"key":"GamblersBrew"},{"floor":14,"key":"LiquidBronze"},{"floor":16,"key":"Energy Potion"},{"floor":22,"key":"Regen Potion"},{"floor":29,"key":"EntropicBrew"},{"floor":29,"key":"SteroidPotion"},{"floor":35,"key":"LiquidBronze"},{"floor":35,"key":"LiquidBronze"},{"floor":54,"key":"Block Potion"}],"is_trial":false,"path_per_floor":["M","?","?","?","COS","R","E","M","T","?","E","R","?","E","R","B",null,"M","?","$","M","M","?","E","?","T","?","E","M","?","E","R","B",null,"M","?","?","T","COS","E","M","?","T","$","E","?","$","M","R","B",null,"R","$","E","B",null],"character_chosen":"MARISA","items_purchased":["Apotheosis","Question Card","Medical Kit","Incense Burner","Pear","SharpPlug","Leech","OrangePellets","6A","Frozen Eye","Turnip","ShroomBag","Cursed Key","Boot","Torii","Lee\u0027s Waffle","TungstenRod","Mummified Hand","Nunchaku","Pen Nib","WitchOfGreed","GuppysPaw"],"campfire_rested":0,"item_purchase_floors":[12,12,12,12,12,12,20,20,20,20,44,44,44,44,44,44,47,47,47,47,47,47],"current_hp_per_floor":[68,53,40,40,40,40,37,39,39,24,34,44,44,28,28,40,72,72,72,72,71,48,48,33,33,33,33,34,12,12,13,13,31,57,65,65,65,65,65,48,47,47,47,80,80,80,80,83,83,83,86,86,86,92,101],"gold":287,"neow_bonus":"TWO_FIFTY_GOLD","is_daily":false,"chose_seed":false,"campfire_upgraded":5,"win_rate":0.0,"timestamp":1614094283,"path_taken":["M","?","?","?","COS","R","E","?","T","?","E","R","?","E","R","BOSS","M","?","$","?","?","?","E","?","T","?","E","?","?","E","R","BOSS","M","?","?","?","COS","E","?","?","T","$","E","?","?","?","R","BOSS","R","$","E","BOSS"],"items_purchased_type":["Card","Relic","Relic","Relic","Relic","Relic","Relic","Relic","Card","Relic","Relic","Relic","Relic","Relic","Relic","Relic","Relic","Relic","Relic","Relic","Card","Relic"],"build_version":"2020-12-22","purchased_purges":7,"victory":true,"max_hp_per_floor":[68,68,68,68,68,68,71,74,74,74,74,84,84,79,79,82,82,82,82,82,82,82,82,82,58,58,54,54,54,54,54,54,56,63,66,66,66,66,66,73,73,73,73,80,82,82,82,85,85,87,87,87,87,97,124],"card_choices":[{"not_picked":["NonDirectionalLaser","MilkyWay"],"picked":"GrandCross","floor":1},{"not_picked":["Acceleration","WitchLeyline"],"picked":"SuperNova","floor":4},{"not_picked":["DarkMatter","DarkSpark"],"picked":"LuminesStrike","floor":4},{"not_picked":["WitchOfGreed","AsteroidBelt"],"picked":"ShootTheMoon","floor":7},{"not_picked":["ManaRampage","AsteroidBelt"],"picked":"WitchOfGreed","floor":8},{"not_picked":["UnstableBomb","MachineGunSpark"],"picked":"ManaConvection","floor":11},{"not_picked":["DarkSpark","MysteriousBeam","Occultation","PowerUp"],"picked":"SKIP","floor":14},{"not_picked":["CasketOfStar","TreasureHunter","SuperNova"],"picked":"CollectingQuirk","floor":16},{"not_picked":["OortCloud","DC+1","LuminesStrike","GalacticHalo"],"picked":"SKIP","floor":18},{"not_picked":["ShootTheMoon","AsteroidBelt","NonDirectionalLaser","BigCrunch"],"picked":"SKIP","floor":21},{"not_picked":["ChargeUpSpray","GrandCross+1","MilkyWay"],"picked":"Acceleration","floor":22},{"not_picked":["DarkSpark","OrrerysSun","EnergyFlow"],"picked":"MillisecondPulsars","floor":24},{"not_picked":["PowerUp+1","ShootingEcho","DC"],"picked":"MilkyWay","floor":28},{"not_picked":["WitchOfGreed+1","AsteroidBelt+1","DarkSpark"],"picked":"WitchLeyline","floor":29},{"not_picked":["BlazeAway","DC","SporeBomb"],"picked":"Orbital","floor":31},{"not_picked":["AbsoluteMagnitude","MaximisePower","SatelliteIllusion"],"picked":"SuperNova","floor":33},{"not_picked":["GravityBeat+1","IllusionStar","Acceleration","NonDirectionalLaser+1"],"picked":"SKIP","floor":35},{"not_picked":["GravityBeat+1","DragonMeteor+1","ManaConvection","MysteriousBeam+1"],"picked":"SKIP","floor":40},{"not_picked":["EventHorizon+1","StarBarrage","ChargingUp"],"picked":"GasGiant+1","floor":41},{"not_picked":["GrandCross+1","ChargingUp+1","AlicesGift+1","ShootTheMoon+1"],"picked":"SKIP","floor":45},{"not_picked":["WitchOfGreed+1","DragonMeteor+1","DoubleSpark+1"],"picked":"PulseMagic+1","floor":48},{"not_picked":["ShootingEcho+1","Acceleration+1","EnergyRecoil+1"],"picked":"AsteroidBelt+1","floor":54}],"player_experience":59205,"relics_obtained":[{"floor":7,"key":"Toy Ornithopter"},{"floor":9,"key":"StrikeDummy"},{"floor":11,"key":"Sundial"},{"floor":14,"key":"Bronze Scales"},{"floor":24,"key":"Oddly Smooth Stone"},{"floor":26,"key":"Akabeko"},{"floor":28,"key":"BookofShadows"},{"floor":31,"key":"Bag of Marbles"},{"floor":38,"key":"Kunai"},{"floor":40,"key":"Blue Candle"},{"floor":43,"key":"Toxic Egg 2"},{"floor":45,"key":"BookOfRevelations"},{"floor":54,"key":"SlaversCollar"}],"event_choices":[],"is_beta":false,"boss_relics":[{"not_picked":["Runic Dome","Coffee Dripper"],"picked":"Tiny House"},{"not_picked":[]},{"not_picked":["Black Star","SacredBark"],"picked":"MagicMushroom"},{"not_picked":[]}],"items_purged_floors":[12,20,20,20,44,44,53],"is_endless":false,"potions_floor_spawned":[1,7,11,14,22,24,31,33,35,41],"ascension_level":5}}