{"host":"szp1d6dso4pv7ddl","time":1614044244,"event":{"mods":["AchievementEnabler","Alarm Clock","BaseMod","Bestiary","Block Reminder","Colored Map","Colored Powertips","Curses Come First","Dark Map","Displayed Cursed Tome","Highlight Path","Minty Spire (QoL Compilation)","Permanent Neow","Quick Restart","Relic Sorter","Relic Stats","StSLib","Synergy Search"],"gold_per_floor":[119,43,43,57,77,77,104,69,69,119,119,144,163,174,174,252,252,264,264,264],"floor_reached":19,"language":"ENG","playtime":1419,"items_purged":[],"score":354,"play_id":"67d24c82-cc12-476f-8ed2-5c96aaeeb1c3","local_time":"20210222173724","is_ascension_mode":true,"campfire_choices":[{"data":"Bash","floor":6.0,"key":"SMITH"},{"data":"Anger","floor":11.0,"key":"SMITH"},{"floor":15,"key":"REST"}],"circlet_count":0,"master_deck":["AscendersBane","Strike_R","Strike_R","Strike_R","Strike_R","Strike_R","Defend_R","Defend_R","Defend_R","Defend_R","Bash+1","CurseOfTheBell","Anger+1","Headbutt","Pommel Strike","Metallicize","Fire Breathing","Thunderclap","Barricade"],"relics":["Calling Bell","Pen Nib","Meat on the Bone","Champion Belt","Pear","MealTicket","Art of War","Blue Candle","Philosopher\u0027s Stone"],"acts_visited":["Exordium","TheCity"],"potions_floor_usage":[12,14,16,19],"damage_taken":[{"damage":4.0,"enemies":"Jaw Worm","floor":1.0,"turns":5.0},{"damage":6.0,"enemies":"Cultist","floor":4.0,"turns":4.0},{"damage":2.0,"enemies":"2 Louse","floor":5.0,"turns":2.0},{"damage":60.0,"enemies":"3 Sentries","floor":7.0,"turns":10.0},{"damage":30,"enemies":"Lagavulin","floor":12,"turns":4},{"damage":12,"enemies":"Exordium Thugs","floor":13,"turns":3},{"damage":6,"enemies":"2 Fungi Beasts","floor":14,"turns":2},{"damage":26,"enemies":"Slime Boss","floor":16,"turns":7},{"damage":23,"enemies":"Spheric Guardian","floor":18,"turns":4},{"damage":55,"enemies":"3 Byrds","floor":19,"turns":5}],"seed_played":"6181687195659221507","potions_obtained":[{"floor":4.0,"key":"FearPotion"},{"floor":13,"key":"Explosive Potion"},{"floor":14,"key":"Regen Potion"},{"floor":18,"key":"Weak Potion"}],"is_trial":false,"path_per_floor":["M","$","?","M","M","R","E","?","T","?","R","E","M","M","R","B",null,"M","M"],"character_chosen":"IRONCLAD","items_purchased":["Rampage"],"campfire_rested":1,"item_purchase_floors":[2],"current_hp_per_floor":[64,64,74,68,66,66,18,39,39,39,39,21,21,27,52,53,77,54,0,0],"gold":264,"neow_bonus":"BOSS_RELIC","is_daily":false,"chose_seed":false,"campfire_upgraded":2,"win_rate":0.0,"timestamp":1614044244,"path_taken":["M","$","?","?","M","R","E","?","T","?","R","E","M","?","R","BOSS","M","M"],"items_purchased_type":["Card"],"build_version":"2020-12-22","purchased_purges":0,"victory":false,"max_hp_per_floor":[75,75,85,85,85,85,85,85,85,85,85,85,85,85,85,85,85,85,85,85],"relic_stats":{"counters":[10,46],"Blue Candle":[2],"MealTicket":0,"Pen Nib":[9],"Art of War":[0],"Champion Belt":[14],"obtain_stats":[{"Calling Bell":0,"Pear":3,"Blue Candle":12,"MealTicket":7,"Philosopher\u0027s Stone":17,"Pen Nib":0,"Art of War":9,"Champion Belt":0,"Burning Blood":0,"Meat on the Bone":0},{"Calling Bell":0,"Pear":1,"Blue Candle":5,"MealTicket":4,"Philosopher\u0027s Stone":8,"Pen Nib":0,"Art of War":4,"Champion Belt":0,"Burning Blood":0,"Meat on the Bone":0},{"Calling Bell":0,"Pear":5,"Blue Candle":25,"MealTicket":21,"Philosopher\u0027s Stone":37,"Pen Nib":0,"Art of War":21,"Champion Belt":0,"Burning Blood":0,"Meat on the Bone":0}],"Meat on the Bone":60},"card_choices":[{"not_picked":["Havoc","Flex","Sentinel"],"picked":"SKIP","floor":1.0},{"not_picked":["Whirlwind","Wild Strike"],"picked":"Anger","floor":4.0},{"not_picked":["Iron Wave","Heavy Blade"],"picked":"Headbutt","floor":5.0},{"not_picked":["Reckless Charge","Body Slam"],"picked":"Pommel Strike","floor":7.0},{"not_picked":["Combust","Intimidate"],"picked":"Metallicize","floor":12},{"not_picked":["Clothesline","Headbutt"],"picked":"Fire Breathing","floor":13},{"not_picked":["Rage","Dark Embrace"],"picked":"Thunderclap","floor":14},{"not_picked":["Limit Break","Berserk"],"picked":"Barricade","floor":16},{"not_picked":["Clothesline","Rage","Seeing Red"],"picked":"SKIP","floor":18}],"player_experience":1639870,"relics_obtained":[{"floor":0.0,"key":"Pen Nib"},{"floor":0.0,"key":"Meat on the Bone"},{"floor":0.0,"key":"Champion Belt"},{"floor":7.0,"key":"MealTicket"},{"floor":9.0,"key":"Art of War"},{"floor":12,"key":"Blue Candle"}],"event_choices":[{"cards_removed":["Rampage"],"damage_healed":0.0,"max_hp_gain":0.0,"max_hp_loss":0.0,"gold_gain":0.0,"event_name":"WeMeetAgain","player_choice":"Gave Card","floor":3.0,"gold_loss":0.0,"damage_taken":0.0,"relics_obtained":["Pear"]},{"damage_healed":21.0,"max_hp_gain":0.0,"max_hp_loss":0.0,"gold_gain":0.0,"event_name":"The Cleric","player_choice":"Healed","floor":8.0,"gold_loss":35.0,"damage_taken":0.0},{"damage_healed":0.0,"max_hp_gain":0.0,"max_hp_loss":0.0,"gold_gain":50.0,"event_name":"Golden Shrine","player_choice":"Pray","floor":10.0,"gold_loss":0.0,"damage_taken":0.0}],"is_beta":false,"boss_relics":[{"not_picked":["Runic Cube","Runic Pyramid"],"picked":"Philosopher\u0027s Stone"}],"items_purged_floors":[],"is_endless":false,"potions_floor_spawned":[4,13,14,18],"killed_by":"3 Byrds","ascension_level":20}}