{"host":"dbkc9h3etq50r1dq","time":1614122699,"event":{"mods":["AchievementEnabler","BaseMod","Block Reminder","Colored Powertips","Curses Come First","Dark Map","Minty Spire (QoL Compilation)","Permanent Neow","Potion Indicator Mod","Rare Cards Sparkle","StSLib","SuperFastMode"],"gold_per_floor":[109,109,123,123,123,123,135,167,167,167,182,211,211,226,226,226,226],"floor_reached":16,"language":"ZHS","playtime":429,"items_purged":[],"score":149,"play_id":"d16e1812-1b56-4863-8518-47318aeb62d3","local_time":"20210224072459","is_ascension_mode":true,"campfire_choices":[{"data":"Dagger Spray","floor":6.0,"key":"SMITH"},{"floor":10.0,"key":"REST"},{"data":"Venomology","floor":15,"key":"SMITH"}],"circlet_count":0,"master_deck":["Strike_G","Strike_G","Strike_G","Strike_G","Defend_G","Defend_G","Defend_G","Defend_G","Survivor","Neutralize","Dagger Spray+1","Footwork+1","Venomology+1","After Image"],"relics":["Ring of the Snake","Nunchaku","Sundial","Pantograph","Question Card","Molten Egg 2"],"acts_visited":["Exordium"],"potions_floor_usage":[14,14,16,16],"damage_taken":[{"damage":1.0,"enemies":"2 Louse","floor":1.0,"turns":5.0},{"damage":0.0,"enemies":"Cultist","floor":3.0,"turns":4.0},{"damage":0.0,"enemies":"Small Slimes","floor":7.0,"turns":3.0},{"damage":19.0,"enemies":"3 Sentries","floor":8.0,"turns":7.0},{"damage":0.0,"enemies":"Blue Slaver","floor":11.0,"turns":5.0},{"damage":15.0,"enemies":"Gremlin Nob","floor":12.0,"turns":5.0},{"damage":7,"enemies":"Exordium Thugs","floor":14,"turns":5},{"damage":69,"enemies":"Hexaghost","floor":16,"turns":18}],"seed_played":"419457987195406960","potions_obtained":[{"floor":1.0,"key":"BlessingOfTheForge"},{"floor":8.0,"key":"Energy Potion"},{"floor":14,"key":"DuplicationPotion"}],"is_trial":false,"path_per_floor":["M","?","M","?","T","R","M","E","T","R","M","E","?","M","R","B"],"character_chosen":"THE_SILENT","items_purchased":[],"campfire_rested":1,"item_purchase_floors":[],"current_hp_per_floor":[62,62,62,62,62,62,62,43,43,64,64,49,49,42,42,0,0],"gold":226,"neow_bonus":"RANDOM_COMMON_RELIC","is_daily":false,"chose_seed":false,"campfire_upgraded":2,"win_rate":0.0,"timestamp":1614122699,"path_taken":["M","?","?","?","?","R","M","E","T","R","M","E","?","M","R","BOSS"],"items_purchased_type":[],"build_version":"2020-12-22","purchased_purges":0,"victory":false,"max_hp_per_floor":[70,70,70,70,70,70,70,70,70,70,70,70,70,70,70,70,70],"card_choices":[{"not_picked":["Underhanded Strike","Slice"],"picked":"Dagger Spray","floor":1.0},{"not_picked":["Choke","Blade Dance"],"picked":"Footwork","floor":3.0},{"not_picked":["Choke","Outmaneuver","Blade Dance"],"picked":"SKIP","floor":7.0},{"not_picked":["Choke","Outmaneuver","Skewer"],"picked":"SKIP","floor":8.0},{"not_picked":["Riddle With Holes","Catalyst","Quick Slash"],"picked":"Venomology","floor":11.0},{"not_picked":["Sucker Punch+1","Dagger Throw+1","Deadly Poison"],"picked":"After Image","floor":12.0},{"not_picked":["Blade Dance","Leg Sweep","Underhanded Strike+1","Flying Knee+1"],"picked":"SKIP","floor":14}],"player_experience":152462,"relics_obtained":[{"floor":5.0,"key":"Sundial"},{"floor":8.0,"key":"Pantograph"},{"floor":9.0,"key":"Question Card"},{"floor":12.0,"key":"Molten Egg 2"}],"event_choices":[{"cards_removed":["Defend_G"],"damage_healed":0.0,"max_hp_gain":0.0,"max_hp_loss":0.0,"gold_gain":0.0,"event_name":"Wheel of Change","player_choice":"Card Removal","floor":2.0,"gold_loss":0.0,"damage_taken":0.0},{"cards_removed":["Strike_G"],"damage_healed":0.0,"max_hp_gain":0.0,"max_hp_loss":0.0,"gold_gain":0.0,"event_name":"Living Wall","player_choice":"Forget","floor":4.0,"gold_loss":0.0,"damage_taken":0.0},{"damage_healed":0.0,"max_hp_gain":0.0,"max_hp_loss":0.0,"gold_gain":0.0,"event_name":"Accursed Blacksmith","player_choice":"Forge","floor":13.0,"gold_loss":0.0,"damage_taken":0.0,"cards_upgraded":["Footwork"]}],"is_beta":false,"boss_relics":[],"items_purged_floors":[],"is_endless":false,"potions_floor_spawned":[1,8,14],"killed_by":"Hexaghost","ascension_level":7}}