{"host":"qrfkyfrpo74atslb","time":1614075723,"event":{"mods":["Astrologer","Bartender","BaseMod","Beaked The Cultist","Better Note","Better Third Choice","CapriCore","Colored Map","Colored Powertips","Conspire","DeckTracker","Downfall","GungeonMod","Hermit","Hero for Fun","Hubris","Koishi","LagranYue(???·?)","Mad Scientist","Marisa????????","Minty Spire (QoL Compilation)","Prisma Mod","Reimu??????","Remilia??????","StSLib","The Administrix","The Alterego","The Bladedancer","The Cursed","The Gatherer","The Immortal","The Mystic","The Necromancer","The Runesmith","The Servant 0.9.4","The Wild Card","TheSwordswoman","WarShipGirlsR/????R mod","Yakumo Yukari mod","Yuyuko"],"gold_per_floor":[20,20,20,30,30,55,68,78,78,2,2,36,46,61,61,156,156,168,168,128,148,148,148,182,200,274,274,292,322,322,351,351,454,454,467,480,86,97,116,116,145,164,164,164,164,164,195,207,207,207],"floor_reached":51,"language":"ENG","playtime":719,"items_purged":[],"score":1329,"play_id":"e5eacbd4-3d45-47d4-a6d7-3fec32ccebb5","local_time":"20210223232203","is_ascension_mode":false,"campfire_choices":[{"data":"theWildCard:Odin","floor":15,"key":"SMITH"},{"data":"Serious_Punch","floor":23,"key":"SMITH"},{"data":"Hip_Strike","floor":27,"key":"SMITH"},{"floor":32,"key":"REST"},{"data":"Get_Hopes_Up","floor":44,"key":"SMITH"},{"data":"Do_Nothing","floor":46,"key":"SMITH"},{"data":"DemoMod:Spice","floor":49,"key":"SMITH"}],"circlet_count":0,"master_deck":["Strike_Y","Strike_Y","Strike_Y+1","Strike_Y+1","Strike_Y","Defend_Y","Defend_Y","Defend_Y+1","Defend_Y","Defend_Y","Do_Nothing+1","DemoMod:Spice+1","Serious_Side_Hops","Slap","Wear_Disguise","Yawn","Normal_Punch","theWildCard:Odin+1","DemoMod:Spice","DemoMod:Spice","DemoMod:Spice","Serious_Punch","DemoMod:Spice","Strike_Y","Strike_Y","Strike_Y","Strike_Y","Strike_Y","Defend_Y","Defend_Y","Defend_Y","Defend_Y","Defend_Y","Do_Nothing","DemoMod:Spice+1","Serious_Side_Hops","Slap","Wear_Disguise","Yawn","Normal_Punch","theWildCard:Odin+1","DemoMod:Spice","DemoMod:Spice","DemoMod:Spice","Serious_Punch+1","DemoMod:Spice","Hip_Strike+1","Toss_Stone","Consecutive_Normal_Punch","Consecutive_Normal_Punch","Yawn","Normal_Punch+1","Get_Hopes_Up+1","Side_Hop","Side_Hop","DemoMod:Spice","DemoMod:Spice+1","Consecutive_Normal_Punch+1","Normal_Punch"],"relics":["Cape","LagranYue:RandomDrawCardRelic","NeowsBlessing","hubris:Towel","DemoMod:GlassGuonStoneRelic","Pen Nib","hubris:DeckOfHolding","DemoMod:NanoMachines","DemoMod:Armor","hubris:TerracottaHorce","beaked:ShinyBauble","DemoMod:SerJunkan","hubris:TinFlute","DemoMod:RingOfEthereal","Gremlin Horn","Oddly Smooth Stone","Whetstone","hubris:HerbalPaste","Cauldron","Mercury Hourglass","DemoMod:BlueGuonStone","conspire:Dentures","Blue Candle","Orichalcum","Regal Pillow","Toy Ornithopter","LagranYue:GuidanceLightRelic","hubris:AstralHammer","Bottled Lightning","Bag of Marbles","SlaversCollar","DemoMod:MeltedRock","hubris:EmptyBottle","PreservedInsect","DemoMod:Junk","Centennial Puzzle"],"acts_visited":["Exordium","TheCity","TheBeyond"],"potions_floor_usage":[33],"damage_taken":[{"damage":0,"enemies":"conspire:RoseBush","floor":1,"turns":1},{"damage":0,"enemies":"Small Slimes","floor":4,"turns":1},{"damage":0,"enemies":"Lagavulin","floor":6,"turns":1},{"damage":0,"enemies":"Cultist","floor":7,"turns":1},{"damage":0,"enemies":"2 Fungi Beasts","floor":8,"turns":1},{"damage":0,"enemies":"3 Sentries","floor":12,"turns":1},{"damage":0,"enemies":"Exordium Thugs","floor":13,"turns":1},{"damage":0,"enemies":"Looter","floor":14,"turns":1},{"damage":0,"enemies":"Slime Boss","floor":16,"turns":1},{"damage":0,"enemies":"conspire:FuzzyDice","floor":18,"turns":1},{"damage":0,"enemies":"3 Byrds","floor":21,"turns":2},{"damage":0,"enemies":"Slavers","floor":24,"turns":2},{"damage":0,"enemies":"Centurion and Healer","floor":25,"turns":1},{"damage":0,"enemies":"3 Cultists","floor":28,"turns":1},{"damage":0,"enemies":"conspire:Head Lice","floor":29,"turns":1},{"damage":0,"enemies":"Gremlin Leader","floor":31,"turns":1},{"damage":0,"enemies":"Collector","floor":33,"turns":1},{"damage":0,"enemies":"Orb Walker","floor":35,"turns":1},{"damage":0,"enemies":"3 Darklings","floor":36,"turns":2},{"damage":0,"enemies":"Transient","floor":38,"turns":1},{"damage":0,"enemies":"Maw","floor":39,"turns":1},{"damage":0,"enemies":"Giant Head","floor":41,"turns":1},{"damage":0,"enemies":"Sphere and 2 Shapes","floor":42,"turns":1},{"damage":0,"enemies":"Spire Growth","floor":45,"turns":1},{"damage":0,"enemies":"Reptomancer","floor":47,"turns":1},{"damage":0,"enemies":"Maw","floor":48,"turns":1},{"damage":0,"enemies":"hubris:GrandSnecko","floor":50,"turns":2}],"seed_played":"-3571144998518084082","potions_obtained":[{"floor":6,"key":"Ancient Potion"},{"floor":7,"key":"Fire Potion"},{"floor":8,"key":"LiquidBronze"},{"floor":29,"key":"DistilledChaos"},{"floor":30,"key":"Energy Potion"},{"floor":30,"key":"Weak Potion"},{"floor":30,"key":"hexamod:SoulburnPotion"},{"floor":30,"key":"Ancient Potion"},{"floor":30,"key":"Slimebound:ThreeZeroPotion"},{"floor":39,"key":"Swift Potion"}],"is_trial":false,"path_per_floor":["M","?","?","M","?","E","M","M","T","$","?","E","M","M","R","B",null,"M","?","?","M","?","R","E","M","T","R","M","E","$","E","R","B",null,"M","M","$","M","M","?","E","M","T","R","M","R","E","M","R","B",null],"character_chosen":"OPM","items_purchased":["Normal_Punch","DemoMod:RingOfEthereal","Gremlin Horn","Oddly Smooth Stone","Whetstone","hubris:HerbalPaste","Cauldron","Mercury Hourglass","DemoMod:BlueGuonStone","conspire:Dentures","Blue Candle","Orichalcum","Regal Pillow","Toy Ornithopter","LagranYue:GuidanceLightRelic","hubris:AstralHammer","Bottled Lightning","DemoMod:MeltedRock","hubris:EmptyBottle"],"campfire_rested":1,"item_purchase_floors":[10,30,30,30,30,30,30,30,30,30,30,30,30,30,30,30,30,37,37],"current_hp_per_floor":[999,999,999,999,999,999,999,997,997,997,997,997,995,995,995,993,993,993,993,993,991,991,991,983,983,983,983,983,983,769,769,983,983,983,983,981,981,977,977,977,971,971,971,971,971,971,971,969,969,965],"gold":207,"neow_bonus":"THREE_ENEMY_KILL","is_daily":false,"chose_seed":false,"campfire_upgraded":6,"win_rate":0.0,"timestamp":1614075723,"path_taken":["M","?","?","?","?","E","M","M","T","?","?","E","M","M","R","BOSS","M","?","?","M","?","R","E","M","T","R","M","E","?","E","R","BOSS","M","M","$","M","?","?","E","M","T","R","M","R","E","M","R","BOSS"],"items_purchased_type":["Card","Relic","Relic","Relic","Relic","Relic","Relic","Relic","Relic","Relic","Relic","Relic","Relic","Relic","Relic","Relic","Relic","Relic","Relic"],"build_version":"2020-12-22","purchased_purges":0,"victory":true,"max_hp_per_floor":[999,999,999,999,999,999,999,997,997,997,997,997,995,995,995,993,993,993,993,993,991,991,991,983,983,983,983,983,983,983,983,983,983,983,983,981,981,977,977,977,971,971,971,971,971,971,971,969,969,965],"card_choices":[{"not_picked":["Ignore","Hop"],"picked":"Wear_Disguise","floor":1},{"not_picked":["Side_Hop","Ignore"],"picked":"Do_Nothing","floor":4},{"not_picked":["Consecutive_Normal_Punch","Side_Hop"],"picked":"Slap","floor":6},{"not_picked":["Ignore","Side_Hop"],"picked":"Wear_Disguise","floor":7},{"not_picked":["Hop","Slap"],"picked":"Yawn","floor":8},{"not_picked":["Hop","Yawn"],"picked":"DemoMod:Spice","floor":12},{"not_picked":["Toss_Stone","Normal_Punch"],"picked":"DemoMod:Spice","floor":13},{"not_picked":["Hop","Toss_Stone"],"picked":"DemoMod:Spice","floor":14},{"not_picked":["Oh","Hip_Strike"],"picked":"Serious_Punch","floor":16},{"not_picked":["Yawn","DemoMod:Spice"],"picked":"DemoMod:Spice","floor":18},{"not_picked":["DemoMod:Spice","Yawn"],"picked":"Hip_Strike","floor":21},{"not_picked":["DemoMod:Spice","DemoMod:Spice"],"picked":"Toss_Stone","floor":24},{"not_picked":["DemoMod:Spice","DemoMod:Spice+1"],"picked":"Consecutive_Normal_Punch","floor":25},{"not_picked":["Slap","DemoMod:Spice"],"picked":"Consecutive_Normal_Punch","floor":28},{"not_picked":["DemoMod:Spice","DemoMod:Spice"],"picked":"Yawn","floor":29},{"not_picked":["DemoMod:Spice","DemoMod:Spice"],"picked":"Normal_Punch+1","floor":31},{"not_picked":["Serious_Punch","Serious_Side_Hops"],"picked":"Get_Hopes_Up","floor":33},{"not_picked":["Ignore+1","DemoMod:Spice+1"],"picked":"Side_Hop","floor":35},{"not_picked":["Wear_Disguise","Hop+1"],"picked":"Side_Hop","floor":36},{"not_picked":["DemoMod:Spice","DemoMod:Spice"],"picked":"DemoMod:Spice","floor":38},{"not_picked":["DemoMod:Spice+1","DemoMod:Spice"],"picked":"DemoMod:Spice+1","floor":39},{"not_picked":["Do_Nothing","Ignore"],"picked":"Consecutive_Normal_Punch+1","floor":41},{"not_picked":["DemoMod:Spice","DemoMod:Spice+1","DemoMod:Spice"],"picked":"SKIP","floor":42},{"not_picked":["Terrifying_Presence","DemoMod:Spice","DemoMod:Spice+1"],"picked":"SKIP","floor":45},{"not_picked":["DemoMod:Spice","DemoMod:Spice+1","DemoMod:Spice+1"],"picked":"SKIP","floor":47},{"not_picked":["DemoMod:Spice","DemoMod:Spice+1"],"picked":"Normal_Punch","floor":48}],"player_experience":128908,"relics_obtained":[{"floor":6,"key":"Pen Nib"},{"floor":9,"key":"hubris:DeckOfHolding"},{"floor":12,"key":"DemoMod:NanoMachines"},{"floor":24,"key":"beaked:ShinyBauble"},{"floor":26,"key":"DemoMod:SerJunkan"},{"floor":29,"key":"hubris:TinFlute"},{"floor":31,"key":"Bag of Marbles"},{"floor":41,"key":"PreservedInsect"},{"floor":43,"key":"DemoMod:Junk"},{"floor":47,"key":"Centennial Puzzle"}],"event_choices":[{"cards_removed":["Wear_Disguise"],"damage_healed":0,"gold_gain":0,"player_choice":"Offered Uncommon","damage_taken":0,"max_hp_gain":0,"max_hp_loss":0,"event_name":"Bonfire Elementals","floor":3,"gold_loss":0},{"damage_healed":0,"gold_gain":0,"player_choice":"2 cards matched","damage_taken":0,"max_hp_gain":0,"max_hp_loss":0,"event_name":"Match and Keep!","floor":5,"gold_loss":0,"cards_obtained":["DemoMod:Spice","Serious_Side_Hops"]},{"damage_healed":0,"gold_gain":0,"player_choice":"Upgraded Two","damage_taken":0,"max_hp_gain":0,"max_hp_loss":0,"event_name":"Designer","floor":20,"gold_loss":40,"cards_upgraded":["Defend_Y","DemoMod:Spice"]},{"damage_healed":0,"gold_gain":0,"player_choice":"Cursed","damage_taken":0,"max_hp_gain":0,"max_hp_loss":0,"event_name":"Wheel of Change","floor":22,"gold_loss":0,"cards_obtained":["Decay"]},{"cards_removed":["Decay"],"damage_healed":0,"gold_gain":0,"player_choice":"Removed Curses","damage_taken":0,"max_hp_gain":0,"max_hp_loss":0,"event_name":"Fountain of Cleansing","floor":40,"gold_loss":0}],"is_beta":false,"boss_relics":[{"not_picked":["Tiny House","Calling Bell"],"picked":"hubris:TerracottaHorce"},{"not_picked":["hubris:HollowSoul","Velvet Choker"],"picked":"SlaversCollar"}],"items_purged_floors":[],"is_endless":false,"potions_floor_spawned":[6,7,8,16,18,29,31,39,41,42,45],"ascension_level":0}}