{"host":"qrfkyfrpo74atslb","time":1614074341,"event":{"mods":["Bartender","BaseMod","Beaked The Cultist","CapriCore","Colored Map","Colored Powertips","Conspire","DeckTracker","Downfall","Hermit","Hubris","Koishi","LagranYue(???·?)","Marisa????????","Minty Spire (QoL Compilation)","Prisma Mod","Remilia??????","StSLib","The Alterego","The Cursed","The Immortal","The Mystic","The Necromancer","The Servant 0.9.4","The Wild Card","Yakumo Yukari mod","Yuyuko"],"gold_per_floor":[111,131,131,149,77,112,131,131,131,143,143],"floor_reached":10,"language":"ENG","playtime":389,"items_purged":[],"score":68,"play_id":"e44c246f-8036-4d85-9d44-066266de27ab","local_time":"20210223225901","is_ascension_mode":false,"campfire_choices":[{"floor":8,"key":"REST"}],"circlet_count":0,"master_deck":["alterego_mod:Strike","alterego_mod:Strike","alterego_mod:Strike","alterego_mod:Strike","alterego_mod:Defend","alterego_mod:Defend","alterego_mod:Defend","alterego_mod:Defend","alterego_mod:Impale","alterego_mod:BigMeatyClaws","alterego_mod:BrynhildrsRune","alterego_mod:Complex","alterego_mod:BreastValley","Pain","alterego_mod:Rip","alterego_mod:GachaTicket","alterego_mod:MaintainEyeContact","alterego_mod:STier"],"relics":["alterego_mod:MasochisticConstitution","LagranYue:RandomDrawCardRelic","NeowsBlessing","WarpedTongs","HornCleat","MawBank"],"acts_visited":["Exordium"],"potions_floor_usage":[6],"damage_taken":[{"damage":0,"enemies":"Cultist","floor":1,"turns":1},{"damage":0,"enemies":"Small Slimes","floor":2,"turns":1},{"damage":0,"enemies":"Jaw Worm","floor":4,"turns":1},{"damage":59,"enemies":"Gremlin Nob","floor":6,"turns":6},{"damage":32,"enemies":"Exordium Thugs","floor":7,"turns":4},{"damage":30,"enemies":"Lagavulin","floor":10,"turns":6}],"seed_played":"8519095790862260873","potions_obtained":[{"floor":1,"key":"conspire:TimeTravelPotion"},{"floor":2,"key":"Dexterity Potion"},{"floor":6,"key":"CultistPotion"}],"is_trial":false,"path_per_floor":["M","M","?","M","$","E","M","R","T","E"],"character_chosen":"The_Alterego","items_purchased":["alterego_mod:GachaTicket"],"campfire_rested":1,"item_purchase_floors":[5],"current_hp_per_floor":[70,70,70,70,70,26,9,30,30,0,0],"gold":143,"neow_bonus":"THREE_ENEMY_KILL","is_daily":false,"chose_seed":false,"campfire_upgraded":0,"win_rate":0.0,"timestamp":1614074341,"path_taken":["M","?","?","M","?","E","M","R","T","E"],"items_purchased_type":["Card"],"build_version":"2020-12-22","purchased_purges":0,"victory":false,"max_hp_per_floor":[70,70,70,70,70,71,72,72,72,72,72],"card_choices":[{"not_picked":["alterego_mod:Table","alterego_mod:Bounce"],"picked":"alterego_mod:Complex","floor":1},{"not_picked":["alterego_mod:Rip","alterego_mod:DeftHands"],"picked":"alterego_mod:BreastValley","floor":2},{"not_picked":["alterego_mod:Undulate","alterego_mod:PerceptionDisorder"],"picked":"alterego_mod:Rip","floor":4},{"not_picked":["alterego_mod:DestructionOfProperty","alterego_mod:Jiggle"],"picked":"alterego_mod:MaintainEyeContact","floor":6},{"not_picked":["alterego_mod:DeftHands","alterego_mod:TrashNCrash"],"picked":"alterego_mod:STier","floor":7}],"player_experience":128519,"relics_obtained":[{"floor":6,"key":"HornCleat"},{"floor":9,"key":"MawBank"}],"event_choices":[{"damage_healed":0,"gold_gain":0,"player_choice":"Rummage","damage_taken":0,"relics_obtained":["WarpedTongs"],"max_hp_gain":0,"max_hp_loss":0,"event_name":"Accursed Blacksmith","floor":3,"gold_loss":0,"cards_obtained":["Pain"]}],"is_beta":false,"boss_relics":[],"items_purged_floors":[],"is_endless":false,"potions_floor_spawned":[1,2,6],"killed_by":"Lagavulin","ascension_level":0}}