{"host":"jegehu1t82aiec5j","time":1614088415,"event":{"mods":["BaseMod","Colored Map","Minty Spire (QoL Compilation)","Relic Stats","StSLib"],"gold_per_floor":[113,126,146,146,221,221,248,263,339,21,37,37,53,69,69,143,143,160,189,189,199,210,210,242,242,242,242,255,355,355,390,390,465,465,484,484,484,11,21,21,50,50,50,76,76,106,106,138,138,138],"floor_reached":51,"language":"ENG","playtime":3044,"items_purged":["Strike_R","Strike_R"],"score":1502,"play_id":"b38fa367-70f7-4fa3-ac07-883de8e35ca9","local_time":"20210223085335","is_ascension_mode":true,"campfire_choices":[{"data":"Bash","floor":6,"key":"SMITH"},{"data":"Combust","floor":12,"key":"SMITH"},{"floor":15,"key":"REST"},{"floor":23,"key":"REST"},{"floor":25,"key":"DIG"},{"floor":27,"key":"DIG"},{"floor":32,"key":"DIG"},{"floor":40,"key":"DIG"},{"floor":42,"key":"DIG"},{"floor":47,"key":"DIG"},{"floor":49,"key":"DIG"}],"circlet_count":0,"master_deck":["AscendersBane","Strike_R","Strike_R","Defend_R","Defend_R","Defend_R","Defend_R","Bash+1","Metallicize","True Grit","Thunderclap","Twin Strike","Combust+1","Clothesline","Magnetism","Ghostly Armor","Bludgeon","Fiend Fire","Armaments+1","Battle Trance","Shrug It Off","Disarm","Flame Barrier+1","Reaper","Barricade","Spot Weakness+1","Bloodletting+1","Entrench+1","Dark Embrace","Shockwave+1","Shrug It Off+1","Sword Boomerang","True Grit+1","Dark Embrace+1","Demon Form"],"relics":["Burning Blood","Toy Ornithopter","Shovel","Bag of Marbles","Mummified Hand","Membership Card","Fusion Hammer","Red Mask","Vajra","Toxic Egg 2","Letter Opener","Bottled Flame","Bird Faced Urn","Meat on the Bone","Nilry\u0027s Codex","Orichalcum","HornCleat","Black Star","Lizard Tail","Oddly Smooth Stone","Orrery","Strawberry","Boot","Gremlin Horn","Lantern","Pocketwatch","Unceasing Top","Potion Belt","Pen Nib","Mercury Hourglass","Anchor","The Courier","Pantograph","Calipers"],"acts_visited":["Exordium","TheCity","TheBeyond"],"potions_floor_usage":[7,16,28,29,31,50,50],"damage_taken":[{"damage":4,"enemies":"Jaw Worm","floor":1,"turns":4},{"damage":1,"enemies":"Small Slimes","floor":2,"turns":4},{"damage":4,"enemies":"2 Louse","floor":3,"turns":4},{"damage":26,"enemies":"3 Sentries","floor":7,"turns":10},{"damage":4,"enemies":"Large Slime","floor":8,"turns":5},{"damage":8,"enemies":"Looter","floor":11,"turns":3},{"damage":18,"enemies":"Blue Slaver","floor":13,"turns":4},{"damage":15,"enemies":"Gremlin Gang","floor":14,"turns":5},{"damage":32,"enemies":"The Guardian","floor":16,"turns":14},{"damage":3,"enemies":"Shell Parasite","floor":18,"turns":4},{"damage":31,"enemies":"Masked Bandits","floor":19,"turns":5},{"damage":3,"enemies":"Chosen","floor":21,"turns":3},{"damage":1,"enemies":"Centurion and Healer","floor":22,"turns":5},{"damage":19,"enemies":"Book of Stabbing","floor":24,"turns":7},{"damage":7,"enemies":"Snecko","floor":28,"turns":4},{"damage":1,"enemies":"Colosseum Slavers","floor":29,"turns":4},{"damage":12,"enemies":"Colosseum Nobs","floor":29,"turns":4},{"damage":2,"enemies":"Slavers","floor":31,"turns":6},{"damage":36,"enemies":"Champ","floor":33,"turns":17},{"damage":0,"enemies":"Orb Walker","floor":35,"turns":3},{"damage":0,"enemies":"3 Shapes","floor":39,"turns":6},{"damage":32,"enemies":"Nemesis","floor":41,"turns":17},{"damage":6,"enemies":"Giant Head","floor":44,"turns":9},{"damage":13,"enemies":"Nemesis","floor":46,"turns":9},{"damage":3,"enemies":"Giant Head","floor":48,"turns":10},{"damage":35,"enemies":"Time Eater","floor":50,"turns":19}],"seed_played":"310531126721999446","potions_obtained":[{"floor":3,"key":"DistilledChaos"},{"floor":11,"key":"FearPotion"},{"floor":18,"key":"BlessingOfTheForge"},{"floor":19,"key":"Block Potion"},{"floor":29,"key":"SteroidPotion"},{"floor":35,"key":"Strength Potion"},{"floor":41,"key":"BlessingOfTheForge"},{"floor":48,"key":"DuplicationPotion"}],"is_trial":false,"path_per_floor":["M","M","M","?","?","R","E","M","T","$","M","R","M","M","R","B",null,"M","?","?","M","M","R","E","R","T","R","M","?","?","E","R","B",null,"M","?","?","$","M","R","E","R","T","E","?","E","R","E","R","B",null],"character_chosen":"IRONCLAD","items_purchased":["Membership Card","BlessingOfTheForge","Clothesline","Magnetism","Lizard Tail","Bloodletting+1","Entrench+1","Oddly Smooth Stone","Dark Embrace","Orrery"],"campfire_rested":2,"item_purchase_floors":[10,10,10,10,38,38,38,38,38,38],"current_hp_per_floor":[70,75,75,64,53,53,38,40,40,40,38,38,26,17,39,18,61,64,39,39,42,47,69,56,56,56,56,60,64,43,58,58,52,69,75,75,75,75,75,82,82,82,82,82,82,82,82,82,82,82],"gold":138,"neow_bonus":"RANDOM_COMMON_RELIC","is_daily":false,"chose_seed":false,"campfire_upgraded":2,"win_rate":0.0,"timestamp":1614088415,"path_taken":["M","M","M","?","?","R","E","M","T","$","M","R","M","M","R","BOSS","M","?","?","?","M","R","E","R","T","R","M","?","?","E","R","BOSS","M","?","?","$","?","R","E","R","T","E","?","E","R","E","R","BOSS"],"items_purchased_type":["Relic","Potion","Card","Card","Relic","Card","Card","Relic","Card","Relic"],"build_version":"2020-12-22","purchased_purges":2,"victory":true,"max_hp_per_floor":[75,75,75,75,75,75,75,75,75,75,75,75,75,75,75,75,75,75,75,75,75,75,75,75,75,75,75,75,75,75,75,75,75,75,75,75,75,75,75,82,82,82,82,82,82,82,82,82,82,82],"relic_stats":{"Gremlin Horn":[0,0],"counters":[26,185],"Pen Nib":[1],"Letter Opener":[190],"Orichalcum":[42],"Boot":[16],"Burning Blood":124,"Mercury Hourglass":[72],"Lizard Tail":0,"Shovel":7,"Mummified Hand":[113],"Bird Faced Urn":[56],"Pantograph":0,"Black Star":4,"obtain_stats":[{"Lantern":42,"Calipers":49,"Gremlin Horn":41,"Nilry\u0027s Codex":30,"Vajra":24,"Boot":41,"Burning Blood":0,"Lizard Tail":38,"Shovel":4,"HornCleat":32,"Mummified Hand":9,"Strawberry":40,"Pantograph":48,"Fusion Hammer":17,"Red Mask":19,"Toxic Egg 2":25,"Potion Belt":44,"Oddly Smooth Stone":38,"Pen Nib":46,"The Courier":48,"Letter Opener":26,"Orichalcum":31,"WarpedTongs":0,"Mercury Hourglass":46,"Bottled Flame":27,"Anchor":47,"Bird Faced Urn":29,"Orrery":38,"Bag of Marbles":7,"Black Star":34,"Membership Card":10,"Toy Ornithopter":0,"Unceasing Top":44,"Meat on the Bone":29,"Pocketwatch":43},{"Lantern":22,"Calipers":25,"Gremlin Horn":22,"Nilry\u0027s Codex":17,"Vajra":14,"Boot":22,"Burning Blood":0,"Lizard Tail":20,"Shovel":3,"HornCleat":18,"Mummified Hand":5,"Strawberry":21,"Pantograph":25,"Fusion Hammer":9,"Red Mask":11,"Toxic Egg 2":14,"Potion Belt":23,"Oddly Smooth Stone":20,"Pen Nib":24,"The Courier":25,"Letter Opener":14,"Orichalcum":18,"WarpedTongs":0,"Mercury Hourglass":24,"Bottled Flame":14,"Anchor":24,"Bird Faced Urn":17,"Orrery":20,"Bag of Marbles":4,"Black Star":19,"Membership Card":5,"Toy Ornithopter":0,"Unceasing Top":23,"Meat on the Bone":17,"Pocketwatch":22},{"Lantern":138,"Calipers":166,"Gremlin Horn":138,"Nilry\u0027s Codex":89,"Vajra":77,"Boot":138,"Burning Blood":0,"Lizard Tail":115,"Shovel":12,"HornCleat":95,"Mummified Hand":27,"Strawberry":121,"Pantograph":166,"Fusion Hammer":53,"Red Mask":62,"Toxic Egg 2":77,"Potion Belt":147,"Oddly Smooth Stone":115,"Pen Nib":156,"The Courier":166,"Letter Opener":77,"Orichalcum":95,"WarpedTongs":0,"Mercury Hourglass":156,"Bottled Flame":77,"Anchor":156,"Bird Faced Urn":89,"Orrery":115,"Bag of Marbles":22,"Black Star":112,"Membership Card":27,"Toy Ornithopter":0,"Unceasing Top":147,"Meat on the Bone":89,"Pocketwatch":138}],"Toy Ornithopter":30,"Unceasing Top":[1],"Meat on the Bone":12,"Pocketwatch":[57]},"card_choices":[{"not_picked":["True Grit","Havoc"],"picked":"Metallicize","floor":1},{"not_picked":["Clash","Dark Embrace"],"picked":"True Grit","floor":2},{"not_picked":["Rage","Pommel Strike"],"picked":"Thunderclap","floor":3},{"not_picked":["Power Through","Dark Embrace"],"picked":"Twin Strike","floor":7},{"not_picked":["Cleave","Hemokinesis"],"picked":"Combust","floor":8},{"not_picked":["True Grit","Clash"],"picked":"Ghostly Armor","floor":11},{"not_picked":["Evolve","Dark Embrace"],"picked":"Bludgeon","floor":13},{"not_picked":["Thunderclap","Shockwave","Clash"],"picked":"SKIP","floor":14},{"not_picked":["Berserk","Bludgeon"],"picked":"Fiend Fire","floor":16},{"not_picked":["Wild Strike","Thunderclap","Dual Wield"],"picked":"SKIP","floor":18},{"not_picked":["Pommel Strike","Flame Barrier+1"],"picked":"Armaments+1","floor":19},{"not_picked":["Twin Strike+1","Anger"],"picked":"Shrug It Off","floor":21},{"not_picked":["Dropkick","Cleave","Clash"],"picked":"SKIP","floor":22},{"not_picked":["Shockwave","Intimidate+1"],"picked":"Disarm","floor":24},{"not_picked":["Havoc+1","Infernal Blade+1","Perfected Strike"],"picked":"SKIP","floor":28},{"not_picked":["Dual Wield+1","Power Through+1"],"picked":"Flame Barrier+1","floor":29},{"not_picked":["Iron Wave","Clothesline","Warcry+1"],"picked":"SKIP","floor":31},{"not_picked":["Immolate","Corruption"],"picked":"Reaper","floor":33},{"not_picked":["Cleave","Anger+1","Reckless Charge"],"picked":"SKIP","floor":35},{"not_picked":["Bloodletting+1","Clash"],"picked":"Shockwave+1","floor":38},{"not_picked":["True Grit+1","Offering+1"],"picked":"Shrug It Off+1","floor":38},{"not_picked":["Rampage","Clothesline"],"picked":"Sword Boomerang","floor":38},{"not_picked":["Rampage","Flex+1"],"picked":"True Grit+1","floor":38},{"not_picked":["Havoc+1","Iron Wave","Sword Boomerang+1"],"picked":"SKIP","floor":39},{"not_picked":["Rage+1","Clothesline","Twin Strike"],"picked":"SKIP","floor":41},{"not_picked":["Havoc+1","Clash"],"picked":"Dark Embrace+1","floor":44},{"not_picked":["Cleave","Headbutt","Infernal Blade+1"],"picked":"SKIP","floor":46},{"not_picked":["Dark Embrace","Disarm+1"],"picked":"Demon Form","floor":48}],"player_experience":2636883,"relics_obtained":[{"floor":7,"key":"Bag of Marbles"},{"floor":9,"key":"Mummified Hand"},{"floor":19,"key":"Red Mask"},{"floor":24,"key":"Vajra"},{"floor":25,"key":"Toxic Egg 2"},{"floor":26,"key":"Letter Opener"},{"floor":27,"key":"Bottled Flame"},{"floor":29,"key":"Bird Faced Urn"},{"floor":29,"key":"Meat on the Bone"},{"floor":30,"key":"Nilry\u0027s Codex"},{"floor":31,"key":"Orichalcum"},{"floor":32,"key":"HornCleat"},{"floor":40,"key":"Strawberry"},{"floor":41,"key":"Boot"},{"floor":41,"key":"Gremlin Horn"},{"floor":42,"key":"Lantern"},{"floor":43,"key":"Pocketwatch"},{"floor":44,"key":"Unceasing Top"},{"floor":44,"key":"Potion Belt"},{"floor":46,"key":"Pen Nib"},{"floor":46,"key":"Mercury Hourglass"},{"floor":47,"key":"Anchor"},{"floor":48,"key":"The Courier"},{"floor":48,"key":"Pantograph"},{"floor":49,"key":"Calipers"}],"event_choices":[{"damage_healed":0,"gold_gain":0,"player_choice":"Success","damage_taken":11,"relics_obtained":["Shovel"],"max_hp_gain":0,"max_hp_loss":0,"event_name":"Scrap Ooze","floor":4,"gold_loss":0},{"damage_healed":0,"gold_gain":75,"player_choice":"Gather Gold","damage_taken":11,"max_hp_gain":0,"max_hp_loss":0,"event_name":"World of Goop","floor":5,"gold_loss":0},{"damage_healed":0,"gold_gain":0,"player_choice":"Fought Bandits","damage_taken":0,"max_hp_gain":0,"max_hp_loss":0,"event_name":"Masked Bandits","floor":19,"gold_loss":0},{"damage_healed":0,"gold_gain":0,"player_choice":"Read","damage_taken":0,"max_hp_gain":0,"max_hp_loss":0,"event_name":"The Library","floor":20,"gold_loss":0,"cards_obtained":["Battle Trance"]},{"damage_healed":0,"gold_gain":0,"player_choice":"Fight","damage_taken":0,"max_hp_gain":0,"max_hp_loss":0,"event_name":"Colosseum","floor":29,"gold_loss":0},{"damage_healed":0,"gold_gain":0,"player_choice":"Fought Nobs","damage_taken":0,"max_hp_gain":0,"max_hp_loss":0,"event_name":"Colosseum","floor":29,"gold_loss":0},{"damage_healed":0,"gold_gain":0,"player_choice":"Obtained Book","damage_taken":21,"max_hp_gain":0,"max_hp_loss":0,"event_name":"Cursed Tome","floor":30,"gold_loss":0},{"cards_removed":["Strike_R"],"damage_healed":0,"gold_gain":0,"player_choice":"Removed Attack","damage_taken":0,"max_hp_gain":0,"max_hp_loss":0,"event_name":"Falling","floor":36,"gold_loss":0},{"damage_healed":0,"gold_gain":0,"player_choice":"2 cards matched","damage_taken":0,"max_hp_gain":0,"max_hp_loss":0,"event_name":"Match and Keep!","floor":37,"gold_loss":0,"cards_obtained":["Barricade","Spot Weakness"]},{"damage_healed":0,"gold_gain":0,"player_choice":"Ignored","damage_taken":0,"max_hp_gain":0,"max_hp_loss":0,"event_name":"Mysterious Sphere","floor":45,"gold_loss":0}],"is_beta":false,"boss_relics":[{"not_picked":["Empty Cage","Tiny House"],"picked":"Fusion Hammer"},{"not_picked":["SacredBark","Runic Cube"],"picked":"Black Star"}],"items_purged_floors":[10,38],"is_endless":false,"potions_floor_spawned":[3,11,18,19,29,29,35,41,48],"ascension_level":15}}