{"host":"6r762osam2bvfm66","time":1614115567,"event":{"mods":["AchievementEnabler","BaseMod","Colored Map","Highlight Path","Minty Spire (QoL Compilation)","Relic Stats","ojb\u0027s Info Mod"],"gold_per_floor":[111,128,141,216,227,259,259,284,284,312,329,329,329],"floor_reached":12,"language":"ENG","playtime":581,"items_purged":[],"score":169,"play_id":"80bcbc5c-b6d7-49e5-a3af-551f43a5b448","local_time":"20210223152607","is_ascension_mode":true,"campfire_choices":[{"data":"Hemokinesis","floor":7,"key":"SMITH"}],"circlet_count":0,"master_deck":["Strike_R","Strike_R","Strike_R","Strike_R","Strike_R","Defend_R","Defend_R","Defend_R","Defend_R","Bash","Shockwave","Hemokinesis+1","Clothesline","Evolve","Bludgeon","Wild Strike","Rupture","Ghostly Armor"],"relics":["Burning Blood","Juzu Bracelet","Oddly Smooth Stone","Matryoshka","Boot","Letter Opener","Bronze Scales"],"acts_visited":["Exordium"],"potions_floor_usage":[12],"damage_taken":[{"damage":6,"enemies":"Cultist","floor":1,"turns":4},{"damage":2,"enemies":"Jaw Worm","floor":2,"turns":5},{"damage":2,"enemies":"2 Louse","floor":3,"turns":3},{"damage":18,"enemies":"Exordium Wildlife","floor":5,"turns":5},{"damage":30,"enemies":"Gremlin Nob","floor":6,"turns":4},{"damage":22,"enemies":"Lagavulin","floor":8,"turns":5},{"damage":2,"enemies":"Gremlin Nob","floor":10,"turns":2},{"damage":18,"enemies":"Exordium Thugs","floor":11,"turns":4},{"damage":13,"enemies":"Lagavulin","floor":12,"turns":4}],"seed_played":"116895139949089835","potions_obtained":[{"floor":2,"key":"BlessingOfTheForge"},{"floor":3,"key":"LiquidBronze"},{"floor":10,"key":"CultistPotion"}],"is_trial":false,"path_per_floor":["M","M","M","?","M","E","R","E","T","E","M","E"],"character_chosen":"IRONCLAD","items_purchased":[],"campfire_rested":0,"item_purchase_floors":[],"current_hp_per_floor":[72,76,80,69,57,33,33,17,17,21,9,0,0],"gold":329,"neow_bonus":"RANDOM_COMMON_RELIC","is_daily":false,"chose_seed":false,"campfire_upgraded":1,"win_rate":0.0,"timestamp":1614115567,"path_taken":["M","M","M","?","M","E","R","E","T","E","M","E"],"items_purchased_type":[],"build_version":"2020-12-22","purchased_purges":0,"victory":false,"max_hp_per_floor":[80,80,80,80,80,80,80,80,80,80,80,80,80],"relic_stats":{"counters":[9,36],"Bronze Scales":[12],"Juzu Bracelet":1,"Letter Opener":[0],"Boot":[0],"obtain_stats":[{"Matryoshka":8,"Bronze Scales":10,"Oddly Smooth Stone":6,"Juzu Bracelet":0,"Letter Opener":9,"Boot":9,"Burning Blood":0},{"Matryoshka":6,"Bronze Scales":7,"Oddly Smooth Stone":5,"Juzu Bracelet":0,"Letter Opener":6,"Boot":6,"Burning Blood":0},{"Matryoshka":26,"Bronze Scales":28,"Oddly Smooth Stone":21,"Juzu Bracelet":0,"Letter Opener":26,"Boot":26,"Burning Blood":0}],"Burning Blood":48},"card_choices":[{"not_picked":["True Grit","Flex"],"picked":"Shockwave","floor":1},{"not_picked":["Heavy Blade","Pommel Strike"],"picked":"Hemokinesis","floor":2},{"not_picked":["True Grit","Reckless Charge"],"picked":"Clothesline","floor":3},{"not_picked":["Perfected Strike","Sword Boomerang"],"picked":"Evolve","floor":5},{"not_picked":["Hemokinesis","Entrench"],"picked":"Bludgeon","floor":6},{"not_picked":["Bloodletting","Flex"],"picked":"Wild Strike","floor":8},{"not_picked":["Power Through","Spot Weakness"],"picked":"Rupture","floor":10},{"not_picked":["Body Slam","Sever Soul"],"picked":"Ghostly Armor","floor":11}],"player_experience":134285,"relics_obtained":[{"floor":6,"key":"Oddly Smooth Stone"},{"floor":8,"key":"Matryoshka"},{"floor":9,"key":"Boot"},{"floor":9,"key":"Letter Opener"},{"floor":10,"key":"Bronze Scales"}],"event_choices":[{"damage_healed":0,"gold_gain":75,"player_choice":"Gather Gold","damage_taken":11,"max_hp_gain":0,"max_hp_loss":0,"event_name":"World of Goop","floor":4,"gold_loss":0}],"is_beta":false,"boss_relics":[],"items_purged_floors":[],"is_endless":false,"potions_floor_spawned":[2,3,10],"killed_by":"Lagavulin","ascension_level":7}}