{"host":"tm8iu37e08ep7d0e","time":1614059950,"event":{"mods":["2.2 Compatiblity","AchievementEnabler","Aspiration","BaseMod","Best Route Mod","Better Match","Better Third Choice","BetterRewards","CCEM2","ChefMod","Colored Map","Gold Saver","Googly Eyes","Hermit","Ironclad Rager","Minty Spire (QoL Compilation)","Permanent Neow","Quick Restart","Shop Mod","StSLib","The Druid","The Hierophant","The Marked","The Necromancer","The Servant 0.9.4","TheWitcher"],"gold_per_floor":[19,19,19,19,35,35,48,48,72,87,87,102,102,132,132,210,210,230,230,241,0,14,14,14,14,37,37,63,63,83,93,93,170,170,181,151,151,176,195,195,15,15,63,63,63,63,63,76,76,76,76],"floor_reached":50,"language":"ENG","playtime":1777,"items_purged":["Decay"],"score":912,"play_id":"29d48d02-be78-4349-8b66-0d571d447570","local_time":"20210222225910","is_ascension_mode":true,"campfire_choices":[{"data":"Clash","floor":6,"key":"SMITH"},{"data":"True Grit","floor":8,"key":"SMITH"},{"data":"Twin Strike","floor":11,"key":"SMITH"},{"data":"Flame Barrier","floor":13,"key":"SMITH"},{"data":"Blood for Blood","floor":15,"key":"SMITH"},{"floor":23,"key":"REST"},{"floor":29,"key":"REST"},{"floor":32,"key":"REST"},{"data":"Apotheosis","floor":40,"key":"SMITH"},{"floor":42,"key":"REST"},{"data":"Body Slam","floor":44,"key":"SMITH"},{"data":"Disarm","floor":46,"key":"SMITH"},{"floor":49,"key":"REST"}],"circlet_count":0,"master_deck":["AscendersBane","Bash","Twin Strike","Twin Strike","Twin Strike","Twin Strike+1","Iron Wave","Iron Wave","Iron Wave","Iron Wave","Clash+1","Injury","True Grit+1","Flame Barrier+1","Shrug It Off","Blood for Blood+1","Barricade+1","Apotheosis+1","Shrug It Off","Disarm+1","Body Slam+1","Parasite","Swift Strike","Parasite","ICR:PowerAttack"],"relics":["Burning Blood","Frozen Egg 2","Self Forming Clay","Anchor","Juzu Bracelet","Busted Crown","PreservedInsect","Pen Nib","Cursed Key","CCEMRelics:ImbuedSpirit","Lantern"],"acts_visited":["Exordium","TheCity","TheBeyond"],"potions_floor_usage":[33,33,50],"damage_taken":[{"damage":12,"enemies":"Small Slimes","floor":1,"turns":3},{"damage":0,"enemies":"Cultist","floor":5,"turns":2},{"damage":2,"enemies":"Jaw Worm","floor":7,"turns":2},{"damage":2,"enemies":"Large Slime","floor":10,"turns":5},{"damage":1,"enemies":"Looter","floor":12,"turns":3},{"damage":2,"enemies":"3 Sentries","floor":14,"turns":7},{"damage":35,"enemies":"The Guardian","floor":16,"turns":10},{"damage":18,"enemies":"Shell Parasite","floor":18,"turns":5},{"damage":4,"enemies":"3 Byrds","floor":20,"turns":6},{"damage":16,"enemies":"Centurion and Healer","floor":22,"turns":6},{"damage":31,"enemies":"Book of Stabbing","floor":28,"turns":6},{"damage":10,"enemies":"Chosen and Byrds","floor":30,"turns":8},{"damage":9,"enemies":"Snecko","floor":31,"turns":3},{"damage":50,"enemies":"Champ","floor":33,"turns":19},{"damage":0,"enemies":"3 Shapes","floor":35,"turns":6},{"damage":0,"enemies":"Mind Bloom Boss Battle","floor":38,"turns":10},{"damage":21,"enemies":"3 Darklings","floor":39,"turns":9},{"damage":0,"enemies":"Writhing Mass","floor":48,"turns":4},{"damage":74,"enemies":"Time Eater","floor":50,"turns":10}],"seed_played":"714940122705753256","potions_obtained":[{"floor":1,"key":"Regen Potion"},{"floor":5,"key":"SteroidPotion"},{"floor":12,"key":"ColorlessPotion"},{"floor":28,"key":"Dexterity Potion"},{"floor":36,"key":"CultistPotion"},{"floor":36,"key":"Dexterity Potion"}],"is_trial":false,"path_per_floor":["M","?","?","?","M","R","M","R","T","M","R","M","R","E","R","B",null,"M","?","M","?","M","R","?","$","T","$","E","R","M","M","R","B",null,"M","?","?","?","M","R","$","R","T","R","?","R","?","M","R","B"],"character_chosen":"IRONCLAD","items_purchased":["Disarm","Body Slam"],"campfire_rested":5,"item_purchase_floors":[41,41],"current_hp_per_floor":[44,37,37,37,43,43,47,47,47,51,51,56,56,60,60,31,59,47,47,49,49,39,59,59,59,59,59,34,54,50,47,67,23,57,63,63,63,68,53,53,53,68,68,68,68,68,62,68,68,0,0],"gold":76,"neow_bonus":"IRONCLAD_BERSERKER","is_daily":false,"chose_seed":false,"campfire_upgraded":8,"win_rate":0.0,"timestamp":1614059950,"path_taken":["M","?","?","?","?","R","M","R","T","?","R","M","R","E","R","BOSS","M","?","M","?","M","R","?","$","T","$","E","R","M","M","R","BOSS","M","?","?","?","M","R","?","R","T","R","?","R","?","M","R","BOSS"],"items_purchased_type":["Card","Card"],"build_version":"2020-12-22","purchased_purges":1,"victory":false,"max_hp_per_floor":[68,68,68,68,68,68,68,68,68,68,68,68,68,68,68,68,68,68,68,68,68,68,68,68,68,68,68,68,68,68,68,68,68,68,68,68,68,68,68,68,68,68,68,68,68,68,68,68,68,68,68],"card_choices":[{"not_picked":["Ghostly Armor","Seeing Red"],"picked":"Clash","floor":1},{"not_picked":["Searing Blow","Flame Barrier","Ghostly Armor"],"picked":"SKIP","floor":5},{"not_picked":["Bloodletting","Blood for Blood"],"picked":"True Grit","floor":7},{"not_picked":["Wild Strike","Clothesline"],"picked":"Flame Barrier","floor":10},{"not_picked":["Rupture+1","Dual Wield"],"picked":"Shrug It Off","floor":12},{"not_picked":["Clash","Clothesline"],"picked":"Blood for Blood","floor":14},{"not_picked":["Exhume","Impervious"],"picked":"Barricade+1","floor":16},{"not_picked":["Perfected Strike"],"picked":"SKIP","floor":18},{"not_picked":["Clothesline"],"picked":"SKIP","floor":20},{"not_picked":["Heavy Blade"],"picked":"SKIP","floor":22},{"not_picked":[],"picked":"Shrug It Off","floor":28},{"not_picked":["Sever Soul"],"picked":"SKIP","floor":30},{"not_picked":["Heavy Blade"],"picked":"SKIP","floor":31},{"not_picked":["Armaments"],"picked":"SKIP","floor":35},{"not_picked":["Headbutt+1"],"picked":"SKIP","floor":39},{"not_picked":[],"picked":"Swift Strike","floor":45},{"not_picked":[],"picked":"ICR:PowerAttack","floor":48}],"player_experience":1285666,"relics_obtained":[{"floor":9,"key":"Anchor"},{"floor":14,"key":"Juzu Bracelet"},{"floor":26,"key":"PreservedInsect"},{"floor":28,"key":"Pen Nib"},{"floor":38,"key":"CCEMRelics:ImbuedSpirit"},{"floor":43,"key":"Lantern"}],"event_choices":[{"cards_removed":["Decay"],"damage_healed":0,"gold_gain":0,"player_choice":"Card Removal","damage_taken":7,"max_hp_gain":0,"max_hp_loss":0,"event_name":"Golden Wing","floor":2,"gold_loss":0},{"damage_healed":0,"gold_gain":0,"player_choice":"Gave Potion","damage_taken":0,"relics_obtained":["Self Forming Clay"],"max_hp_gain":0,"max_hp_loss":0,"event_name":"WeMeetAgain","floor":4,"gold_loss":0},{"damage_healed":0,"gold_gain":0,"player_choice":"Smashed Altar","damage_taken":0,"max_hp_gain":0,"max_hp_loss":0,"event_name":"Forgotten Altar","floor":19,"gold_loss":0,"cards_obtained":["Decay"]},{"damage_healed":0,"gold_gain":0,"player_choice":"Paid Fearfully","damage_taken":0,"max_hp_gain":0,"max_hp_loss":0,"event_name":"Masked Bandits","floor":21,"gold_loss":241},{"damage_healed":0,"gold_gain":0,"player_choice":"Bought 2 Potions","damage_taken":0,"max_hp_gain":0,"max_hp_loss":0,"event_name":"The Woman in Blue","floor":36,"gold_loss":0},{"cards_removed":["Twin Strike"],"damage_healed":0,"gold_gain":0,"player_choice":"Removed Attack","damage_taken":0,"max_hp_gain":0,"max_hp_loss":0,"event_name":"Falling","floor":37,"gold_loss":0},{"damage_healed":0,"gold_gain":0,"player_choice":"Fight","damage_taken":0,"max_hp_gain":0,"max_hp_loss":0,"event_name":"MindBloom","floor":38,"gold_loss":0},{"damage_healed":0,"gold_gain":0,"player_choice":"Memory 1","damage_taken":0,"max_hp_gain":0,"max_hp_loss":0,"event_name":"SensoryStone","floor":45,"gold_loss":0},{"damage_healed":0,"gold_gain":0,"player_choice":"Random: Green","damage_taken":0,"max_hp_gain":0,"max_hp_loss":0,"event_name":"betterThird:BetterPortal","floor":47,"gold_loss":0},{"damage_healed":0,"gold_gain":0,"player_choice":"","damage_taken":6,"max_hp_gain":0,"max_hp_loss":0,"event_name":"Knowing Skull","floor":47,"potions_obtained":[],"gold_loss":0,"cards_obtained":[]}],"is_beta":false,"boss_relics":[{"not_picked":["Black Star","CCEMRelics:ExpiredCReal"],"picked":"Busted Crown"},{"not_picked":["Runic Dome","aspiration:RunicSpoon"],"picked":"Cursed Key"}],"items_purged_floors":[41],"is_endless":false,"potions_floor_spawned":[1,5,12,16,22,28,31,48],"killed_by":"Time Eater","ascension_level":20}}