{"host":"nomlpa5ttaaqphus","time":1614115126,"event":{"mods":["100% Spire Juice","AchievementEnabler","BaseMod","Colored Powertips","Minty Spire (QoL Compilation)","StSLib"],"gold_per_floor":[99,116,133,145,156,168,168,48,74,148,28,59,75,95,112,112,217,217,227,197,212,105,115,115,27,27,54,81,81,94,114,39,39,137,137,155,155,175,199,211,257,269,297,333,345,371,383,408,432,444,456],"floor_reached":52,"language":"ENG","playtime":3791,"items_purged":[],"score":842,"play_id":"a85a5792-1573-4904-b133-7c38b0a3c510","local_time":"20210223171846","is_ascension_mode":false,"campfire_choices":[{"floor":7.0,"key":"REST"},{"floor":16.0,"key":"REST"},{"floor":24.0,"key":"REST"},{"floor":26.0,"key":"REST"},{"floor":33.0,"key":"REST"},{"floor":42,"key":"REST"},{"data":"Moonworks:Ambush","floor":45,"key":"SMITH"},{"floor":50,"key":"REST"}],"circlet_count":0,"master_deck":["Moonworks:Strike","Moonworks:Strike","Moonworks:Strike","Moonworks:Defend","Moonworks:Defend","Moonworks:Defend","Moonworks:Defend","Moonworks:Ambush+1","Moonworks:LongDistanceShot","Moonworks:DeployBits","Moonworks:DeployBits","Moonworks:WhiteChristsmasher","Moonworks:Poppoformation","Moonworks:RedAndBlue","Moonworks:UnpaidWork","Moonworks:FinalSurgery","Moonworks:DeployBits","Moonworks:DeployBits","Moonworks:FinalSurgery","Moonworks:WhiteChristsmasher","Moonworks:EvilSpyWorkPreparation","Moonworks:SubspaceTunnel","Moonworks:WhiteChristsmasher+1","Moonworks:QuickRestoration","Moonworks:WhiteChristsmasher+1","Moonworks:MiracleRedBeanIceCream","Moonworks:MetallicMonocoque","Moonworks:IndiscriminateFireSupport+1","Enlightenment","Moonworks:ReproductionOfRecords+1","Moonworks:TacticalRetreat","Moonworks:MiracleRedBeanIceCream+1","Moonworks:Flamethrower+1"],"relics":["Moonworks:SBBomb","Moonworks:Homemark","Bottled Flame","Moonworks:BottledOrange","Moonworks:StrangePresent","Moonworks:SpareBit","Moonworks:ScorchingSun","Potion Belt","Moonworks:SpareBit","Mango","Regal Pillow","Molten Egg 2","Nunchaku","Kunai","Black Star","MawBank","Gremlin Horn","Happy Flower","Moonworks:Searchlight"],"acts_visited":["TheCity","TheBeyond"],"potions_floor_usage":[41,47,51,51,51,51,51],"damage_taken":[{"damage":7.0,"enemies":"2 Fungi Beasts","floor":2.0,"turns":4.0},{"damage":0.0,"enemies":"Cultist","floor":3.0,"turns":3.0},{"damage":0.0,"enemies":"2 Louse","floor":4.0,"turns":7.0},{"damage":16.0,"enemies":"Exordium Thugs","floor":5.0,"turns":4.0},{"damage":11.0,"enemies":"Large Slime","floor":6.0,"turns":5.0},{"damage":10.0,"enemies":"Lagavulin","floor":9.0,"turns":6.0},{"damage":27.0,"enemies":"Gremlin Nob","floor":12.0,"turns":4.0},{"damage":11.0,"enemies":"Exordium Wildlife","floor":13.0,"turns":2.0},{"damage":0.0,"enemies":"Blue Slaver","floor":14.0,"turns":2.0},{"damage":9.0,"enemies":"3 Louse","floor":15.0,"turns":3.0},{"damage":0.0,"enemies":"Slime Boss","floor":17.0,"turns":5.0},{"damage":0.0,"enemies":"3 Byrds","floor":19.0,"turns":3.0},{"damage":13.0,"enemies":"2 Thieves","floor":21.0,"turns":3.0},{"damage":3.0,"enemies":"Snake Plant","floor":22.0,"turns":3.0},{"damage":18.0,"enemies":"Shelled Parasite and Fungi","floor":23.0,"turns":4.0},{"damage":49.0,"enemies":"Slavers","floor":25.0,"turns":5.0},{"damage":3.0,"enemies":"Book of Stabbing","floor":28.0,"turns":3.0},{"damage":9.0,"enemies":"Centurion and Healer","floor":30.0,"turns":3.0},{"damage":14.0,"enemies":"Snake Plant","floor":31.0,"turns":3.0},{"damage":62.0,"enemies":"Champ","floor":34.0,"turns":13.0},{"damage":22.0,"enemies":"Orb Walker","floor":36.0,"turns":3.0},{"damage":0.0,"enemies":"3 Darklings","floor":38.0,"turns":3.0},{"damage":39,"enemies":"Reptomancer","floor":41,"turns":6},{"damage":2,"enemies":"4 Shapes","floor":43,"turns":3},{"damage":1,"enemies":"Transient","floor":46,"turns":5},{"damage":0,"enemies":"3 Darklings","floor":47,"turns":1},{"damage":0,"enemies":"Maw","floor":48,"turns":5},{"damage":12,"enemies":"4 Shapes","floor":49,"turns":1},{"damage":38,"enemies":"Donu and Deca","floor":51,"turns":7}],"seed_played":"6094353440849390118","potions_obtained":[{"floor":5.0,"key":"SmokeBomb"},{"floor":6.0,"key":"SteroidPotion"},{"floor":9.0,"key":"SteroidPotion"},{"floor":13.0,"key":"Fire Potion"},{"floor":14.0,"key":"Moonworks:VigorPotion"},{"floor":15.0,"key":"Energy Potion"},{"floor":19.0,"key":"FearPotion"},{"floor":25.0,"key":"DuplicationPotion"},{"floor":34.0,"key":"Weak Potion"},{"floor":43,"key":"Explosive Potion"},{"floor":46,"key":"Strength Potion"},{"floor":48,"key":"Regen Potion"}],"is_trial":false,"path_per_floor":["M","M","M","M","M","M","R","$","E","T","?","E","M","M","M","R","B",null,"M","?","M","M","M","R","E","R","T","E","$","M","M","?","R","B",null,"M","?","M","T","?","E","R","M","T","R","M","M","M","M","R","B",null],"character_chosen":"THE_STARBREAKER","items_purchased":[],"campfire_rested":7,"item_purchase_floors":[],"current_hp_per_floor":[66,59,59,59,43,32,51,51,41,41,55,28,17,17,8,47,47,80,80,68,55,52,34,73,24,63,63,60,60,51,37,37,76,19,80,58,58,63,63,63,29,68,71,71,71,79,79,80,68,80,61],"gold":468,"neow_bonus":"TEN_PERCENT_HP_BONUS","is_daily":false,"chose_seed":false,"campfire_upgraded":1,"win_rate":0.0,"timestamp":1614115126,"path_taken":["M","M","M","M","M","R","$","E","T","?","E","M","M","M","R","BOSS","M","?","M","M","M","R","E","R","T","E","$","?","M","?","R","BOSS","M","?","M","?","?","E","R","M","T","R","M","?","M","M","R","BOSS"],"items_purchased_type":[],"build_version":"2020-12-22","purchased_purges":0,"victory":true,"max_hp_per_floor":[66,66,66,66,66,66,66,66,66,66,80,80,80,80,80,80,80,80,80,80,80,80,80,80,80,80,80,80,80,80,80,80,80,80,80,80,80,80,80,80,80,80,80,80,80,80,80,80,80,80,80],"card_choices":[{"not_picked":["Moonworks:ImOnFire","Moonworks:BeastWitch"],"picked":"Moonworks:DeployBits","floor":2.0},{"not_picked":["Moonworks:BlueCrowTheSecond","Moonworks:NicePresent"],"picked":"Moonworks:WhiteChristsmasher","floor":3.0},{"not_picked":["Moonworks:TreasureThief","Moonworks:BlueCrowTheSecond"],"picked":"Moonworks:Poppoformation","floor":4.0},{"not_picked":["Moonworks:Assault","Moonworks:Dinner"],"picked":"Moonworks:RedAndBlue","floor":5.0},{"not_picked":["Moonworks:RagingMadness","Moonworks:LulusLuckyEgg"],"picked":"Moonworks:UnpaidWork","floor":6.0},{"not_picked":["Moonworks:SubspaceTunnel","Moonworks:CloudOfSeagulls"],"picked":"Moonworks:FinalSurgery","floor":9.0},{"not_picked":["Moonworks:Dash","Moonworks:NicePresent"],"picked":"Moonworks:FinalSurgery","floor":12.0},{"not_picked":["Moonworks:DesperateModification","Moonworks:RainbowColoredCircle"],"picked":"Moonworks:WhiteChristsmasher","floor":13.0},{"not_picked":["Moonworks:CloudOfSeagulls","Moonworks:BeastWitch"],"picked":"Moonworks:EvilSpyWorkPreparation","floor":14.0},{"not_picked":["Moonworks:LulusLuckyEgg","Moonworks:RainbowColoredCircle"],"picked":"Moonworks:IndiscriminateFireSupport","floor":15.0},{"not_picked":["Moonworks:StarBlastingFuse","Moonworks:PlushieMaster"],"picked":"Moonworks:SubspaceTunnel","floor":17.0},{"not_picked":["Moonworks:RainbowColoredCircle+1","Moonworks:CastOff+1","Moonworks:JonathanRush"],"picked":"SKIP","floor":19.0},{"not_picked":["Moonworks:MixPhenomenon","Moonworks:GoldenEgg","Moonworks:Assault+1"],"picked":"SKIP","floor":21.0},{"not_picked":["Moonworks:RainbowColoredCircle+1","Moonworks:JonathanRush","Moonworks:BeastWitch"],"picked":"SKIP","floor":22.0},{"not_picked":["Moonworks:LulusLuckyEgg+1","Moonworks:DeployBits","Moonworks:RainbowColoredCircle+1"],"picked":"SKIP","floor":23.0},{"not_picked":["Moonworks:MiracleWalker+1","Moonworks:Gamble+1"],"picked":"Moonworks:WhiteChristsmasher+1","floor":25.0},{"not_picked":["Moonworks:JonathanRush+1","Moonworks:BlueCrowTheSecond+1"],"picked":"Moonworks:QuickRestoration","floor":28.0},{"not_picked":["Moonworks:DeltaField","Moonworks:Assault+1"],"picked":"Moonworks:WhiteChristsmasher+1","floor":30.0},{"not_picked":["Moonworks:UnpaidWork","Moonworks:AwakeningOfTalent+1"],"picked":"Moonworks:MiracleRedBeanIceCream","floor":31.0},{"not_picked":["Moonworks:EvilMastermind","Moonworks:OutOfAmmo"],"picked":"Moonworks:MetallicMonocoque","floor":34.0},{"not_picked":["Moonworks:MixPhenomenon","Moonworks:MiracleWalker"],"picked":"Moonworks:IndiscriminateFireSupport+1","floor":36.0},{"not_picked":["Madness","Apotheosis"],"picked":"Enlightenment","floor":37.0},{"not_picked":["Moonworks:CloudOfSeagulls+1","Moonworks:BackdoorTrade"],"picked":"Moonworks:ReproductionOfRecords+1","floor":38.0},{"not_picked":["Moonworks:ImmovableObject+1","Moonworks:Dinner"],"picked":"Moonworks:TacticalRetreat","floor":41},{"not_picked":["Moonworks:ImOnFire+1","Moonworks:RainbowColoredCircle+1"],"picked":"Moonworks:MiracleRedBeanIceCream+1","floor":43},{"not_picked":["Moonworks:IndiscriminateFireSupport+1","Moonworks:CookingTime+1","Moonworks:CloudOfSeagulls+1"],"picked":"SKIP","floor":46},{"not_picked":["Moonworks:CloudOfSeagulls+1","Moonworks:LulusLuckyEgg"],"picked":"Moonworks:Flamethrower+1","floor":48},{"not_picked":["Moonworks:Assault+1","Moonworks:LulusLuckyEgg","Moonworks:DeployBits+1"],"picked":"SKIP","floor":49}],"player_experience":110818,"relics_obtained":[{"floor":9.0,"key":"Potion Belt"},{"floor":10.0,"key":"Moonworks:SpareBit"},{"floor":12.0,"key":"Regal Pillow"},{"floor":25.0,"key":"Molten Egg 2"},{"floor":27.0,"key":"Nunchaku"},{"floor":28.0,"key":"Kunai"},{"floor":39.0,"key":"MawBank"},{"floor":41,"key":"Gremlin Horn"},{"floor":41,"key":"Happy Flower"},{"floor":44,"key":"Moonworks:Searchlight"}],"event_choices":[{"cards_removed":["Moonworks:DeployBits"],"damage_healed":0.0,"max_hp_gain":0.0,"max_hp_loss":0.0,"gold_gain":0.0,"event_name":"WeMeetAgain","player_choice":"Gave Card","floor":11.0,"gold_loss":0.0,"damage_taken":0.0,"relics_obtained":["Mango"]},{"damage_healed":0.0,"max_hp_gain":0.0,"max_hp_loss":0.0,"gold_gain":90.0,"event_name":"Knowing Skull","player_choice":"GOLD ","floor":20.0,"potions_obtained":[],"gold_loss":0.0,"damage_taken":12.0,"cards_obtained":[]},{"cards_removed":["Moonworks:Strike"],"damage_healed":0.0,"max_hp_gain":0.0,"max_hp_loss":0.0,"gold_gain":0.0,"event_name":"Beggar","player_choice":"Gave Gold","floor":32.0,"gold_loss":75.0,"damage_taken":0.0},{"damage_healed":0.0,"max_hp_gain":0.0,"max_hp_loss":0.0,"gold_gain":0.0,"event_name":"SensoryStone","player_choice":"Memory 1","floor":37.0,"gold_loss":0.0,"damage_taken":0.0},{"cards_removed":["Moonworks:IndiscriminateFireSupport"],"damage_healed":0.0,"max_hp_gain":0.0,"max_hp_loss":0.0,"gold_gain":0.0,"event_name":"Falling","player_choice":"Removed Attack","floor":40.0,"gold_loss":0.0,"damage_taken":0.0}],"is_beta":false,"boss_relics":[{"not_picked":["Velvet Choker","Fusion Hammer"],"picked":"Moonworks:SBBomb"},{"not_picked":["Tiny House","Runic Dome"],"picked":"Black Star"}],"items_purged_floors":[],"is_endless":false,"potions_floor_spawned":[5,6,9,13,14,15,19,21,25,34,43,46,48],"ascension_level":0}}