{"host":"uu5atvg0x4du4ixw","time":1614080965,"event":{"mods":["Act Like it!","BaseMod","Koishi","Minty Spire (QoL Compilation)","StSLib","The Servant 0.9.4"],"gold_per_floor":[112,112,112,112,37,72,72,72,72,96,171,171,185,185,185,185,185],"floor_reached":16,"language":"ZHS","playtime":380,"items_purged":["Injury"],"score":121,"play_id":"93263216-c8de-49c3-93b4-81f9b072401b","local_time":"20210223194925","is_ascension_mode":false,"campfire_choices":[{"data":"Koishi:ParalyzingFear","floor":7,"key":"SMITH"},{"data":"Koishi:SubconsciousSweep","floor":12,"key":"SMITH"},{"data":"Koishi:BramblyRoseGarden","floor":15,"key":"SMITH"}],"circlet_count":0,"master_deck":["Koishi:BasicStrike","Koishi:BasicStrike","Koishi:BasicStrike","Koishi:BasicStrike","Koishi:BasicDefend","Koishi:BasicDefend+1","Koishi:BasicDefend","Koishi:BasicDefend+1","Koishi:Provoke","Koishi:HauntingSlash","Koishi:ParalyzingFear+1","Koishi:FidgetySnatcher","Regret","Koishi:SubconsciousSweep+1","Koishi:BramblyRoseGarden+1"],"relics":["Koishi:ImaginaryFriend","NeowsBlessing","TungstenRod","Golden Idol","Gambling Chip","Ancient Tea Set","Potion Belt"],"acts_visited":["Exordium"],"potions_floor_usage":[16],"damage_taken":[{"damage":0.0,"enemies":"2 Louse","floor":1.0,"turns":1.0},{"damage":0.0,"enemies":"3 Sentries","floor":6.0,"turns":1.0},{"damage":0,"enemies":"Small Slimes","floor":10,"turns":1},{"damage":2,"enemies":"Jaw Worm","floor":13,"turns":3},{"damage":31,"enemies":"The Guardian","floor":16,"turns":5}],"seed_played":"8751897475256375726","potions_obtained":[{"floor":1.0,"key":"Ancient Potion"}],"is_trial":false,"path_per_floor":["M","?","$","?","$","E","R","?","T","M","?","R","M","?","R","B"],"character_chosen":"KOISHI","items_purchased":[],"campfire_rested":0,"item_purchase_floors":[],"current_hp_per_floor":[60,53,53,53,53,53,53,53,53,53,43,43,42,31,31,0,0],"gold":185,"neow_bonus":"THREE_ENEMY_KILL","is_daily":false,"chose_seed":false,"campfire_upgraded":3,"win_rate":0.0,"timestamp":1614080965,"path_taken":["M","?","$","?","$","E","R","?","T","M","?","R","M","?","R","BOSS"],"items_purchased_type":[],"build_version":"2020-12-22","purchased_purges":1,"victory":false,"max_hp_per_floor":[60,60,60,60,60,60,60,60,60,60,60,60,60,60,60,60,60],"card_choices":[{"not_picked":["Koishi:ApparitionsStalkTheNight","Koishi:Vanish"],"picked":"Koishi:ParalyzingFear","floor":1.0},{"not_picked":["Koishi:HeartfeltFancy","Koishi:Vanish"],"picked":"Koishi:FidgetySnatcher","floor":6.0},{"not_picked":["Koishi:RacingHeart","Koishi:BloodcurdlingScream"],"picked":"Koishi:SubconsciousSweep","floor":10},{"not_picked":["Koishi:CatchAndRose","Koishi:VengefulSpirit"],"picked":"Koishi:BramblyRoseGarden","floor":13}],"player_experience":54589,"relics_obtained":[{"floor":6.0,"key":"Gambling Chip"},{"floor":9,"key":"Potion Belt"}],"event_choices":[{"damage_healed":0.0,"max_hp_gain":0.0,"max_hp_loss":0.0,"gold_gain":0.0,"event_name":"Scrap Ooze","player_choice":"Success","floor":2.0,"gold_loss":0.0,"damage_taken":7.0,"relics_obtained":["TungstenRod"]},{"damage_healed":0.0,"max_hp_gain":0.0,"max_hp_loss":0.0,"gold_gain":0.0,"event_name":"Golden Idol","player_choice":"Take Wound","floor":4.0,"gold_loss":0.0,"damage_taken":0.0,"relics_obtained":["Golden Idol"],"cards_obtained":["Injury"]},{"damage_healed":0,"gold_gain":0,"player_choice":"Box","damage_taken":0,"relics_obtained":["Ancient Tea Set"],"max_hp_gain":0,"max_hp_loss":0,"event_name":"Big Fish","floor":8,"gold_loss":0,"cards_obtained":["Regret"]},{"damage_healed":0,"gold_gain":75,"player_choice":"Gather Gold","damage_taken":11,"max_hp_gain":0,"max_hp_loss":0,"event_name":"World of Goop","floor":11,"gold_loss":0},{"damage_healed":0,"gold_gain":0,"player_choice":"Entered Light","damage_taken":12,"max_hp_gain":0,"max_hp_loss":0,"event_name":"Shining Light","floor":14,"gold_loss":0,"cards_upgraded":["Koishi:BasicDefend","Koishi:BasicDefend"]}],"is_beta":false,"boss_relics":[],"items_purged_floors":[5],"is_endless":false,"potions_floor_spawned":[1],"killed_by":"The Guardian","ascension_level":0}}