{"host":"oqyakm3e5m4kt4l3","time":1614060018,"event":{"mods":["2.2 Compatiblity","AchievementEnabler","BaseMod","Better Altar","Better Match","Better Note","Better Sensory Stone","Better Skull","Better Third Choice","BetterRewards","Colored Map","Colored Powertips","Minty Spire (QoL Compilation)","Permanent Neow","Quick Restart","Rare Cards Sparkle","Shop Mod","StSLib","Synergy Search"],"gold_per_floor":[144,189,189,114,159,159,159,249,261,363,75,75,54,19,19,319,319,364,463,10,10,10,100,145,235,235,235,110,200,51,141,141,441,441,486,531,531,531,386,476,866,866,891,936,936,737,15,15,15,15],"floor_reached":51,"language":"ENG","playtime":3371,"items_purged":["Rage","Regret","Dark Embrace","Heavy Blade+1","Swift Strike+1"],"score":1081,"play_id":"00a53b62-4d99-43ba-bf95-f1ea46ba0523","local_time":"20210223010018","daily_mods":["Draft","Flight","Midas"],"is_ascension_mode":false,"campfire_choices":[{"floor":6.0,"key":"REST"},{"floor":15.0,"key":"REST"},{"floor":32.0,"key":"REST"},{"floor":45,"key":"REST"},{"floor":49,"key":"REST"}],"circlet_count":0,"master_deck":["Entrench+1","Battle Trance+1","Body Slam+1","Flame Barrier+1","Shockwave+1","Infernal Blade+1","Body Slam+1","Rampage+1","Headbutt+1","Body Slam+1","Warcry+1","Battle Trance+1","True Grit+1","Armaments+1","Shrug It Off+1","Intimidate+1","Barricade+1","Thunderclap+1","Body Slam+1","Whirlwind+1","Entrench+1","Seeing Red+1","Seeing Red+1","Shrug It Off+1","Juggernaut+1","Offering+1","Shrug It Off+1","Body Slam+1","Metallicize","Shrug It Off+1"],"relics":["Burning Blood","MawBank","Centennial Puzzle","InkBottle","Ancient Tea Set","ClockworkSouvenir","Molten Egg 2","betterThird:SlimedRelic","Sozu","FossilizedHelix","Calipers","Akabeko","Toxic Egg 2","Bird Faced Urn","Dream Catcher","War Paint","Black Star","Mark of the Bloom","Singing Bowl","Red Skull","Old Coin","Anchor","Orichalcum","Ornamental Fan","Frozen Eye"],"acts_visited":["TheCity","TheBeyond"],"potions_floor_usage":[],"damage_taken":[{"damage":0.0,"enemies":"Jaw Worm","floor":1.0,"turns":3.0},{"damage":0.0,"enemies":"Cultist","floor":2.0,"turns":3.0},{"damage":0.0,"enemies":"2 Louse","floor":5.0,"turns":4.0},{"damage":10.0,"enemies":"Gremlin Nob","floor":8.0,"turns":4.0},{"damage":5.0,"enemies":"3 Sentries","floor":10.0,"turns":4.0},{"damage":37.0,"enemies":"Hexaghost","floor":16.0,"turns":9.0},{"damage":13.0,"enemies":"Chosen","floor":18.0,"turns":8.0},{"damage":6.0,"enemies":"Gremlin Leader","floor":23.0,"turns":7.0},{"damage":8.0,"enemies":"Shell Parasite","floor":24.0,"turns":5.0},{"damage":5.0,"enemies":"Slavers","floor":25.0,"turns":4.0},{"damage":19.0,"enemies":"Book of Stabbing","floor":29.0,"turns":6.0},{"damage":0.0,"enemies":"Slavers","floor":31.0,"turns":1.0},{"damage":25.0,"enemies":"Collector","floor":33.0,"turns":8.0},{"damage":0.0,"enemies":"Orb Walker","floor":35.0,"turns":3.0},{"damage":0.0,"enemies":"3 Darklings","floor":36.0,"turns":5.0},{"damage":0,"enemies":"Reptomancer","floor":40,"turns":3},{"damage":0,"enemies":"Nemesis","floor":41,"turns":5},{"damage":0,"enemies":"Writhing Mass","floor":44,"turns":4},{"damage":0,"enemies":"Awakened One","floor":50,"turns":4}],"seed_played":"-7386017133472573341","potions_obtained":[{"floor":1.0,"key":"LiquidBronze"},{"floor":2.0,"key":"AttackPotion"},{"floor":5.0,"key":"LiquidBronze"}],"is_trial":false,"path_per_floor":["M","M","?","$","M","R","?","E","T","E","$","?","?","$","R","B",null,"M","?","$","?","?","E","M","E","T","?","$","E","?","E","R","B",null,"M","M","?","?","$","E","E","?","T","M","R","$","$","?","R","B",null],"character_chosen":"IRONCLAD","items_purchased":["Ancient Tea Set","ClockworkSouvenir","Dark Embrace","FossilizedHelix","Body Slam+1","Offering+1","Shrug It Off+1","Ornamental Fan","Body Slam+1","Metallicize","Frozen Eye","Shrug It Off+1"],"campfire_rested":5,"item_purchase_floors":[11,11,14,20,20,39,46,47,47,47,47,47],"current_hp_per_floor":[80,80,80,80,80,80,64,60,60,61,61,61,50,50,74,43,80,73,73,73,73,73,73,71,72,72,72,72,59,59,65,80,61,80,80,80,80,76,76,76,76,76,76,76,76,76,76,76,76,76],"gold":15,"neow_bonus":"","is_daily":true,"chose_seed":false,"campfire_upgraded":0,"win_rate":0.0,"timestamp":1614060018,"path_taken":["M","M","?","$","?","R","?","E","T","E","$","?","?","?","R","BOSS","M","?","$","?","?","E","?","E","T","?","$","E","?","E","R","BOSS","M","?","?","?","$","E","E","?","T","?","R","?","$","?","R","BOSS"],"items_purchased_type":["Relic","Relic","Card","Relic","Card","Card","Card","Relic","Card","Card","Relic","Card"],"build_version":"2020-12-22","purchased_purges":5,"victory":true,"max_hp_per_floor":[80,80,80,80,80,80,80,80,80,80,80,80,80,80,80,80,80,80,80,80,80,80,80,80,80,80,80,80,80,80,80,80,80,80,80,80,80,76,76,78,80,80,80,82,84,84,84,84,86,86],"card_choices":[{"not_picked":["Thunderclap","Spot Weakness"],"picked":"Entrench","floor":0.0},{"not_picked":["True Grit","Evolve"],"picked":"Battle Trance","floor":0.0},{"not_picked":["Armaments","Iron Wave"],"picked":"Body Slam","floor":0.0},{"not_picked":["Searing Blow","Shrug It Off"],"picked":"Flame Barrier","floor":0.0},{"not_picked":["Flex","Heavy Blade"],"picked":"Shockwave","floor":0.0},{"not_picked":["Clash","Wild Strike"],"picked":"Heavy Blade","floor":0.0},{"not_picked":["Flex","Thunderclap"],"picked":"Infernal Blade","floor":0.0},{"not_picked":["Heavy Blade","Iron Wave"],"picked":"Body Slam","floor":0.0},{"not_picked":["True Grit","Pommel Strike"],"picked":"Rampage","floor":0.0},{"not_picked":["Pummel","Reckless Charge"],"picked":"Headbutt","floor":0.0},{"not_picked":["Flex","Cleave"],"picked":"Body Slam","floor":0.0},{"not_picked":["Anger","Perfected Strike"],"picked":"Heavy Blade","floor":0.0},{"not_picked":["Heavy Blade","Iron Wave"],"picked":"Warcry","floor":0.0},{"not_picked":["Uppercut","Pommel Strike"],"picked":"Battle Trance","floor":0.0},{"not_picked":["Perfected Strike","Headbutt"],"picked":"True Grit","floor":0.0},{"not_picked":["Heavy Blade","Anger","Sword Boomerang"],"picked":"SKIP","floor":1.0},{"not_picked":["Entrench","Shrug It Off"],"picked":"Armaments","floor":2.0},{"not_picked":["True Grit","Flex","Battle Trance"],"picked":"SKIP","floor":5.0},{"not_picked":["Spot Weakness","Perfected Strike"],"picked":"Shrug It Off","floor":8.0},{"not_picked":["Flame Barrier","Evolve"],"picked":"Intimidate","floor":10.0},{"not_picked":["Exhume","Demon Form"],"picked":"Barricade","floor":16.0},{"not_picked":["Heavy Blade+1","Dropkick+1"],"picked":"Thunderclap+1","floor":18.0},{"not_picked":["PanicButton","Jack Of All Trades"],"picked":"Swift Strike+1","floor":21.0},{"not_picked":["Uppercut+1","Clash+1"],"picked":"Whirlwind+1","floor":23.0},{"not_picked":["Armaments","Shockwave","Twin Strike+1"],"picked":"SKIP","floor":24.0},{"not_picked":["Clash+1","Flame Barrier+1"],"picked":"Entrench","floor":25.0},{"not_picked":["Intimidate+1","Battle Trance+1"],"picked":"Seeing Red+1","floor":29.0},{"not_picked":["Rage+1","Berserk","Burning Pact+1"],"picked":"SKIP","floor":31.0},{"not_picked":["Ghostly Armor+1","Perfected Strike+1"],"picked":"Shrug It Off+1","floor":32.0},{"not_picked":["Immolate+1","Brutality"],"picked":"Juggernaut","floor":33.0},{"not_picked":["Power Through+1","Thunderclap+1","True Grit+1"],"picked":"SKIP","floor":35.0},{"not_picked":["Armaments+1","Pommel Strike+1","Havoc+1"],"picked":"SKIP","floor":36.0},{"not_picked":["Flame Barrier+1","Anger+1","Barricade"],"picked":"Singing Bowl","floor":40},{"not_picked":["Thunderclap+1","Blood for Blood+1","Shrug It Off+1"],"picked":"Singing Bowl","floor":41},{"not_picked":["Headbutt+1","Pommel Strike+1","Infernal Blade+1"],"picked":"Singing Bowl","floor":44},{"not_picked":["Iron Wave+1","Sword Boomerang+1","Hemokinesis+1"],"picked":"Singing Bowl","floor":45},{"not_picked":["Blood for Blood+1","Demon Form","Shrug It Off+1"],"picked":"Singing Bowl","floor":49}],"player_experience":570701,"relics_obtained":[{"floor":8.0,"key":"MawBank"},{"floor":9.0,"key":"Centennial Puzzle"},{"floor":10.0,"key":"InkBottle"},{"floor":23.0,"key":"Calipers"},{"floor":25.0,"key":"Akabeko"},{"floor":26.0,"key":"Toxic Egg 2"},{"floor":29.0,"key":"Bird Faced Urn"},{"floor":31.0,"key":"War Paint"},{"floor":40,"key":"Singing Bowl"},{"floor":40,"key":"Red Skull"},{"floor":41,"key":"Old Coin"},{"floor":41,"key":"Anchor"},{"floor":43,"key":"Orichalcum"}],"event_choices":[{"damage_healed":0.0,"max_hp_gain":0.0,"max_hp_loss":0.0,"gold_gain":0.0,"cards_transformed":["Heavy Blade"],"event_name":"Transmorgrifier","player_choice":"Transformed","floor":3.0,"gold_loss":0.0,"damage_taken":0.0,"cards_obtained":["Rage"]},{"damage_healed":80.0,"max_hp_gain":0.0,"max_hp_loss":80.0,"gold_gain":0.0,"event_name":"betterThird:BetterShining","player_choice":"Upgrade","floor":7.0,"gold_loss":0.0,"damage_taken":16.0,"cards_upgraded":["True Grit","Heavy Blade"]},{"damage_healed":0.0,"max_hp_gain":0.0,"max_hp_loss":0.0,"gold_gain":0.0,"event_name":"Big Fish","player_choice":"Box","floor":12.0,"gold_loss":0.0,"damage_taken":0.0,"relics_obtained":["Molten Egg 2"],"cards_obtained":["Regret"]},{"damage_healed":0.0,"max_hp_gain":0.0,"max_hp_loss":0.0,"gold_gain":0.0,"event_name":"betterThird:BetterGoop","player_choice":"Slimed","floor":13.0,"gold_loss":21.0,"damage_taken":11.0},{"damage_healed":0.0,"max_hp_gain":0.0,"max_hp_loss":0.0,"gold_gain":99.0,"event_name":"betterThird:BetterNest","player_choice":"Steal","floor":19.0,"gold_loss":0.0,"damage_taken":0.0},{"damage_healed":0.0,"max_hp_gain":0.0,"max_hp_loss":0.0,"gold_gain":2.0,"event_name":"betterStone:BetterStone","player_choice":"1","floor":21.0,"gold_loss":0.0,"damage_taken":0.0},{"damage_healed":0.0,"max_hp_gain":0.0,"max_hp_loss":0.0,"gold_gain":0.0,"event_name":"Upgrade Shrine","player_choice":"Upgraded","floor":22.0,"gold_loss":0.0,"damage_taken":0.0,"cards_upgraded":["Armaments"]},{"damage_healed":0.0,"max_hp_gain":0.0,"max_hp_loss":0.0,"gold_gain":0.0,"event_name":"The Library","player_choice":"Read","floor":27.0,"gold_loss":0.0,"damage_taken":0.0,"cards_obtained":["Seeing Red"]},{"damage_healed":0.0,"max_hp_gain":0.0,"max_hp_loss":0.0,"gold_gain":0.0,"event_name":"WeMeetAgain","player_choice":"Paid Gold","floor":30.0,"gold_loss":149.0,"damage_taken":0.0,"relics_obtained":["Dream Catcher"]},{"damage_healed":0.0,"max_hp_gain":0.0,"max_hp_loss":0.0,"gold_gain":0.0,"event_name":"MindBloom","player_choice":"Upgrade","floor":37.0,"gold_loss":0.0,"damage_taken":0.0,"cards_upgraded":["Entrench","Battle Trance","Body Slam","Flame Barrier","Infernal Blade","Body Slam","Rampage","Headbutt","Body Slam","Warcry","Battle Trance","Shrug It Off","Barricade","Entrench","Juggernaut"],"relics_obtained":["Mark of the Bloom"]},{"damage_healed":0.0,"max_hp_gain":0.0,"max_hp_loss":4.0,"gold_gain":0.0,"event_name":"Winding Halls","player_choice":"Max HP","floor":38.0,"gold_loss":0.0,"damage_taken":0.0},{"damage_healed":0,"gold_gain":0,"player_choice":"Ignored","damage_taken":0,"max_hp_gain":0,"max_hp_loss":0,"event_name":"betterThird:BetterPortal","floor":42,"gold_loss":0},{"damage_healed":0,"gold_gain":0,"player_choice":"Ignored","damage_taken":0,"max_hp_gain":0,"max_hp_loss":0,"event_name":"Mysterious Sphere","floor":48,"gold_loss":0}],"is_beta":false,"boss_relics":[{"not_picked":["Snecko Eye","Astrolabe"],"picked":"Sozu"},{"not_picked":["SlaversCollar","Tiny House"],"picked":"Black Star"}],"items_purged_floors":[4,20,28,46,47],"is_endless":false,"potions_floor_spawned":[1,2,5,25,31,33,35],"ascension_level":0}}