{"host":"Joker2kill","time":1614119975,"event":{"mods":["BaseMod","Bestiary","Curses Come First","Minty Spire (QoL Compilation)","StSLib"],"gold_per_floor":[118,138,151,161,161,192,192,219,242,276,276,290,321,321,321,420,420,440,440,458,468,15,15,30,64,118,144,157,185,185,197,197,295,295,315,97,111,161,161,187,200,215,215,243,243,260,260,275,275,275],"floor_reached":51,"language":"ENG","playtime":5856,"items_purged":["Defend_G"],"score":1064,"play_id":"3715f80d-01c8-4a24-b08c-fb52c69ddd42","local_time":"20210223173935","is_ascension_mode":true,"campfire_choices":[{"floor":7,"key":"REST"},{"floor":11,"key":"REST"},{"floor":15,"key":"REST"},{"data":"Concentrate","floor":23,"key":"SMITH"},{"floor":30,"key":"REST"},{"floor":32,"key":"REST"},{"data":"Accuracy","floor":45,"key":"SMITH"},{"data":"After Image","floor":47,"key":"SMITH"},{"data":"Sucker Punch","floor":49,"key":"SMITH"}],"circlet_count":0,"master_deck":["Strike_G","Strike_G","Strike_G","Strike_G","Strike_G","Defend_G","Defend_G","Defend_G+1","Defend_G","Survivor","Neutralize","Blade Dance","Skewer+1","Sucker Punch+1","PiercingWail","Concentrate+1","Reflex","Acrobatics","After Image","CurseOfTheBell","Poisoned Stab","Finisher+1","Well Laid Plans","Poisoned Stab+1","Tactician+1","Infinite Blades","Blade Dance","Outmaneuver","Tools of the Trade","Slice+1","After Image+1","Noxious Fumes+1","Caltrops+1","Venomology","Acrobatics+1","Footwork+1","Regret","Accuracy+1","Slice+1","Bane+1"],"relics":["Ring of the Snake","NeowsBlessing","InkBottle","Ancient Tea Set","Tiny Chest","PreservedInsect","Mango","Calling Bell","Vajra","Gremlin Horn","Du-Vu Doll","MutagenicStrength","FossilizedHelix","Toy Ornithopter","Bronze Scales","Omamori","Snake Skull","War Paint","Cursed Key","DollysMirror","Incense Burner","Smiling Mask","White Beast Statue","Paper Crane","Bag of Preparation"],"acts_visited":["Exordium","TheCity","TheBeyond"],"potions_floor_usage":[6,10,12,16,20,21,25,33,33,40,40,41,42,44,44,46,48,50,50,50,50],"damage_taken":[{"damage":0,"enemies":"Cultist","floor":1,"turns":1},{"damage":0,"enemies":"Small Slimes","floor":2,"turns":1},{"damage":0,"enemies":"2 Louse","floor":3,"turns":1},{"damage":7,"enemies":"Blue Slaver","floor":4,"turns":4},{"damage":26,"enemies":"Lagavulin","floor":6,"turns":6},{"damage":25,"enemies":"Gremlin Nob","floor":8,"turns":4},{"damage":12,"enemies":"3 Sentries","floor":10,"turns":7},{"damage":0,"enemies":"Gremlin Gang","floor":12,"turns":2},{"damage":30,"enemies":"Gremlin Nob","floor":13,"turns":4},{"damage":13,"enemies":"The Guardian","floor":16,"turns":10},{"damage":8,"enemies":"Shell Parasite","floor":18,"turns":5},{"damage":0,"enemies":"3 Byrds","floor":20,"turns":5},{"damage":17,"enemies":"Centurion and Healer","floor":21,"turns":5},{"damage":8,"enemies":"Chosen and Byrds","floor":24,"turns":5},{"damage":0,"enemies":"Gremlin Leader","floor":25,"turns":3},{"damage":17,"enemies":"Slavers","floor":27,"turns":4},{"damage":18,"enemies":"3 Cultists","floor":28,"turns":6},{"damage":18,"enemies":"Book of Stabbing","floor":29,"turns":4},{"damage":5,"enemies":"Shelled Parasite and Fungi","floor":31,"turns":3},{"damage":55,"enemies":"Collector","floor":33,"turns":8},{"damage":0,"enemies":"3 Shapes","floor":35,"turns":2},{"damage":9,"enemies":"3 Darklings","floor":37,"turns":4},{"damage":0,"enemies":"Mind Bloom Boss Battle","floor":38,"turns":7},{"damage":0,"enemies":"Giant Head","floor":40,"turns":6},{"damage":12,"enemies":"4 Shapes","floor":41,"turns":6},{"damage":10,"enemies":"Writhing Mass","floor":42,"turns":5},{"damage":0,"enemies":"Reptomancer","floor":44,"turns":4},{"damage":0,"enemies":"Spire Growth","floor":46,"turns":2},{"damage":0,"enemies":"3 Darklings","floor":48,"turns":4},{"damage":20,"enemies":"Time Eater","floor":50,"turns":10}],"seed_played":"7881741980541240301","potions_obtained":[{"floor":1,"key":"Block Potion"},{"floor":6,"key":"Block Potion"},{"floor":8,"key":"Explosive Potion"},{"floor":12,"key":"CultistPotion"},{"floor":16,"key":"DistilledChaos"},{"floor":20,"key":"SkillPotion"},{"floor":21,"key":"DistilledChaos"},{"floor":28,"key":"DistilledChaos"},{"floor":29,"key":"FearPotion"},{"floor":33,"key":"GhostInAJar"},{"floor":37,"key":"BlessingOfTheForge"},{"floor":38,"key":"ColorlessPotion"},{"floor":41,"key":"LiquidBronze"},{"floor":42,"key":"SpeedPotion"},{"floor":44,"key":"SkillPotion"},{"floor":48,"key":"SpeedPotion"}],"is_trial":false,"path_per_floor":["M","M","M","M","?","E","R","E","T","E","R","M","E","?","R","B",null,"M","?","M","M","$","R","M","E","T","E","M","E","R","M","R","B",null,"M","$","M","?","T","E","M","M","T","E","R","M","R","M","R","B",null],"character_chosen":"THE_SILENT","items_purchased":["FossilizedHelix","Toy Ornithopter","DollysMirror"],"campfire_rested":5,"item_purchase_floors":[22,22,36],"current_hp_per_floor":[70,70,70,63,63,37,58,33,33,21,42,42,26,26,51,38,84,76,76,76,59,59,59,51,56,56,39,21,3,28,23,48,3,84,84,84,75,75,75,84,72,67,67,77,77,82,82,84,84,84],"gold":275,"neow_bonus":"THREE_ENEMY_KILL","is_daily":false,"chose_seed":false,"campfire_upgraded":4,"win_rate":0.0,"timestamp":1614119975,"path_taken":["M","M","M","M","?","E","R","E","T","E","R","M","E","?","R","BOSS","M","?","M","M","$","R","M","E","T","E","M","E","R","M","R","BOSS","M","$","M","?","?","E","M","M","T","E","R","M","R","M","R","BOSS"],"items_purchased_type":["Relic","Relic","Relic"],"build_version":"2020-12-18","purchased_purges":1,"victory":true,"max_hp_per_floor":[70,70,70,70,70,70,70,70,70,70,70,70,84,84,84,84,84,84,84,84,84,84,84,84,84,84,84,84,84,84,84,84,84,84,84,84,84,84,84,84,84,84,84,84,84,84,84,84,84,84],"card_choices":[{"not_picked":["PiercingWail","Bane"],"picked":"Blade Dance","floor":1},{"not_picked":["Expertise","Riddle With Holes"],"picked":"Skewer","floor":2},{"not_picked":["Finisher","Tactician"],"picked":"Sucker Punch","floor":3},{"not_picked":["Masterful Stab","Underhanded Strike"],"picked":"PiercingWail","floor":4},{"not_picked":["PiercingWail","Footwork"],"picked":"Concentrate","floor":6},{"not_picked":["Finisher","Underhanded Strike","Deadly Poison"],"picked":"SKIP","floor":8},{"not_picked":["Predator","Night Terror"],"picked":"Reflex","floor":10},{"not_picked":["Deadly Poison","Dagger Throw"],"picked":"Acrobatics","floor":12},{"not_picked":["Choke","Distraction","Flying Knee"],"picked":"SKIP","floor":13},{"not_picked":["Storm of Steel","Die Die Die"],"picked":"After Image","floor":16},{"not_picked":["Deadly Poison","Deflect"],"picked":"Poisoned Stab","floor":18},{"not_picked":["Bouncing Flask+1","Slice"],"picked":"Finisher+1","floor":20},{"not_picked":["Quick Slash","Flying Knee"],"picked":"Well Laid Plans","floor":21},{"not_picked":["Skewer+1","Dagger Spray","Distraction"],"picked":"SKIP","floor":24},{"not_picked":["Blur","Acrobatics"],"picked":"Poisoned Stab+1","floor":25},{"not_picked":["Dash","Escape Plan+1"],"picked":"Tactician","floor":27},{"not_picked":["Predator","Backflip"],"picked":"Infinite Blades","floor":28},{"not_picked":["Deflect","Backflip"],"picked":"Blade Dance","floor":29},{"not_picked":["Well Laid Plans+1","Doppelganger"],"picked":"Outmaneuver","floor":31},{"not_picked":["Phantasmal Killer","Unload"],"picked":"Tools of the Trade","floor":33},{"not_picked":["Dodge and Roll","Flying Knee+1"],"picked":"Slice+1","floor":35},{"not_picked":["Acrobatics+1","Underhanded Strike+1"],"picked":"Noxious Fumes+1","floor":37},{"not_picked":["Concentrate+1","Quick Slash+1"],"picked":"Caltrops+1","floor":38},{"not_picked":["Sucker Punch","Deadly Poison"],"picked":"Venomology","floor":40},{"not_picked":["Dagger Throw","All Out Attack+1"],"picked":"Acrobatics+1","floor":41},{"not_picked":["Infinite Blades+1","Prepared"],"picked":"Footwork+1","floor":42},{"not_picked":["A Thousand Cuts","Tactician+1"],"picked":"Accuracy","floor":44},{"not_picked":["Underhanded Strike","Setup"],"picked":"Slice+1","floor":46},{"not_picked":["PiercingWail","Poisoned Stab+1"],"picked":"Bane+1","floor":48}],"player_experience":359745,"relics_obtained":[{"floor":6,"key":"InkBottle"},{"floor":8,"key":"Ancient Tea Set"},{"floor":9,"key":"Tiny Chest"},{"floor":10,"key":"PreservedInsect"},{"floor":13,"key":"Mango"},{"floor":17,"key":"Vajra"},{"floor":17,"key":"Gremlin Horn"},{"floor":17,"key":"Du-Vu Doll"},{"floor":25,"key":"Bronze Scales"},{"floor":26,"key":"Omamori"},{"floor":27,"key":"Snake Skull"},{"floor":29,"key":"War Paint"},{"floor":38,"key":"Incense Burner"},{"floor":39,"key":"Smiling Mask"},{"floor":40,"key":"White Beast Statue"},{"floor":43,"key":"Paper Crane"},{"floor":44,"key":"Bag of Preparation"}],"event_choices":[{"damage_healed":0,"gold_gain":0,"player_choice":"Grow","damage_taken":0,"max_hp_gain":0,"max_hp_loss":0,"event_name":"Living Wall","floor":5,"gold_loss":0,"cards_upgraded":["Skewer"]},{"damage_healed":0,"gold_gain":0,"player_choice":"Fled","damage_taken":0,"max_hp_gain":0,"max_hp_loss":0,"event_name":"Scrap Ooze","floor":14,"gold_loss":0},{"damage_healed":0,"gold_gain":0,"player_choice":"Inject Mutagens","damage_taken":0,"relics_obtained":["MutagenicStrength"],"max_hp_gain":0,"max_hp_loss":0,"event_name":"Drug Dealer","floor":19,"gold_loss":0},{"damage_healed":0,"gold_gain":0,"player_choice":"Fight","damage_taken":0,"max_hp_gain":0,"max_hp_loss":0,"event_name":"MindBloom","floor":38,"gold_loss":0}],"is_beta":true,"boss_relics":[{"not_picked":["Velvet Choker","Busted Crown"],"picked":"Calling Bell"},{"not_picked":["Ring of the Serpent","Snecko Eye"],"picked":"Cursed Key"}],"items_purged_floors":[36],"is_endless":false,"potions_floor_spawned":[1,6,8,12,16,20,21,28,29,33,37,38,41,42,44,46,48],"ascension_level":4}}