{"host":"prxrhpgaxnj4om9r","time":1614066987,"event":{"mods":["AchievementEnabler","BaseMod","Colored Map","DeckTracker","Minty Spire (QoL Compilation)"],"gold_per_floor":[219,184,199,218,198,198,233,244,289,314,389,405,405,431,431,526,526,542,556,154,173,191,191,191],"floor_reached":23,"language":"KOR","playtime":1019,"items_purged":[],"score":277,"play_id":"858cf5dd-f088-4ebd-8bd2-71c55bccc8c4","local_time":"20210223165627","is_ascension_mode":true,"campfire_choices":[{"data":"Eruption","floor":6,"key":"SMITH"},{"floor":15,"key":"REST"}],"circlet_count":0,"master_deck":["Eruption+1","Vigilance+1","Prostrate","CrushJoints","Consecrate","BowlingBash","Worship+1","DeusExMachina","Evaluate+1","FlurryOfBlows","LessonLearned","BowlingBash","Perseverance","Blasphemy","MasterReality+1","BattleHymn","Crescendo","Fasting2","Wallop","Study+1","Indignation","WindmillStrike","Adaptation","InnerPeace","MentalFortress+1"],"relics":["PureWater","Meat on the Bone","Oddly Smooth Stone","PreservedInsect","Anchor","Pandora\u0027s Box","Du-Vu Doll"],"acts_visited":["Exordium","TheCity"],"potions_floor_usage":[7,10,10,14,16,19,22,23],"damage_taken":[{"damage":0,"enemies":"2 Louse","floor":1,"turns":2},{"damage":0,"enemies":"Cultist","floor":3,"turns":3},{"damage":0,"enemies":"Small Slimes","floor":4,"turns":2},{"damage":30,"enemies":"3 Sentries","floor":7,"turns":6},{"damage":4,"enemies":"Exordium Wildlife","floor":8,"turns":3},{"damage":14,"enemies":"Lagavulin","floor":10,"turns":5},{"damage":2,"enemies":"Blue Slaver","floor":12,"turns":3},{"damage":3,"enemies":"3 Sentries","floor":14,"turns":4},{"damage":26,"enemies":"Slime Boss","floor":16,"turns":8},{"damage":1,"enemies":"Spheric Guardian","floor":18,"turns":3},{"damage":12,"enemies":"Shell Parasite","floor":19,"turns":5},{"damage":23,"enemies":"Chosen and Byrds","floor":21,"turns":6},{"damage":23,"enemies":"Centurion and Healer","floor":22,"turns":4},{"damage":42,"enemies":"Book of Stabbing","floor":23,"turns":3}],"seed_played":"6016139921119908949","potions_obtained":[{"floor":4,"key":"StancePotion"},{"floor":5,"key":"Fruit Juice"},{"floor":7,"key":"BottledMiracle"},{"floor":10,"key":"Dexterity Potion"},{"floor":14,"key":"Swift Potion"},{"floor":16,"key":"StancePotion"},{"floor":21,"key":"FearPotion"},{"floor":22,"key":"Dexterity Potion"}],"is_trial":false,"path_per_floor":["M","?","M","M","?","R","E","M","T","E","?","M","?","E","R","B",null,"M","M","$","M","M","E"],"character_chosen":"WATCHER","items_purchased":["Du-Vu Doll","WindmillStrike","Adaptation"],"campfire_rested":1,"item_purchase_floors":[20,20,20],"current_hp_per_floor":[65,72,72,72,72,72,47,43,43,41,30,40,25,34,57,43,69,68,56,56,45,34,0,0],"gold":191,"neow_bonus":"HUNDRED_GOLD","is_daily":false,"chose_seed":false,"campfire_upgraded":1,"win_rate":0.0,"timestamp":1614066987,"path_taken":["M","?","M","M","?","R","E","?","T","E","?","M","?","E","R","BOSS","M","M","$","M","M","E"],"items_purchased_type":["Relic","Card","Card"],"build_version":"2020-12-22","purchased_purges":0,"victory":false,"max_hp_per_floor":[72,72,72,72,72,72,77,77,77,77,77,77,77,77,77,77,77,77,77,77,77,77,77,77],"card_choices":[{"not_picked":["Crescendo","CrushJoints"],"picked":"Prostrate","floor":1},{"not_picked":["ThirdEye","Nirvana"],"picked":"CrushJoints","floor":3},{"not_picked":["FlurryOfBlows","Weave"],"picked":"Consecrate","floor":4},{"not_picked":["Fasting2","Vengeance"],"picked":"BowlingBash","floor":7},{"not_picked":["FlyingSleeves","ThirdEye"],"picked":"Worship","floor":8},{"not_picked":["PathToVictory","Consecrate"],"picked":"DeusExMachina","floor":10},{"not_picked":["Consecrate","PathToVictory"],"picked":"Evaluate","floor":12},{"not_picked":["Prostrate","ClearTheMind"],"picked":"FlurryOfBlows","floor":14},{"not_picked":["Blasphemy","Scrawl"],"picked":"LessonLearned","floor":16},{"not_picked":["Collect","Crescendo"],"picked":"Study+1","floor":18},{"not_picked":["CutThroughFate","Meditate"],"picked":"Indignation","floor":19},{"not_picked":["Evaluate","EmptyMind"],"picked":"InnerPeace","floor":21},{"not_picked":["Tantrum","Indignation+1"],"picked":"MentalFortress+1","floor":22}],"player_experience":605835,"relics_obtained":[{"floor":7,"key":"Meat on the Bone"},{"floor":9,"key":"Oddly Smooth Stone"},{"floor":10,"key":"PreservedInsect"},{"floor":14,"key":"Anchor"}],"event_choices":[{"damage_healed":18,"gold_gain":0,"player_choice":"Healed","damage_taken":0,"max_hp_gain":0,"max_hp_loss":0,"event_name":"The Cleric","floor":2,"gold_loss":35},{"damage_healed":0,"gold_gain":0,"player_choice":"Bought 1 Potion","damage_taken":0,"max_hp_gain":0,"max_hp_loss":0,"event_name":"The Woman in Blue","floor":5,"gold_loss":0},{"damage_healed":0,"gold_gain":75,"player_choice":"Gather Gold","damage_taken":11,"max_hp_gain":0,"max_hp_loss":0,"event_name":"World of Goop","floor":11,"gold_loss":0},{"damage_healed":0,"gold_gain":0,"player_choice":"Entered Light","damage_taken":15,"max_hp_gain":0,"max_hp_loss":0,"event_name":"Shining Light","floor":13,"gold_loss":0,"cards_upgraded":["Vigilance","Evaluate"]}],"is_beta":false,"boss_relics":[{"not_picked":["VioletLotus","Coffee Dripper"],"picked":"Pandora\u0027s Box"}],"items_purged_floors":[],"is_endless":false,"potions_floor_spawned":[4,7,10,14,16,21,22],"killed_by":"Book of Stabbing","ascension_level":6}}