{"host":"50qwps766cbz6ukm","time":1614073362,"event":{"mods":["BaseMod","Colored Map","Colored Powertips","DeckTracker","Highlight Path","Minty Spire (QoL Compilation)","Quick Restart","Remove Card Discount Mod","StSLib","SuperFastMode","Synergy Search"],"gold_per_floor":[113,113,125,43,58,85,85,85,112,112,123,123,123],"floor_reached":12,"language":"ENG","playtime":189,"items_purged":["Strike_P","Strike_P","Strike_P","Defend_P","Defend_P","Defend_P","Defend_P"],"score":117,"play_id":"0e84f578-0355-43d0-a47d-75684a65a006","local_time":"20210223114242","is_ascension_mode":true,"campfire_choices":[{"data":"Eruption","floor":7,"key":"SMITH"}],"circlet_count":0,"master_deck":["AscendersBane","Eruption+1","Vigilance+1","Consecrate+1","Wallop+1","Prostrate"],"relics":["PureWater","NeowsBlessing","Ancient Tea Set","Oddly Smooth Stone"],"acts_visited":["Exordium"],"potions_floor_usage":[],"damage_taken":[{"damage":0,"enemies":"2 Louse","floor":1,"turns":1},{"damage":0,"enemies":"Cultist","floor":3,"turns":1},{"damage":0,"enemies":"Small Slimes","floor":5,"turns":1},{"damage":24,"enemies":"Lagavulin","floor":6,"turns":6},{"damage":0,"enemies":"2 Fungi Beasts","floor":11,"turns":1},{"damage":36,"enemies":"3 Sentries","floor":12,"turns":6}],"seed_played":"-3819485569107660607","potions_obtained":[{"floor":1,"key":"Energy Potion"}],"is_trial":false,"path_per_floor":["M","?","M","$","M","E","R","?","T","?","M","E"],"character_chosen":"WATCHER","items_purchased":["Wallop"],"campfire_rested":0,"item_purchase_floors":[4],"current_hp_per_floor":[65,65,65,65,65,41,41,27,27,27,27,0,0],"gold":123,"neow_bonus":"THREE_ENEMY_KILL","is_daily":false,"chose_seed":false,"campfire_upgraded":1,"win_rate":0.0,"timestamp":1614073362,"path_taken":["M","?","?","$","M","E","R","?","T","?","M","E"],"items_purchased_type":["Card"],"build_version":"2020-12-22","purchased_purges":7,"victory":false,"max_hp_per_floor":[72,72,72,72,72,72,72,72,72,72,72,72,72],"card_choices":[{"not_picked":["Collect","CutThroughFate","Weave"],"picked":"SKIP","floor":1},{"not_picked":["Crescendo","JustLucky"],"picked":"Consecrate","floor":3},{"not_picked":["SandsOfTime","EmptyFist","Halt"],"picked":"SKIP","floor":5},{"not_picked":["Perseverance","EmptyMind","PathToVictory"],"picked":"SKIP","floor":6},{"not_picked":["Perseverance","Evaluate"],"picked":"Prostrate","floor":11}],"player_experience":603222,"relics_obtained":[{"floor":6,"key":"Ancient Tea Set"},{"floor":9,"key":"Oddly Smooth Stone"}],"event_choices":[{"cards_removed":["Strike_P"],"damage_healed":0,"gold_gain":0,"player_choice":"Card Removal","damage_taken":0,"max_hp_gain":0,"max_hp_loss":0,"event_name":"Wheel of Change","floor":2,"gold_loss":0},{"damage_healed":0,"gold_gain":0,"player_choice":"Entered Light","damage_taken":14,"max_hp_gain":0,"max_hp_loss":0,"event_name":"Shining Light","floor":8,"gold_loss":0,"cards_upgraded":["Wallop","Consecrate"]},{"damage_healed":0,"gold_gain":0,"player_choice":"Grow","damage_taken":0,"max_hp_gain":0,"max_hp_loss":0,"event_name":"Living Wall","floor":10,"gold_loss":0,"cards_upgraded":["Vigilance"]}],"is_beta":false,"boss_relics":[],"items_purged_floors":[4,4,4,4,4,4,4],"is_endless":false,"potions_floor_spawned":[1],"killed_by":"3 Sentries","ascension_level":10}}