{"host":"skr63qsdfgeey3it","time":1614065078,"event":{"mods":["BaseMod","Colored Map","Hubris","Minty Spire (QoL Compilation)","Monster B Gone","Reliquary","Replay The Spire","Spicy Shops","StSLib"],"gold_per_floor":[110,125,125,125,125,125,125,125,151,163,183,202,202,202,202,202,202],"floor_reached":16,"language":"ENG","playtime":251,"items_purged":[],"score":162,"play_id":"f420903b-5168-433f-97b4-91bd2be55afd","local_time":"20210223012438","is_ascension_mode":true,"campfire_choices":[{"floor":6,"key":"REST"},{"floor":8,"key":"REST"},{"floor":15,"key":"DIG"}],"circlet_count":0,"master_deck":["AscendersBane","Strike_B","Strike_B","Strike_B","Strike_B","Defend_B","Defend_B","Defend_B","Defend_B","Zap","Dualcast","hubris:DuctTapeCard","ReplayGash","BasicCrystalCard","Rebound"],"relics":["Cracked Core","NeowsBlessing","hubris:Towel","hubris:DuctTape","hubris:FruitBowl","hubris:EvacipatedBox","hubris:MedicalManual","Smiling Mask","Golden Idol","FaceOfCleric","Gremlin Horn"],"acts_visited":["Exordium"],"potions_floor_usage":[12],"damage_taken":[{"damage":0,"enemies":"2 Louse","floor":1,"turns":1},{"damage":0,"enemies":"Jaw Worm","floor":2,"turns":1},{"damage":0,"enemies":"Cultist","floor":10,"turns":1},{"damage":0,"enemies":"Large Slime","floor":11,"turns":4},{"damage":11,"enemies":"Exordium Thugs","floor":12,"turns":2},{"damage":46,"enemies":"Slime Boss","floor":16,"turns":5}],"seed_played":"-3479283654483530342","potions_obtained":[{"floor":11,"key":"AttackPotion"}],"is_trial":false,"path_per_floor":["M","M","?","?","$","R","?","R","T","M","M","M","?","?","R_BF","B"],"character_chosen":"DEFECT","items_purchased":["hubris:FruitBowl","hubris:EvacipatedBox"],"campfire_rested":2,"item_purchase_floors":[5,5],"current_hp_per_floor":[64,64,64,53,15,36,36,57,57,57,57,46,46,46,46,0,0],"gold":202,"neow_bonus":"THREE_ENEMY_KILL","is_daily":false,"chose_seed":false,"campfire_upgraded":0,"win_rate":0.0,"timestamp":1614065078,"path_taken":["M","M","?","?","?","R","?","R","T","M","?","M","?","?","R_BF","BOSS"],"items_purchased_type":["Relic","Relic"],"build_version":"2020-12-22","purchased_purges":0,"victory":false,"max_hp_per_floor":[71,71,71,71,71,71,71,71,71,71,71,71,61,61,61,61,61],"card_choices":[{"not_picked":["Melter","Turbo"],"picked":"Streamline","floor":1},{"not_picked":["hubris:PowerSurge","Redo"],"picked":"Gash","floor":2},{"not_picked":["Cold Snap","BasicCrystalCard"],"picked":"ReplayGash","floor":10},{"not_picked":["Go for the Eyes","Beam Cell"],"picked":"BasicCrystalCard","floor":11},{"not_picked":["Time Bomb","Coolheaded"],"picked":"Rebound","floor":12}],"player_experience":1002072,"relics_obtained":[{"floor":9,"key":"Smiling Mask"},{"floor":15,"key":"Gremlin Horn"}],"event_choices":[{"damage_healed":0,"gold_gain":0,"player_choice":"Success","damage_taken":11,"relics_obtained":["hubris:DuctTape"],"max_hp_gain":0,"max_hp_loss":0,"event_name":"Scrap Ooze","floor":4,"gold_loss":0},{"damage_healed":0,"gold_gain":0,"player_choice":"Searched \u00272\u0027 times","damage_taken":0,"relics_obtained":["hubris:MedicalManual"],"max_hp_gain":0,"max_hp_loss":0,"event_name":"Dead Adventurer","floor":7,"gold_loss":0},{"damage_healed":0,"gold_gain":0,"player_choice":"Lose Max HP","damage_taken":0,"relics_obtained":["Golden Idol"],"max_hp_gain":0,"max_hp_loss":7,"event_name":"Golden Idol","floor":13,"gold_loss":0},{"damage_healed":0,"gold_gain":0,"player_choice":"Trade","damage_taken":0,"relics_obtained":["FaceOfCleric"],"max_hp_gain":0,"max_hp_loss":0,"event_name":"FaceTrader","floor":14,"gold_loss":0}],"is_beta":false,"boss_relics":[],"items_purged_floors":[],"is_endless":false,"potions_floor_spawned":[11],"killed_by":"Slime Boss","ascension_level":16}}