{"host":"pku2ezd6xfz92yh2","time":1614045757,"event":{"mods":["AchievementEnabler","BaseMod","Colored Map","Colored Powertips","Minty Spire (QoL Compilation)","Uncapped"],"gold_per_floor":[109,124,124,50,50,50,79,33,57,57,82,82,39,39,39,135,135,148,168,186,99,116,116,116,116],"floor_reached":24,"language":"ENG","playtime":1196,"items_purged":[],"score":202,"play_id":"a2a2ca25-b35d-4d53-8cf2-1c76155aa744","local_time":"20210222200237","is_ascension_mode":false,"campfire_choices":[{"data":"Searing Blow","floor":6,"key":"SMITH"},{"floor":10,"key":"REST"},{"data":"Searing Blow+1","floor":12,"key":"SMITH"},{"floor":15,"key":"REST"},{"data":"Searing Blow+2","floor":23,"key":"SMITH"}],"circlet_count":0,"master_deck":["Strike_R","Strike_R","Strike_R","Strike_R","Strike_R","Defend_R","Defend_R","Defend_R+1","Defend_R+1","Bash","Armaments","Feel No Pain","Searing Blow+3","Body Slam","Iron Wave","Fiend Fire","Demon Form","Infernal Blade","Anger","Ghostly Armor+1","Enlightenment","Sever Soul"],"relics":["Burning Blood","Lantern","Juzu Bracelet","War Paint","Charon\u0027s Ashes","Runic Pyramid"],"acts_visited":["Exordium","TheCity"],"potions_floor_usage":[7,11,16,24],"damage_taken":[{"damage":0,"enemies":"Small Slimes","floor":1,"turns":3},{"damage":6,"enemies":"Jaw Worm","floor":2,"turns":4},{"damage":52,"enemies":"3 Sentries","floor":7,"turns":9},{"damage":20,"enemies":"Lagavulin","floor":11,"turns":7},{"damage":50,"enemies":"The Guardian","floor":16,"turns":13},{"damage":10,"enemies":"Chosen","floor":18,"turns":3},{"damage":9,"enemies":"Shell Parasite","floor":19,"turns":4},{"damage":25,"enemies":"Cultist and Chosen","floor":20,"turns":5},{"damage":14,"enemies":"Snecko","floor":22,"turns":5},{"damage":66,"enemies":"Slavers","floor":24,"turns":4}],"seed_played":"-4192233910009003893","potions_obtained":[{"floor":2,"key":"LiquidBronze"},{"floor":7,"key":"Fruit Juice"},{"floor":11,"key":"BlessingOfTheForge"},{"floor":16,"key":"Explosive Potion"},{"floor":19,"key":"LiquidMemories"},{"floor":22,"key":"BlessingOfTheForge"}],"is_trial":false,"path_per_floor":["M","M","?","$","?","R","E","$","T","R","E","R","?","?","R","B",null,"M","M","M","$","M","R","E"],"character_chosen":"IRONCLAD","items_purchased":["Searing Blow","Iron Wave","Enlightenment"],"campfire_rested":2,"item_purchase_floors":[4,8,21],"current_hp_per_floor":[80,80,80,80,85,85,44,44,44,71,57,57,57,32,59,15,90,86,83,64,64,56,56,0,0],"gold":116,"neow_bonus":"","is_daily":false,"chose_seed":false,"campfire_upgraded":3,"win_rate":0.0,"timestamp":1614045757,"path_taken":["M","M","?","$","?","R","E","$","T","R","E","R","?","?","R","BOSS","M","M","M","$","M","R","E"],"items_purchased_type":["Card","Card","Card"],"build_version":"2020-12-22","purchased_purges":0,"victory":false,"max_hp_per_floor":[80,80,80,80,85,85,90,90,90,90,90,90,90,90,90,90,90,90,90,90,90,90,90,90,90],"card_choices":[{"not_picked":["True Grit","Whirlwind"],"picked":"Armaments","floor":1},{"not_picked":["True Grit","Headbutt"],"picked":"Feel No Pain","floor":2},{"not_picked":["Cleave","Dropkick"],"picked":"Body Slam","floor":7},{"not_picked":["Seeing Red","Rupture"],"picked":"Fiend Fire","floor":11},{"not_picked":["Offering","Brutality"],"picked":"Demon Form","floor":16},{"not_picked":["Perfected Strike+1","Warcry"],"picked":"Infernal Blade","floor":18},{"not_picked":["Battle Trance","Body Slam"],"picked":"Anger","floor":19},{"not_picked":["Reckless Charge","Rupture+1"],"picked":"Ghostly Armor+1","floor":20},{"not_picked":["Anger","Headbutt+1"],"picked":"Sever Soul","floor":22}],"player_experience":0,"relics_obtained":[{"floor":7,"key":"Lantern"},{"floor":9,"key":"Juzu Bracelet"},{"floor":11,"key":"War Paint"}],"event_choices":[{"damage_healed":0,"gold_gain":0,"player_choice":"Leave","damage_taken":0,"max_hp_gain":0,"max_hp_loss":0,"event_name":"The Cleric","floor":3,"gold_loss":0},{"damage_healed":0,"gold_gain":0,"player_choice":"Donut","damage_taken":0,"max_hp_gain":5,"max_hp_loss":0,"event_name":"Big Fish","floor":5,"gold_loss":0},{"damage_healed":0,"gold_gain":0,"player_choice":"Left Gold","damage_taken":0,"max_hp_gain":0,"max_hp_loss":0,"event_name":"World of Goop","floor":13,"gold_loss":43},{"damage_healed":0,"gold_gain":0,"player_choice":"Success","damage_taken":25,"relics_obtained":["Charon\u0027s Ashes"],"max_hp_gain":0,"max_hp_loss":0,"event_name":"Scrap Ooze","floor":14,"gold_loss":0}],"is_beta":false,"boss_relics":[{"not_picked":["Philosopher\u0027s Stone","Empty Cage"],"picked":"Runic Pyramid"}],"items_purged_floors":[],"is_endless":false,"potions_floor_spawned":[2,7,11,16,19,22],"killed_by":"Slavers","ascension_level":0}}