{"host":"8yon5n5je7lh4vc0","time":1614099045,"event":{"mods":["AchievementEnabler","BaseMod","BetterRewards","Downfall","Gold Saver","Good Game Mod","Highlight Path","Hubris","Infinite Spire","Minty Spire (QoL Compilation)","Permanent Neow","Quick Restart","Remilia（蕾米莉亚）","Remove Card Discount Mod","Replay The Spire","Shop Mod","Spicy Shops","StSLib","SuperFastMode","TestMod","The Animator","Thieving Mod","UnlockEverythingMod","篝火指南"],"gold_per_floor":[114,114,114,114,182,182,200,39,39,70,89,89,112,112,112,196,196,213,213,237,251,136,170,189,189,214,235,254,294,294,294,86,177,177,196,216,216,229,252,292,292,307,307,345,367,367,517,534,123,141,145,145],"floor_reached":51,"language":"ZHS","playtime":3817,"items_purged":["Pain","Bash","Strike_R","Strike_R","Strike_R","Defend_R","Injury","Strike_R","Strike_R","Defend_R","Defend_R"],"score":1873,"play_id":"cef11d80-db18-4e3a-89ea-c99e6573b373","local_time":"20210224005045","is_ascension_mode":true,"campfire_choices":[{"floor":6.0,"key":"REST"},{"data":"Flash of Steel","floor":12.0,"key":"SMITH"},{"data":"Anger","floor":12.0,"key":"SMITH"},{"floor":15.0,"key":"RECALL"},{"data":"Demon Form","floor":25.0,"key":"SMITH"},{"data":"Anger","floor":25.0,"key":"SMITH"}],"circlet_count":0,"master_deck":["AscendersBane","Defend_R+1","Replay:Dark Deal","Shrug It Off","Rage","Reckless Charge","Pommel Strike","Flash of Steel+1","Anger+1","Replay:Many Hands","Anger+1","ReplayTheSpireMod:Strike From Hell","Sentinel+1","Demon Form+1","Dual Wield+1","Seeing Red+1","Flex+1","Metallicize","Juggernaut","Body Slam","Bloodletting+1","Inflame","infinitespire:FutureSight+1","Dual Wield+1","infinitespire:FutureSight+1"],"relics":["bronze:DecasWashers","champ:DeflectingBracers","animator:HallowedScabbard","hubris:TenFootPole","testmod-BlackFramedGlasses","hubris:BundleOfHerbs","testmod-TheFather","testmod-ThousandKnives","Blood Vial","hubris:ScarierMask","infinitespire:Cubic Diamond","testmod-BouquetWithThorns","Medical Kit","testmod-RealStoneCalender","Replay:Arrowhead","Ring of Chaos","MerchantsRug","hubris:SlimyHat","Toxic Egg 2","testmod-TurbochargingSystem","Ring of Hypnosis","Ring of Fury","SlaversCollar","Golden Egg","Gambling Chip","infinitespire:WardingShard","PreservedInsect","King of Hearts","DollysMirror","Cauldron"],"acts_visited":["Exordium","TheCity","TheBeyond"],"potions_floor_usage":[50],"damage_taken":[{"damage":0.0,"enemies":"Small Slimes","floor":1.0,"turns":2.0},{"damage":6.0,"enemies":"Jaw Worm","floor":7.0,"turns":2.0},{"damage":0.0,"enemies":"3 Sentries","floor":10.0,"turns":2.0},{"damage":0.0,"enemies":"2 Louse","floor":11.0,"turns":1.0},{"damage":0.0,"enemies":"Gremlin Gang","floor":13.0,"turns":1.0},{"damage":0.0,"enemies":"Slime Boss","floor":16.0,"turns":4.0},{"damage":0.0,"enemies":"2 Thieves","floor":18.0,"turns":2.0},{"damage":0.0,"enemies":"3 Byrds","floor":20.0,"turns":2.0},{"damage":0.0,"enemies":"Sentry and Sphere","floor":21.0,"turns":1.0},{"damage":0.0,"enemies":"Slavers","floor":23.0,"turns":1.0},{"damage":0.0,"enemies":"Chosen and Byrds","floor":24.0,"turns":2.0},{"damage":18.0,"enemies":"Snecko","floor":27.0,"turns":2.0},{"damage":0.0,"enemies":"Shelled Parasite and Fungi","floor":28.0,"turns":2.0},{"damage":0.0,"enemies":"Book of Stabbing","floor":29.0,"turns":3.0},{"damage":0.0,"enemies":"Champ","floor":33.0,"turns":4.0},{"damage":0.0,"enemies":"Orb Walker","floor":35.0,"turns":2.0},{"damage":0.0,"enemies":"3 Darklings","floor":36.0,"turns":2.0},{"damage":0.0,"enemies":"Jaw Worm Horde","floor":38.0,"turns":2.0},{"damage":27.0,"enemies":"4 Shapes","floor":39.0,"turns":2.0},{"damage":6.0,"enemies":"R_Hoarder","floor":40.0,"turns":3.0},{"damage":0.0,"enemies":"3 Darklings","floor":42.0,"turns":1.0},{"damage":44.0,"enemies":"Nightmare","floor":44.0,"turns":4.0},{"damage":10.0,"enemies":"Maw","floor":45.0,"turns":5.0},{"damage":18.0,"enemies":"4 Shapes","floor":48.0,"turns":3.0},{"damage":31,"enemies":"Donu and Deca","floor":50,"turns":4},{"damage":38,"enemies":"Time Eater","floor":51,"turns":3}],"seed_played":"4996749130216842323","potions_obtained":[{"floor":5.0,"key":"Dexterity Potion"},{"floor":11.0,"key":"Regen Potion"},{"floor":29.0,"key":"testmod-TestPotion"},{"floor":33.0,"key":"BlessingOfTheForge"},{"floor":48.0,"key":"DistilledChaos"},{"floor":49.0,"key":"Regen Potion"}],"is_trial":false,"path_per_floor":["M","?","T","?","?","R","M","$","T","E","M","R","M","$","R","B",null,"M","?","M","M","$","E","M","R","T","M","M","E","?","?","R","B",null,"M","M","?","M","M","E","AVR","M","T","NM","M","?","?","M","R","B","B"],"character_chosen":"IRONCLAD","items_purchased":["Membership Card","infinitespire:Chaos","hubris:TenFootPole","testmod-BlackFramedGlasses","Blood Vial","Shrug It Off","Medical Kit","MerchantsRug","hubris:SlimyHat","Sentinel+1","Blue Doll","Metallicize","King of Hearts","DollysMirror","Cauldron"],"campfire_rested":1,"item_purchase_floors":[0,0,0,0,0,0,8,22,22,22,32,32,49,49,49],"current_hp_per_floor":[37,37,37,37,37,59,57,57,57,61,64,64,67,67,67,75,75,75,75,75,75,75,75,75,75,75,57,64,74,74,74,74,75,75,75,75,75,75,48,50,50,53,53,34,46,46,46,33,33,27,0,0],"gold":145,"neow_bonus":"","is_daily":false,"chose_seed":false,"campfire_upgraded":4,"win_rate":0.0,"timestamp":1614099045,"path_taken":["M","?","?","?","?","R","M","$","T","E","?","R","M","?","R","BOSS","M","?","M","M","$","E","M","R","T","?","M","E","?","?","R","BOSS","M","M","?","M","M","E","AVR","M","T","NM","M","?","?","M","R","BOSS","BOSS"],"items_purchased_type":["Relic","Relic","Relic","Relic","Relic","Card","Relic","Relic","Relic","Card","Relic","Card","Relic","Relic","Relic"],"build_version":"2020-12-22","purchased_purges":11,"victory":false,"max_hp_per_floor":[75,75,75,75,75,75,75,75,75,75,75,75,75,75,75,75,75,75,75,75,75,75,75,75,75,75,75,75,75,75,75,75,75,75,75,75,75,75,75,75,75,75,75,75,75,75,75,75,75,75,75,75],"card_choices":[{"not_picked":["Replay:Undeath\u0027s Touch","Havoc"],"picked":"Rage","floor":1.0},{"not_picked":["Shrug It Off","Havoc"],"picked":"Reckless Charge","floor":5.0},{"not_picked":["Thunderclap","Clothesline"],"picked":"Pommel Strike","floor":7.0},{"not_picked":["Bludgeon","Infernal Blade"],"picked":"Anger","floor":10.0},{"not_picked":["Burning Pact","Armaments","Cleave"],"picked":"SKIP","floor":11.0},{"not_picked":["Pummel","Sentinel","Thunderclap"],"picked":"SKIP","floor":13.0},{"not_picked":["Fiend Fire","Bludgeon"],"picked":"Replay:Many Hands","floor":16.0},{"not_picked":["Twin Strike","Sword Boomerang","Flame Barrier"],"picked":"SKIP","floor":18.0},{"not_picked":["hubris:ReadiedAction","Cleave+1"],"picked":"Anger","floor":20.0},{"not_picked":["Entrench","Replay:Undeath\u0027s Touch"],"picked":"ReplayTheSpireMod:Strike From Hell","floor":21.0},{"not_picked":["hubris:ReadiedAction+1","True Grit+1"],"picked":"Demon Form","floor":23.0},{"not_picked":["Clothesline","Seeing Red+1"],"picked":"Dual Wield+1","floor":24.0},{"not_picked":["Shockwave+1","Wild Strike"],"picked":"Seeing Red+1","floor":27.0},{"not_picked":["Headbutt","Sword Boomerang","hubris:CleavingFinish"],"picked":"SKIP","floor":28.0},{"not_picked":["Intimidate+1","Shrug It Off+1"],"picked":"Flex+1","floor":29.0},{"not_picked":["Eclipse+1","Exhume+1"],"picked":"Juggernaut","floor":33.0},{"not_picked":["Battle Trance+1","Burning Pact+1"],"picked":"Body Slam","floor":35.0},{"not_picked":["True Grit+1","Perfected Strike"],"picked":"Bloodletting+1","floor":36.0},{"not_picked":["Sentinel+1","Warcry+1","Cleave"],"picked":"SKIP","floor":38.0},{"not_picked":["Hemokinesis","Carnage","Headbutt+1"],"picked":"SKIP","floor":39.0},{"not_picked":["ReplayTheSpireMod:Limb From Limb","Twin Strike+1","Thunderclap"],"picked":"SKIP","floor":40.0},{"not_picked":["hubris:ReadiedAction+1","Thunderclap","Ghostly Armor+1"],"picked":"SKIP","floor":42.0},{"not_picked":["Life Link","Blood for Blood"],"picked":"Dual Wield+1","floor":44.0},{"not_picked":["Warcry+1","True Grit+1","Dropkick"],"picked":"SKIP","floor":45.0},{"not_picked":["Replay:Many Hands+1","ReplayTheSpireMod:Limb From Limb+1","Headbutt+1"],"picked":"SKIP","floor":48.0}],"player_experience":19350,"relics_obtained":[{"floor":3.0,"key":"testmod-BouquetWithThorns"},{"floor":5.0,"key":"testmod-OneHitWonder"},{"floor":9.0,"key":"testmod-RealStoneCalender"},{"floor":10.0,"key":"Replay:Arrowhead"},{"floor":23.0,"key":"Toxic Egg 2"},{"floor":29.0,"key":"testmod-TurbochargingSystem"},{"floor":30.0,"key":"Ring of Hypnosis"},{"floor":30.0,"key":"Ring of Fury"},{"floor":40.0,"key":"Golden Egg"},{"floor":43.0,"key":"infinitespire:WardingShard"},{"floor":44.0,"key":"PreservedInsect"}],"event_choices":[{"damage_healed":0.0,"max_hp_gain":0.0,"max_hp_loss":0.0,"gold_gain":0.0,"event_name":"Ghosts","player_choice":"Ignored","floor":31.0,"gold_loss":0.0,"damage_taken":0.0},{"damage_healed":0.0,"max_hp_gain":0.0,"max_hp_loss":0.0,"gold_gain":150.0,"event_name":"恩洛斯的盘子","player_choice":"Sell","floor":47.0,"relics_lost":["Blue Doll"],"gold_loss":0.0,"damage_taken":0.0}],"is_beta":false,"boss_relics":[{"not_picked":["hubris:BlackHole","Empty Cage"],"picked":"Ring of Chaos"},{"not_picked":["bronze:MakeshiftBattery","ReplayTheSpireMod:DimensionalGlitch"],"picked":"SlaversCollar"}],"items_purged_floors":[8,8,22,22,22,22,32,32,32,32,49],"is_endless":false,"potions_floor_spawned":[7,11,16,18,24,28,29,33,38,39,40,42,48],"killed_by":"Time Eater","ascension_level":20}}