{"host":"kj5ejyofr70ax6r3","time":1614056045,"event":{"mods":["BaseMod","BetterRewards","Colored Map","Downfall","GifTheSpireLib","Minty Spire (QoL Compilation)","Replay The Spire","Shop Mod","StSLib"],"gold_per_floor":[99,119,137,137,137,137,137,37,37,50,50,50,50,35,55,158,158,158,206,247,88,88,118,142,156,156,156],"floor_reached":25,"language":"ENG","playtime":1023,"items_purged":[],"score":217,"play_id":"6ff98674-1f1e-439d-9d4d-a8410058c9da","local_time":"20210222225405","is_ascension_mode":true,"campfire_choices":[{"floor":8,"key":"REST"},{"floor":13,"key":"DIG"},{"floor":18,"key":"DIG"}],"circlet_count":0,"master_deck":["bronze:Strike","bronze:Strike","bronze:Strike","bronze:Defend","bronze:Defend","bronze:Defend","bronze:Defend","bronze:Replicate","bronze:Goto","bronze:Hardcode","bronze:Backtrace","bronze:Separator","bronze:Spike","bronze:MaxOutput","bronze:DarkDash+1","bronze:Separator","bronze:Iterate","bronze:AlphaBuild","CurseOfTheBell","bronze:GetLatest","bronze:Constructor+1","bronze:ItsAFeature","bronze:Shell"],"relics":["bronze:BronzeCore","ReplayTheSpireMod:Ring of Exchange","Ring of Fury","downfall:HeartBlessingBlue","Shovel","Ancient Tea Set","Replay:Grab Bag","Fusion Hammer","Busted Crown","Lantern","Singing Bowl","Replay:Bandana","MerchantsRug","bronze:BottledCode","Pen Nib"],"acts_visited":["Exordium","TheCity"],"potions_floor_usage":[16,16,21,23],"damage_taken":[{"damage":7,"enemies":"Jaw Worm","floor":2,"turns":3},{"damage":7,"enemies":"Small Slimes","floor":3,"turns":2},{"damage":24,"enemies":"Small Slimes","floor":5,"turns":3},{"damage":4,"enemies":"2 Louse","floor":10,"turns":2},{"damage":6,"enemies":"downfall:FleeingMerchant","floor":14,"turns":4},{"damage":9,"enemies":"2 Fungi Beasts","floor":15,"turns":2},{"damage":19,"enemies":"WA_ARCHETYPE_RETAIN","floor":16,"turns":4},{"damage":16,"enemies":"3 Byrds","floor":19,"turns":4},{"damage":8,"enemies":"Shell Parasite","floor":20,"turns":3},{"damage":0,"enemies":"downfall:FleeingMerchant","floor":21,"turns":4},{"damage":48,"enemies":"Snecko","floor":23,"turns":4},{"damage":14,"enemies":"Slavers","floor":25,"turns":2}],"seed_played":"-7221654516174203813","potions_obtained":[{"floor":2,"key":"AttackPotion"},{"floor":15,"key":"Venom Potion"},{"floor":16,"key":"Strength Potion"},{"floor":19,"key":"Strength Potion"}],"is_trial":false,"path_per_floor":["R_BF","M","M","?","?","?","T","R","?","M","T","?","R","$","M","B",null,"R","M","M","$","?","M","T","E"],"character_chosen":"THE_AUTOMATON","items_purchased":["MerchantsRug","bronze:ItsAFeature","bronze:Shell"],"campfire_rested":1,"item_purchase_floors":[21,21,21],"current_hp_per_floor":[70,63,56,56,32,32,32,66,66,62,62,62,62,56,47,28,80,80,64,58,58,58,12,12,0,0,0],"gold":156,"neow_bonus":"ONE_RANDOM_RARE_CARD","is_daily":false,"chose_seed":false,"campfire_upgraded":0,"win_rate":0.0,"timestamp":1614056045,"path_taken":["R_BF","M","M","?","?","?","T","R","?","?","?","?","R","$","M","BOSS","R","M","M","$","?","M","T","E"],"items_purchased_type":["Relic","Card","Card"],"build_version":"2020-12-22","purchased_purges":0,"victory":false,"max_hp_per_floor":[70,70,70,70,70,70,70,80,80,80,80,80,80,80,80,80,80,80,80,82,82,72,74,74,74,74,74],"card_choices":[{"not_picked":["bronze:Optimize","bronze:BitShift"],"picked":"bronze:Backtrace","floor":2},{"not_picked":["bronze:ClassDefault","bronze:FineTuning"],"picked":"bronze:Separator","floor":3},{"not_picked":[],"picked":"bronze:Spike","floor":5},{"not_picked":["bronze:Allocate","bronze:BugBarrage"],"picked":"bronze:MaxOutput","floor":5},{"not_picked":["bronze:Shell","bronze:TinkerersToolbox"],"picked":"bronze:Iterate","floor":10},{"not_picked":["bronze:ForLoop","bronze:Branch"],"picked":"bronze:Separator","floor":14},{"not_picked":["bronze:Branch","bronze:OilSpill"],"picked":"bronze:Iterate","floor":15},{"not_picked":["bronze:FindAndReplace","bronze:ShipIt"],"picked":"bronze:AlphaBuild","floor":16},{"not_picked":[],"picked":"bronze:GetLatest","floor":19},{"not_picked":["bronze:CutThrough"],"picked":"Singing Bowl","floor":20},{"not_picked":[],"picked":"bronze:Constructor+1","floor":21},{"not_picked":["bronze:Turbo"],"picked":"Singing Bowl","floor":23}],"player_experience":198326,"relics_obtained":[{"floor":4,"key":"ReplayTheSpireMod:Ring of Exchange"},{"floor":4,"key":"Ring of Fury"},{"floor":11,"key":"Shovel"},{"floor":13,"key":"Ancient Tea Set"},{"floor":17,"key":"Lantern"},{"floor":17,"key":"Singing Bowl"},{"floor":17,"key":"WingedGreaves"},{"floor":18,"key":"Replay:Bandana"},{"floor":24,"key":"Pen Nib"}],"event_choices":[{"cards_removed":["Pain"],"damage_healed":0,"gold_gain":0,"player_choice":"Card Removal","damage_taken":0,"max_hp_gain":0,"max_hp_loss":0,"event_name":"The Cleric","floor":6,"gold_loss":0}],"is_beta":false,"boss_relics":[{"not_picked":["Painkiller Herb","Velvet Choker"],"picked":"Replay:Grab Bag"},{"not_picked":["ReplayTheSpireMod:Onyx Gauntlets","Cursed Key"],"picked":"Fusion Hammer"},{"not_picked":["ChewingGum","Coffee Dripper"],"picked":"Busted Crown"},{"not_picked":["Black Star","Kintsugi"],"picked":"Calling Bell"}],"items_purged_floors":[],"is_endless":false,"potions_floor_spawned":[2,15,16,19],"killed_by":"Slavers","ascension_level":3}}