{"host":"jsd6g3c2vo13e69c","time":1614058949,"event":{"mods":["2.2 Compatiblity","Act Like it!","BaseMod","Better Altar","Better Match","Better Note","Better Sensory Stone","Better Third Choice","BetterRewards","Colored Map","Colored Powertips","Downfall","Friendly Minions","GifTheSpireLib","Googly Eyes","Gremlin Mod","Hermit","Hubris","Infinite Spire","Melee Mod","Minty Spire (QoL Compilation)","Permanent Neow","Quick Restart","Random Character Button","Replay The Spire","Shop Mod","Spire Arcade","StSLib","The Cursed","The Disciple","The Forsaken","thorton"],"gold_per_floor":[99,116,116,116,31,110,110,142,142,142,152,152,164,222,239,343,343,343,370,370,370,520,535,572,596,596,623,651,651,679,679,695,695,695],"floor_reached":33,"language":"ENG","playtime":1290,"items_purged":[],"score":247,"play_id":"5989d9c6-15fc-4786-9516-315b48121c9e","local_time":"20210223004229","is_ascension_mode":false,"campfire_choices":[{"data":"meleeMod_NeutralAir","floor":1,"key":"SMITH"},{"data":"meleeMod_Knee","floor":10,"key":"SMITH"},{"data":"meleeMod_NeutralAir","floor":12,"key":"SMITH"},{"data":"meleeMod_BlueFalcon","floor":18,"key":"SMITH"},{"floor":26,"key":"REST"}],"circlet_count":0,"master_deck":["meleeMod_Jab","meleeMod_Jab","meleeMod_Jab","meleeMod_Jab","meleeMod_Shield","meleeMod_Shield","meleeMod_Shield","meleeMod_Shield","meleeMod_NeutralAir+1","meleeMod_BackAir","meleeMod_WeTechThose","meleeMod_NippleSpike","meleeMod_NeutralAir+1","meleeMod_NippleSpike","meleeMod_Knee+1","Regret","meleeMod_BackAir","meleeMod_SoftKnee","meleeMod_DownAir","meleeMod_L_Cancel","meleeMod_BlueFalcon+1","meleeMod_WallJump+1","Shrug It Off","meleeMod_UpAir","meleeMod_Gentleman","meleeMod_DownAir","meleeMod_Gentleman","meleeMod_ShieldPoke+1","meleeMod_NeutralAir+1"],"relics":["meleeMod_LosersMang0","Meat on the Bone","hubris:SlimyHat","Art of War","Eternal Feather","Replay:Bottled Flurry","thethorton:GreedFountain","Dream Catcher","NlothsMask"],"acts_visited":["Exordium","TheCity"],"potions_floor_usage":[16,16,28,33,33],"damage_taken":[{"damage":0,"enemies":"2 Louse","floor":2,"turns":1},{"damage":10,"enemies":"downfall:FleeingMerchant","floor":5,"turns":4},{"damage":37,"enemies":"Replay:BlueRogue","floor":8,"turns":4},{"damage":5,"enemies":"Small Slimes","floor":11,"turns":3},{"damage":0,"enemies":"Jaw Worm","floor":13,"turns":1},{"damage":20,"enemies":"Lagavulin Event","floor":14,"turns":3},{"damage":10,"enemies":"3 Louse","floor":15,"turns":3},{"damage":32,"enemies":"WA_ARCHETYPE_RETAIN","floor":16,"turns":5},{"damage":24,"enemies":"Shell Parasite","floor":19,"turns":4},{"damage":17,"enemies":"3 Byrds","floor":23,"turns":5},{"damage":29,"enemies":"Snake Plant","floor":25,"turns":3},{"damage":8,"enemies":"Snecko","floor":27,"turns":3},{"damage":48,"enemies":"Shelled Parasite and Fungi","floor":28,"turns":5},{"damage":0,"enemies":"Chosen and Byrds","floor":30,"turns":1},{"damage":21,"enemies":"Cultist and Chosen","floor":32,"turns":5},{"damage":26,"enemies":"SI_MIRROR_ARCHETYPE","floor":33,"turns":3}],"seed_played":"-3729281267626945299","potions_obtained":[{"floor":11,"key":"hexamod:SoulburnPotion"},{"floor":15,"key":"SpeedPotion"},{"floor":23,"key":"SteroidPotion"},{"floor":27,"key":"ColorlessPotion"},{"floor":30,"key":"SteroidPotion"}],"is_trial":false,"path_per_floor":["R","M","?","?","$","T","T","E","?","R","M","R","M","?","M","B",null,"R","M","?","?","?","M","T","M","R","M","M","?","M","T","M","B"],"character_chosen":"FALCON","items_purchased":["meleeMod_NippleSpike"],"campfire_rested":1,"item_purchase_floors":[5],"current_hp_per_floor":[85,85,85,85,75,75,75,50,50,59,54,63,63,43,45,25,85,85,61,61,61,61,44,44,27,67,59,23,23,35,35,26,0,0],"gold":695,"neow_bonus":"ONE_RANDOM_RARE_CARD","is_daily":false,"chose_seed":false,"campfire_upgraded":4,"win_rate":0.0,"timestamp":1614058949,"path_taken":["R","M","?","?","$","?","T","E","?","R","M","R","M","?","M","BOSS","R","M","?","?","?","M","T","M","R","?","M","?","?","?","M","BOSS"],"items_purchased_type":["Card"],"build_version":"2020-12-22","purchased_purges":0,"victory":false,"max_hp_per_floor":[85,85,85,85,85,85,85,85,85,85,85,85,85,85,85,85,85,85,85,85,85,85,85,85,85,85,85,85,85,85,85,85,85,85],"card_choices":[{"not_picked":["meleeMod_FalconDive","meleeMod_WaveDash"],"picked":"meleeMod_NippleSpike","floor":2},{"not_picked":["meleeMod_HaxDash","meleeMod_UpTilt"],"picked":"meleeMod_NeutralAir","floor":5},{"not_picked":["meleeMod_Gentleman","meleeMod_NeutralAir"],"picked":"meleeMod_Knee","floor":8},{"not_picked":["meleeMod_DownSmash","meleeMod_FalconKick"],"picked":"meleeMod_BackAir","floor":11},{"not_picked":["meleeMod_UpTilt","meleeMod_Gentleman"],"picked":"meleeMod_SoftKnee","floor":13},{"not_picked":["meleeMod_FalconDive","meleeMod_DashDance"],"picked":"meleeMod_DownAir","floor":14},{"not_picked":["meleeMod_Roll","meleeMod_Knee"],"picked":"meleeMod_L_Cancel","floor":15},{"not_picked":["meleeMod_PhantomHit","meleeMod_LoseStock"],"picked":"meleeMod_BlueFalcon","floor":16},{"not_picked":["meleeMod_CommandGrab","meleeMod_Pause+1"],"picked":"meleeMod_WallJump+1","floor":19},{"not_picked":["meleeMod_Gentleman","meleeMod_DIMixUp"],"picked":"meleeMod_UpAir","floor":23},{"not_picked":["meleeMod_RapidJabs","meleeMod_CrouchCancel+1"],"picked":"meleeMod_Gentleman","floor":25},{"not_picked":["meleeMod_DIMixUp","meleeMod_ShieldDrop+1"],"picked":"meleeMod_DownAir","floor":26},{"not_picked":["meleeMod_CommandGrab","meleeMod_SweetSpot","meleeMod_Wildfire"],"picked":"SKIP","floor":27},{"not_picked":["meleeMod_DownSmash","meleeMod_DashDance"],"picked":"meleeMod_Gentleman","floor":28},{"not_picked":["meleeMod_VCancel","meleeMod_WaveDash+1"],"picked":"meleeMod_ShieldPoke+1","floor":30},{"not_picked":["meleeMod_NippleSpike","meleeMod_UpAir+1"],"picked":"meleeMod_NeutralAir+1","floor":32}],"player_experience":400783,"relics_obtained":[{"floor":6,"key":"Meat on the Bone"},{"floor":7,"key":"hubris:SlimyHat"},{"floor":8,"key":"Art of War"},{"floor":24,"key":"Dream Catcher"}],"event_choices":[{"damage_healed":0,"gold_gain":0,"player_choice":"Box","damage_taken":0,"relics_obtained":["Eternal Feather"],"max_hp_gain":0,"max_hp_loss":0,"event_name":"Big Fish","floor":9,"gold_loss":0,"cards_obtained":["Regret"]},{"damage_healed":0,"gold_gain":0,"player_choice":"Ignored","damage_taken":0,"max_hp_gain":0,"max_hp_loss":0,"event_name":"betterNote:BetterNote","floor":20,"gold_loss":0,"cards_obtained":["thethorton:CreditCard"]},{"damage_healed":0,"gold_gain":0,"player_choice":"Read","damage_taken":0,"max_hp_gain":0,"max_hp_loss":0,"event_name":"The Library","floor":21,"gold_loss":0,"cards_obtained":["Shrug It Off"]},{"damage_healed":0,"gold_gain":0,"player_choice":"Trade","damage_taken":0,"relics_obtained":["NlothsMask"],"max_hp_gain":0,"max_hp_loss":0,"event_name":"FaceTrader","floor":29,"gold_loss":0}],"is_beta":false,"boss_relics":[{"not_picked":["Cursed Key","hubris:VirtuousBlindfold"],"picked":"thethorton:GreedFountain"}],"items_purged_floors":[],"is_endless":false,"potions_floor_spawned":[11,15,23,27,30],"killed_by":"SI_MIRROR_ARCHETYPE","ascension_level":0}}