{"host":"mgjbkrm6zb65cm01","time":1614091995,"event":{"mods":["ATMod(°¢èªMod)","Ascension Reborn","Aspiration","BaseMod","Energized Spire","Highlight Path","Luminous","Minty Spire (QoL Compilation)","Quick Restart","Relic Stats","Replay The Spire","StSLib","Td1madao Mod","TestMod","noobMod"],"gold_per_floor":[118,140,161,161,176,176,213,279,304,304,333,355,98,155,155,259,259,279,301,226,226,226,226,242,281,281,302,3,21,42,69,69,187,487,522,559,588,651,678,690,739,14,40,73,73,112,112,112,112,116,116,116,38,75,78],"floor_reached":56,"language":"ZHS","playtime":2723,"items_purged":["Strike_R+1","ReplayTheSpireMod:Restless Dread","CommonCold"],"score":1415,"play_id":"d5bf3312-d175-4f81-add5-9b2133050452","local_time":"20210223225315","is_ascension_mode":true,"campfire_choices":[{"data":"Combust","floor":6,"key":"SMITH"},{"data":"Sword Boomerang","floor":10,"key":"SMITH"},{"floor":15,"key":"RECALL"},{"data":"Limit Break","floor":40,"key":"SMITH"},{"data":"testmod-BloodBlade","floor":45,"key":"SMITH"},{"data":"Armaments","floor":49,"key":"SMITH"},{"data":"Demon Form","floor":52,"key":"SMITH"}],"circlet_count":0,"master_deck":["Strike_R+1","Strike_R+1","Strike_R+1","Defend_R","Defend_R","Defend_R","Bash","AT_ShrugMaster+1","Life Link+1","AT_ManFootWork","Sword Boomerang+1","Combust+1","ReplayTheSpireMod:Stacked","Twin Strike","Inflame+1","Armaments+1","Flex","Pommel Strike","AT_Dispersion+1","Armaments+1","Heavy Blade","Reckless Charge+1","Pummel","Flex","Whirlwind+1","Demon Form+1","AT_ShrugMaster+1","Limit Break+1","CurseOfTheBell","Rage+1","Heavy Blade","Warcry","Pummel","testmod-BloodBlade+1","Whirlwind","CommonCold","Fire Breathing+1","ReplayTheSpireMod:Muscle Training+1"],"relics":["Burning Blood","ice","AT_ATBox","testmod-TestBox","testmod-TheFather","Replay:Bottled Eggs","ReplayTheSpireMod:Lightbulb","Replay:Wax Seal","ClockworkSouvenir","Ornamental Fan","energizedSpire:CursedPentagram","Red Mask","ReplayTheSpireMod:Ninjato","Guide Book","AT_DeathDance","Calling Bell","MawBank","Onion Ring","Old Coin","testmod-IntensifyImprint","Blood Vial","HandDrill","Potion Belt","AT_BellDemon","White Beast Statue","ReplayFunnel","StrikeDummy"],"acts_visited":["Exordium","TheCity","TheBeyond","TheEnding"],"potions_floor_usage":[11,16,16,55,55,55,55,55],"damage_taken":[{"damage":15,"enemies":"Small Slimes","floor":1,"turns":2},{"damage":1,"enemies":"Cultist","floor":2,"turns":4},{"damage":1,"enemies":"2 Louse","floor":3,"turns":3},{"damage":12,"enemies":"Looter","floor":5,"turns":2},{"damage":14,"enemies":"3 Sentries","floor":7,"turns":3},{"damage":10,"enemies":"3 Sentries","floor":8,"turns":3},{"damage":8,"enemies":"Lagavulin","floor":11,"turns":5},{"damage":2,"enemies":"2 Fungi Beasts","floor":12,"turns":3},{"damage":30,"enemies":"The Guardian","floor":16,"turns":7},{"damage":6,"enemies":"Shell Parasite","floor":18,"turns":3},{"damage":17,"enemies":"2 Thieves","floor":19,"turns":2},{"damage":1,"enemies":"Sentry and Sphere","floor":24,"turns":4},{"damage":0,"enemies":"Masked Bandits","floor":25,"turns":1},{"damage":4,"enemies":"Centurion and Healer","floor":27,"turns":4},{"damage":5,"enemies":"Snecko","floor":29,"turns":4},{"damage":1,"enemies":"Cultist and Chosen","floor":30,"turns":4},{"damage":8,"enemies":"Replay:Snechameleon","floor":31,"turns":4},{"damage":2,"enemies":"Collector","floor":33,"turns":6},{"damage":2,"enemies":"3 Shapes","floor":35,"turns":3},{"damage":8,"enemies":"3 Darklings","floor":36,"turns":4},{"damage":14,"enemies":"Transient","floor":37,"turns":5},{"damage":6,"enemies":"Mind Bloom Boss Battle","floor":38,"turns":6},{"damage":0,"enemies":"Sphere and 2 Shapes","floor":39,"turns":1},{"damage":2,"enemies":"Giant Head","floor":41,"turns":4},{"damage":10,"enemies":"Reptomancer","floor":44,"turns":3},{"damage":0,"enemies":"Giant Head","floor":46,"turns":4},{"damage":10,"enemies":"Time Eater","floor":50,"turns":4},{"damage":6,"enemies":"Shield and Spear","floor":54,"turns":2},{"damage":3,"enemies":"The Heart","floor":55,"turns":3}],"seed_played":"2227979288402279409","potions_obtained":[{"floor":1,"key":"testmod-SpacePotion"},{"floor":3,"key":"Strength Potion"},{"floor":11,"key":"Venom Potion"},{"floor":12,"key":"Elixir"},{"floor":18,"key":"SpeedPotion"},{"floor":24,"key":"BlessingOfTheForge"},{"floor":30,"key":"LifebloodPotion"},{"floor":39,"key":"Fire Potion"},{"floor":46,"key":"Dexterity Potion"},{"floor":54,"key":"EssenceOfSteel"}],"is_trial":false,"path_per_floor":["M","M","M","?","M","R","E","?","T","R","E","M","$","?","R","B",null,"M","M","?","?","?","T","M","?","T","M","$","M","M","E","R","B",null,"M","M","M","?","M","R","E","$","T","E","R","E","?","?","R","B",null,"R","$","E","B",null],"character_chosen":"IRONCLAD","items_purchased":["Armaments","ClockworkSouvenir","Flex","Guide Book","HandDrill","testmod-BloodBlade","Potion Belt","Elixir","Whirlwind","DistilledChaos"],"campfire_rested":0,"item_purchase_floors":[13,13,28,28,42,42,42,42,42,53],"current_hp_per_floor":[63,68,72,72,66,66,58,54,54,54,52,56,56,38,38,14,72,72,61,61,61,48,48,53,59,59,61,61,62,67,65,77,77,77,77,75,67,67,73,73,77,77,77,73,73,77,77,77,77,73,77,77,77,77,77],"gold":78,"neow_bonus":"TRANSFORM_TWO_CARDS","is_daily":false,"chose_seed":false,"campfire_upgraded":6,"win_rate":0.0,"timestamp":1614091995,"path_taken":["M","M","M","?","?","R","E","?","T","R","E","M","$","?","R","BOSS","M","M","?","?","?","?","?","?","T","M","$","M","M","E","R","BOSS","M","M","M","?","M","R","E","$","T","E","R","E","?","?","R","BOSS","R","$","E","BOSS"],"items_purchased_type":["Card","Relic","Card","Relic","Relic","Card","Relic","Potion","Card","Potion"],"build_version":"2020-12-22","purchased_purges":3,"victory":true,"max_hp_per_floor":[72,72,72,72,72,72,72,72,72,72,72,72,72,72,72,72,72,72,72,72,72,77,77,77,77,77,77,77,77,77,77,77,77,77,77,77,77,77,77,77,77,77,77,77,77,77,77,77,77,77,77,77,77,77,77],"relic_stats":{"Blood Vial":2,"counters":[29,103],"Ornamental Fan":[16],"HandDrill":[2],"MawBank":96,"obtain_stats":[{"AT_BellDemon":43,"ReplayFunnel":46,"AT_ATBox":0,"ice":0,"Burning Blood":0,"ClockworkSouvenir":13,"Old Coin":34,"Blood Vial":41,"energizedSpire:CursedPentagram":17,"testmod-TheFather":0,"Red Mask":25,"HandDrill":42,"Replay:Bottled Eggs":7,"Replay:Wax Seal":9,"Potion Belt":42,"testmod-IntensifyImprint":38,"testmod-TestBox":0,"ReplayTheSpireMod:Ninjato":26,"Guide Book":28,"MawBank":34,"White Beast Statue":44,"Calling Bell":34,"Ornamental Fan":14,"Onion Ring":34,"AT_DeathDance":31,"ReplayTheSpireMod:Lightbulb":8,"StrikeDummy":54},{"AT_BellDemon":24,"ReplayFunnel":26,"AT_ATBox":0,"ice":0,"Burning Blood":0,"ClockworkSouvenir":8,"Old Coin":18,"Blood Vial":24,"energizedSpire:CursedPentagram":9,"testmod-TheFather":0,"Red Mask":13,"HandDrill":24,"Replay:Bottled Eggs":5,"Replay:Wax Seal":6,"Potion Belt":24,"testmod-IntensifyImprint":22,"testmod-TestBox":0,"ReplayTheSpireMod:Ninjato":13,"Guide Book":14,"MawBank":18,"White Beast Statue":25,"Calling Bell":18,"Ornamental Fan":8,"Onion Ring":18,"AT_DeathDance":17,"ReplayTheSpireMod:Lightbulb":6,"StrikeDummy":28},{"AT_BellDemon":87,"ReplayFunnel":94,"AT_ATBox":0,"ice":0,"Burning Blood":0,"ClockworkSouvenir":25,"Old Coin":64,"Blood Vial":87,"energizedSpire:CursedPentagram":32,"testmod-TheFather":0,"Red Mask":42,"HandDrill":87,"Replay:Bottled Eggs":14,"Replay:Wax Seal":17,"Potion Belt":87,"testmod-IntensifyImprint":82,"testmod-TestBox":0,"ReplayTheSpireMod:Ninjato":42,"Guide Book":46,"MawBank":64,"White Beast Statue":90,"Calling Bell":64,"Ornamental Fan":25,"Onion Ring":64,"AT_DeathDance":58,"ReplayTheSpireMod:Lightbulb":17,"StrikeDummy":100}],"Burning Blood":158},"card_choices":[{"not_picked":["Heavy Blade","Clash"],"picked":"AT_ManFootWork","floor":1},{"not_picked":["Twin Strike","Pommel Strike"],"picked":"Sword Boomerang","floor":2},{"not_picked":["Replay:Undeath\u0027s Touch","Thunderclap"],"picked":"Combust","floor":3},{"not_picked":["Life Link","Inflame"],"picked":"ReplayTheSpireMod:Stacked","floor":5},{"not_picked":["Run Through","Second Wind"],"picked":"Twin Strike","floor":7},{"not_picked":["Abandon","AT_DrawKnifeCut"],"picked":"Inflame","floor":8},{"not_picked":["AT_ShrugMaster","Entrench","Anger"],"picked":"SKIP","floor":11},{"not_picked":["Defy Death","Entrench","AT_ShrugMaster"],"picked":"SKIP","floor":12},{"not_picked":["Body Slam","Demonic Infusion"],"picked":"Flex","floor":14},{"not_picked":["Run Through","Rage"],"picked":"Pommel Strike","floor":14},{"not_picked":["Replay:Many Hands","Brutality"],"picked":"AT_Dispersion","floor":16},{"not_picked":["Run Through","Anger"],"picked":"Armaments+1","floor":18},{"not_picked":["Anger","Warcry"],"picked":"Heavy Blade","floor":19},{"not_picked":["Wild Strike","AT_ManFootWork"],"picked":"Reckless Charge+1","floor":24},{"not_picked":["Second Wind","Iron Wave+1"],"picked":"Pummel","floor":25},{"not_picked":["Sever Soul","Havoc","AT_ManFootWork"],"picked":"SKIP","floor":27},{"not_picked":["Blood for Blood","Shrug It Off+1"],"picked":"Whirlwind+1","floor":29},{"not_picked":["Body Slam","Cleave"],"picked":"Demon Form","floor":30},{"not_picked":["Immolate","Sentinel"],"picked":"AT_ShrugMaster+1","floor":31},{"not_picked":["Brutality","Hemogenesis"],"picked":"Limit Break","floor":33},{"not_picked":["ReplayTheSpireMod:Strike From Hell+1","ReplayTheSpireMod:LeadingStrike+1","Clothesline+1"],"picked":"SKIP","floor":35},{"not_picked":["Wild Strike","Evolve"],"picked":"Rage+1","floor":36},{"not_picked":["ReplayTheSpireMod:Strike From Hell+1","Life Link+1","Run Through+1"],"picked":"SKIP","floor":37},{"not_picked":["Pommel Strike","Havoc+1"],"picked":"Heavy Blade","floor":38},{"not_picked":["Reaper","Pommel Strike"],"picked":"Warcry","floor":39},{"not_picked":["Armaments","Run Through+1"],"picked":"Pummel","floor":41},{"not_picked":["Perfected Strike","ReplayTheSpireMod:Stacked"],"picked":"Fire Breathing+1","floor":44},{"not_picked":["ReplayTheSpireMod:Corrosion Curse+1","Warcry"],"picked":"ReplayTheSpireMod:Muscle Training+1","floor":46},{"not_picked":["AT_BodySlamDance+1","Impervious","Twin Strike+1"],"picked":"SKIP","floor":54}],"player_experience":177888,"relics_obtained":[{"floor":7,"key":"Replay:Bottled Eggs"},{"floor":8,"key":"ReplayTheSpireMod:Lightbulb"},{"floor":9,"key":"Replay:Wax Seal"},{"floor":14,"key":"Ornamental Fan"},{"floor":25,"key":"Red Mask"},{"floor":26,"key":"ReplayTheSpireMod:Ninjato"},{"floor":31,"key":"AT_DeathDance"},{"floor":34,"key":"MawBank"},{"floor":34,"key":"Onion Ring"},{"floor":34,"key":"Old Coin"},{"floor":38,"key":"testmod-IntensifyImprint"},{"floor":41,"key":"Blood Vial"},{"floor":43,"key":"AT_BellDemon"},{"floor":44,"key":"White Beast Statue"},{"floor":46,"key":"ReplayFunnel"},{"floor":54,"key":"StrikeDummy"}],"event_choices":[{"damage_healed":0,"gold_gain":0,"player_choice":"Upgraded","damage_taken":0,"max_hp_gain":0,"max_hp_loss":0,"event_name":"Upgrade Shrine","floor":4,"gold_loss":0,"cards_upgraded":["AT_ShrugMaster"]},{"damage_healed":0,"gold_gain":0,"player_choice":"Searched \u00271\u0027 times","damage_taken":0,"max_hp_gain":0,"max_hp_loss":0,"event_name":"Dead Adventurer","floor":8,"gold_loss":0},{"cards_removed":["Impervious"],"damage_healed":0,"gold_gain":0,"player_choice":"Gave Gold","damage_taken":0,"max_hp_gain":0,"max_hp_loss":0,"event_name":"Beggar","floor":20,"gold_loss":75},{"damage_healed":0,"gold_gain":0,"player_choice":"Ignored","damage_taken":0,"max_hp_gain":0,"max_hp_loss":0,"event_name":"Vampires","floor":21,"gold_loss":0},{"damage_healed":0,"gold_gain":0,"player_choice":"Shed Blood","damage_taken":18,"max_hp_gain":5,"max_hp_loss":0,"event_name":"Forgotten Altar","floor":22,"gold_loss":0},{"damage_healed":0,"gold_gain":0,"player_choice":"Fought Bandits","damage_taken":0,"max_hp_gain":0,"max_hp_loss":0,"event_name":"Masked Bandits","floor":25,"gold_loss":0},{"damage_healed":0,"gold_gain":0,"player_choice":"Fight","damage_taken":0,"max_hp_gain":0,"max_hp_loss":0,"event_name":"MindBloom","floor":38,"gold_loss":0},{"damage_healed":0,"gold_gain":0,"player_choice":"Memory 1","damage_taken":0,"max_hp_gain":0,"max_hp_loss":0,"event_name":"SensoryStone","floor":47,"gold_loss":0}],"is_beta":false,"boss_relics":[{"not_picked":["testmod-StringDisintegrator","energizedSpire:SpiderWeb"],"picked":"energizedSpire:CursedPentagram"},{"not_picked":["testmod-GoldenSoul","Black Star"],"picked":"Calling Bell"}],"items_purged_floors":[13,28,42],"is_endless":false,"potions_floor_spawned":[1,3,11,12,18,24,25,30,31,33,35,37,39,46,54],"ascension_level":0}}