{"host":"c64dsqyrqv0ei9yn","time":1614080882,"event":{"mods":["Act Like it!","Arknights","BaseMod","Bestiary","CapriCore","Chen","Colored Map","Colored Powertips","Curses Come First","Hermit","Koishi","LagranYue(ùfäiòNÅEåé)","MarisaÅiñ∂âJÅ@ñÇóùçπÅj","Minty Spire (QoL Compilation)","Prisma Mod","Random Character Button","ReimuÅiîé??öÎÅj","RemiliaÅiÂQïƒ‰ª?Åj","StSLib","The Administrix","The Alterego","The Immortal","The Marked","The Saiyan","The Senshi","The Servant 0.9.4","The Wild Card","TheSwordswoman","Waifu the Spire","WarShipGirlsR/??è≠èóR mod","slay the spire mod where everything is the same but ironclad has a cowboy hat"],"gold_per_floor":[117,24,24,37,50,75,75,88,88,98,117,117,150,160,160,261,261,271,287,66,85,97,97,123,137,137,157,157,171,191,207,207,305,305,318,338,263,311,311,336,336,356,356,4,4,15,15,27,27,27],"floor_reached":51,"language":"ENG","playtime":3779,"items_purged":["Defend_MRS","Strike_MRS"],"score":692,"play_id":"74cb0639-ded7-4ac7-b85c-815dfcb69c19","local_time":"20210223114802","is_ascension_mode":false,"campfire_choices":[{"data":"MysteriousBeam","floor":7,"key":"SMITH"},{"data":"OortCloud","floor":15,"key":"SMITH"},{"data":"AbsoluteMagnitude","floor":23,"key":"SMITH"},{"data":"MilkyWay","floor":28,"key":"SMITH"},{"data":"SatelliteIllusion","floor":32,"key":"SMITH"},{"floor":41,"key":"REST"},{"data":"FinalSpark","floor":45,"key":"SMITH"},{"data":"UltimateShortwave","floor":49,"key":"SMITH"}],"circlet_count":0,"master_deck":["Strike_MRS","Strike_MRS","Defend_MRS","Defend_MRS","Defend_MRS","MasterSpark","UpSweep","DarkMatter","6A","MysteriousBeam+1","AsteroidBelt","OortCloud+1","UnstableBomb","AlicesGift","NonDirectionalLaser","GalacticHalo","TreasureHunter","AbsoluteMagnitude+1","SporeBomb","FairyDestructionRay","DragonMeteor+1","MilkyWay+1","AlicesGift","SatelliteIllusion+1","GrandCross+1","FinalSpark+1","UltimateShortwave+1","EnergyRecoil+1","GravityBeat","MagicAbsorber"],"relics":["MiniHakkero","Orichalcum","Shuriken","theSenshi:FeatherClipsRelic","Meat on the Bone","PureWhite:ReiMu","LagranYue:SoulBurningRelic","Vajra","Mercury Hourglass","Ornamental Fan","Velvet Choker","CatCart","Dream Catcher","Gremlin Horn","Anchor","Membership Card","Bag of Marbles"],"acts_visited":["Exordium","TheCity","TheBeyond"],"potions_floor_usage":[38,50,50],"damage_taken":[{"damage":1,"enemies":"Jaw Worm","floor":1,"turns":3},{"damage":0,"enemies":"Small Slimes","floor":4,"turns":2},{"damage":2,"enemies":"ats:Genji","floor":5,"turns":3},{"damage":1,"enemies":"3 Sentries","floor":6,"turns":8},{"damage":0,"enemies":"Exordium Wildlife","floor":8,"turns":6},{"damage":0,"enemies":"Looter","floor":10,"turns":1},{"damage":6,"enemies":"Lots of Slimes","floor":11,"turns":2},{"damage":5,"enemies":"Gremlin Nob","floor":13,"turns":5},{"damage":0,"enemies":"3 Louse","floor":14,"turns":3},{"damage":15,"enemies":"The Guardian","floor":16,"turns":11},{"damage":0,"enemies":"3 Byrds","floor":18,"turns":5},{"damage":3,"enemies":"Shell Parasite","floor":19,"turns":2},{"damage":3,"enemies":"Centurion and Healer","floor":21,"turns":5},{"damage":4,"enemies":"Cultist and Chosen","floor":22,"turns":3},{"damage":17,"enemies":"Slavers","floor":24,"turns":3},{"damage":0,"enemies":"Chosen and Byrds","floor":25,"turns":4},{"damage":0,"enemies":"3 Cultists","floor":27,"turns":2},{"damage":0,"enemies":"Snecko","floor":29,"turns":3},{"damage":1,"enemies":"Snake Plant","floor":30,"turns":3},{"damage":0,"enemies":"Cultist and Chosen","floor":31,"turns":3},{"damage":39,"enemies":"Collector","floor":33,"turns":13},{"damage":7,"enemies":"3 Darklings","floor":35,"turns":5},{"damage":1,"enemies":"Orb Walker","floor":36,"turns":3},{"damage":16,"enemies":"Orin","floor":38,"turns":8},{"damage":44,"enemies":"Nemesis","floor":40,"turns":5},{"damage":10,"enemies":"Maw","floor":42,"turns":6},{"damage":0,"enemies":"Sphere and 2 Shapes","floor":46,"turns":3},{"damage":0,"enemies":"Transient","floor":48,"turns":5},{"damage":5,"enemies":"Donu and Deca","floor":50,"turns":7}],"seed_played":"-4588592745499935118","potions_obtained":[{"floor":1,"key":"BlessingOfTheForge"},{"floor":5,"key":"Ancient Potion"},{"floor":6,"key":"Swift Potion"},{"floor":40,"key":"Block Potion"}],"is_trial":false,"path_per_floor":["M","$","?","M","M","E","R","M","T","M","M","?","E","M","R","B",null,"M","M","$","M","M","R","E","M","T","M","R","M","M","M","R","B",null,"M","M","$","?","?","E","R","M","T","$","R","M","?","M","R","B",null],"character_chosen":"MARISA","items_purchased":["6A","MysteriousBeam","Vajra","FairyDestructionRay","Membership Card","Bag of Marbles","GravityBeat"],"campfire_rested":1,"item_purchase_floors":[2,2,20,20,44,44,44],"current_hp_per_floor":[74,74,74,74,72,71,71,71,71,75,75,75,75,75,75,66,75,75,75,75,75,75,75,63,68,68,73,73,75,75,75,75,52,75,73,75,75,64,64,36,57,52,52,52,52,57,57,62,62,62],"gold":27,"neow_bonus":"RANDOM_COMMON_RELIC","is_daily":false,"chose_seed":false,"campfire_upgraded":7,"win_rate":0.0,"timestamp":1614080882,"path_taken":["M","$","?","M","M","E","R","M","T","?","M","?","E","M","R","BOSS","M","M","$","M","M","R","E","M","T","M","R","M","M","M","R","BOSS","M","M","$","?","?","E","R","M","T","$","R","?","?","M","R","BOSS"],"items_purchased_type":["Card","Card","Relic","Card","Relic","Relic","Card"],"build_version":"2020-12-22","purchased_purges":2,"victory":true,"max_hp_per_floor":[75,75,75,75,75,75,75,75,75,75,75,75,75,75,75,75,75,75,75,75,75,75,75,75,75,75,75,75,75,75,75,75,75,75,75,75,75,75,75,75,75,75,75,75,75,75,75,75,75,75],"card_choices":[{"not_picked":["AsteroidBelt","EventHorizon"],"picked":"DarkMatter","floor":1},{"not_picked":["WitchLeyline","AlicesGift"],"picked":"AsteroidBelt","floor":4},{"not_picked":["6A","GravityBeat"],"picked":"OortCloud","floor":5},{"not_picked":["WitchOfGreed","SuperNova"],"picked":"UnstableBomb","floor":6},{"not_picked":["GravityBeat","DC"],"picked":"AlicesGift","floor":8},{"not_picked":["ShootTheMoon","WitchLeyline"],"picked":"NonDirectionalLaser","floor":10},{"not_picked":["Occultation","DoubleSpark"],"picked":"GalacticHalo","floor":11},{"not_picked":[],"picked":"TreasureHunter","floor":12},{"not_picked":["DarkMatter","EnergyRecoil","GravityBeat"],"picked":"SKIP","floor":13},{"not_picked":["Orbital","GravityBeat","GasGiant"],"picked":"SKIP","floor":14},{"not_picked":["BlazingStar","TreasureHunter"],"picked":"AbsoluteMagnitude","floor":16},{"not_picked":["OneTimeOff","Acceleration"],"picked":"SporeBomb","floor":18},{"not_picked":["WitchLeyline","DarkSpark+1","SporeBomb"],"picked":"SKIP","floor":19},{"not_picked":["UnstableBomb","LuminesStrike"],"picked":"DragonMeteor+1","floor":21},{"not_picked":["PowerUp+1","IllusionStar","Acceleration+1"],"picked":"SKIP","floor":22},{"not_picked":["EarthLightRay+1","DC"],"picked":"MilkyWay","floor":24},{"not_picked":["UnstableBomb","ManaConvection","EarthLightRay+1"],"picked":"SKIP","floor":25},{"not_picked":["SporeBomb","OrrerysSun"],"picked":"AlicesGift","floor":27},{"not_picked":["WitchOfGreed+1","PulseMagic"],"picked":"SatelliteIllusion","floor":29},{"not_picked":["StarlightTyphoon","AlicesGift"],"picked":"GrandCross+1","floor":30},{"not_picked":["UnstableBomb","DarkSpark","PowerUp"],"picked":"SKIP","floor":31},{"not_picked":["SatelliteIllusion","SuperNova"],"picked":"FinalSpark","floor":33},{"not_picked":["LuminesStrike","WitchOfGreed","MysteriousBeam+1"],"picked":"SKIP","floor":35},{"not_picked":["EarthLightRay","DC","GalacticHalo"],"picked":"SKIP","floor":36},{"not_picked":["OortCloud","EnergyFlow+1"],"picked":"UltimateShortwave","floor":40},{"not_picked":["SuperPerseids+1","DoubleSpark"],"picked":"EnergyRecoil+1","floor":41},{"not_picked":["WitchLeyline","6A","ShootingEcho+1"],"picked":"SKIP","floor":42},{"not_picked":["DarkMatter","MagicChant","GrandCross"],"picked":"SKIP","floor":46},{"not_picked":["AsteroidBelt+1","GasGiant"],"picked":"MagicAbsorber","floor":48}],"player_experience":152601,"relics_obtained":[{"floor":6,"key":"Shuriken"},{"floor":9,"key":"theSenshi:FeatherClipsRelic"},{"floor":13,"key":"Meat on the Bone"},{"floor":16,"key":"PureWhite:ReiMu"},{"floor":24,"key":"Mercury Hourglass"},{"floor":26,"key":"Ornamental Fan"},{"floor":38,"key":"CatCart"},{"floor":38,"key":"Dream Catcher"},{"floor":40,"key":"Gremlin Horn"},{"floor":43,"key":"Anchor"}],"event_choices":[{"cards_removed":["Strike_MRS"],"damage_healed":0,"gold_gain":0,"player_choice":"Purged","damage_taken":0,"max_hp_gain":0,"max_hp_loss":0,"event_name":"Purifier","floor":3,"gold_loss":0},{"damage_healed":0,"gold_gain":0,"player_choice":"Fight","damage_taken":0,"max_hp_gain":0,"max_hp_loss":0,"event_name":"OrinTheCat","floor":38,"gold_loss":0},{"damage_healed":0,"gold_gain":0,"player_choice":"Ignored","damage_taken":0,"max_hp_gain":0,"max_hp_loss":0,"event_name":"Transmorgrifier","floor":39,"gold_loss":0}],"is_beta":false,"boss_relics":[{"not_picked":["BewitchedHakkero","Tiny House"],"picked":"LagranYue:SoulBurningRelic"},{"not_picked":["RedLine:ReiMu","Busted Crown"],"picked":"Velvet Choker"}],"items_purged_floors":[37,44],"is_endless":false,"potions_floor_spawned":[1,5,6,11,16,19,22,24,29,33,35,40],"ascension_level":0}}