{"host":"yqw1zpryoutrnocq","time":1614042581,"event":{"mods":["2.2 Compatiblity","AchievementEnabler","BaseMod","Colored Map","Custom Start","DeckTracker","Minty Spire (QoL Compilation)","StSLib","SuperFastMode"],"gold_per_floor":[116,130,143,106,106,106,134,84,84,103,103,117,127,127,32,32,137,187,206,223,237,237,237,237,13,13,13],"floor_reached":26,"language":"KOR","playtime":672,"items_purged":[],"score":373,"play_id":"dd2a5269-04c9-447d-b82a-f1462ce37fbd","local_time":"20210222190941","is_ascension_mode":true,"campfire_choices":[{"data":"Pummel","floor":6.0,"key":"SMITH"},{"data":"Clothesline","floor":11.0,"key":"SMITH"},{"data":"Armaments","floor":16.0,"key":"SMITH"},{"data":"Barricade","floor":24,"key":"SMITH"}],"circlet_count":0,"master_deck":["AscendersBane","Strike_R","Strike_R","Defend_R","Defend_R","Defend_R","Defend_R","Bash+1","Heavy Blade","Burning Pact","Entrench+1","Pummel+1","Clothesline+1","Flame Barrier","Body Slam","Armaments+1","Barricade+1","True Grit","Impervious","Disarm","Wild Strike"],"relics":["Burning Blood","Darkstone Periapt","StrikeDummy","Tiny House","Membership Card","Bag of Preparation"],"acts_visited":["Exordium","TheCity"],"potions_floor_usage":[19,19,21],"damage_taken":[{"damage":11.0,"enemies":"Cultist","floor":1.0,"turns":4.0},{"damage":12.0,"enemies":"Jaw Worm","floor":2.0,"turns":2.0},{"damage":12.0,"enemies":"2 Louse","floor":3.0,"turns":3.0},{"damage":25.0,"enemies":"Gremlin Nob","floor":7.0,"turns":5.0},{"damage":10.0,"enemies":"Blue Slaver","floor":10.0,"turns":3.0},{"damage":0.0,"enemies":"2 Fungi Beasts","floor":12.0,"turns":3.0},{"damage":6.0,"enemies":"3 Louse","floor":13.0,"turns":3.0},{"damage":41.0,"enemies":"The Guardian","floor":17.0,"turns":19.0},{"damage":43,"enemies":"Spheric Guardian","floor":19,"turns":11},{"damage":26,"enemies":"Shell Parasite","floor":20,"turns":14},{"damage":32,"enemies":"Centurion and Healer","floor":21,"turns":14},{"damage":30,"enemies":"Book of Stabbing","floor":26,"turns":4}],"seed_played":"-7125472327171609135","potions_obtained":[{"floor":3.0,"key":"Block Potion"},{"floor":7.0,"key":"Energy Potion"},{"floor":17.0,"key":"SpeedPotion"},{"floor":18.0,"key":"Regen Potion"},{"floor":20,"key":"BloodPotion"}],"is_trial":false,"path_per_floor":["M","M","M","$","?","R","E","?","T","M","R","M","M","M","$","R","B",null,"M","M","M","?","?","R","$","E"],"character_chosen":"IRONCLAD","items_purchased":["Pummel","Body Slam","Armaments","Membership Card","Bag of Preparation"],"campfire_rested":0,"item_purchase_floors":[4,15,15,25,25],"current_hp_per_floor":[67,61,55,55,60,60,41,41,41,37,37,43,43,43,43,43,8,71,49,29,21,21,21,21,21,0,0],"gold":13,"neow_bonus":"UPGRADE_CARD","is_daily":false,"chose_seed":false,"campfire_upgraded":4,"win_rate":0.0,"timestamp":1614042581,"path_taken":["M","M","?","$","?","R","E","?","T","M","R","M","M","M","?","R","BOSS","M","M","M","?","?","R","?","E"],"items_purchased_type":["Card","Card","Card","Relic","Relic"],"build_version":"2020-12-22","purchased_purges":0,"victory":false,"max_hp_per_floor":[80,80,80,80,85,85,85,85,85,85,85,85,85,85,85,85,85,90,90,90,90,90,90,90,90,90,90],"card_choices":[{"not_picked":["Spot Weakness","Warcry"],"picked":"Heavy Blade","floor":1.0},{"not_picked":["Body Slam","Iron Wave"],"picked":"Burning Pact","floor":2.0},{"not_picked":["Anger","Sword Boomerang"],"picked":"Entrench","floor":3.0},{"not_picked":["Juggernaut","Metallicize"],"picked":"Clothesline","floor":7.0},{"not_picked":["Body Slam","Flex"],"picked":"Flame Barrier","floor":10.0},{"not_picked":["Warcry","Headbutt","Bloodletting"],"picked":"SKIP","floor":12.0},{"not_picked":["Warcry","Havoc","Pommel Strike"],"picked":"SKIP","floor":13.0},{"not_picked":["Double Tap","Offering"],"picked":"Barricade","floor":17.0},{"not_picked":["Body Slam","Cleave"],"picked":"True Grit","floor":19},{"not_picked":["Rampage","Pommel Strike","Perfected Strike"],"picked":"SKIP","floor":20},{"not_picked":["Whirlwind","Pummel","True Grit"],"picked":"SKIP","floor":21}],"player_experience":359961,"relics_obtained":[{"floor":7.0,"key":"Darkstone Periapt"},{"floor":9.0,"key":"StrikeDummy"}],"event_choices":[{"damage_healed":0.0,"max_hp_gain":5.0,"max_hp_loss":0.0,"gold_gain":0.0,"event_name":"Big Fish","player_choice":"Donut","floor":5.0,"gold_loss":0.0,"damage_taken":0.0},{"cards_removed":["Strike_R"],"damage_healed":0.0,"max_hp_gain":0.0,"max_hp_loss":0.0,"gold_gain":0.0,"event_name":"The Cleric","player_choice":"Card Removal","floor":8.0,"gold_loss":50.0,"damage_taken":0.0},{"damage_healed":0,"gold_gain":0,"player_choice":"Read","damage_taken":0,"max_hp_gain":0,"max_hp_loss":0,"event_name":"The Library","floor":22,"gold_loss":0,"cards_obtained":["Impervious"]},{"damage_healed":0,"gold_gain":0,"cards_transformed":["Strike_R","Strike_R"],"player_choice":"Became Test Subject","damage_taken":0,"max_hp_gain":0,"max_hp_loss":0,"event_name":"Drug Dealer","floor":23,"gold_loss":0,"cards_obtained":["Disarm","Wild Strike"]}],"is_beta":false,"boss_relics":[{"not_picked":["Busted Crown","SlaversCollar"],"picked":"Tiny House"}],"items_purged_floors":[],"is_endless":false,"potions_floor_spawned":[3,7,17,20],"killed_by":"Book of Stabbing","ascension_level":12}}