{"host":"insagfzijja1377g","time":1614119931,"event":{"mods":["BaseMod","Bestiary","Highlight Path","Minty Spire (QoL Compilation)","Relic Stats","Slay the Relics Exporter"],"gold_per_floor":[110,110,110,110,110,110,123,152,152,172,184,184,214,232,232,333,333,343,343,357,372,69,69,69,99,99,99,125,143,159,174,174,271,321,333,17,27,27,41,41,41,41,41,41,41],"floor_reached":44,"language":"ENG","playtime":2352,"items_purged":["Strike_P","Strike_P"],"score":686,"play_id":"ae347a8b-af8f-4ce7-a70a-be42d818fd2f","local_time":"20210223163851","is_ascension_mode":true,"campfire_choices":[{"data":"Eruption","floor":6.0,"key":"SMITH"},{"data":"CrushJoints","floor":12,"key":"SMITH"},{"data":"FearNoEvil","floor":15,"key":"SMITH"},{"floor":23,"key":"REST"},{"floor":27,"key":"REST"},{"floor":32,"key":"REST"},{"data":"Panacea","floor":40,"key":"SMITH"},{"floor":42,"key":"RECALL"}],"circlet_count":0,"master_deck":["Strike_P+1","Strike_P+1","Defend_P+1","Defend_P+1","Defend_P+1","Defend_P+1","Eruption+1","Vigilance+1","Conclude+1","CrushJoints+1","FlurryOfBlows+1","Consecrate","Vengeance","MentalFortress+1","FearNoEvil+1","LessonLearned+1","EmptyFist+1","TalkToTheHand+1","Indignation","Scrawl+1","Study+1","MentalFortress+1","Fasting2+1","WaveOfTheHand+1","Vault","CutThroughFate+1","ThirdEye+1","Tantrum","EmptyMind","Panacea+1","EmptyBody+1","Perseverance","Alpha"],"relics":["PureWater","Darkstone Periapt","Orichalcum","Frozen Egg 2","Yang","SlaversCollar","Pen Nib","War Paint","Kunai","Akabeko","Tiny House","TheAbacus"],"acts_visited":["Exordium","TheCity","TheBeyond"],"potions_floor_usage":[13,20,25,28,31,39,44,44],"damage_taken":[{"damage":0.0,"enemies":"Jaw Worm","floor":1.0,"turns":2.0},{"damage":0.0,"enemies":"2 Louse","floor":7.0,"turns":1.0},{"damage":0.0,"enemies":"Lagavulin","floor":8.0,"turns":5.0},{"damage":0.0,"enemies":"Cultist","floor":10.0,"turns":1.0},{"damage":2,"enemies":"Large Slime","floor":11,"turns":4},{"damage":0,"enemies":"Gremlin Nob","floor":13,"turns":2},{"damage":6,"enemies":"Looter","floor":14,"turns":2},{"damage":17,"enemies":"The Guardian","floor":16,"turns":7},{"damage":30,"enemies":"2 Thieves","floor":18,"turns":5},{"damage":18,"enemies":"3 Byrds","floor":20,"turns":3},{"damage":4,"enemies":"Cultist and Chosen","floor":21,"turns":4},{"damage":1,"enemies":"Gremlin Leader","floor":25,"turns":6},{"damage":1,"enemies":"Slavers","floor":28,"turns":3},{"damage":5,"enemies":"Sentry and Sphere","floor":29,"turns":3},{"damage":17,"enemies":"Centurion and Healer","floor":30,"turns":3},{"damage":17,"enemies":"Snake Plant","floor":31,"turns":5},{"damage":10,"enemies":"Automaton","floor":33,"turns":10},{"damage":4,"enemies":"3 Shapes","floor":35,"turns":7},{"damage":0,"enemies":"3 Darklings","floor":37,"turns":10},{"damage":0,"enemies":"Transient","floor":39,"turns":5},{"damage":56,"enemies":"Nemesis","floor":44,"turns":5}],"seed_played":"-6706352508843813718","potions_obtained":[{"floor":0.0,"key":"EssenceOfSteel"},{"floor":0.0,"key":"DistilledChaos"},{"floor":0.0,"key":"LiquidMemories"},{"floor":1.0,"key":"CultistPotion"},{"floor":11,"key":"BlessingOfTheForge"},{"floor":16,"key":"BlessingOfTheForge"},{"floor":29,"key":"AttackPotion"},{"floor":30,"key":"BottledMiracle"},{"floor":31,"key":"AttackPotion"},{"floor":34,"key":"PowerPotion"}],"is_trial":false,"path_per_floor":["M","?","?","$","?","R","M","E","T","M","M","R","E","M","R","B",null,"M","?","M","M","$","R","?","E","T","R","E","M","M","M","R","B",null,"M","$","M","?","M","R","?","R","T","E"],"character_chosen":"WATCHER","items_purchased":["Pen Nib","Regen Potion","Tantrum","TheAbacus"],"campfire_rested":3,"item_purchase_floors":[22,22,36,36],"current_hp_per_floor":[65,51,33,33,33,33,33,33,33,33,31,31,31,25,25,8,56,26,26,8,4,4,25,13,27,27,48,47,42,25,8,29,19,64,60,60,60,55,55,55,55,55,55,0,0],"gold":41,"neow_bonus":"THREE_SMALL_POTIONS","is_daily":false,"chose_seed":false,"campfire_upgraded":4,"win_rate":0.0,"timestamp":1614119931,"path_taken":["M","?","?","?","?","R","M","E","T","M","M","R","E","M","R","BOSS","M","?","M","M","$","R","?","E","T","R","E","?","M","M","R","BOSS","M","$","M","?","M","R","?","R","T","E"],"items_purchased_type":["Relic","Potion","Card","Relic"],"build_version":"2020-12-22","purchased_purges":2,"victory":false,"max_hp_per_floor":[72,72,72,72,72,72,72,72,72,72,72,72,72,72,72,72,72,72,72,72,72,72,72,72,72,72,72,72,72,72,72,72,72,77,77,77,77,77,77,77,77,77,77,77,77],"relic_stats":{"Darkstone Periapt":0,"TheAbacus":[24],"counters":[21,93],"Yang":[196],"Pen Nib":[14],"Kunai":[27],"Orichalcum":[102],"War Paint":["Defend_P","Defend_P"],"obtain_stats":[{"Darkstone Periapt":3,"SlaversCollar":17,"Tiny House":34,"TheAbacus":36,"Yang":13,"Pen Nib":22,"Kunai":26,"PureWater":0,"Orichalcum":8,"Frozen Egg 2":9,"War Paint":25,"Akabeko":28},{"Darkstone Periapt":1,"SlaversCollar":8,"Tiny House":17,"TheAbacus":18,"Yang":6,"Pen Nib":11,"Kunai":12,"PureWater":0,"Orichalcum":3,"Frozen Egg 2":3,"War Paint":12,"Akabeko":13},{"Darkstone Periapt":2,"SlaversCollar":24,"Tiny House":66,"TheAbacus":73,"Yang":15,"Pen Nib":36,"Kunai":42,"PureWater":0,"Orichalcum":8,"Frozen Egg 2":8,"War Paint":42,"Akabeko":45}]},"card_choices":[{"not_picked":["Vengeance","Evaluate"],"picked":"Conclude","floor":1.0},{"not_picked":["SignatureMove","JustLucky"],"picked":"CrushJoints","floor":7.0},{"not_picked":["ForeignInfluence","Halt"],"picked":"FlurryOfBlows","floor":8.0},{"not_picked":["EmptyFist","JustLucky"],"picked":"Consecrate","floor":10},{"not_picked":["Blasphemy","EmptyBody"],"picked":"Vengeance","floor":11},{"not_picked":["Study+1","EmptyFist"],"picked":"MentalFortress+1","floor":13},{"not_picked":["JustLucky","BattleHymn+1"],"picked":"FearNoEvil","floor":14},{"not_picked":["Devotion+1","SpiritShield"],"picked":"LessonLearned","floor":16},{"not_picked":["SashWhip","WaveOfTheHand"],"picked":"EmptyFist","floor":18},{"not_picked":["CrushJoints","ThirdEye"],"picked":"TalkToTheHand","floor":20},{"not_picked":["DeceiveReality","SignatureMove+1"],"picked":"Indignation","floor":21},{"not_picked":["Prostrate","BowlingBash"],"picked":"Scrawl","floor":25},{"not_picked":["CrushJoints","JustLucky"],"picked":"Study+1","floor":28},{"not_picked":["Meditate","EmptyBody"],"picked":"MentalFortress+1","floor":29},{"not_picked":["Study+1","SignatureMove"],"picked":"Fasting2+1","floor":30},{"not_picked":["CrushJoints","ClearTheMind"],"picked":"WaveOfTheHand+1","floor":31},{"not_picked":["Establishment+1","Ragnarok"],"picked":"Vault","floor":33},{"not_picked":["EmptyBody","Swivel+1"],"picked":"CutThroughFate+1","floor":34},{"not_picked":["Evaluate","Protect+1"],"picked":"ThirdEye+1","floor":35},{"not_picked":["DeceiveReality","Crescendo"],"picked":"EmptyMind","floor":37},{"not_picked":["Good Instincts","Violence"],"picked":"Panacea","floor":38},{"not_picked":["FollowUp","BattleHymn+1"],"picked":"EmptyBody+1","floor":39}],"player_experience":2212671,"relics_obtained":[{"floor":8.0,"key":"Orichalcum"},{"floor":9.0,"key":"Frozen Egg 2"},{"floor":13,"key":"Yang"},{"floor":25,"key":"War Paint"},{"floor":26,"key":"Kunai"},{"floor":28,"key":"Akabeko"}],"event_choices":[{"damage_healed":0.0,"max_hp_gain":0.0,"max_hp_loss":0.0,"gold_gain":0.0,"event_name":"Shining Light","player_choice":"Entered Light","floor":2.0,"gold_loss":0.0,"damage_taken":14.0,"cards_upgraded":["Strike_P","Vigilance"]},{"damage_healed":0.0,"max_hp_gain":0.0,"max_hp_loss":0.0,"gold_gain":0.0,"event_name":"Scrap Ooze","player_choice":"Success","floor":3.0,"gold_loss":0.0,"damage_taken":18.0,"relics_obtained":["Darkstone Periapt"]},{"damage_healed":0.0,"max_hp_gain":0.0,"max_hp_loss":0.0,"gold_gain":0.0,"event_name":"Living Wall","player_choice":"Grow","floor":5.0,"gold_loss":0.0,"damage_taken":0.0,"cards_upgraded":["Conclude"]},{"damage_healed":0,"gold_gain":0,"player_choice":"Ignored","damage_taken":0,"max_hp_gain":0,"max_hp_loss":0,"event_name":"Cursed Tome","floor":19,"gold_loss":0},{"damage_healed":0,"gold_gain":0,"player_choice":"POTION ","damage_taken":12,"max_hp_gain":0,"max_hp_loss":0,"event_name":"Knowing Skull","floor":24,"potions_obtained":["BlessingOfTheForge"],"gold_loss":0,"cards_obtained":[]},{"damage_healed":0,"gold_gain":0,"player_choice":"Memory 2","damage_taken":5,"max_hp_gain":0,"max_hp_loss":0,"event_name":"SensoryStone","floor":38,"gold_loss":0},{"damage_healed":0,"gold_gain":0,"player_choice":"2 cards matched","damage_taken":0,"max_hp_gain":0,"max_hp_loss":0,"event_name":"Match and Keep!","floor":41,"gold_loss":0,"cards_obtained":["Perseverance","Alpha"]}],"is_beta":false,"boss_relics":[{"not_picked":["SacredBark","Philosopher\u0027s Stone"],"picked":"SlaversCollar"},{"not_picked":["Snecko Eye","Runic Pyramid"],"picked":"Tiny House"}],"items_purged_floors":[22,36],"is_endless":false,"potions_floor_spawned":[1,7,11,16,29,30,31,33,37],"killed_by":"Nemesis","ascension_level":7}}