{"host":"43a645w54hpfbzri","time":1614046889,"event":{"mods":["AchievementEnabler","BaseMod","BetterRewards","Card Forge","Colored Map","Colored Powertips","Minty Spire (QoL Compilation)","Rare Cards Sparkle","StSLib","The Cursed"],"gold_per_floor":[111,111,111,111,111,111,146,146],"floor_reached":7,"language":"ENG","playtime":305,"items_purged":[],"score":99,"play_id":"24600380-3e83-429b-8e16-c7dc3b0bf529","local_time":"20210222192129","is_ascension_mode":true,"campfire_choices":[{"floor":6,"key":"REST"}],"circlet_count":0,"master_deck":["Feel No Pain+1","Fire Breathing+1","Inflame+1","Metallicize+1","Rupture+1","Seeing Red+1","Adrenaline+1","Adrenaline+1","Caltrops+1","Envenom+1","Footwork+1","Infinite Blades+1","Noxious Fumes+1","Well Laid Plans+1","Adrenaline+1","Biased Cognition+1","Capacitor+1","Buffer+1","Creative AI+1","Echo Form+1","Defragment+1","Electrodynamics+1","Loop+1","Machine Learning+1","Self Repair+1","Static Discharge+1","Storm+1","Devotion+1","Fasting2+1","LikeWater+1","Adaptation+1","Study+1","Adrenaline+1"],"relics":["Cracked Core","Hammer of Thor","Seething Fire","Anvil of the Gods","Pear"],"acts_visited":["Exordium"],"potions_floor_usage":[],"damage_taken":[{"damage":13,"enemies":"2 Louse","floor":1,"turns":2},{"damage":14,"enemies":"Lagavulin","floor":7,"turns":3}],"seed_played":"1049713654010341420","potions_obtained":[{"floor":1,"key":"AttackPotion"}],"is_trial":false,"path_per_floor":["M","?","?","?","$","R","E"],"character_chosen":"DEFECT","items_purchased":[],"campfire_rested":1,"item_purchase_floors":[],"current_hp_per_floor":[69,69,69,69,69,82,92,92],"gold":146,"neow_bonus":"TEN_PERCENT_HP_BONUS","is_daily":false,"chose_seed":false,"campfire_upgraded":0,"win_rate":0.0,"timestamp":1614046889,"path_taken":["M","?","?","?","$","R","E"],"items_purchased_type":[],"build_version":"2020-12-22","purchased_purges":0,"victory":false,"max_hp_per_floor":[82,82,82,82,82,82,92,92],"card_choices":[{"not_picked":["Hello World","Chill","Gash"],"picked":"SKIP","floor":1},{"not_picked":["Streamline","Rebound","Go for the Eyes"],"picked":"SKIP","floor":7}],"player_experience":68509,"relics_obtained":[{"floor":7,"key":"Pear"}],"event_choices":[{"cards_removed":["Dark Embrace"],"damage_healed":0,"gold_gain":0,"player_choice":"Forget","damage_taken":0,"max_hp_gain":0,"max_hp_loss":0,"event_name":"Living Wall","floor":2,"gold_loss":0},{"damage_healed":0,"gold_gain":0,"player_choice":"Ignored","damage_taken":0,"max_hp_gain":0,"max_hp_loss":0,"event_name":"Golden Wing","floor":3,"gold_loss":0},{"damage_healed":0,"gold_gain":0,"player_choice":"Ignored","damage_taken":0,"max_hp_gain":0,"max_hp_loss":0,"event_name":"Shining Light","floor":4,"gold_loss":0}],"is_beta":false,"boss_relics":[],"items_purged_floors":[],"is_endless":false,"potions_floor_spawned":[1],"killed_by":"Lagavulin","ascension_level":1}}