{"host":"r5cycnjhcbwgkpkf","time":1614101233,"event":{"mods":["2.2 Compatiblity","AchievementEnabler","BaseMod","Bestiary","Better Altar","Better Match","Better Note","Better Skull","Better Third Choice","BetterRewards","Colored Map","Colored Powertips","Infinite Spire","Minty Spire (QoL Compilation)","Reliquary","Replay The Spire","Spicy Shops","StSLib"],"gold_per_floor":[115,40,56,21,41,41,70,82,82,82,97,97,97,110,110,110,110],"floor_reached":16,"language":"ENG","playtime":784,"items_purged":["Strike_B"],"score":184,"play_id":"008b8c1f-66fc-4039-b8e1-7054399c91f9","local_time":"20210223092713","is_ascension_mode":true,"campfire_choices":[{"data":"Panic Button","floor":6,"key":"SMITH"},{"floor":10,"key":"REST"},{"floor":12,"key":"REST"},{"floor":15,"key":"REST"}],"circlet_count":0,"master_deck":["AscendersBane","Strike_B","Strike_B","Strike_B","Defend_B","Defend_B","Defend_B","Defend_B","Zap","Dualcast","Rebound","Panic Button+1","Coolheaded","Hologram","BootSequence"],"relics":["reliquary:ThirdArm","Strawberry","Pen Nib"],"acts_visited":["Exordium"],"potions_floor_usage":[7],"damage_taken":[{"damage":6,"enemies":"2 Louse","floor":1,"turns":4},{"damage":4,"enemies":"Small Slimes","floor":3,"turns":4},{"damage":8,"enemies":"Jaw Worm","floor":5,"turns":4},{"damage":59,"enemies":"Gremlin Nob","floor":7,"turns":5},{"damage":7,"enemies":"3 Louse","floor":8,"turns":7},{"damage":10,"enemies":"2 Fungi Beasts","floor":11,"turns":4},{"damage":24,"enemies":"Exordium Thugs","floor":14,"turns":7},{"damage":41,"enemies":"Hexaghost","floor":16,"turns":9}],"seed_played":"6561023133697930827","potions_obtained":[{"floor":1,"key":"SteroidPotion"},{"floor":14,"key":"SteroidPotion"}],"is_trial":false,"path_per_floor":["M","$","M","?","M","R","E","M","T","R","M","R","$","M","R","B"],"character_chosen":"DEFECT","items_purchased":[],"campfire_rested":3,"item_purchase_floors":[],"current_hp_per_floor":[58,58,54,71,63,63,11,4,4,27,17,40,40,16,39,0,0],"gold":110,"neow_bonus":"BOSS_RELIC","is_daily":false,"chose_seed":false,"campfire_upgraded":1,"win_rate":0.0,"timestamp":1614101233,"path_taken":["M","$","M","?","M","R","E","M","T","R","M","R","$","M","R","BOSS"],"items_purchased_type":[],"build_version":"2020-12-22","purchased_purges":1,"victory":false,"max_hp_per_floor":[71,71,71,71,71,71,78,78,78,78,78,78,78,78,78,78,78],"card_choices":[{"not_picked":["Chill","Auto Shields"],"picked":"Rebound","floor":1},{"not_picked":["Glacier","Force Field"],"picked":"Panic Button","floor":3},{"not_picked":["Compile Driver","Cold Snap","Stack"],"picked":"SKIP","floor":5},{"not_picked":["Compile Driver","FIFO Queue"],"picked":"Coolheaded","floor":7},{"not_picked":["Redo","Double Energy"],"picked":"Hologram","floor":8},{"not_picked":["Multi-Cast","Coolheaded"],"picked":"BootSequence","floor":11},{"not_picked":["Sunder","Hologram","Redo"],"picked":"SKIP","floor":14}],"player_experience":436834,"relics_obtained":[{"floor":7,"key":"Strawberry"},{"floor":9,"key":"Pen Nib"}],"event_choices":[{"damage_healed":17,"gold_gain":0,"player_choice":"Healed","damage_taken":0,"max_hp_gain":0,"max_hp_loss":0,"event_name":"The Cleric","floor":4,"gold_loss":35}],"is_beta":false,"boss_relics":[],"items_purged_floors":[2],"is_endless":false,"potions_floor_spawned":[1,14],"killed_by":"Hexaghost","ascension_level":16}}