{"host":"yqztwemefsbhfep8","time":1614117998,"event":{"mods":["BaseMod","Downfall","Minty Spire (QoL Compilation)","StSLib"],"gold_per_floor":[0,19,33,33,18,18,72,84,84,103,114,143,155,171,190,291,291,191,210,223,223,223,16,89,104,122,132,144,144,44,28,44,141,191,191,207,207,217,236,236,287,300,99,99,114,125,144,174,192,192,192,192],"floor_reached":50,"language":"ENG","playtime":2958,"items_purged":[],"score":611,"play_id":"61625208-6bf5-426d-ab6f-72927a7c5192","local_time":"20210223140638","is_ascension_mode":false,"campfire_choices":[{"data":"champ:Taunt","floor":1,"key":"SMITH"},{"data":"champ:ArenaPreparation","floor":6,"key":"SMITH"},{"data":"champ:RapidStrikes","floor":9,"key":"SMITH"},{"data":"champ:SwordSigil","floor":18,"key":"SMITH"},{"data":"expansioncontent:DashGenerateEvil","floor":30,"key":"SMITH"},{"floor":35,"key":"RECALL"},{"data":"champ:RapidStrikes","floor":44,"key":"SMITH"}],"circlet_count":0,"master_deck":["champ:Defend","champ:Defend+1","champ:Defend","champ:Defend","champ:Execute","champ:Taunt+1","champ:FaceSlap+1","champ:CalledShot","champ:ArenaPreparation+1","champ:RapidStrikes+1","champ:FanOfKnives","champ:SwordSigil+1","champ:VampiricStrike","champ:ShieldSlam+1","Bite","Bite","Bite","Bite","Bite","champ:RapidStrikes+1","expansioncontent:DashGenerateEvil+1","champ:RageSigil+1","Parasite"],"relics":["champ:ChampionCrownUpgraded","Dead Branch","Ginger","downfall:HeartBlessingGreen","Nloth\u0027s Gift","Singing Bowl","downfall:HeartBlessingBlue","Ice Cream","Tiny House","Gremlin Horn","Orichalcum","Boot","Ornamental Fan"],"acts_visited":["Exordium","TheCity","TheBeyond"],"potions_floor_usage":[12,16,20,26,27,28,33,42,45,47,49,50],"damage_taken":[{"damage":20,"enemies":"Cultist","floor":2,"turns":3},{"damage":13,"enemies":"2 Louse","floor":3,"turns":3},{"damage":15,"enemies":"downfall:FleeingMerchant","floor":5,"turns":4},{"damage":20,"enemies":"Small Slimes","floor":8,"turns":3},{"damage":28,"enemies":"Red Slaver","floor":10,"turns":2},{"damage":25,"enemies":"Exordium Thugs","floor":11,"turns":4},{"damage":60,"enemies":"Gremlin Nob","floor":12,"turns":4},{"damage":50,"enemies":"Blue Slaver","floor":13,"turns":2},{"damage":26,"enemies":"downfall:LooterAlt","floor":14,"turns":1},{"damage":5,"enemies":"Exordium Wildlife","floor":15,"turns":3},{"damage":52,"enemies":"SI_SHIV_ARCHETYPE","floor":16,"turns":5},{"damage":73,"enemies":"Shell Parasite","floor":19,"turns":3},{"damage":30,"enemies":"3 Byrds","floor":20,"turns":3},{"damage":96,"enemies":"downfall:FleeingMerchant","floor":23,"turns":4},{"damage":15,"enemies":"Sentry and Sphere","floor":25,"turns":3},{"damage":59,"enemies":"Snake Plant","floor":26,"turns":2},{"damage":55,"enemies":"3 Cultists","floor":27,"turns":4},{"damage":44,"enemies":"Cultist and Chosen","floor":28,"turns":6},{"damage":30,"enemies":"downfall:FleeingMerchant","floor":31,"turns":2},{"damage":63,"enemies":"Centurion and Healer","floor":32,"turns":7},{"damage":45,"enemies":"WA_ARCHETYPE_CALM","floor":33,"turns":3},{"damage":42,"enemies":"3 Darklings","floor":36,"turns":5},{"damage":20,"enemies":"3 Shapes","floor":38,"turns":1},{"damage":75,"enemies":"Transient","floor":39,"turns":5},{"damage":58,"enemies":"Sphere and 2 Shapes","floor":42,"turns":3},{"damage":71,"enemies":"Maw","floor":45,"turns":5},{"damage":55,"enemies":"Writhing Mass","floor":46,"turns":2},{"damage":35,"enemies":"Spire Growth","floor":47,"turns":2},{"damage":48,"enemies":"Reptomancer","floor":48,"turns":2},{"damage":63,"enemies":"3 Darklings","floor":49,"turns":2},{"damage":161,"enemies":"DF_ARCHETYPE_ORBS","floor":50,"turns":6}],"seed_played":"2570640103578387755","potions_obtained":[{"floor":8,"key":"DuplicationPotion"},{"floor":10,"key":"sneckomod:MuddlingPotion"},{"floor":11,"key":"sneckomod:MuddlingPotion"},{"floor":13,"key":"ColorlessPotion"},{"floor":15,"key":"Swift Potion"},{"floor":16,"key":"Ancient Potion"},{"floor":19,"key":"Block Potion"},{"floor":20,"key":"hexamod:SoulburnPotion"},{"floor":26,"key":"SneckoOil"},{"floor":27,"key":"Slimebound:ThreeZeroPotion"},{"floor":34,"key":"SneckoOil"},{"floor":36,"key":"Explosive Potion"},{"floor":38,"key":"hexamod:SoulburnPotion"},{"floor":45,"key":"champ:TechniquePotion"},{"floor":48,"key":"Explosive Potion"}],"is_trial":false,"path_per_floor":["R","M","M","?","$","R","T","M","R","M","M","E","M","M","M","B",null,"R","M","M","?","?","$","T","M","M","M","M","T","R","$","M","B",null,"R","M","?","M","M","?","T","M","$","R","M","M","M","E","M","B"],"character_chosen":"THE_CHAMP","items_purchased":["expansioncontent:DashGenerateEvil","Ice Cream","AttackPotion","Boot","SkillPotion"],"campfire_rested":0,"item_purchase_floors":[23,31,31,43,43],"current_hp_per_floor":[90,90,87,87,87,87,87,87,87,74,64,39,27,27,27,20,90,90,72,72,62,62,62,62,64,57,63,56,56,66,70,75,77,93,93,80,80,84,92,92,92,87,87,87,92,94,98,99,104,0,0,0],"gold":192,"neow_bonus":"ONE_RARE_RELIC","is_daily":false,"chose_seed":false,"campfire_upgraded":6,"win_rate":0.0,"timestamp":1614117998,"path_taken":["R","M","M","?","?","R","T","M","R","M","?","E","M","M","M","BOSS","R","M","M","?","?","$","T","M","?","M","M","?","R","$","M","BOSS","R","M","?","M","M","?","T","M","$","R","M","M","M","E","M","BOSS"],"items_purchased_type":["Card","Relic","Potion","Relic","Potion"],"build_version":"2020-12-22","purchased_purges":0,"victory":false,"max_hp_per_floor":[90,90,90,90,90,90,90,90,90,90,90,90,90,90,90,90,90,90,90,90,62,62,62,62,64,66,68,70,70,80,82,84,86,93,93,93,93,95,97,97,97,99,99,99,101,103,105,107,109,109,109,109],"card_choices":[{"not_picked":["champ:BringItOn","champ:Haymaker"],"picked":"champ:FaceSlap","floor":2},{"not_picked":["champ:IronFortress","champ:BerserkersShout"],"picked":"champ:CalledShot","floor":3},{"not_picked":["champ:TornadoPunch","champ:Shatter"],"picked":"champ:ArenaPreparation","floor":5},{"not_picked":["champ:GladiatorForm","champ:GutPunch"],"picked":"champ:RapidStrikes","floor":8},{"not_picked":["champ:ViciousMockery","champ:Circumvent"],"picked":"champ:FanOfKnives","floor":10},{"not_picked":["champ:CrownThrow","champ:Circumvent"],"picked":"champ:SwordSigil","floor":11},{"not_picked":["champ:SkillfulDodge","champ:Shatter","champ:PerfectedStrike"],"picked":"SKIP","floor":12},{"not_picked":["champ:PreciseThrust","champ:Haymaker","champ:IronFortress"],"picked":"SKIP","floor":13},{"not_picked":["champ:FlashCut","champ:HeavySlash","champ:BerserkersShout"],"picked":"SKIP","floor":14},{"not_picked":["champ:FanOfKnives","champ:Encircle","champ:DefensiveShout"],"picked":"SKIP","floor":15},{"not_picked":["champ:IgnorePain","champ:ShieldThrow"],"picked":"champ:VampiricStrike","floor":16},{"not_picked":["champ:Encircle+1","champ:FlashCut","champ:EndlessRage"],"picked":"SKIP","floor":19},{"not_picked":["champ:PreemptiveStrike","champ:BerserkersShout"],"picked":"champ:ShieldSlam+1","floor":20},{"not_picked":["champ:ShieldSigil","champ:CrownThrow"],"picked":"champ:RapidStrikes","floor":23},{"not_picked":["champ:Shatter","champ:StrikeOfGenius","champ:BerserkersShout"],"picked":"Singing Bowl","floor":25},{"not_picked":["champ:SkillfulDodge","champ:Haymaker","champ:VampiricStrike"],"picked":"Singing Bowl","floor":26},{"not_picked":["champ:ShieldSigil+1","champ:FalseCounter","champ:Encircle"],"picked":"Singing Bowl","floor":27},{"not_picked":["champ:Duel","champ:AdrenalArmor","champ:DefensiveShout"],"picked":"Singing Bowl","floor":28},{"not_picked":["champ:EndlessRage","champ:EnragedBash+1","champ:FalseCounter"],"picked":"Singing Bowl","floor":31},{"not_picked":["champ:ShieldSigil","champ:ShieldThrow","champ:EnGarde"],"picked":"Singing Bowl","floor":32},{"not_picked":["champ:HeavySlash","champ:HoldFirm","champ:SteelEdge"],"picked":"Singing Bowl","floor":33},{"not_picked":["champ:CrownThrow","champ:Backstep","champ:DefensiveShout"],"picked":"Singing Bowl","floor":34},{"not_picked":["champ:AdrenalArmor","champ:SteelEdge"],"picked":"champ:RageSigil+1","floor":36},{"not_picked":["champ:BladeFlurry","champ:BerserkersShout","champ:BringItOn+1"],"picked":"Singing Bowl","floor":38},{"not_picked":["champ:FaceSlap","champ:Lariat","champ:Backstep"],"picked":"Singing Bowl","floor":39},{"not_picked":["champ:Backstep+1","champ:Circumvent+1","champ:TornadoPunch+1"],"picked":"Singing Bowl","floor":42},{"not_picked":["champ:SkillfulDodge+1","champ:BringItOn+1","champ:Shatter+1"],"picked":"Singing Bowl","floor":45},{"not_picked":["champ:FalseCounter","champ:FlashCut+1","champ:BringItOn"],"picked":"Singing Bowl","floor":46},{"not_picked":["champ:AdrenalArmor+1","champ:Encircle+1","champ:GutPunch"],"picked":"Singing Bowl","floor":47},{"not_picked":["champ:HoldFirm","champ:RisingSlash","champ:FlashCut+1"],"picked":"Singing Bowl","floor":48},{"not_picked":["champ:Endure","champ:Parry","champ:FancyFootwork"],"picked":"Singing Bowl","floor":49}],"player_experience":350150,"relics_obtained":[{"floor":7,"key":"Smiling Mask"},{"floor":12,"key":"Ginger"},{"floor":24,"key":"Singing Bowl"},{"floor":40,"key":"Gremlin Horn"},{"floor":41,"key":"Orichalcum"},{"floor":48,"key":"Ornamental Fan"}],"event_choices":[{"damage_healed":0,"gold_gain":0,"player_choice":"Became a vampire","damage_taken":0,"max_hp_gain":0,"max_hp_loss":28,"event_name":"Vampires","floor":21,"gold_loss":0,"cards_obtained":["Bite","Bite","Bite","Bite","Bite"]}],"is_beta":false,"boss_relics":[{"not_picked":["Velvet Choker","Empty Cage"],"picked":"champ:ChampionCrownUpgraded"},{"not_picked":["Pandora\u0027s Box","Coffee Dripper"],"picked":"Tiny House"}],"items_purged_floors":[],"is_endless":false,"potions_floor_spawned":[8,10,11,13,15,16,19,20,26,27,36,38,45,48],"killed_by":"DF_ARCHETYPE_ORBS","ascension_level":0}}