{"host":"d2gh6suihlstufn7","time":1614070786,"event":{"mods":["AchievementEnabler","BaseMod","Colored Map","Colored Powertips","Minty Spire (QoL Compilation)","Permanent Neow","Quick Restart","StSLib","SuperFastMode"],"gold_per_floor":[117,117,20,20,40,40,69,24,24,24,40,40,51,67,67,171,171,188,198,211,211,211],"floor_reached":21,"language":"KOR","playtime":446,"items_purged":[],"score":231,"play_id":"98349f2d-6740-4921-8875-392036055c13","local_time":"20210223175946","is_ascension_mode":false,"campfire_choices":[{"data":"Perfected Strike","floor":6,"key":"SMITH"},{"data":"Shrug It Off","floor":10,"key":"SMITH"},{"data":"Battle Trance","floor":12,"key":"SMITH"},{"data":"Perfected Strike","floor":15,"key":"SMITH"}],"circlet_count":0,"master_deck":["Strike_R","Strike_R","Strike_R","Strike_R","Strike_R","Defend_R","Defend_R","Defend_R","Defend_R","Bash","Perfected Strike+1","Bash","Wild Strike","Shrug It Off+1","Battle Trance+1","Perfected Strike+1","Double Tap","Pommel Strike","Wild Strike"],"relics":["Burning Blood","Turnip","Frozen Egg 2","Black Star"],"acts_visited":["Exordium","TheCity"],"potions_floor_usage":[3,15,16],"damage_taken":[{"damage":1,"enemies":"2 Louse","floor":1,"turns":3},{"damage":6,"enemies":"Cultist","floor":5,"turns":3},{"damage":36,"enemies":"3 Sentries","floor":7,"turns":8},{"damage":0,"enemies":"Small Slimes","floor":11,"turns":3},{"damage":4,"enemies":"Blue Slaver","floor":13,"turns":3},{"damage":15,"enemies":"Exordium Thugs","floor":14,"turns":3},{"damage":0,"enemies":"Slime Boss","floor":16,"turns":5},{"damage":32,"enemies":"3 Byrds","floor":18,"turns":5},{"damage":11,"enemies":"Shell Parasite","floor":19,"turns":4},{"damage":30,"enemies":"Centurion and Healer","floor":20,"turns":3},{"damage":10,"enemies":"Cultist and Chosen","floor":21,"turns":4}],"seed_played":"6958438643818940728","potions_obtained":[{"floor":11,"key":"FearPotion"},{"floor":14,"key":"BloodPotion"},{"floor":20,"key":"HeartOfIron"}],"is_trial":false,"path_per_floor":["M","?","$","?","M","R","E","$","T","R","M","R","M","M","R","B",null,"M","M","M","M"],"character_chosen":"IRONCLAD","items_purchased":["Fruit Juice","Shrug It Off"],"campfire_rested":0,"item_purchase_floors":[3,8],"current_hp_per_floor":[72,72,77,77,77,77,47,47,47,47,53,53,55,46,61,67,77,51,46,22,12,12],"gold":211,"neow_bonus":"ONE_RARE_RELIC","is_daily":false,"chose_seed":false,"campfire_upgraded":4,"win_rate":0.0,"timestamp":1614070786,"path_taken":["M","?","?","?","M","R","E","$","T","R","M","R","?","M","R","BOSS","M","M","?","M"],"items_purchased_type":["Potion","Card"],"build_version":"2020-12-22","purchased_purges":0,"victory":false,"max_hp_per_floor":[72,72,77,77,77,77,77,77,77,77,77,77,77,77,77,77,77,77,77,77,77,77],"card_choices":[{"not_picked":["Flex","Clothesline"],"picked":"Perfected Strike","floor":1},{"not_picked":["Anger","Cleave","Clothesline"],"picked":"SKIP","floor":5},{"not_picked":["Shockwave","Anger"],"picked":"Wild Strike","floor":7},{"not_picked":["Thunderclap","Ghostly Armor"],"picked":"Battle Trance","floor":11},{"not_picked":["Cleave","Seeing Red"],"picked":"Perfected Strike","floor":13},{"not_picked":["Seeing Red","Combust+1","Carnage"],"picked":"SKIP","floor":14},{"not_picked":["Demon Form+1","Fiend Fire"],"picked":"Double Tap","floor":16},{"not_picked":["Ghostly Armor","Carnage"],"picked":"Pommel Strike","floor":18},{"not_picked":["Sever Soul","Armaments"],"picked":"Wild Strike","floor":19},{"not_picked":["Dropkick+1","Warcry","Combust+1"],"picked":"SKIP","floor":20}],"player_experience":165181,"relics_obtained":[{"floor":7,"key":"Frozen Egg 2"}],"event_choices":[{"damage_healed":0,"gold_gain":0,"player_choice":"Bought 0 Potions","damage_taken":0,"max_hp_gain":0,"max_hp_loss":0,"event_name":"The Woman in Blue","floor":2,"gold_loss":0},{"damage_healed":0,"gold_gain":0,"player_choice":"1 cards matched","damage_taken":0,"max_hp_gain":0,"max_hp_loss":0,"event_name":"Match and Keep!","floor":4,"gold_loss":0,"cards_obtained":["Bash"]}],"is_beta":false,"boss_relics":[{"not_picked":["Busted Crown","SlaversCollar"],"picked":"Black Star"}],"items_purged_floors":[],"is_endless":false,"potions_floor_spawned":[11,14,20],"killed_by":"Cultist and Chosen","ascension_level":0}}