{"host":"19r1ww88x2tc73i0","time":1614068360,"event":{"mods":["BaseMod","BetterRewards","Colored Map","Minty Spire (QoL Compilation)","Relic Stats","StSLib","SuperFastMode","slay the spire mod where everything is the same but ironclad has a cowboy hat"],"gold_per_floor":[22,35,48,64,75,103,103,119,119,119,130,141,173,173,173,248,248,264,275,131,148,159,190,190,223,271,296,296,296,296,322,322,322,322],"floor_reached":33,"language":"ENG","playtime":1527,"items_purged":[],"score":835,"play_id":"e36525a1-ca00-46d8-9a31-f7a36c75a2b3","local_time":"25640223151920","is_ascension_mode":true,"campfire_choices":[{"data":"Eruption","floor":7.0,"key":"SMITH"},{"floor":15.0,"key":"REST"},{"data":"Ragnarok","floor":24.0,"key":"SMITH"},{"data":"TalkToTheHand","floor":29.0,"key":"SMITH"},{"data":"FlyingSleeves","floor":32,"key":"SMITH"}],"circlet_count":0,"master_deck":["AscendersBane","Strike_P","Strike_P","Strike_P","Defend_P","Defend_P","Defend_P","Eruption+1","Vigilance","Sanctity+1","ReachHeaven","Conclude","Prostrate+1","Omniscience+1","Evaluate+1","Collect+1","FollowUp","TalkToTheHand+1","Prostrate+1","Ragnarok+1","Sanctity+1","Adaptation+1","Prostrate+1","ConjureBlade+1","WheelKick","FlyingSleeves+1"],"relics":["PureWater","Membership Card","Pen Nib","White Beast Statue","Toxic Egg 2","Pantograph","Sundial","InkBottle","Bottled Flame","SacredBark","Frozen Egg 2","Dream Catcher","Calipers","Smiling Mask","Yang","Pear"],"acts_visited":["Exordium","TheCity"],"potions_floor_usage":[31],"damage_taken":[{"damage":4.0,"enemies":"Cultist","floor":1.0,"turns":3.0},{"damage":5.0,"enemies":"2 Louse","floor":2.0,"turns":2.0},{"damage":0.0,"enemies":"Small Slimes","floor":3.0,"turns":2.0},{"damage":0.0,"enemies":"3 Louse","floor":4.0,"turns":1.0},{"damage":9.0,"enemies":"Exordium Thugs","floor":5.0,"turns":3.0},{"damage":0.0,"enemies":"Gremlin Nob","floor":6.0,"turns":2.0},{"damage":0.0,"enemies":"Large Slime","floor":8.0,"turns":2.0},{"damage":7.0,"enemies":"Looter","floor":11.0,"turns":2.0},{"damage":13.0,"enemies":"Exordium Thugs","floor":12.0,"turns":2.0},{"damage":22.0,"enemies":"Lagavulin","floor":13.0,"turns":4.0},{"damage":0.0,"enemies":"The Guardian","floor":16.0,"turns":5.0},{"damage":0.0,"enemies":"Spheric Guardian","floor":18.0,"turns":3.0},{"damage":12.0,"enemies":"2 Thieves","floor":19.0,"turns":2.0},{"damage":0.0,"enemies":"Snecko","floor":21.0,"turns":3.0},{"damage":3.0,"enemies":"Chosen and Byrds","floor":22.0,"turns":6.0},{"damage":3.0,"enemies":"Slavers","floor":23.0,"turns":4.0},{"damage":0.0,"enemies":"Gremlin Leader","floor":25.0,"turns":2.0},{"damage":1.0,"enemies":"Slavers","floor":27.0,"turns":3.0},{"damage":16,"enemies":"Book of Stabbing","floor":31,"turns":5},{"damage":66,"enemies":"Collector","floor":33,"turns":2}],"seed_played":"-7770853620533737207","potions_obtained":[{"floor":1.0,"key":"BlessingOfTheForge"},{"floor":2.0,"key":"SteroidPotion"},{"floor":4.0,"key":"Fire Potion"},{"floor":6.0,"key":"Fire Potion"},{"floor":8.0,"key":"PowerPotion"},{"floor":19.0,"key":"SkillPotion"},{"floor":21.0,"key":"Fire Potion"},{"floor":22.0,"key":"DistilledChaos"},{"floor":23.0,"key":"EntropicBrew"},{"floor":25.0,"key":"Dexterity Potion"},{"floor":27.0,"key":"Weak Potion"},{"floor":31,"key":"Weak Potion"}],"is_trial":false,"path_per_floor":["M","M","M","M","M","E","R","M","T","T","M","M","E","?","R","B",null,"M","M","$","M","M","E","R","E","T","E","?","R","?","E","R","B"],"character_chosen":"WATCHER","items_purchased":["Membership Card","Pen Nib","White Beast Statue","Toxic Egg 2","Sanctity+1","Frozen Egg 2"],"campfire_rested":1,"item_purchase_floors":[0,0,0,0,0,20],"current_hp_per_floor":[57,52,52,52,43,43,43,43,43,43,36,23,1,1,21,46,63,63,51,51,51,48,45,45,45,45,44,44,44,44,38,38,0,0],"gold":322,"neow_bonus":"","is_daily":false,"chose_seed":false,"campfire_upgraded":4,"win_rate":0.0,"timestamp":1614068360,"path_taken":["M","M","?","M","M","E","R","M","T","?","M","M","E","?","R","BOSS","M","?","?","M","M","E","R","E","T","E","?","R","?","E","R","BOSS"],"items_purchased_type":["Relic","Relic","Relic","Relic","Card","Relic"],"build_version":"2020-12-22","purchased_purges":0,"victory":false,"max_hp_per_floor":[68,68,68,68,68,68,68,68,68,68,68,68,68,68,68,68,68,68,68,68,68,68,68,68,68,68,68,68,68,68,78,78,78,78],"relic_stats":{"Dream Catcher":0,"counters":[105,373],"Sundial":[2],"Pantograph":50,"Yang":[10],"Pen Nib":[12],"Smiling Mask":0,"obtain_stats":[{"Ice Cream":5,"Calipers":25,"Gremlin Horn":6,"CeramicFish":0,"Vajra":9,"Whetstone":6,"Ginger":0,"Boot":29,"Old Coin":8,"Centennial Puzzle":10,"HornCleat":9,"DollysMirror":53,"Sundial":9,"Philosopher\u0027s Stone":17,"MealTicket":10,"Fusion Hammer":17,"Toxic Egg 2":0,"Girya":8,"Pear":31,"Happy Flower":23,"Astrolabe":0,"Blue Candle":45,"Oddly Smooth Stone":25,"Pen Nib":0,"Letter Opener":7,"War Paint":9,"Question Card":10,"Du-Vu Doll":9,"Bottled Flame":13,"MutagenicStrength":19,"Bronze Scales":25,"Molten Egg 2":0,"Pandora\u0027s Box":34,"StrikeDummy":24,"Regal Pillow":41,"Lantern":11,"Torii":46,"SacredBark":17,"Yang":27,"CloakClasp":40,"Juzu Bracelet":13,"Smiling Mask":26,"ClockworkSouvenir":0,"Nunchaku":29,"Dream Catcher":2,"TheAbacus":46,"Pantograph":6,"Tiny Chest":0,"InkBottle":26,"Potion Belt":26,"Lee\u0027s Waffle":13,"Damaru":36,"Thread and Needle":12,"PreservedInsect":0,"The Courier":10,"Omamori":0,"Orichalcum":14,"Frozen Egg 2":8,"Medical Kit":22,"GoldenEye":0,"White Beast Statue":0,"Busted Crown":34,"Orrery":14,"Art of War":54,"Bag of Marbles":0,"Membership Card":0,"Bottled Lightning":46,"PureWater":0,"FossilizedHelix":6,"TungstenRod":0},{"Ice Cream":45,"Calipers":102,"Gremlin Horn":81,"CeramicFish":29,"Vajra":75,"Whetstone":33,"Ginger":70,"Boot":17,"Old Coin":82,"Centennial Puzzle":6,"HornCleat":48,"DollysMirror":27,"Sundial":92,"Philosopher\u0027s Stone":10,"MealTicket":76,"Fusion Hammer":51,"Toxic Egg 2":77,"Girya":5,"Pear":104,"Happy Flower":15,"Astrolabe":0,"Blue Candle":24,"Oddly Smooth Stone":16,"Pen Nib":29,"Letter Opener":74,"War Paint":34,"Question Card":83,"Du-Vu Doll":5,"Bottled Flame":95,"MutagenicStrength":38,"Bronze Scales":41,"Molten Egg 2":42,"Pandora\u0027s Box":61,"StrikeDummy":41,"Regal Pillow":23,"Lantern":35,"Torii":67,"SacredBark":96,"Yang":103,"CloakClasp":65,"Juzu Bracelet":83,"Smiling Mask":102,"ClockworkSouvenir":29,"Nunchaku":58,"Dream Catcher":78,"TheAbacus":67,"Pantograph":91,"Tiny Chest":29,"InkBottle":16,"Potion Belt":41,"Lee\u0027s Waffle":83,"Damaru":21,"Thread and Needle":35,"PreservedInsect":29,"The Courier":49,"Omamori":29,"Orichalcum":36,"Frozen Egg 2":48,"Medical Kit":14,"GoldenEye":42,"White Beast Statue":85,"Busted Crown":20,"Orrery":76,"Art of War":28,"Bag of Marbles":29,"Membership Card":29,"Bottled Lightning":67,"PureWater":0,"FossilizedHelix":4,"TungstenRod":77},{"Ice Cream":149,"Calipers":363,"Gremlin Horn":292,"CeramicFish":104,"Vajra":255,"Whetstone":115,"Ginger":240,"Boot":64,"Old Coin":295,"Centennial Puzzle":23,"HornCleat":160,"DollysMirror":95,"Sundial":330,"Philosopher\u0027s Stone":41,"MealTicket":262,"Fusion Hammer":168,"Toxic Egg 2":272,"Girya":18,"Pear":371,"Happy Flower":59,"Astrolabe":0,"Blue Candle":87,"Oddly Smooth Stone":62,"Pen Nib":104,"Letter Opener":253,"War Paint":117,"Question Card":301,"Du-Vu Doll":18,"Bottled Flame":338,"MutagenicStrength":131,"Bronze Scales":139,"Molten Egg 2":141,"Pandora\u0027s Box":205,"StrikeDummy":139,"Regal Pillow":85,"Lantern":120,"Torii":228,"SacredBark":343,"Yang":366,"CloakClasp":220,"Juzu Bracelet":301,"Smiling Mask":363,"ClockworkSouvenir":104,"Nunchaku":191,"Dream Catcher":277,"TheAbacus":228,"Pantograph":328,"Tiny Chest":104,"InkBottle":62,"Potion Belt":139,"Lee\u0027s Waffle":301,"Damaru":76,"Thread and Needle":120,"PreservedInsect":104,"The Courier":163,"Omamori":104,"Orichalcum":123,"Frozen Egg 2":160,"Medical Kit":56,"GoldenEye":141,"White Beast Statue":315,"Busted Crown":74,"Orrery":262,"Art of War":98,"Bag of Marbles":104,"Membership Card":104,"Bottled Lightning":228,"PureWater":0,"FossilizedHelix":15,"TungstenRod":272}],"InkBottle":[19]},"card_choices":[{"not_picked":["PathToVictory+1","SashWhip"],"picked":"ReachHeaven","floor":1.0},{"not_picked":["JustLucky","Crescendo+1"],"picked":"Conclude","floor":2.0},{"not_picked":["CutThroughFate","ClearTheMind+1"],"picked":"Prostrate+1","floor":3.0},{"not_picked":["SignatureMove","FlurryOfBlows","Adaptation"],"picked":"SKIP","floor":4.0},{"not_picked":["Pray+1","TalkToTheHand"],"picked":"Omniscience+1","floor":5.0},{"not_picked":["ThirdEye+1","EmptyBody+1"],"picked":"Evaluate+1","floor":6.0},{"not_picked":["SandsOfTime","JustLucky"],"picked":"Collect+1","floor":8.0},{"not_picked":["JustLucky","Conclude"],"picked":"FollowUp","floor":11.0},{"not_picked":["EmptyFist","JustLucky"],"picked":"TalkToTheHand","floor":12.0},{"not_picked":["WaveOfTheHand+1","SignatureMove"],"picked":"Prostrate+1","floor":13.0},{"not_picked":["Judgement+1","DeusExMachina+1"],"picked":"Ragnarok","floor":16.0},{"not_picked":["EmptyBody+1","SashWhip"],"picked":"Sanctity+1","floor":18.0},{"not_picked":["EmptyFist","Meditate+1","FearNoEvil"],"picked":"SKIP","floor":19.0},{"not_picked":["Consecrate","JustLucky","MentalFortress+1"],"picked":"SKIP","floor":21.0},{"not_picked":["ForeignInfluence+1","FollowUp"],"picked":"Adaptation+1","floor":22.0},{"not_picked":["Evaluate+1","SandsOfTime"],"picked":"Prostrate+1","floor":23.0},{"not_picked":["SandsOfTime+1","Sanctity+1"],"picked":"ConjureBlade+1","floor":25.0},{"not_picked":["EmptyBody+1","FearNoEvil+1"],"picked":"WheelKick","floor":27.0},{"not_picked":["BowlingBash","Consecrate"],"picked":"FlyingSleeves","floor":31}],"player_experience":1155383,"relics_obtained":[{"floor":6.0,"key":"Pantograph"},{"floor":9.0,"key":"Sundial"},{"floor":10.0,"key":"InkBottle"},{"floor":13.0,"key":"Bottled Flame"},{"floor":23.0,"key":"Dream Catcher"},{"floor":25.0,"key":"Calipers"},{"floor":26.0,"key":"Smiling Mask"},{"floor":27.0,"key":"Yang"},{"floor":31,"key":"Pear"}],"event_choices":[{"cards_removed":["Defend_P"],"damage_healed":0.0,"max_hp_gain":0.0,"max_hp_loss":0.0,"gold_gain":0.0,"event_name":"Bonfire Elementals","player_choice":"Offered Basic","floor":14.0,"gold_loss":0.0,"damage_taken":0.0},{"damage_healed":0.0,"max_hp_gain":0.0,"max_hp_loss":0.0,"gold_gain":0.0,"event_name":"The Mausoleum","player_choice":"Ignored","floor":28.0,"gold_loss":0.0,"damage_taken":0.0},{"cards_removed":["Strike_P"],"damage_healed":0.0,"max_hp_gain":0.0,"max_hp_loss":0.0,"gold_gain":0.0,"event_name":"Purifier","player_choice":"Purged","floor":30.0,"gold_loss":0.0,"damage_taken":0.0}],"is_beta":false,"boss_relics":[{"not_picked":["VioletLotus","Busted Crown"],"picked":"SacredBark"}],"items_purged_floors":[],"is_endless":false,"potions_floor_spawned":[1,2,3,4,5,6,8,11,12,13,16,18,19,21,22,23,25,27,31],"killed_by":"Collector","ascension_level":16}}