{"host":"ve9aztkoyqeblvav","time":1614083535,"event":{"mods":["Act Like it!","Aspiration","BaseMod","Colored Map","Colored Powertips","Highlight Path","Marked Mod","Minty Spire (QoL Compilation)","Pale of the Ancients","Quick Restart","Reorder Act Four","StSLib","The Hierophant","Waifu the Spire"],"gold_per_floor":[115,115,134,154,2,15,15,47,47,47,62,62,62,62,62,139,139,152,152,77,127,143,9,9,26,26,41,41,61,72,72,72],"floor_reached":31,"language":"ZHS","playtime":987,"items_purged":["Strike_B"],"score":474,"play_id":"e8db3e5f-2d8d-4f70-8f6d-52ca5472796c","local_time":"20210223203215","is_ascension_mode":true,"campfire_choices":[{"data":"Chaos","floor":7.0,"key":"SMITH"},{"data":"aspiration:Polymerization","floor":10.0,"key":"SMITH"},{"data":"Dualcast","floor":13.0,"key":"SMITH"},{"data":"Zap","floor":15.0,"key":"SMITH"},{"data":"Buffer","floor":24.0,"key":"SMITH"},{"data":"Ghostly","floor":28,"key":"SMITH"}],"circlet_count":0,"master_deck":["AscendersBane","Zap+1","Dualcast+1","aspiration:Polymerization+1","Turbo","Skim","Chaos+1","Cold Snap","Ball Lightning","Buffer+1","Buffer","Redo","BootSequence","Core Surge","Sunder","Thunder Strike","Glacier","Ghostly+1","Ghostly","Ghostly","aspiration:Polymerization","Capacitor","Cold Snap"],"relics":["Cracked Core","NeowsBlessing","aspiration:FetidBarrel","Du-Vu Doll","Pear","Pandora\u0027s Box"],"acts_visited":["Exordium","TheCity"],"potions_floor_usage":[27,30],"damage_taken":[{"damage":0.0,"enemies":"Small Slimes","floor":1.0,"turns":1.0},{"damage":0.0,"enemies":"Cultist","floor":3.0,"turns":1.0},{"damage":0.0,"enemies":"Jaw Worm","floor":4.0,"turns":1.0},{"damage":8.0,"enemies":"2 Fungi Beasts","floor":6.0,"turns":4.0},{"damage":4.0,"enemies":"Gremlin Nob","floor":8.0,"turns":3.0},{"damage":15.0,"enemies":"Exordium Wildlife","floor":11.0,"turns":4.0},{"damage":27.0,"enemies":"Slime Boss","floor":16.0,"turns":9.0},{"damage":21.0,"enemies":"2 Thieves","floor":18.0,"turns":4.0},{"damage":0.0,"enemies":"Shell Parasite","floor":22.0,"turns":5.0},{"damage":12.0,"enemies":"Snake Plant","floor":25.0,"turns":4.0},{"damage":3,"enemies":"Chosen and Byrds","floor":27,"turns":6},{"damage":7,"enemies":"Shelled Parasite and Fungi","floor":29,"turns":5},{"damage":11,"enemies":"Snake Plant","floor":30,"turns":5},{"damage":8,"enemies":"Cultist and Chosen","floor":31,"turns":4}],"seed_played":"-82340589668902430","potions_obtained":[{"floor":3.0,"key":"Energy Potion"},{"floor":8.0,"key":"PowerPotion"},{"floor":11.0,"key":"FocusPotion"},{"floor":25.0,"key":"Energy Potion"},{"floor":29,"key":"Fire Potion"}],"is_trial":false,"path_per_floor":["M","?","M","M","$","M","R","E","T","R","M","$","R","T","R","B",null,"M","?","?","?","M","$","R","M","T","M","R","M","M","M"],"character_chosen":"DEFECT","items_purchased":["Chaos","Capacitor","Cold Snap"],"campfire_rested":0,"item_purchase_floors":[5,23,23],"current_hp_per_floor":[64,64,64,64,64,56,56,52,52,52,37,37,37,47,47,20,66,45,40,40,40,40,40,40,28,28,25,25,18,7,0,0],"gold":72,"neow_bonus":"THREE_ENEMY_KILL","is_daily":false,"chose_seed":false,"campfire_upgraded":6,"win_rate":0.0,"timestamp":1614083535,"path_taken":["M","?","?","M","$","M","R","E","T","R","M","?","R","?","R","BOSS","M","?","?","?","M","$","R","M","T","?","R","M","M","M"],"items_purchased_type":["Card","Card","Card"],"build_version":"2020-12-22","purchased_purges":1,"victory":false,"max_hp_per_floor":[71,71,71,71,71,71,71,71,71,71,71,71,71,81,81,81,81,81,40,40,40,40,40,40,40,40,40,40,40,40,40,40],"card_choices":[{"not_picked":["Hologram","Barrage"],"picked":"aspiration:Polymerization","floor":1.0},{"not_picked":["Rebound","Leap"],"picked":"Turbo","floor":3.0},{"not_picked":["Cold Snap","Machine Learning"],"picked":"Skim","floor":4.0},{"not_picked":["Gash","Skim"],"picked":"Cold Snap","floor":6.0},{"not_picked":["Leap","Aggregate"],"picked":"Ball Lightning","floor":8.0},{"not_picked":["Sweeping Beam","Compile Driver"],"picked":"Buffer","floor":11.0},{"not_picked":["Meteor Strike","Amplify"],"picked":"Buffer","floor":16.0},{"not_picked":["Skim","Conserve Battery"],"picked":"Glacier","floor":18.0},{"not_picked":["Sweeping Beam+1","Steam Power"],"picked":"aspiration:Polymerization","floor":22.0},{"not_picked":["Sweeping Beam","Turbo","Storm"],"picked":"SKIP","floor":25.0},{"not_picked":["Cold Snap","Gash","Conserve Battery"],"picked":"SKIP","floor":27},{"not_picked":["Conserve Battery+1","Compile Driver","Cold Snap"],"picked":"SKIP","floor":29},{"not_picked":["Scrape","Sweeping Beam","Beam Cell+1"],"picked":"SKIP","floor":30}],"player_experience":1680776,"relics_obtained":[{"floor":8.0,"key":"aspiration:FetidBarrel"},{"floor":9.0,"key":"Du-Vu Doll"},{"floor":14.0,"key":"Pear"}],"event_choices":[{"cards_removed":["Strike_B"],"damage_healed":0.0,"max_hp_gain":0.0,"max_hp_loss":0.0,"gold_gain":0.0,"event_name":"Bonfire Elementals","player_choice":"Offered Basic","floor":2.0,"gold_loss":0.0,"damage_taken":0.0},{"damage_healed":0.0,"max_hp_gain":0.0,"max_hp_loss":41.0,"gold_gain":0.0,"event_name":"Ghosts","player_choice":"Became a Ghost","floor":19.0,"gold_loss":0.0,"damage_taken":0.0,"cards_obtained":["Ghostly","Ghostly","Ghostly"]},{"cards_removed":["Multi-Cast"],"damage_healed":0.0,"max_hp_gain":0.0,"max_hp_loss":0.0,"gold_gain":0.0,"event_name":"Beggar","player_choice":"Gave Gold","floor":20.0,"gold_loss":75.0,"damage_taken":0.0},{"damage_healed":0.0,"max_hp_gain":0.0,"max_hp_loss":0.0,"gold_gain":50.0,"event_name":"Nest","player_choice":"Stole From Cult","floor":21.0,"gold_loss":0.0,"damage_taken":0.0}],"is_beta":false,"boss_relics":[{"not_picked":["Black Star","FrozenCore"],"picked":"Pandora\u0027s Box"}],"items_purged_floors":[5],"is_endless":false,"potions_floor_spawned":[3,8,11,25,29],"killed_by":"Cultist and Chosen","ascension_level":20}}