{"host":"Joker2kill","time":1614105475,"event":{"mods":["BaseMod","Bestiary","Curses Come First","Minty Spire (QoL Compilation)","StSLib"],"gold_per_floor":[117,42,60,60,75,107,107,107,107],"floor_reached":8,"language":"ENG","playtime":414,"items_purged":[],"score":67,"play_id":"44c0dee6-0c8a-4828-8c4b-baf5e8add8ea","local_time":"20210223133755","is_ascension_mode":true,"campfire_choices":[{"data":"Cloak And Dagger","floor":7,"key":"SMITH"}],"circlet_count":0,"master_deck":["Strike_G","Strike_G","Strike_G","Strike_G","Strike_G","Defend_G","Defend_G","Defend_G","Defend_G","Defend_G","Survivor","Neutralize","PiercingWail","Well Laid Plans","Dagger Spray+1","Cloak And Dagger+1"],"relics":["Ring of the Snake","NeowsBlessing","Centennial Puzzle"],"acts_visited":["Exordium"],"potions_floor_usage":[],"damage_taken":[{"damage":0,"enemies":"Cultist","floor":1,"turns":1},{"damage":0,"enemies":"Small Slimes","floor":3,"turns":1},{"damage":0,"enemies":"Jaw Worm","floor":5,"turns":1},{"damage":37,"enemies":"3 Sentries","floor":6,"turns":7},{"damage":47,"enemies":"Gremlin Nob","floor":8,"turns":4}],"seed_played":"-3692844886421227974","potions_obtained":[{"floor":3,"key":"Swift Potion"}],"is_trial":false,"path_per_floor":["M","$","M","?","M","E","R","E"],"character_chosen":"THE_SILENT","items_purchased":["Well Laid Plans"],"campfire_rested":0,"item_purchase_floors":[2],"current_hp_per_floor":[70,70,70,70,70,33,33,0,0],"gold":107,"neow_bonus":"THREE_ENEMY_KILL","is_daily":false,"chose_seed":false,"campfire_upgraded":1,"win_rate":0.0,"timestamp":1614105475,"path_taken":["M","$","?","?","M","E","R","E"],"items_purchased_type":["Card"],"build_version":"2020-12-18","purchased_purges":0,"victory":false,"max_hp_per_floor":[70,70,70,70,70,70,70,70,70],"card_choices":[{"not_picked":["Prepared","Dash"],"picked":"PiercingWail","floor":1},{"not_picked":["Deflect","Setup"],"picked":"Dagger Spray","floor":3},{"not_picked":["Dagger Throw","Bane","Prepared"],"picked":"SKIP","floor":5},{"not_picked":["Choke","Glass Knife"],"picked":"Cloak And Dagger","floor":6}],"player_experience":355349,"relics_obtained":[{"floor":6,"key":"Centennial Puzzle"}],"event_choices":[{"damage_healed":0,"gold_gain":0,"player_choice":"Grow","damage_taken":0,"max_hp_gain":0,"max_hp_loss":0,"event_name":"Living Wall","floor":4,"gold_loss":0,"cards_upgraded":["Dagger Spray"]}],"is_beta":true,"boss_relics":[],"items_purged_floors":[],"is_endless":false,"potions_floor_spawned":[3],"killed_by":"Gremlin Nob","ascension_level":4}}