{"host":"tsc2lbal71qs15ls","time":1614051449,"event":{"mods":["BaseMod","Downfall","Minty Spire (QoL Compilation)","StSLib"],"gold_per_floor":[99,119,119,134,51,51,51,71,71,90,26,26,45,75,88,88,88,88],"floor_reached":16,"language":"ENG","playtime":728,"items_purged":[],"score":102,"play_id":"ecf729be-7cec-4c0a-af3d-6205ba3b4fb4","local_time":"20210222203729","is_ascension_mode":false,"campfire_choices":[{"data":"bronze:Replicate","floor":1,"key":"SMITH"},{"data":"bronze:ClassDefault","floor":6,"key":"SMITH"}],"circlet_count":0,"master_deck":["bronze:Strike","bronze:Strike","bronze:Strike","bronze:Defend","bronze:Defend","bronze:Defend","bronze:Defend","bronze:Replicate+1","bronze:Goto+1","bronze:CloningBeam","bronze:NullPointer","bronze:DelayedGuard","bronze:ClassDefault+1","bronze:Iterate","bronze:MaxOutput","bronze:Overheat","bronze:FineTuning","bronze:Optimize","bronze:CutThrough"],"relics":["bronze:BronzeCore","downfall:BrokenWingStatue","Potion Belt"],"acts_visited":["Exordium"],"potions_floor_usage":[15],"damage_taken":[{"damage":1,"enemies":"Jaw Worm","floor":2,"turns":4},{"damage":6,"enemies":"Cultist","floor":4,"turns":3},{"damage":5,"enemies":"downfall:FleeingMerchant","floor":5,"turns":4},{"damage":5,"enemies":"Small Slimes","floor":8,"turns":3},{"damage":2,"enemies":"3 Louse","floor":10,"turns":3},{"damage":15,"enemies":"downfall:FleeingMerchant","floor":11,"turns":4},{"damage":21,"enemies":"Lots of Slimes","floor":13,"turns":4},{"damage":17,"enemies":"Lagavulin","floor":14,"turns":7},{"damage":0,"enemies":"Red Slaver","floor":15,"turns":2},{"damage":8,"enemies":"SI_SHIV_ARCHETYPE","floor":16,"turns":3}],"seed_played":"7273870888620675550","potions_obtained":[{"floor":13,"key":"PowerPotion"},{"floor":14,"key":"bronze:CleanCodePotion"},{"floor":15,"key":"LiquidBronze"}],"is_trial":false,"path_per_floor":["R","M","?","M","$","R","T","M","?","M","$","?","M","E","M","B"],"character_chosen":"THE_AUTOMATON","items_purchased":["bronze:ClassDefault","bronze:Overheat"],"campfire_rested":0,"item_purchase_floors":[5,11],"current_hp_per_floor":[77,76,76,70,65,65,65,60,60,58,43,43,22,5,5,0,0,0],"gold":88,"neow_bonus":"TEN_PERCENT_HP_BONUS","is_daily":false,"chose_seed":false,"campfire_upgraded":2,"win_rate":0.0,"timestamp":1614051449,"path_taken":["R","M","?","M","?","R","T","?","?","M","$","?","M","E","M","BOSS"],"items_purchased_type":["Card","Card"],"build_version":"2020-12-22","purchased_purges":0,"victory":false,"max_hp_per_floor":[77,77,77,77,77,77,77,77,77,77,77,77,77,77,77,77,77,77],"card_choices":[{"not_picked":["bronze:BitShift","bronze:Turbo"],"picked":"bronze:CloningBeam","floor":2},{"not_picked":["bronze:BronzeArmor","bronze:ForLoop"],"picked":"bronze:NullPointer","floor":4},{"not_picked":["bronze:ForLoop","bronze:Optimize"],"picked":"bronze:DelayedGuard","floor":5},{"not_picked":["bronze:WhirlingStrike","bronze:FollowUp"],"picked":"bronze:Iterate","floor":8},{"not_picked":["bronze:Turbo","bronze:OilSpill","bronze:Allocate"],"picked":"SKIP","floor":10},{"not_picked":["bronze:WildBeam","bronze:BugBarrage"],"picked":"bronze:MaxOutput","floor":11},{"not_picked":["bronze:Iterate","bronze:WildBeam"],"picked":"bronze:FineTuning","floor":13},{"not_picked":["bronze:ForLoop","bronze:DarkDash"],"picked":"bronze:Optimize","floor":14},{"not_picked":["bronze:Shield","bronze:WildBeam"],"picked":"bronze:CutThrough","floor":15}],"player_experience":268981,"relics_obtained":[{"floor":14,"key":"Potion Belt"}],"event_choices":[{"cards_removed":["bronze:Strike"],"damage_healed":0,"gold_gain":0,"player_choice":"Card Removal","damage_taken":0,"max_hp_gain":0,"max_hp_loss":0,"event_name":"Wheel of Change","floor":12,"gold_loss":0}],"is_beta":false,"boss_relics":[],"items_purged_floors":[],"is_endless":false,"potions_floor_spawned":[13,14,15],"killed_by":"SI_SHIV_ARCHETYPE","ascension_level":0}}