{"host":"wf1r1zhguvoo22rf","time":1614105879,"event":{"mods":["BaseMod","Colored Powertips","Minty Spire (QoL Compilation)","StSLib"],"gold_per_floor":[109,109,109,384,189,189,189,208,254,254,265,265,299,320,320,320,320],"floor_reached":16,"language":"ENG","playtime":487,"items_purged":[],"score":98,"play_id":"3058b0df-d733-49d2-942f-c54be8e9a518","local_time":"20210223204439","is_ascension_mode":false,"campfire_choices":[{"floor":6,"key":"REST"},{"data":"Eruption","floor":10,"key":"SMITH"},{"floor":15,"key":"REST"}],"circlet_count":0,"master_deck":["Strike_P","Strike_P","Strike_P+1","Strike_P","Defend_P+1","Defend_P","Defend_P","Defend_P","Eruption+1","Vigilance","BowlingBash","Regret","Halt","Decay","FlyingSleeves","SandsOfTime","Injury","Prostrate","Indignation","WindmillStrike"],"relics":["PureWater","NeowsBlessing","Juzu Bracelet","Boot","Strawberry","Golden Idol","Dream Catcher"],"acts_visited":["Exordium"],"potions_floor_usage":[13,14],"damage_taken":[{"damage":0,"enemies":"Small Slimes","floor":1,"turns":1},{"damage":0,"enemies":"Jaw Worm","floor":8,"turns":1},{"damage":0,"enemies":"2 Louse","floor":11,"turns":2},{"damage":27,"enemies":"Gremlin Nob","floor":13,"turns":4},{"damage":23,"enemies":"Exordium Thugs","floor":14,"turns":3},{"damage":46,"enemies":"Hexaghost","floor":16,"turns":9}],"seed_played":"4444291897626857950","potions_obtained":[{"floor":11,"key":"Dexterity Potion"},{"floor":13,"key":"Fruit Juice"}],"is_trial":false,"path_per_floor":["M","?","?","?","$","R","?","M","T","R","M","?","E","M","R","B"],"character_chosen":"WATCHER","items_purchased":["Boot","Halt"],"campfire_rested":2,"item_purchase_floors":[5,5],"current_hp_per_floor":[72,47,33,33,33,54,54,54,61,61,61,61,34,16,41,0,0],"gold":320,"neow_bonus":"THREE_ENEMY_KILL","is_daily":false,"chose_seed":false,"campfire_upgraded":1,"win_rate":0.0,"timestamp":1614105879,"path_taken":["M","?","?","?","$","R","?","M","T","R","M","?","E","M","R","BOSS"],"items_purchased_type":["Relic","Card"],"build_version":"2020-12-22","purchased_purges":0,"victory":false,"max_hp_per_floor":[72,72,72,72,72,72,72,72,79,79,79,79,79,84,84,84,84],"card_choices":[{"not_picked":["EmptyBody","JustLucky"],"picked":"BowlingBash","floor":1},{"not_picked":["Wireheading","ThirdEye"],"picked":"FlyingSleeves","floor":8},{"not_picked":["CutThroughFate","ThirdEye"],"picked":"SandsOfTime","floor":11},{"not_picked":["Nirvana","JustLucky"],"picked":"Prostrate","floor":13},{"not_picked":["BowlingBash","Scrawl"],"picked":"Indignation","floor":14},{"not_picked":["CrushJoints","BowlingBash"],"picked":"WindmillStrike","floor":15}],"player_experience":253918,"relics_obtained":[{"floor":9,"key":"Strawberry"},{"floor":13,"key":"Dream Catcher"}],"event_choices":[{"damage_healed":0,"gold_gain":0,"player_choice":"Success","damage_taken":25,"relics_obtained":["Juzu Bracelet"],"max_hp_gain":0,"max_hp_loss":0,"event_name":"Scrap Ooze","floor":2,"gold_loss":0},{"damage_healed":0,"gold_gain":0,"player_choice":"Entered Light","damage_taken":14,"max_hp_gain":0,"max_hp_loss":0,"event_name":"Shining Light","floor":3,"gold_loss":0,"cards_upgraded":["Strike_P","Defend_P"]},{"damage_healed":0,"gold_gain":275,"player_choice":"Desecrate","damage_taken":0,"max_hp_gain":0,"max_hp_loss":0,"event_name":"Golden Shrine","floor":4,"gold_loss":0,"cards_obtained":["Regret"]},{"damage_healed":0,"gold_gain":0,"player_choice":"Cursed","damage_taken":0,"max_hp_gain":0,"max_hp_loss":0,"event_name":"Wheel of Change","floor":7,"gold_loss":0,"cards_obtained":["Decay"]},{"damage_healed":0,"gold_gain":0,"player_choice":"Take Wound","damage_taken":0,"relics_obtained":["Golden Idol"],"max_hp_gain":0,"max_hp_loss":0,"event_name":"Golden Idol","floor":12,"gold_loss":0,"cards_obtained":["Injury"]}],"is_beta":false,"boss_relics":[],"items_purged_floors":[],"is_endless":false,"potions_floor_spawned":[11,13],"killed_by":"Hexaghost","ascension_level":0}}