{"host":"2hz3p8f82lqex3pd","time":1614116108,"event":{"mods":["AchievementEnabler","BaseMod","Minty Spire (QoL Compilation)"],"gold_per_floor":[112,126,144,144,144,172,172,172,172],"floor_reached":8,"language":"ENG","playtime":242,"items_purged":[],"score":56,"play_id":"4e7482a2-43df-4ee0-bc5e-b996162261e5","local_time":"20210223163508","is_ascension_mode":false,"campfire_choices":[{"floor":7,"key":"REST"}],"circlet_count":0,"master_deck":["Strike_P","Strike_P","Strike_P","Strike_P","Defend_P","Defend_P","Defend_P","Defend_P","Eruption","Vigilance","MasterReality","Pray","Study","BowlingBash"],"relics":["PureWater","Sundial"],"acts_visited":["Exordium"],"potions_floor_usage":[3,6],"damage_taken":[{"damage":7,"enemies":"2 Louse","floor":1,"turns":2},{"damage":21,"enemies":"Jaw Worm","floor":2,"turns":4},{"damage":4,"enemies":"Small Slimes","floor":3,"turns":4},{"damage":32,"enemies":"Gremlin Nob","floor":6,"turns":3},{"damage":36,"enemies":"Lagavulin","floor":8,"turns":4}],"seed_played":"2909973006461243758","potions_obtained":[{"floor":1,"key":"Block Potion"},{"floor":2,"key":"LiquidMemories"}],"is_trial":false,"path_per_floor":["M","M","M","?","?","E","R","E"],"character_chosen":"WATCHER","items_purchased":[],"campfire_rested":1,"item_purchase_floors":[],"current_hp_per_floor":[65,44,40,33,33,1,22,0,0],"gold":172,"neow_bonus":"ONE_RANDOM_RARE_CARD","is_daily":false,"chose_seed":false,"campfire_upgraded":0,"win_rate":0.0,"timestamp":1614116108,"path_taken":["M","M","M","?","?","E","R","E"],"items_purchased_type":[],"build_version":"2020-12-22","purchased_purges":0,"victory":false,"max_hp_per_floor":[72,72,72,72,72,72,72,72,72],"card_choices":[{"not_picked":["FearNoEvil","WaveOfTheHand"],"picked":"Pray","floor":1},{"not_picked":["EmptyBody","Evaluate"],"picked":"FlurryOfBlows","floor":2},{"not_picked":["BattleHymn","CrushJoints"],"picked":"Study","floor":3},{"not_picked":["CrushJoints","JustLucky"],"picked":"BowlingBash","floor":6}],"player_experience":193862,"relics_obtained":[{"floor":6,"key":"Sundial"}],"event_choices":[{"cards_removed":["FlurryOfBlows"],"damage_healed":0,"gold_gain":0,"player_choice":"Card Removal","damage_taken":7,"max_hp_gain":0,"max_hp_loss":0,"event_name":"Golden Wing","floor":4,"gold_loss":0},{"damage_healed":0,"gold_gain":0,"player_choice":"Ignored","damage_taken":0,"max_hp_gain":0,"max_hp_loss":0,"event_name":"Shining Light","floor":5,"gold_loss":0}],"is_beta":false,"boss_relics":[],"items_purged_floors":[],"is_endless":false,"potions_floor_spawned":[1,2],"killed_by":"Lagavulin","ascension_level":0}}