{"host":"p15wz9ezm2y4vyo6","time":1614069522,"event":{"mods":["BaseMod","Better Third Choice","Colored Map","Colored Powertips","Custom Start","Defuse TimeMaze Blight","Disable Question Mark Monsters","Displayed Cursed Tome","Downfall","Friendly Minions","Hermit","Hubris","Infinite Spire","Minty Spire (QoL Compilation)","Quick Restart","Rare Cards Sparkle","Replay The Spire","StSLib","SuperFastMode","The Construct","The Servant 0.9.4"],"gold_per_floor":[119,119,119,133,150,150,175,175,223,5,5,23,41,31,31,31,31],"floor_reached":16,"language":"ENG","playtime":679,"items_purged":[],"score":102,"play_id":"1c303e40-9e66-41b9-8aac-dfadced63e80","local_time":"20210223083842","is_ascension_mode":false,"campfire_choices":[{"data":"construct:DefenseMode","floor":6,"key":"SMITH"},{"data":"The Bomb","floor":8,"key":"SMITH"},{"data":"construct:ElectricArmor","floor":11,"key":"SMITH"},{"data":"construct:DefenseMode+1","floor":15,"key":"SMITH"}],"circlet_count":0,"master_deck":["construct:Strike_Gold","construct:Strike_Gold","construct:Strike_Gold","construct:Strike_Gold","construct:Defend_Gold","construct:Defend_Gold","construct:Defend_Gold","construct:Defend_Gold","construct:Defend_Gold","construct:AttackMode","construct:DefenseMode+2","The Bomb+1","construct:Failsafe","construct:Hazardproof","construct:FlameCore","construct:ElectricArmor+1","construct:FlameCore","construct:Autoturret","construct:ElectricArmor"],"relics":["construct:ClockworkPhoenix","Ring of Hypnosis","Replay:Rubber Ducky","Toy Ornithopter","Medical Kit"],"acts_visited":["Exordium"],"potions_floor_usage":[16],"damage_taken":[{"damage":11,"enemies":"Small Slimes","floor":1,"turns":4},{"damage":0,"enemies":"Cultist","floor":4,"turns":4},{"damage":9,"enemies":"Jaw Worm","floor":5,"turns":4},{"damage":7,"enemies":"3 Sentries","floor":7,"turns":3},{"damage":6,"enemies":"Large Slime","floor":12,"turns":7},{"damage":12,"enemies":"3 Louse","floor":13,"turns":3},{"damage":1,"enemies":"Exordium Thugs","floor":14,"turns":5},{"damage":37,"enemies":"Slime Boss","floor":16,"turns":7}],"seed_played":"3211780614726993695","potions_obtained":[{"floor":1,"key":"hexamod:SoulburnPotion"},{"floor":12,"key":"Venom Potion"}],"is_trial":false,"path_per_floor":["M","?","?","M","M","R","E","R","T","$","R","M","M","M","R","B"],"character_chosen":"THE_CONSTRUCT_MOD","items_purchased":["construct:ElectricArmor","Medical Kit"],"campfire_rested":0,"item_purchase_floors":[10,10],"current_hp_per_floor":[66,66,66,66,57,57,50,50,50,50,50,44,32,31,31,0,0],"gold":31,"neow_bonus":"RANDOM_COLORLESS_2","is_daily":false,"chose_seed":false,"campfire_upgraded":4,"win_rate":0.0,"timestamp":1614069522,"path_taken":["M","?","?","M","M","R","E","R","T","$","R","?","M","M","R","BOSS"],"items_purchased_type":["Card","Relic"],"build_version":"2020-12-22","purchased_purges":0,"victory":false,"max_hp_per_floor":[77,77,77,77,77,77,77,77,77,77,77,77,77,77,77,77,77],"card_choices":[{"not_picked":["Chrysalis","Midas Touch"],"picked":"The Bomb","floor":0},{"not_picked":["construct:SweepLaser","construct:HeavyBolt"],"picked":"construct:Failsafe","floor":1},{"not_picked":["construct:Reinforce","construct:Forcefield"],"picked":"construct:Hazardproof","floor":4},{"not_picked":["construct:ScopeCore","construct:ModeShift","construct:FierceBash"],"picked":"SKIP","floor":5},{"not_picked":["construct:Zapper","construct:ScopeCore"],"picked":"construct:FlameCore","floor":7},{"not_picked":["construct:ShiftStrike","construct:ShieldGenerator"],"picked":"construct:FlameCore","floor":12},{"not_picked":["construct:Backfire","construct:Forcefield"],"picked":"construct:Autoturret","floor":13},{"not_picked":["construct:ModeShift","construct:Analyze"],"picked":"construct:ElectricArmor","floor":14}],"player_experience":1112019,"relics_obtained":[{"floor":2,"key":"Ring of Hypnosis"},{"floor":7,"key":"Replay:Rubber Ducky"},{"floor":9,"key":"Toy Ornithopter"}],"event_choices":[{"cards_removed":["construct:Strike_Gold"],"damage_healed":0,"gold_gain":0,"player_choice":"Purged","damage_taken":0,"max_hp_gain":0,"max_hp_loss":0,"event_name":"Purifier","floor":3,"gold_loss":0}],"is_beta":false,"boss_relics":[],"items_purged_floors":[],"is_endless":false,"potions_floor_spawned":[1,12],"killed_by":"Slime Boss","ascension_level":0}}