{"host":"od06gsur5w60l0yz","time":1614102802,"event":{"mods":["BaseMod","Better Match","Better Third Choice","Colored Map","Dio Mod","Downfall","GifTheSpireLib","Googly Eyes","Hermit","Hubris","Minty Spire (QoL Compilation)","Reliquary","Replay The Spire","StSLib","The Cursed","The Forsaken","The Necromancer","The Senshi"],"gold_per_floor":[111,111,128,128,145,178,178,253,305,305,337,337,337,337,337,337,337],"floor_reached":16,"language":"ENG","playtime":590,"items_purged":[],"score":127,"play_id":"a9e04e93-c400-4569-9e69-b2f7bc6a1d9f","local_time":"20210223145322","is_ascension_mode":true,"campfire_choices":[{"floor":7,"key":"RECALL"},{"floor":10,"key":"REST"},{"data":"dioMod:GoldVial","floor":12,"key":"SMITH"},{"data":"Bite","floor":15,"key":"SMITH"}],"circlet_count":0,"master_deck":["dioMod:Strike","dioMod:Strike","dioMod:Strike","dioMod:Strike","Bite+1","dioMod:Defend","dioMod:Defend+1","dioMod:Defend","dioMod:GoldVial+1","dioMod:Muda+1"],"relics":["dioMod:VampireBlood","Pet Ghost","Chameleon Ring"],"acts_visited":["Exordium"],"potions_floor_usage":[11],"damage_taken":[{"damage":6,"enemies":"Cultist","floor":1,"turns":4},{"damage":4,"enemies":"2 Louse","floor":3,"turns":4},{"damage":0,"enemies":"Small Slimes","floor":5,"turns":3},{"damage":71,"enemies":"Gremlin Nob","floor":6,"turns":6},{"damage":13,"enemies":"3 Sentries","floor":11,"turns":10},{"damage":76,"enemies":"Hexaghost","floor":16,"turns":11}],"seed_played":"3321478333613605490","potions_obtained":[{"floor":3,"key":"sneckomod:MuddlingPotion"},{"floor":6,"key":"LifebloodPotion"}],"is_trial":false,"path_per_floor":["M","?","M","?","M","E","R","?","T","R","E","R","?","?","R","B"],"character_chosen":"THE_DEFAULT","items_purchased":[],"campfire_rested":1,"item_purchase_floors":[],"current_hp_per_floor":[67,60,68,68,68,16,16,5,5,25,42,42,42,42,42,0,0],"gold":337,"neow_bonus":"THREE_RARE_CARDS","is_daily":false,"chose_seed":false,"campfire_upgraded":2,"win_rate":0.0,"timestamp":1614102802,"path_taken":["M","?","M","?","M","E","R","?","T","R","E","R","?","?","R","BOSS"],"items_purchased_type":[],"build_version":"2020-12-22","purchased_purges":0,"victory":false,"max_hp_per_floor":[68,68,68,68,68,68,68,68,68,68,68,68,68,68,68,68,68],"card_choices":[{"not_picked":["dioMod:TheWalk","dioMod:Regeneration"],"picked":"dioMod:GoldVial","floor":0},{"not_picked":["dioMod:FlyAway","dioMod:HeavyLifting","dioMod:ComposedMuda"],"picked":"SKIP","floor":1},{"not_picked":["dioMod:TripleThreat","dioMod:WRYYY"],"picked":"dioMod:Muda","floor":3},{"not_picked":["dioMod:BloodSplash","dioMod:BloodSuck","dioMod:BloodShield"],"picked":"SKIP","floor":5},{"not_picked":["dioMod:FlyAway","dioMod:BloodSplash","dioMod:SadisticLaugh"],"picked":"SKIP","floor":6},{"not_picked":["dioMod:LaserVision","dioMod:Diversion","dioMod:BloodShield"],"picked":"SKIP","floor":11}],"player_experience":277396,"relics_obtained":[{"floor":6,"key":"Pet Ghost"},{"floor":11,"key":"Chameleon Ring"}],"event_choices":[{"cards_removed":["dioMod:Defend"],"damage_healed":0,"gold_gain":0,"player_choice":"Card Removal","damage_taken":7,"max_hp_gain":0,"max_hp_loss":0,"event_name":"Golden Wing","floor":2,"gold_loss":0},{"damage_healed":0,"gold_gain":0,"player_choice":"Ignored","damage_taken":128,"max_hp_gain":0,"max_hp_loss":0,"event_name":"betterThird:BetterSerpent","floor":4,"gold_loss":0},{"damage_healed":0,"gold_gain":75,"player_choice":"Gold","damage_taken":11,"max_hp_gain":0,"max_hp_loss":0,"event_name":"betterThird:BetterGoop","floor":8,"gold_loss":0},{"damage_healed":0,"gold_gain":0,"player_choice":"Grow","damage_taken":0,"max_hp_gain":0,"max_hp_loss":0,"event_name":"Living Wall","floor":13,"gold_loss":0,"cards_upgraded":["dioMod:Muda"]}],"is_beta":false,"boss_relics":[],"items_purged_floors":[],"is_endless":false,"potions_floor_spawned":[3,6],"killed_by":"Hexaghost","ascension_level":4}}