{"host":"p4v0hquynnreu717","time":1614111700,"event":{"mods":["BaseMod","DeckTracker","Googly Eyes","Marisa£¨ìFÓê¡¡Ä§ÀíÉ³£©","Minty Spire (QoL Compilation)","MostiFishMod","Quick Restart","RumiaBox-Â¶Ã×æ«µÄÉñÃØºÐ×Ó","StSLib","SuperFastMode","[IsaacMod]ÒÔÈö¼âËþ","¡¾ÒÅÎï¿¨ÅÆ¡¿REMEMod"],"gold_per_floor":[111,111,34,34,94,94,94,172,172,97,170,193,193,256,256,400,400,459,509,139,207,294,294,383,491,515,515,600,600,600],"floor_reached":29,"language":"ZHS","playtime":973,"items_purged":["WaveOfTheHand","Strike_P","Defend_P"],"score":587,"play_id":"5500d756-660b-4db3-aeec-85146739bff3","local_time":"20210224042140","daily_mods":["Heirloom","Flight"],"is_ascension_mode":true,"campfire_choices":[{"data":"Eruption","floor":6.0,"key":"SMITH"},{"data":"Adrenaline","floor":7.0,"key":"SMITH"},{"data":"Singularity","floor":13.0,"key":"SMITH"},{"data":"MilkyWay","floor":15.0,"key":"SMITH"},{"floor":23.0,"key":"REST"},{"floor":27.0,"key":"REST"}],"circlet_count":0,"master_deck":["AscendersBane","Strike_P","Strike_P","Strike_P","Defend_P","Defend_P","Eruption+1","Vigilance","Adrenaline+1","Robbery+1","Singularity+1","EmptyBody","PowerUp","MilkyWay+1","TreasureHunter","Study","Crescendo","Acceleration","Scrawl","MostiFishMod:Speedup","REME_CRH"],"relics":["PureWater","HushsDoor","Void","Gambling Chip","ThornShield","SynthV:TestCard","Golden Idol","TheBean","MoneyPower","SacredBark","Bottled Lightning","GodSword6","BelialBook"],"acts_visited":["Exordium","TheCity"],"potions_floor_usage":[],"damage_taken":[{"damage":7.0,"enemies":"Small Slimes","floor":1.0,"turns":4.0},{"damage":0.0,"enemies":"Cultist","floor":5.0,"turns":2.0},{"damage":4.0,"enemies":"Gremlin Nob","floor":8.0,"turns":3.0},{"damage":2.0,"enemies":"Jaw Worm","floor":12.0,"turns":6.0},{"damage":21.0,"enemies":"Lagavulin","floor":14.0,"turns":8.0},{"damage":0.0,"enemies":"Slime Boss","floor":16.0,"turns":6.0},{"damage":16.0,"enemies":"2 Thieves","floor":18.0,"turns":5.0},{"damage":15.0,"enemies":"Shell Parasite","floor":22.0,"turns":7.0},{"damage":0.0,"enemies":"Snecko","floor":24.0,"turns":4.0},{"damage":20.0,"enemies":"Chosen and Byrds","floor":25.0,"turns":7.0},{"damage":26.0,"enemies":"Snake Plant","floor":28.0,"turns":4.0},{"damage":0,"enemies":"3 Cultists","floor":29,"turns":3}],"seed_played":"9061681996983719667","potions_obtained":[{"floor":12.0,"key":"GamblersBrew"},{"floor":14.0,"key":"Regen Potion"},{"floor":18.0,"key":"LiquidMemories"},{"floor":24.0,"key":"AttackPotion"}],"is_trial":true,"path_per_floor":["M","?","$","?","M","R","R","E","T","$","?","M","R","E","R","B",null,"M","?","$","T","M","R","M","M","T","R","M","M"],"character_chosen":"WATCHER","items_purchased":["Singularity","Study","Bottled Lightning"],"campfire_rested":2,"item_purchase_floors":[3,17,20],"current_hp_per_floor":[54,54,54,54,54,54,54,50,50,50,35,33,33,12,12,26,48,32,32,32,32,17,33,33,13,13,29,3,3,3],"gold":600,"neow_bonus":"","is_daily":false,"chose_seed":false,"campfire_upgraded":4,"win_rate":0.0,"timestamp":1614111700,"path_taken":["M","?","$","?","?","R","R","E","T","$","?","M","R","E","R","BOSS","M","?","$","?","M","R","M","?","T","R","M","M"],"items_purchased_type":["Card","Card","Relic"],"build_version":"2020-12-22","purchased_purges":3,"victory":false,"max_hp_per_floor":[68,62,62,62,62,62,62,62,62,62,62,62,62,62,62,62,55,55,55,55,55,55,55,55,55,55,55,55,55,55],"card_choices":[{"not_picked":["MostiFishMod:ScryFuture","GasGiant","WitchLeyline"],"picked":"SKIP","floor":1.0},{"not_picked":["Conclude","LuminesStrike","ShootingEcho","SandsOfTime"],"picked":"EmptyBody","floor":5.0},{"not_picked":["FollowUp","Bomb","Acceleration","SporeBomb"],"picked":"PowerUp","floor":8.0},{"not_picked":["PowerUp","PathToVictory","Swivel","Occultation","Sanctity"],"picked":"SKIP","floor":12.0},{"not_picked":["FinalSpark","FlurryOfBlows","LuminesStrike","Tantrum"],"picked":"MilkyWay","floor":14.0},{"not_picked":["EscapeVelocity","BlazingStar","AbsoluteMagnitude","Establishment"],"picked":"TreasureHunter","floor":16.0},{"not_picked":["FairyDestructionRay","PulseMagic+1","JustLucky","Conclude"],"picked":"Crescendo","floor":18.0},{"not_picked":["Robbery","MysteriousBeam","GrandCross","MilkyWay"],"picked":"Acceleration","floor":22.0},{"not_picked":["ThirdEye","EmptyBody","Study","DC"],"picked":"Scrawl","floor":24.0},{"not_picked":["IllusionStar","NonDirectionalLaser","AsteroidBelt","ChargeUpSpray"],"picked":"MostiFishMod:Speedup","floor":25.0},{"not_picked":["ThirdEye","CutThroughFate+1","StarlightTyphoon","Occultation+1"],"picked":"REME_CRH","floor":28.0}],"player_experience":1173938,"relics_obtained":[{"floor":1.0,"key":"SynthV:TestCard"},{"floor":8.0,"key":"TheBean"},{"floor":14.0,"key":"MoneyPower"},{"floor":21.0,"key":"GodSword6"},{"floor":26.0,"key":"BelialBook"}],"event_choices":[{"damage_healed":0.0,"max_hp_gain":0.0,"max_hp_loss":6.0,"gold_gain":0.0,"event_name":"Golden Idol","player_choice":"Lose Max HP","floor":2.0,"gold_loss":0.0,"damage_taken":0.0,"relics_obtained":["Golden Idol"]},{"damage_healed":0.0,"max_hp_gain":0.0,"max_hp_loss":0.0,"gold_gain":0.0,"cards_transformed":["Defend_P"],"event_name":"Living Wall","player_choice":"Change","floor":4.0,"gold_loss":0.0,"damage_taken":0.0,"cards_obtained":["WaveOfTheHand"]},{"damage_healed":0.0,"max_hp_gain":0.0,"max_hp_loss":0.0,"gold_gain":50.0,"event_name":"Golden Shrine","player_choice":"Pray","floor":19.0,"gold_loss":0.0,"damage_taken":0.0}],"is_beta":false,"boss_relics":[{"not_picked":["Runic Dome","Velvet Choker"],"picked":"SacredBark"},{"not_picked":[]}],"items_purged_floors":[10,17,20],"is_endless":false,"potions_floor_spawned":[12,14,18,24],"killed_by":"3 Cultists","ascension_level":20}}