{"host":"l15sdf2mmi0nobpi","time":1614084553,"event":{"mods":["BaseMod","Highlight Path","Minty Spire (QoL Compilation)","Quick Restart","StSLib","TestMod","¡¾¹¦ÄÜMod¡¿Neow½±Àø"],"gold_per_floor":[110,129,141,155,169,169,204,222,222,222,253,268,302,302,302,374,374,387,387,398,758,768,803,803,836,888,888,407,407,418,146,146,220,220,240,29,39,39,50,76,76,105,105,119,133,167,167,177,177,177,177,177,177,27,52,52],"floor_reached":57,"language":"ZHS","playtime":2298,"items_purged":["Strike_R","Decay","Strike_R","Strike_R"],"score":3183,"play_id":"ba7b6012-7edb-4f40-8a01-306727a80c2b","local_time":"20210223204913","is_ascension_mode":true,"campfire_choices":[{"data":"Armaments","floor":6.0,"key":"SMITH"},{"data":"Inflame","floor":10.0,"key":"SMITH"},{"data":"Body Slam","floor":15.0,"key":"SMITH"},{"floor":24,"key":"REST"},{"floor":27,"key":"REST"},{"data":"Entrench","floor":32,"key":"SMITH"},{"floor":41,"key":"RECALL"},{"data":"Barricade","floor":47,"key":"SMITH"},{"data":"Feel No Pain","floor":49,"key":"SMITH"},{"data":"Burning Pact","floor":53,"key":"SMITH"}],"circlet_count":0,"master_deck":["AscendersBane","Strike_R","Defend_R","Defend_R","Defend_R","Defend_R","Bash","Metallicize","Armaments+1","Inflame+1","Impervious","Pommel Strike","Exhume","Body Slam+1","Immolate","CurseOfTheBell","Second Wind","Fire Breathing+1","Feel No Pain+1","Burning Pact+1","Entrench+1","Barricade+1","Battle Trance+1","Reaper","Shrug It Off","Power Through"],"relics":["Burning Blood","testmod-TestBox","testmod-ConstraintPeriapt","testmod-CrystalShield","Centennial Puzzle","Vajra","testmod-LifeArmor","Bag of Preparation","Blue Candle","Calling Bell","testmod-AssaultLearning","Gremlin Horn","StoneCalendar","Juzu Bracelet","Paper Frog","Self Forming Clay","Orrery","testmod-SaigiyounoYou","testmod-ArcanaOfDestiny","Pantograph","Bottled Flame","Du-Vu Doll","testmod-FatalChain"],"acts_visited":["Exordium","TheCity","TheBeyond","TheEnding"],"potions_floor_usage":[44,46,56],"damage_taken":[{"damage":0.0,"enemies":"2 Louse","floor":1.0,"turns":2.0},{"damage":12.0,"enemies":"Jaw Worm","floor":2.0,"turns":6.0},{"damage":0.0,"enemies":"Cultist","floor":3.0,"turns":3.0},{"damage":0.0,"enemies":"2 Fungi Beasts","floor":4.0,"turns":3.0},{"damage":6.0,"enemies":"Looter","floor":5.0,"turns":3.0},{"damage":18.0,"enemies":"Lagavulin","floor":7.0,"turns":7.0},{"damage":0.0,"enemies":"Blue Slaver","floor":8.0,"turns":5.0},{"damage":0.0,"enemies":"3 Sentries","floor":11.0,"turns":4.0},{"damage":5.0,"enemies":"Large Slime","floor":12.0,"turns":8.0},{"damage":0.0,"enemies":"Lagavulin","floor":13.0,"turns":8.0},{"damage":22,"enemies":"Slime Boss","floor":16,"turns":8},{"damage":4,"enemies":"3 Byrds","floor":18,"turns":4},{"damage":1,"enemies":"Chosen","floor":20,"turns":4},{"damage":6,"enemies":"Snake Plant","floor":22,"turns":5},{"damage":14,"enemies":"Slavers","floor":23,"turns":7},{"damage":28,"enemies":"Book of Stabbing","floor":25,"turns":6},{"damage":11,"enemies":"Centurion and Healer","floor":30,"turns":6},{"damage":13,"enemies":"Champ","floor":33,"turns":9},{"damage":12,"enemies":"Orb Walker","floor":35,"turns":5},{"damage":0,"enemies":"3 Shapes","floor":37,"turns":2},{"damage":28,"enemies":"Spire Growth","floor":39,"turns":7},{"damage":9,"enemies":"Reptomancer","floor":40,"turns":5},{"damage":21,"enemies":"Nemesis","floor":42,"turns":6},{"damage":21,"enemies":"Jaw Worm Horde","floor":44,"turns":6},{"damage":0,"enemies":"Sphere and 2 Shapes","floor":45,"turns":6},{"damage":0,"enemies":"Reptomancer","floor":46,"turns":4},{"damage":5,"enemies":"4 Shapes","floor":48,"turns":4},{"damage":29,"enemies":"Time Eater","floor":50,"turns":8},{"damage":0,"enemies":"Donu and Deca","floor":51,"turns":8},{"damage":72,"enemies":"Shield and Spear","floor":55,"turns":8},{"damage":28,"enemies":"The Heart","floor":56,"turns":11}],"seed_played":"-1864751039352172821","potions_obtained":[{"floor":1.0,"key":"DuplicationPotion"},{"floor":2.0,"key":"Dexterity Potion"},{"floor":12.0,"key":"DuplicationPotion"},{"floor":37,"key":"PowerPotion"},{"floor":44,"key":"Explosive Potion"}],"is_trial":false,"path_per_floor":["M","M","M","M","M","R","E","M","T","R","E","M","E","?","R","B",null,"M","?","M","?","M","E","R","E","T","R","$","?","M","$","R","B",null,"M","$","M","?","M","E","R","E","T","M","M","E","R","M","R","B","B",null,"R","$","E","B",null],"character_chosen":"IRONCLAD","items_purchased":["Feel No Pain","Self Forming Clay","Burning Pact","Orrery","Power Through"],"campfire_rested":2,"item_purchase_floors":[28,28,28,31,36],"current_hp_per_floor":[68,64,68,68,68,68,56,64,64,64,68,68,68,63,63,49,63,66,66,68,32,33,33,53,34,34,54,54,54,50,50,50,52,64,63,63,68,68,62,68,68,68,68,60,68,68,68,68,68,68,68,68,68,68,26,64],"gold":52,"neow_bonus":"ONE_RARE_RELIC","is_daily":false,"chose_seed":false,"campfire_upgraded":7,"win_rate":0.0,"timestamp":1614084553,"path_taken":["M","M","M","M","M","R","E","M","T","R","E","M","E","?","R","BOSS","M","?","M","?","M","E","R","E","T","R","$","?","M","$","R","BOSS","M","$","M","?","M","E","R","E","T","M","M","E","R","M","R","BOSS","BOSS","R","$","E","BOSS"],"items_purchased_type":["Card","Relic","Card","Relic","Card"],"build_version":"2020-12-22","purchased_purges":4,"victory":true,"max_hp_per_floor":[68,68,68,68,68,68,68,68,68,68,68,68,68,68,68,68,68,68,68,68,68,68,68,68,68,68,68,68,68,68,68,68,68,68,68,68,68,68,68,68,68,68,68,68,68,68,68,68,68,68,68,68,68,68,68,68],"card_choices":[{"not_picked":["Clash","Hemokinesis"],"picked":"Metallicize","floor":1.0},{"not_picked":["Clash","Iron Wave"],"picked":"Armaments","floor":2.0},{"not_picked":["Blood for Blood","Thunderclap","Sentinel"],"picked":"SKIP","floor":3.0},{"not_picked":["Sword Boomerang","Clash"],"picked":"Inflame","floor":4.0},{"not_picked":["Dual Wield","Clothesline"],"picked":"Impervious","floor":5.0},{"not_picked":["Heavy Blade","Headbutt"],"picked":"Pommel Strike","floor":7.0},{"not_picked":["Thunderclap","Searing Blow","Warcry"],"picked":"SKIP","floor":8.0},{"not_picked":["Thunderclap","Searing Blow","Warcry"],"picked":"SKIP","floor":8.0},{"not_picked":["Disarm","Twin Strike"],"picked":"Exhume","floor":11.0},{"not_picked":["Rupture","Combust","Perfected Strike"],"picked":"SKIP","floor":12.0},{"not_picked":["Clothesline","Iron Wave"],"picked":"Body Slam","floor":13.0},{"not_picked":["Fiend Fire","Demon Form"],"picked":"Immolate","floor":16},{"not_picked":["Armaments+1","Pommel Strike","Anger"],"picked":"SKIP","floor":18},{"not_picked":["Pommel Strike","Sword Boomerang","Searing Blow"],"picked":"SKIP","floor":20},{"not_picked":["Uppercut","Clash"],"picked":"Second Wind","floor":22},{"not_picked":["Ghostly Armor","Clash"],"picked":"Fire Breathing+1","floor":23},{"not_picked":["Dual Wield","Rupture","Headbutt"],"picked":"SKIP","floor":25},{"not_picked":["Blood for Blood","Limit Break"],"picked":"Entrench","floor":30},{"not_picked":["Flex","Shrug It Off"],"picked":"Barricade","floor":31},{"not_picked":["Clothesline","Sword Boomerang"],"picked":"Battle Trance+1","floor":31},{"not_picked":["Warcry","Havoc"],"picked":"Reaper","floor":31},{"not_picked":["Cleave","Sever Soul+1"],"picked":"Shrug It Off","floor":31},{"not_picked":["Clothesline","Reckless Charge+1","Wild Strike"],"picked":"SKIP","floor":35},{"not_picked":["Battle Trance","Burning Pact","Clash"],"picked":"SKIP","floor":37},{"not_picked":["Havoc","Armaments","Pummel+1"],"picked":"SKIP","floor":39},{"not_picked":["Immolate","Warcry","Headbutt"],"picked":"SKIP","floor":40},{"not_picked":["Dropkick","Cleave","Wild Strike"],"picked":"SKIP","floor":42},{"not_picked":["Wild Strike","Metallicize","Juggernaut"],"picked":"SKIP","floor":44},{"not_picked":["Burning Pact","Shrug It Off","Heavy Blade"],"picked":"SKIP","floor":45},{"not_picked":["Warcry","Heavy Blade","Shrug It Off"],"picked":"SKIP","floor":46},{"not_picked":["Spot Weakness","Intimidate","Dropkick"],"picked":"SKIP","floor":48},{"not_picked":["Ghostly Armor+1","Thunderclap+1","Infernal Blade"],"picked":"SKIP","floor":55}],"player_experience":589415,"relics_obtained":[{"floor":7.0,"key":"Centennial Puzzle"},{"floor":9.0,"key":"Vajra"},{"floor":11.0,"key":"testmod-LifeArmor"},{"floor":13.0,"key":"Bag of Preparation"},{"floor":17,"key":"testmod-AssaultLearning"},{"floor":17,"key":"Gremlin Horn"},{"floor":17,"key":"StoneCalendar"},{"floor":23,"key":"Juzu Bracelet"},{"floor":25,"key":"Paper Frog"},{"floor":40,"key":"testmod-ArcanaOfDestiny"},{"floor":42,"key":"Pantograph"},{"floor":43,"key":"Bottled Flame"},{"floor":46,"key":"Du-Vu Doll"},{"floor":55,"key":"testmod-FatalChain"}],"event_choices":[{"damage_healed":0.0,"max_hp_gain":0.0,"max_hp_loss":0.0,"gold_gain":0.0,"event_name":"Scrap Ooze","player_choice":"Success","floor":14.0,"gold_loss":0.0,"damage_taken":5.0,"relics_obtained":["Blue Candle"]},{"damage_healed":0,"gold_gain":0,"player_choice":"Ignored","damage_taken":0,"max_hp_gain":0,"max_hp_loss":0,"event_name":"Ghosts","floor":19,"gold_loss":0},{"damage_healed":0,"gold_gain":360,"player_choice":"GOLD GOLD GOLD GOLD ","damage_taken":36,"max_hp_gain":0,"max_hp_loss":0,"event_name":"Knowing Skull","floor":21,"potions_obtained":[],"gold_loss":0,"cards_obtained":[]},{"damage_healed":0,"gold_gain":0,"player_choice":"Smashed Altar","damage_taken":0,"max_hp_gain":0,"max_hp_loss":0,"event_name":"Forgotten Altar","floor":29,"gold_loss":0,"cards_obtained":["Decay"]},{"cards_removed":["Strike_R"],"damage_healed":0,"gold_gain":0,"player_choice":"Removed Attack","damage_taken":0,"max_hp_gain":0,"max_hp_loss":0,"event_name":"Falling","floor":38,"gold_loss":0}],"is_beta":false,"boss_relics":[{"not_picked":["testmod-PortableAltar","Runic Pyramid"],"picked":"Calling Bell"},{"not_picked":["SacredBark","Runic Cube"],"picked":"testmod-SaigiyounoYou"}],"items_purged_floors":[28,31,36,54],"is_endless":false,"potions_floor_spawned":[1,2,11,12,16,20,23,25,37,39,44],"ascension_level":20}}