{"host":"13o02hya6v6rzuva","time":1614072812,"event":{"mods":["BaseMod","Minty Spire (QoL Compilation)","Relic Stats"],"gold_per_floor":[111,286,296,10,10,10,10,44,68,94,94,109,109,120,120,215,215,228,228,119,192,211,241,241,277,331,331,331],"floor_reached":27,"language":"ENG","playtime":549,"items_purged":["Doubt"],"score":395,"play_id":"bbcb4c83-b4b1-4938-9a16-e8038c29d768","local_time":"20210223103332","is_ascension_mode":true,"campfire_choices":[{"data":"Lockon","floor":6,"key":"SMITH"},{"floor":11,"key":"REST"},{"data":"Zap","floor":15,"key":"SMITH"},{"floor":24,"key":"REST"}],"circlet_count":0,"master_deck":["AscendersBane","Strike_B","Strike_B","Strike_B","Strike_B","Defend_B","Defend_B+1","Defend_B","Defend_B+1","Zap+1","Dualcast","Lockon+1","Sweeping Beam","Cold Snap","Ball Lightning","Redo+1","Self Repair","Rainbow+1","Ball Lightning","Capacitor","Shame","Ball Lightning","Capacitor+1","Shame"],"relics":["Cracked Core","Tiny Chest","Toxic Egg 2","Strawberry","Vajra","Anchor","CultistMask","Cursed Key","Art of War","CeramicFish","War Paint"],"acts_visited":["Exordium","TheCity"],"potions_floor_usage":[23,25],"damage_taken":[{"damage":8,"enemies":"Small Slimes","floor":1,"turns":3},{"damage":0,"enemies":"Cultist","floor":3,"turns":2},{"damage":39,"enemies":"3 Sentries","floor":8,"turns":8},{"damage":0,"enemies":"Jaw Worm","floor":12,"turns":2},{"damage":7,"enemies":"Exordium Thugs","floor":14,"turns":2},{"damage":29,"enemies":"Slime Boss","floor":16,"turns":9},{"damage":4,"enemies":"Spheric Guardian","floor":18,"turns":3},{"damage":0,"enemies":"Chosen","floor":22,"turns":3},{"damage":57,"enemies":"Slavers","floor":23,"turns":5},{"damage":22,"enemies":"Book of Stabbing","floor":25,"turns":3},{"damage":45,"enemies":"Snake Plant","floor":27,"turns":4}],"seed_played":"1428748374882348787","potions_obtained":[{"floor":7,"key":"FocusPotion"},{"floor":7,"key":"EssenceOfSteel"},{"floor":12,"key":"Ancient Potion"},{"floor":25,"key":"FocusPotion"}],"is_trial":false,"path_per_floor":["M","?","M","$","?","R","?","E","T","T","R","M","?","M","R","B",null,"M","?","$","T","M","E","R","E","T","M"],"character_chosen":"DEFECT","items_purchased":["Toxic Egg 2","Cold Snap","Capacitor"],"campfire_rested":2,"item_purchase_floors":[4,4,20],"current_hp_per_floor":[60,60,60,60,65,65,65,33,33,33,59,59,59,52,52,30,73,76,76,76,76,83,33,59,44,44,0,0],"gold":331,"neow_bonus":"RANDOM_COMMON_RELIC","is_daily":false,"chose_seed":false,"campfire_upgraded":2,"win_rate":0.0,"timestamp":1614072812,"path_taken":["M","?","M","$","?","R","?","E","T","?","R","M","?","?","R","BOSS","M","?","$","?","M","E","R","E","T","M"],"items_purchased_type":["Relic","Card","Card"],"build_version":"2020-12-22","purchased_purges":1,"victory":false,"max_hp_per_floor":[75,75,75,75,80,80,80,87,87,87,87,87,87,87,87,87,87,87,87,87,87,87,87,87,87,87,87,87],"relic_stats":{"counters":[11,44],"CeramicFish":18,"Tiny Chest":2,"Art of War":[0],"War Paint":["Defend_B","Defend_B"],"Cursed Key":2,"obtain_stats":[{"Anchor":10,"Strawberry":8,"CeramicFish":25,"Vajra":9,"Tiny Chest":0,"CultistMask":13,"Art of War":23,"Toxic Egg 2":4,"War Paint":26,"Cracked Core":0,"Cursed Key":17},{"Anchor":3,"Strawberry":3,"CeramicFish":10,"Vajra":3,"Tiny Chest":0,"CultistMask":4,"Art of War":9,"Toxic Egg 2":2,"War Paint":10,"Cracked Core":0,"Cursed Key":6},{"Anchor":13,"Strawberry":13,"CeramicFish":40,"Vajra":13,"Tiny Chest":0,"CultistMask":15,"Art of War":37,"Toxic Egg 2":5,"War Paint":40,"Cracked Core":0,"Cursed Key":26}]},"card_choices":[{"not_picked":["Rebound","Redo"],"picked":"Lockon","floor":1},{"not_picked":["Gash","Lockon"],"picked":"Sweeping Beam","floor":3},{"not_picked":["Seek+1","Fusion+1"],"picked":"Ball Lightning","floor":8},{"not_picked":["Streamline","Beam Cell"],"picked":"Redo+1","floor":12},{"not_picked":["Barrage","Stack+1"],"picked":"Self Repair","floor":14},{"not_picked":["Creative AI","Machine Learning"],"picked":"Rainbow+1","floor":16},{"not_picked":["Cold Snap","Rebound"],"picked":"Ball Lightning","floor":18},{"not_picked":["Hologram+1","Beam Cell+1"],"picked":"Ball Lightning","floor":22},{"not_picked":["Force Field+1","Turbo+1","Cold Snap"],"picked":"SKIP","floor":23},{"not_picked":["Beam Cell+1","Recycle+1"],"picked":"Capacitor+1","floor":25}],"player_experience":1247575,"relics_obtained":[{"floor":8,"key":"Strawberry"},{"floor":9,"key":"Vajra"},{"floor":10,"key":"Anchor"},{"floor":23,"key":"Art of War"},{"floor":25,"key":"CeramicFish"},{"floor":26,"key":"War Paint"}],"event_choices":[{"damage_healed":0,"gold_gain":175,"player_choice":"AGREE","damage_taken":0,"max_hp_gain":0,"max_hp_loss":0,"event_name":"Liars Game","floor":2,"gold_loss":0,"cards_obtained":["Doubt"]},{"damage_healed":0,"gold_gain":0,"player_choice":"Donut","damage_taken":0,"max_hp_gain":5,"max_hp_loss":0,"event_name":"Big Fish","floor":5,"gold_loss":0},{"damage_healed":0,"gold_gain":0,"player_choice":"Got Potions","damage_taken":0,"max_hp_gain":0,"max_hp_loss":0,"event_name":"Lab","floor":7,"gold_loss":0},{"damage_healed":0,"gold_gain":0,"player_choice":"Trade","damage_taken":0,"relics_obtained":["CultistMask"],"max_hp_gain":0,"max_hp_loss":0,"event_name":"FaceTrader","floor":13,"gold_loss":0},{"damage_healed":0,"gold_gain":0,"player_choice":"Ignored","damage_taken":0,"max_hp_gain":0,"max_hp_loss":0,"event_name":"Ghosts","floor":19,"gold_loss":0}],"is_beta":false,"boss_relics":[{"not_picked":["Tiny House","Snecko Eye"],"picked":"Cursed Key"}],"items_purged_floors":[20],"is_endless":false,"potions_floor_spawned":[8,12,14,18,25],"killed_by":"Snake Plant","ascension_level":12}}