{"host":"n43wxkei7kulhi8o","time":1614100410,"event":{"mods":["BaseMod","Bestiary","Block Reminder","Colored Map","Colored Powertips","Curses Come First","Custom Start","Dark Map","Highlight Path","Minty Spire (QoL Compilation)","Relic Stats","StSLib"],"gold_per_floor":[114,132,143,93,93,93,93,93,93,124,149,149,164,9,9,9,9],"floor_reached":16,"language":"ENG","playtime":412,"items_purged":[],"score":98,"play_id":"ab58fba1-61d3-4ab9-bdd0-1dc3729a1032","local_time":"20210223121330","is_ascension_mode":false,"campfire_choices":[{"data":"Backflip","floor":6.0,"key":"SMITH"},{"data":"Neutralize","floor":8.0,"key":"SMITH"},{"data":"Noxious Fumes","floor":15.0,"key":"SMITH"}],"circlet_count":0,"master_deck":["Strike_G","Strike_G","Strike_G","Strike_G","Strike_G","Defend_G","Defend_G","Defend_G","Defend_G","Defend_G","Survivor","Neutralize+1","PiercingWail","Bouncing Flask","Deadly Poison","Backflip+1","Catalyst","Noxious Fumes+1","Leg Sweep","Crippling Poison"],"relics":["Ring of the Snake","NeowsBlessing","Akabeko","Bag of Preparation","Odd Mushroom","Prayer Wheel","Orrery"],"acts_visited":["Exordium"],"potions_floor_usage":[16],"damage_taken":[{"damage":0.0,"enemies":"Cultist","floor":1.0,"turns":1.0},{"damage":0.0,"enemies":"Small Slimes","floor":2.0,"turns":1.0},{"damage":0.0,"enemies":"Jaw Worm","floor":3.0,"turns":1.0},{"damage":43.0,"enemies":"3 Sentries","floor":10.0,"turns":9.0},{"damage":0.0,"enemies":"The Mushroom Lair","floor":11.0,"turns":4.0},{"damage":7.0,"enemies":"Looter","floor":13.0,"turns":3.0},{"damage":30,"enemies":"Slime Boss","floor":16,"turns":3}],"seed_played":"-7341444232519136600","potions_obtained":[{"floor":3.0,"key":"Explosive Potion"},{"floor":10.0,"key":"DuplicationPotion"},{"floor":13.0,"key":"SpeedPotion"}],"is_trial":false,"path_per_floor":["M","M","M","$","?","R","?","R","T","E","?","?","M","$","R","B"],"character_chosen":"THE_SILENT","items_purchased":["Backflip","Orrery"],"campfire_rested":0,"item_purchase_floors":[4,14],"current_hp_per_floor":[70,70,70,70,70,70,75,75,75,32,32,29,22,22,22,0,0],"gold":9,"neow_bonus":"THREE_ENEMY_KILL","is_daily":false,"chose_seed":false,"campfire_upgraded":3,"win_rate":0.0,"timestamp":1614100410,"path_taken":["M","?","M","$","?","R","?","R","T","E","?","?","?","$","R","BOSS"],"items_purchased_type":["Card","Relic"],"build_version":"2020-12-22","purchased_purges":0,"victory":false,"max_hp_per_floor":[70,70,70,70,70,70,75,75,75,75,75,75,75,75,75,75,75],"relic_stats":{"counters":[7,22],"Prayer Wheel":1,"Bag of Preparation":[6],"obtain_stats":[{"NeowsBlessing":0,"Orrery":14,"Prayer Wheel":12,"Bag of Preparation":10,"Odd Mushroom":11,"Akabeko":9,"Ring of the Snake":0},{"NeowsBlessing":0,"Orrery":6,"Prayer Wheel":5,"Bag of Preparation":4,"Odd Mushroom":5,"Akabeko":3,"Ring of the Snake":0},{"NeowsBlessing":0,"Orrery":19,"Prayer Wheel":16,"Bag of Preparation":12,"Odd Mushroom":16,"Akabeko":3,"Ring of the Snake":0}],"Ring of the Snake":[14]},"card_choices":[{"not_picked":["Dagger Throw","Prepared"],"picked":"PiercingWail","floor":1.0},{"not_picked":["Sucker Punch","Finisher"],"picked":"Bouncing Flask","floor":2.0},{"not_picked":["Sucker Punch","Skewer"],"picked":"Deadly Poison","floor":3.0},{"not_picked":["Bane","Poisoned Stab"],"picked":"Catalyst","floor":10.0},{"not_picked":["Calculated Gamble","Night Terror","Distraction"],"picked":"SKIP","floor":13.0},{"not_picked":["Reflex","Blade Dance","Deflect"],"picked":"SKIP","floor":13.0},{"not_picked":["Acrobatics","Dash"],"picked":"Noxious Fumes","floor":14.0},{"not_picked":["Blade Dance","Bane"],"picked":"Leg Sweep","floor":14.0},{"not_picked":["Acrobatics","Dagger Throw"],"picked":"Crippling Poison","floor":14.0}],"player_experience":717176,"relics_obtained":[{"floor":9.0,"key":"Akabeko"},{"floor":10.0,"key":"Bag of Preparation"},{"floor":11.0,"key":"Odd Mushroom"}],"event_choices":[{"damage_healed":0.0,"max_hp_gain":0.0,"max_hp_loss":0.0,"gold_gain":0.0,"event_name":"Golden Wing","player_choice":"Ignored","floor":5.0,"gold_loss":0.0,"damage_taken":0.0},{"damage_healed":0.0,"max_hp_gain":5.0,"max_hp_loss":0.0,"gold_gain":0.0,"event_name":"Big Fish","player_choice":"Donut","floor":7.0,"gold_loss":0.0,"damage_taken":0.0},{"damage_healed":0.0,"max_hp_gain":0.0,"max_hp_loss":0.0,"gold_gain":0.0,"event_name":"Mushrooms","player_choice":"Fought Mushrooms","floor":11.0,"gold_loss":0.0,"damage_taken":0.0},{"damage_healed":0.0,"max_hp_gain":0.0,"max_hp_loss":0.0,"gold_gain":0.0,"event_name":"Scrap Ooze","player_choice":"Success","floor":12.0,"gold_loss":0.0,"damage_taken":3.0,"relics_obtained":["Prayer Wheel"]}],"is_beta":false,"boss_relics":[],"items_purged_floors":[],"is_endless":false,"potions_floor_spawned":[3,10,13],"killed_by":"Slime Boss","ascension_level":0}}