{"host":"lv7etzzgwahaenh9","time":1614119375,"event":{"mods":["AchievementEnabler","BaseMod","Colored Map","Colored Powertips","Highlight Path","Minty Spire (QoL Compilation)","Permanent Neow","Quick Restart","Random Character Button","StSLib"],"gold_per_floor":[113,130,144,155,171,171,186,186,186,199,210,236,236,236,236,336,336,348,361,361,361,371,371,408,408,433,459,471,490,524,552,552,656,656,675,700,700,723,736,772,783,783,783,5,21,48,63,76,76,76],"floor_reached":51,"language":"ENG","playtime":3526,"items_purged":["Strike_P"],"score":1515,"play_id":"aa696603-4736-458d-9a2f-49be26af93b4","local_time":"20210223142935","is_ascension_mode":true,"campfire_choices":[{"data":"Evaluate","floor":6.0,"key":"SMITH"},{"data":"ForeignInfluence","floor":8.0,"key":"SMITH"},{"data":"Vigilance","floor":15,"key":"SMITH"},{"data":"Ghostly","floor":23,"key":"SMITH"},{"data":"Ghostly","floor":25,"key":"SMITH"},{"floor":32,"key":"REST"},{"data":"Ghostly","floor":42,"key":"SMITH"},{"data":"DevaForm","floor":49,"key":"SMITH"}],"circlet_count":0,"master_deck":["AscendersBane","Strike_P","Strike_P","Defend_P","Defend_P","Defend_P","Eruption","Vigilance+1","CutThroughFate","JustLucky","FollowUp","CutThroughFate","Evaluate+1","ForeignInfluence+1","Wireheading","WheelKick","Evaluate","MasterReality","Halt","CutThroughFate+1","Necronomicurse","Ghostly+1","Ghostly+1","Ghostly+1","Ghostly","Ghostly","ConjureBlade","WreathOfFlame+1","FlurryOfBlows","DevaForm+1","ThirdEye+1","TalkToTheHand+1","Weave+1","Nirvana","LikeWater"],"relics":["HolyWater","GoldenEye","Potion Belt","Oddly Smooth Stone","Runic Pyramid","Necronomicon","CeramicFish","Bag of Preparation","The Courier","Blood Vial","Pocketwatch","Anchor","FossilizedHelix","Membership Card","Orichalcum","Peace Pipe","Gremlin Horn","Bronze Scales","Lantern","Pantograph","Toy Ornithopter","Regal Pillow"],"acts_visited":["Exordium","TheCity","TheBeyond"],"potions_floor_usage":[12,16,27,31,35,38,40,50],"damage_taken":[{"damage":2.0,"enemies":"2 Louse","floor":1.0,"turns":2.0},{"damage":0.0,"enemies":"Cultist","floor":2.0,"turns":2.0},{"damage":5.0,"enemies":"Jaw Worm","floor":3.0,"turns":4.0},{"damage":6.0,"enemies":"Blue Slaver","floor":4.0,"turns":5.0},{"damage":0.0,"enemies":"Large Slime","floor":5.0,"turns":3.0},{"damage":0.0,"enemies":"Gremlin Gang","floor":7.0,"turns":4.0},{"damage":0.0,"enemies":"2 Fungi Beasts","floor":10.0,"turns":2.0},{"damage":0.0,"enemies":"Looter","floor":11.0,"turns":1.0},{"damage":0,"enemies":"Lagavulin","floor":12,"turns":3},{"damage":8,"enemies":"Hexaghost","floor":16,"turns":9},{"damage":0,"enemies":"Chosen","floor":18,"turns":3},{"damage":1,"enemies":"Shell Parasite","floor":19,"turns":3},{"damage":0,"enemies":"Centurion and Healer","floor":22,"turns":5},{"damage":2,"enemies":"Book of Stabbing","floor":24,"turns":6},{"damage":0,"enemies":"Gremlin Leader","floor":27,"turns":3},{"damage":2,"enemies":"Chosen and Byrds","floor":28,"turns":4},{"damage":0,"enemies":"Snake Plant","floor":29,"turns":3},{"damage":11,"enemies":"Book of Stabbing","floor":30,"turns":6},{"damage":1,"enemies":"Cultist and Chosen","floor":31,"turns":7},{"damage":0,"enemies":"Champ","floor":33,"turns":8},{"damage":8,"enemies":"3 Shapes","floor":35,"turns":5},{"damage":1,"enemies":"3 Darklings","floor":36,"turns":6},{"damage":0,"enemies":"Sphere and 2 Shapes","floor":38,"turns":5},{"damage":0,"enemies":"Maw","floor":39,"turns":5},{"damage":0,"enemies":"Nemesis","floor":40,"turns":3},{"damage":0,"enemies":"Spire Growth","floor":41,"turns":6},{"damage":0,"enemies":"4 Shapes","floor":45,"turns":5},{"damage":0,"enemies":"Giant Head","floor":46,"turns":7},{"damage":0,"enemies":"Sphere and 2 Shapes","floor":47,"turns":5},{"damage":0,"enemies":"Jaw Worm Horde","floor":48,"turns":4},{"damage":0,"enemies":"Awakened One","floor":50,"turns":10}],"seed_played":"-4740875964023668696","potions_obtained":[{"floor":3.0,"key":"Explosive Potion"},{"floor":4.0,"key":"BottledMiracle"},{"floor":10.0,"key":"FearPotion"},{"floor":11.0,"key":"ColorlessPotion"},{"floor":19,"key":"Swift Potion"},{"floor":22,"key":"SpeedPotion"},{"floor":28,"key":"SteroidPotion"},{"floor":29,"key":"Fire Potion"},{"floor":30,"key":"SkillPotion"},{"floor":35,"key":"FearPotion"},{"floor":36,"key":"Swift Potion"},{"floor":40,"key":"Ambrosia"},{"floor":45,"key":"SteroidPotion"}],"is_trial":false,"path_per_floor":["M","M","M","M","M","R","M","R","T","M","M","E","?","?","R","B",null,"M","M","?","?","M","R","E","R","T","E","M","M","E","M","R","B",null,"M","M","?","M","M","E","M","R","T","$","M","E","M","M","R","B",null],"character_chosen":"WATCHER","items_purchased":["Membership Card","Orichalcum","Nirvana","LikeWater","Peace Pipe","Gremlin Horn","Bronze Scales","Lantern","Pantograph","Toy Ornithopter"],"campfire_rested":1,"item_purchase_floors":[44,44,44,44,44,44,44,44,44,44],"current_hp_per_floor":[45,45,40,34,34,34,34,34,34,34,34,34,27,27,27,19,59,59,58,42,36,36,36,34,34,34,34,32,32,21,22,32,34,36,28,29,29,31,33,35,36,36,36,36,36,36,36,36,36,36],"gold":76,"neow_bonus":"ONE_RARE_RELIC","is_daily":false,"chose_seed":false,"campfire_upgraded":7,"win_rate":0.0,"timestamp":1614119375,"path_taken":["M","M","M","M","M","R","M","R","T","M","M","E","?","?","R","BOSS","M","M","?","?","M","R","E","R","T","E","M","M","E","M","R","BOSS","M","M","?","?","M","E","M","R","T","$","M","E","M","M","R","BOSS"],"items_purchased_type":["Relic","Relic","Card","Card","Relic","Relic","Relic","Relic","Relic","Relic"],"build_version":"2020-12-22","purchased_purges":1,"victory":true,"max_hp_per_floor":[72,72,72,72,72,72,72,72,72,72,72,72,72,72,72,72,72,72,72,72,36,36,36,36,36,36,36,36,36,36,36,36,36,36,36,36,36,36,36,36,36,36,36,36,36,36,36,36,36,36],"card_choices":[{"not_picked":["ThirdEye","Wireheading"],"picked":"CutThroughFate","floor":1.0},{"not_picked":["Consecrate","Fasting2"],"picked":"JustLucky","floor":2.0},{"not_picked":["Prostrate","BattleHymn"],"picked":"FollowUp","floor":3.0},{"not_picked":["ClearTheMind","Prostrate"],"picked":"CutThroughFate","floor":4.0},{"not_picked":["Swivel","EmptyFist"],"picked":"Evaluate","floor":5.0},{"not_picked":["SignatureMove","FearNoEvil"],"picked":"ForeignInfluence","floor":7.0},{"not_picked":["Perseverance","Crescendo"],"picked":"Wireheading","floor":10.0},{"not_picked":["ConjureBlade","ClearTheMind"],"picked":"WheelKick","floor":11.0},{"not_picked":["Protect","PathToVictory"],"picked":"Evaluate","floor":12},{"not_picked":["Omniscience","Ragnarok"],"picked":"MasterReality","floor":16},{"not_picked":["Crescendo","ClearTheMind"],"picked":"Halt","floor":18},{"not_picked":["SashWhip","BowlingBash"],"picked":"CutThroughFate+1","floor":19},{"not_picked":["SashWhip","Collect+1","FlyingSleeves"],"picked":"SKIP","floor":22},{"not_picked":["Protect","EmptyBody"],"picked":"ConjureBlade","floor":24},{"not_picked":["Evaluate","ForeignInfluence","ReachHeaven+1"],"picked":"SKIP","floor":27},{"not_picked":["Prostrate","Perseverance","EmptyFist"],"picked":"SKIP","floor":28},{"not_picked":["Prostrate","FearNoEvil+1"],"picked":"WreathOfFlame+1","floor":29},{"not_picked":["FlyingSleeves","Prostrate","EmptyMind+1"],"picked":"SKIP","floor":30},{"not_picked":["ClearTheMind","CarveReality"],"picked":"FlurryOfBlows","floor":31},{"not_picked":["Judgement","Vault"],"picked":"DevaForm","floor":33},{"not_picked":["Sanctity+1","Consecrate","Collect+1"],"picked":"SKIP","floor":35},{"not_picked":["SignatureMove+1","Perseverance"],"picked":"ThirdEye+1","floor":36},{"not_picked":["EmptyBody","LikeWater"],"picked":"TalkToTheHand+1","floor":38},{"not_picked":["Evaluate+1","DevaForm","Study"],"picked":"SKIP","floor":39},{"not_picked":["EmptyBody","EmptyMind"],"picked":"Weave+1","floor":40},{"not_picked":["PathToVictory","Adaptation+1","SashWhip"],"picked":"SKIP","floor":41},{"not_picked":["SandsOfTime+1","SashWhip+1","EmptyBody+1"],"picked":"SKIP","floor":45},{"not_picked":["PathToVictory","Consecrate","Brilliance"],"picked":"SKIP","floor":46},{"not_picked":["EmptyBody","SashWhip+1","ThirdEye+1"],"picked":"SKIP","floor":47},{"not_picked":["Perseverance","Swivel+1","Brilliance"],"picked":"SKIP","floor":48}],"player_experience":532266,"relics_obtained":[{"floor":9.0,"key":"Potion Belt"},{"floor":12,"key":"Oddly Smooth Stone"},{"floor":20,"key":"Necronomicon"},{"floor":24,"key":"CeramicFish"},{"floor":26,"key":"Bag of Preparation"},{"floor":27,"key":"The Courier"},{"floor":30,"key":"Blood Vial"},{"floor":40,"key":"Anchor"},{"floor":43,"key":"FossilizedHelix"},{"floor":46,"key":"Regal Pillow"}],"event_choices":[{"cards_removed":["Strike_P"],"damage_healed":0,"gold_gain":0,"player_choice":"Card Removal","damage_taken":7,"max_hp_gain":0,"max_hp_loss":0,"event_name":"Golden Wing","floor":13,"gold_loss":0},{"cards_removed":["Defend_P"],"damage_healed":0,"gold_gain":0,"player_choice":"Offered Basic","damage_taken":0,"max_hp_gain":0,"max_hp_loss":0,"event_name":"Bonfire Elementals","floor":14,"gold_loss":0},{"damage_healed":0,"gold_gain":0,"player_choice":"Obtained Book","damage_taken":16,"max_hp_gain":0,"max_hp_loss":0,"event_name":"Cursed Tome","floor":20,"gold_loss":0},{"damage_healed":0,"gold_gain":0,"player_choice":"Became a Ghost","damage_taken":0,"max_hp_gain":0,"max_hp_loss":36,"event_name":"Ghosts","floor":21,"gold_loss":0,"cards_obtained":["Ghostly","Ghostly","Ghostly","Ghostly","Ghostly"]},{"damage_healed":0,"gold_gain":0,"player_choice":"Gave Potion","damage_taken":0,"relics_obtained":["Pocketwatch"],"max_hp_gain":0,"max_hp_loss":0,"event_name":"WeMeetAgain","floor":37,"gold_loss":0}],"is_beta":false,"boss_relics":[{"not_picked":["Sozu","Runic Dome"],"picked":"Runic Pyramid"},{"not_picked":["Cursed Key","Fusion Hammer"],"picked":"HolyWater"}],"items_purged_floors":[44],"is_endless":false,"potions_floor_spawned":[3,4,10,11,19,22,28,29,30,35,36,40,45],"ascension_level":11}}