{"host":"gk9qdtkqd8dwfeg2","time":1614059007,"event":{"mods":["Act Like it!","Aspiration","BaseMod","Colored Powertips","Gensokyo","Minty Spire (QoL Compilation)","Quick Restart","Reimu£®≤©¿ˆ¡È√Œ£©","Remilia£®¿Ÿ√◊¿Ú—«£©","Replay The Spire","Shop Mod","StSLib","TestMod","The Servant 0.9.4","Waifu the Spire","Youmu£®ªÍ∆«—˝√Œ£©","°æ“≈ŒÔø®≈∆°øREMEMod"],"gold_per_floor":[366,383,402,81,81,81,113,145,227,241,241,267,70,301,301,375,375,386,386,32,49,67,92,92,13,62,75,108,108,138,149,149,226,226,236,68,87,87,85,110,144,359,382,382,417,417,448,478,478,478,478,478,478,138,171,171],"floor_reached":57,"language":"ZHS","playtime":2758,"items_purged":["Strike_R","Strike_R","Deadly Poison","Strike_R"],"score":3208,"play_id":"5bbffc4c-5969-4768-ae74-048076aa23ff","local_time":"20210223134327","is_ascension_mode":true,"campfire_choices":[{"data":"Body Slam","floor":6.0,"key":"SMITH"},{"data":"REME_Scribble","floor":11.0,"key":"SMITH"},{"data":"Free:ReiMu","floor":15.0,"key":"SMITH"},{"data":"Feed","floor":24,"key":"SMITH"},{"floor":32,"key":"REST"},{"floor":46,"key":"RECALL"},{"data":"REME_ACTH","floor":49,"key":"SMITH"},{"data":"ReplayTheSpireMod:Muscle Training","floor":53,"key":"SMITH"}],"circlet_count":0,"master_deck":["AscendersBane","Free:ReiMu+1","Body Slam+1","Shrug It Off","REME_FearOfPain","REME_Scribble+1","Second Wind","Feed+1","Initiator+1","Rupture","Fire Breathing","REME_SingleHolding+1","Feel No Pain","REME_CopyPotion","PiercingWail","REME_ACTH+1","Slice","Predator","ReplayTheSpireMod:Muscle Training+1","Pommel Strike","Impervious+1","Thunderclap","Dark Embrace"],"relics":["Burning Blood","testmod-TestBox","REME_ComplimentaryCards","testmod-ObsoleteBoomerang","ClockworkSouvenir","Happy Flower","ReplayTheSpireMod:Lightbulb","Unceasing Top","testmod-HeartOfDaVinci","WingedGreaves","MerchantsRug","Iron Hammer","testmod-RainbowHikingShoes","King of Hearts","Bottled Flame","testmod-RealStoneCalender","REME_IWantAll","testmod-IncinerationGenerator","Blue Doll","REME_HourglassOfDeath","Blood Vial","Juzu Bracelet","testmod-Fortitude","Replay:Rubber Ducky","Dream Catcher","Eternal Feather","Guide Book","Bronze Scales"],"acts_visited":["Exordium","Gensokyo:Gensokyo","Gensokyo:Gensokyoer","TheEnding"],"potions_floor_usage":[37,37,45,56,56],"damage_taken":[{"damage":0.0,"enemies":"Gensokyo:3_Fairies","floor":1.0,"turns":4.0},{"damage":9.0,"enemies":"Gensokyo:Gryphon","floor":2.0,"turns":3.0},{"damage":4.0,"enemies":"Gensokyo:2_Kodama","floor":3.0,"turns":3.0},{"damage":0.0,"enemies":"Gensokyo:Mamizou","floor":7.0,"turns":6.0},{"damage":0.0,"enemies":"Gensokyo:LivingMonolith","floor":10.0,"turns":2.0},{"damage":21.0,"enemies":"Gensokyo:Cirno","floor":12.0,"turns":5.0},{"damage":24.0,"enemies":"Gensokyo:Aya","floor":14.0,"turns":4.0},{"damage":4.0,"enemies":"Gensokyo:Kokoro","floor":16.0,"turns":5.0},{"damage":3.0,"enemies":"Gensokyo:2_Gloops","floor":18.0,"turns":3.0},{"damage":3.0,"enemies":"Gensokyo:Chomper","floor":21.0,"turns":3.0},{"damage":12.0,"enemies":"Gensokyo:Slime_Group","floor":22.0,"turns":3.0},{"damage":27.0,"enemies":"Gensokyo:Tenshi","floor":23.0,"turns":3.0},{"damage":3,"enemies":"Gensokyo:3_Gloops","floor":27,"turns":3},{"damage":3,"enemies":"Gensokyo:Koishi","floor":28,"turns":4},{"damage":54,"enemies":"Gensokyo:Tenshi","floor":30,"turns":3},{"damage":11,"enemies":"Gensokyo:Swordslinger","floor":31,"turns":4},{"damage":3,"enemies":"Gensokyo:Kaguya","floor":33,"turns":5},{"damage":3,"enemies":"Gensokyo:3_Boulders","floor":35,"turns":3},{"damage":3,"enemies":"Gensokyo:AncientGuardian","floor":37,"turns":1},{"damage":15,"enemies":"Gensokyo:Marisa","floor":40,"turns":3},{"damage":3,"enemies":"Gensokyo:Doremy","floor":41,"turns":1},{"damage":4,"enemies":"Gensokyo:AtlasGolem","floor":42,"turns":3},{"damage":19,"enemies":"Gensokyo:Marisa","floor":45,"turns":2},{"damage":5,"enemies":"Gensokyo:Doremy","floor":47,"turns":3},{"damage":3,"enemies":"Gensokyo:Marisa","floor":48,"turns":1},{"damage":11,"enemies":"Gensokyo:Yuyuko","floor":50,"turns":4},{"damage":4,"enemies":"Gensokyo:Shinki","floor":51,"turns":4},{"damage":17,"enemies":"Shield and Spear","floor":55,"turns":3},{"damage":59,"enemies":"The Heart","floor":56,"turns":7}],"seed_played":"6485119663575690730","potions_obtained":[{"floor":1.0,"key":"Elixir"},{"floor":3.0,"key":"Strength Potion"},{"floor":16.0,"key":"LifebloodPotion"},{"floor":28,"key":"Explosive Potion"},{"floor":37,"key":"Fruit Juice"},{"floor":40,"key":"Adrenaline Potion"},{"floor":48,"key":"Block Potion"}],"is_trial":false,"path_per_floor":["M","M","M","COS","?","R","E","?","T","M","R","E","$","E","R","B",null,"M","?","$","M","M","E","R","COS","T","M","E","?","E","M","R","B",null,"M","COS","M","?","$","E","E","M","T","R","E","R","E","E","R","B","B",null,"R","$","E","B",null],"character_chosen":"IRONCLAD","items_purchased":["MerchantsRug","King of Hearts","Rupture","Guide Book","Thunderclap"],"campfire_rested":1,"item_purchase_floors":[13,20,20,54,54],"current_hp_per_floor":[68,65,67,67,67,67,68,46,46,52,52,40,40,25,25,30,65,71,71,71,81,78,64,64,64,64,74,80,80,39,41,77,83,114,120,120,135,135,135,133,139,144,144,144,140,140,150,158,169,169,176,178,179,179,175,127],"gold":171,"neow_bonus":"TWO_FIFTY_GOLD","is_daily":false,"chose_seed":false,"campfire_upgraded":6,"win_rate":0.0,"timestamp":1614059007,"path_taken":["M","M","M","COS","?","R","E","?","T","M","R","E","$","E","R","BOSS","M","?","$","M","M","E","R","COS","T","M","E","?","E","?","R","BOSS","M","COS","M","?","?","E","E","M","T","R","E","R","E","E","R","BOSS","BOSS","R","$","E","BOSS"],"items_purchased_type":["Relic","Relic","Card","Relic","Card"],"build_version":"2020-12-22","purchased_purges":4,"victory":true,"max_hp_per_floor":[68,68,68,68,68,68,68,68,68,68,68,71,71,74,74,77,77,80,80,80,87,90,97,97,97,97,104,107,107,114,121,121,124,124,127,127,139,139,139,146,149,152,152,152,159,159,166,169,169,176,179,179,179,179,186,189],"card_choices":[{"not_picked":["Heavy Blade","Run Through"],"picked":"Body Slam","floor":1.0},{"not_picked":["Cleave","Intimidate"],"picked":"Shrug It Off","floor":2.0},{"not_picked":["Heavy Blade","Carnage","Sentinel"],"picked":"SKIP","floor":3.0},{"not_picked":["Havoc","Dropkick"],"picked":"REME_FearOfPain","floor":7.0},{"not_picked":["Defy Death","Clothesline"],"picked":"REME_Scribble","floor":10.0},{"not_picked":["Life Link","Heavy Blade","Sever Soul"],"picked":"SKIP","floor":12.0},{"not_picked":["Reckless Charge","ReplayTheSpireMod:Strike From Hell"],"picked":"Second Wind","floor":14.0},{"not_picked":["Bludgeon","Demonic Infusion"],"picked":"Feed","floor":16.0},{"not_picked":["Shrug It Off","Body Slam","Armaments"],"picked":"SKIP","floor":18.0},{"not_picked":["Armaments","Flex"],"picked":"Fire Breathing","floor":21.0},{"not_picked":["Intimidate","Run Through","Seeing Red"],"picked":"SKIP","floor":22.0},{"not_picked":["Run Through+1","Shockwave"],"picked":"REME_SingleHolding+1","floor":23},{"not_picked":["Warcry+1","Sword Boomerang"],"picked":"Feel No Pain","floor":27},{"not_picked":["Rage","ReplayTheSpireMod:Limb From Limb+1","Twin Strike"],"picked":"SKIP","floor":28},{"not_picked":["Feed","Clash","Clothesline+1"],"picked":"SKIP","floor":30},{"not_picked":["Clash","Armaments","Intimidate"],"picked":"SKIP","floor":31},{"not_picked":["Demonic Infusion","Corruption"],"picked":"REME_ACTH","floor":33},{"not_picked":["Dropkick","Run Through","Body Slam"],"picked":"SKIP","floor":35},{"not_picked":["ReplayTheSpireMod:Corrosion Curse","ReplayTheSpireMod:Stacked","Twin Strike"],"picked":"SKIP","floor":37},{"not_picked":["ReplayTheSpireMod:Strike From Hell+1","Sever Soul"],"picked":"ReplayTheSpireMod:Muscle Training","floor":40},{"not_picked":["Ghostly Armor+1","Wild Strike","Warcry"],"picked":"SKIP","floor":41},{"not_picked":["Flex","Replay:Undeath\u0027s Touch","Wild Strike"],"picked":"SKIP","floor":42},{"not_picked":["Havoc","Twin Strike","Disarm"],"picked":"SKIP","floor":45},{"not_picked":["ReplayTheSpireMod:LeadingStrike","Infernal Blade"],"picked":"Pommel Strike","floor":47},{"not_picked":["REME_Scribble","Cleave+1"],"picked":"Impervious","floor":48},{"not_picked":["Clash","Abandon+1"],"picked":"Dark Embrace","floor":55}],"player_experience":819993,"relics_obtained":[{"floor":7.0,"key":"ReplayTheSpireMod:Lightbulb"},{"floor":8.0,"key":"Unceasing Top"},{"floor":9.0,"key":"testmod-HeartOfDaVinci"},{"floor":12.0,"key":"WingedGreaves"},{"floor":14.0,"key":"Iron Hammer"},{"floor":23,"key":"Bottled Flame"},{"floor":28,"key":"testmod-RealStoneCalender"},{"floor":40,"key":"Blue Doll"},{"floor":41,"key":"REME_HourglassOfDeath"},{"floor":43,"key":"Juzu Bracelet"},{"floor":45,"key":"Replay:Rubber Ducky"},{"floor":47,"key":"Dream Catcher"},{"floor":48,"key":"Eternal Feather"},{"floor":55,"key":"Bronze Scales"}],"event_choices":[],"is_beta":false,"boss_relics":[{"not_picked":["testmod-Nine","ReplayTheSpireMod:DimensionalGlitch"],"picked":"SplendidAttire"},{"not_picked":["testmod-BatchProcessingSystem","Runic Pyramid"],"picked":"testmod-IncinerationGenerator"}],"items_purged_floors":[13,20,39,54],"is_endless":false,"potions_floor_spawned":[1,3,14,16,21,28,30,35,37,40,48,55],"ascension_level":20}}