{"host":"iv24d026eac8pm4e","time":1614057749,"event":{"mods":["BaseMod","Minty Spire (QoL Compilation)"],"gold_per_floor":[113,129,148,167,182,182,215,225,225,259,259,259,259,277,277,356,356,367,347,360,376,316,345,345,345,345],"floor_reached":25,"language":"ENG","playtime":2996,"items_purged":["Strike_B"],"score":435,"play_id":"68083552-3b4a-417f-8813-f50780b66544","local_time":"20210222212229","is_ascension_mode":true,"campfire_choices":[{"data":"Defragment","floor":6,"key":"SMITH"},{"floor":15,"key":"REST"},{"data":"Darkness","floor":24,"key":"SMITH"}],"circlet_count":0,"master_deck":["AscendersBane","Strike_B","Strike_B","Defend_B","Defend_B","Defend_B","Defend_B","Zap","Dualcast","Barrage","Glacier","Leap","Double Energy","Defragment+1","Glacier","Melter","Darkness+1","Redo","Electrodynamics","Compile Driver","Defragment+1"],"relics":["Cracked Core","Symbiotic Virus","Singing Bowl","Bottled Tornado","The Courier","Snecko Eye","Happy Flower"],"acts_visited":["Exordium","TheCity"],"potions_floor_usage":[7,8,10,21,23,23],"damage_taken":[{"damage":7,"enemies":"2 Louse","floor":1,"turns":3},{"damage":2,"enemies":"Jaw Worm","floor":2,"turns":4},{"damage":0,"enemies":"Cultist","floor":3,"turns":4},{"damage":6,"enemies":"Blue Slaver","floor":4,"turns":4},{"damage":8,"enemies":"Exordium Wildlife","floor":5,"turns":7},{"damage":9,"enemies":"3 Sentries","floor":7,"turns":9},{"damage":12,"enemies":"Gremlin Gang","floor":8,"turns":5},{"damage":10,"enemies":"Lagavulin","floor":10,"turns":5},{"damage":0,"enemies":"Exordium Thugs","floor":14,"turns":5},{"damage":28,"enemies":"Slime Boss","floor":16,"turns":4},{"damage":0,"enemies":"Spheric Guardian","floor":18,"turns":3},{"damage":23,"enemies":"Shell Parasite","floor":20,"turns":4},{"damage":0,"enemies":"Shelled Parasite and Fungi","floor":21,"turns":8},{"damage":22,"enemies":"Book of Stabbing","floor":23,"turns":7},{"damage":28,"enemies":"Slavers","floor":25,"turns":2}],"seed_played":"-2673924518695861457","potions_obtained":[{"floor":2,"key":"Swift Potion"},{"floor":7,"key":"SpeedPotion"},{"floor":8,"key":"Strength Potion"},{"floor":16,"key":"FocusPotion"},{"floor":19,"key":"EssenceOfDarkness"},{"floor":21,"key":"Swift Potion"}],"is_trial":false,"path_per_floor":["M","M","M","M","M","R","E","M","T","E","?","?","?","M","R","B",null,"M","?","M","M","$","E","R","E"],"character_chosen":"DEFECT","items_purchased":[],"campfire_rested":1,"item_purchase_floors":[],"current_hp_per_floor":[64,62,62,56,48,48,39,27,27,17,6,11,11,11,35,7,64,64,64,43,43,43,23,23,0,0],"gold":345,"neow_bonus":"TEN_PERCENT_HP_BONUS","is_daily":false,"chose_seed":false,"campfire_upgraded":2,"win_rate":0.0,"timestamp":1614057749,"path_taken":["M","M","M","M","M","R","E","M","T","E","?","?","?","M","R","BOSS","M","?","?","M","$","E","R","E"],"items_purchased_type":[],"build_version":"2020-12-22","purchased_purges":1,"victory":false,"max_hp_per_floor":[78,78,78,78,78,78,78,78,78,78,78,83,83,83,83,83,83,83,83,85,85,85,87,87,87,87],"card_choices":[{"not_picked":["Consume","Stack"],"picked":"Barrage","floor":1},{"not_picked":["Go for the Eyes","Compile Driver"],"picked":"Glacier","floor":2},{"not_picked":["Go for the Eyes","Consume"],"picked":"Leap","floor":3},{"not_picked":["Thunder Strike","Stack"],"picked":"Double Energy","floor":4},{"not_picked":["Beam Cell","Streamline"],"picked":"Defragment","floor":5},{"not_picked":["Melter","Sunder"],"picked":"Glacier","floor":7},{"not_picked":["Sweeping Beam","Hologram","Go for the Eyes"],"picked":"SKIP","floor":8},{"not_picked":["Cold Snap","Reprogram"],"picked":"Melter","floor":10},{"not_picked":["Darkness","BootSequence"],"picked":"Redo","floor":14},{"not_picked":["Core Surge","Multi-Cast"],"picked":"Electrodynamics","floor":16},{"not_picked":["Darkness","Redo"],"picked":"Compile Driver","floor":18},{"not_picked":["Darkness","Leap","Reinforced Body"],"picked":"Singing Bowl","floor":20},{"not_picked":["Cold Snap","Stack+1"],"picked":"Defragment+1","floor":21},{"not_picked":["Force Field","Leap","Static Discharge"],"picked":"Singing Bowl","floor":23}],"player_experience":2592958,"relics_obtained":[{"floor":7,"key":"Symbiotic Virus"},{"floor":9,"key":"Singing Bowl"},{"floor":10,"key":"Bottled Tornado"},{"floor":23,"key":"Happy Flower"}],"event_choices":[{"damage_healed":0,"gold_gain":0,"player_choice":"Success","damage_taken":11,"relics_obtained":["The Courier"],"max_hp_gain":0,"max_hp_loss":0,"event_name":"Scrap Ooze","floor":11,"gold_loss":0},{"damage_healed":0,"gold_gain":0,"player_choice":"Donut","damage_taken":0,"max_hp_gain":5,"max_hp_loss":0,"event_name":"Big Fish","floor":12,"gold_loss":0},{"damage_healed":0,"gold_gain":0,"cards_transformed":["Strike_B"],"player_choice":"Change","damage_taken":0,"max_hp_gain":0,"max_hp_loss":0,"event_name":"Living Wall","floor":13,"gold_loss":0,"cards_obtained":["Darkness"]},{"damage_healed":0,"gold_gain":0,"player_choice":"Bought 1 Potion","damage_taken":0,"max_hp_gain":0,"max_hp_loss":0,"event_name":"The Woman in Blue","floor":19,"gold_loss":0}],"is_beta":false,"boss_relics":[{"not_picked":["Runic Pyramid","Cursed Key"],"picked":"Snecko Eye"}],"items_purged_floors":[22],"is_endless":false,"potions_floor_spawned":[2,7,8,16,21],"killed_by":"Slavers","ascension_level":17}}