{"host":"2se5dq1do2gp0x9k","time":1614095986,"event":{"mods":["AchievementEnabler","BaseMod","Block Reminder","Colored Map","Colored Powertips","Minty Spire (QoL Compilation)","Relic Stats","StSLib","SuperFastMode"],"gold_per_floor":[110,54,54,68,68,98,173,191,191,206,206,240,258,269,269,342,342,362,250,250,250],"floor_reached":20,"language":"ENG","playtime":751,"items_purged":["Strike_B"],"score":418,"play_id":"dd128457-5d74-4e79-b0c4-36ee71a8f806","local_time":"20210223075946","is_ascension_mode":true,"campfire_choices":[{"data":"Zap","floor":11.0,"key":"SMITH"},{"data":"Recycle","floor":15.0,"key":"SMITH"}],"circlet_count":0,"master_deck":["AscendersBane","Strike_B","Defend_B","Defend_B","Defend_B","Zap+1","Dualcast","Glacier","Cold Snap","Double Energy","Skim","Aggregate","Coolheaded","Skim","Rebound","Defragment","Recycle+1","Biased Cognition","Turbo","Chill"],"relics":["Cracked Core","NeowsBlessing","Mercury Hourglass","Potion Belt","Dream Catcher","Empty Cage"],"acts_visited":["Exordium","TheCity"],"potions_floor_usage":[20,20],"damage_taken":[{"damage":0.0,"enemies":"2 Louse","floor":1.0,"turns":1.0},{"damage":0.0,"enemies":"Small Slimes","floor":4.0,"turns":1.0},{"damage":0.0,"enemies":"Gremlin Nob","floor":6.0,"turns":1.0},{"damage":0.0,"enemies":"Cultist","floor":8.0,"turns":4.0},{"damage":7.0,"enemies":"Red Slaver","floor":10.0,"turns":3.0},{"damage":15.0,"enemies":"3 Sentries","floor":12.0,"turns":6.0},{"damage":11.0,"enemies":"Exordium Wildlife","floor":13.0,"turns":3.0},{"damage":0.0,"enemies":"Looter","floor":14.0,"turns":4.0},{"damage":10.0,"enemies":"Slime Boss","floor":16.0,"turns":8.0},{"damage":16,"enemies":"2 Thieves","floor":18,"turns":5},{"damage":35,"enemies":"Chosen","floor":20,"turns":8}],"seed_played":"-5149803727102139256","potions_obtained":[{"floor":6.0,"key":"Fire Potion"},{"floor":8.0,"key":"FearPotion"},{"floor":12.0,"key":"LiquidMemories"},{"floor":14.0,"key":"Strength Potion"},{"floor":16.0,"key":"EntropicBrew"}],"is_trial":false,"path_per_floor":["M","$","?","M","?","E","?","M","T","M","R","E","M","M","R","B",null,"M","$","M"],"character_chosen":"DEFECT","items_purchased":["Cold Snap","Chill"],"campfire_rested":0,"item_purchase_floors":[2,19],"current_hp_per_floor":[64,64,64,64,64,64,53,53,53,46,46,31,20,20,20,10,56,40,40,5,5],"gold":250,"neow_bonus":"THREE_ENEMY_KILL","is_daily":false,"chose_seed":false,"campfire_upgraded":2,"win_rate":0.0,"timestamp":1614095986,"path_taken":["M","$","?","M","?","E","?","M","T","M","R","E","M","M","R","BOSS","M","$","M"],"items_purchased_type":["Card","Card"],"build_version":"2020-12-22","purchased_purges":1,"victory":false,"max_hp_per_floor":[71,71,71,71,71,71,71,71,71,71,71,71,71,71,71,71,71,71,71,71,71],"relic_stats":{"Dream Catcher":0,"counters":[11,43],"obtain_stats":[{"Potion Belt":9,"Dream Catcher":12,"NeowsBlessing":0,"Cracked Core":0,"Empty Cage":17,"Mercury Hourglass":6},{"Potion Belt":4,"Dream Catcher":6,"NeowsBlessing":0,"Cracked Core":0,"Empty Cage":9,"Mercury Hourglass":3},{"Potion Belt":7,"Dream Catcher":16,"NeowsBlessing":0,"Cracked Core":0,"Empty Cage":30,"Mercury Hourglass":3}],"Mercury Hourglass":[182]},"card_choices":[{"not_picked":["Go for the Eyes","Genetic Algorithm"],"picked":"Glacier","floor":1.0},{"not_picked":["Streamline","Lockon"],"picked":"Skim","floor":4.0},{"not_picked":["Force Field","Barrage"],"picked":"Aggregate","floor":6.0},{"not_picked":["Stack","Leap"],"picked":"Coolheaded","floor":8.0},{"not_picked":["Cold Snap","Ball Lightning"],"picked":"Skim","floor":10.0},{"not_picked":["Loop","Go for the Eyes"],"picked":"Rebound","floor":12.0},{"not_picked":["Streamline","Heatsinks"],"picked":"Defragment","floor":13.0},{"not_picked":["Go for the Eyes","Doom and Gloom"],"picked":"Recycle","floor":14.0},{"not_picked":["Amplify","Fission"],"picked":"Biased Cognition","floor":16.0},{"not_picked":["Steam Power+1","Steam"],"picked":"Turbo","floor":18}],"player_experience":4130948,"relics_obtained":[{"floor":6.0,"key":"Mercury Hourglass"},{"floor":9.0,"key":"Potion Belt"},{"floor":12.0,"key":"Dream Catcher"}],"event_choices":[{"damage_healed":0.0,"max_hp_gain":0.0,"max_hp_loss":0.0,"gold_gain":0.0,"cards_transformed":["Strike_B"],"event_name":"Living Wall","player_choice":"Change","floor":3.0,"gold_loss":0.0,"damage_taken":0.0,"cards_obtained":["Double Energy"]},{"damage_healed":0.0,"max_hp_gain":0.0,"max_hp_loss":0.0,"gold_gain":0.0,"event_name":"The Cleric","player_choice":"Leave","floor":5.0,"gold_loss":0.0,"damage_taken":0.0},{"damage_healed":0.0,"max_hp_gain":0.0,"max_hp_loss":0.0,"gold_gain":75.0,"event_name":"World of Goop","player_choice":"Gather Gold","floor":7.0,"gold_loss":0.0,"damage_taken":11.0}],"is_beta":false,"boss_relics":[{"not_picked":["Fusion Hammer","Runic Pyramid"],"picked":"Empty Cage"}],"items_purged_floors":[19],"is_endless":false,"potions_floor_spawned":[6,8,12,14,16],"killed_by":"Chosen","ascension_level":20}}