{"host":"yajbwjoofeeg2olc","time":1614105996,"event":{"mods":["A Magickal Journey","AchievementEnabler","Aspiration","Bard","BaseMod","Beaked The Cultist","Better Altar","Better Match","Better Note","Better Sensory Stone","Better Skull","Better Third Choice","BetterRewards","CCEM2","Clockwork Mod","Colored Map","Colored Powertips","Conspire","Friendly Minions","GifTheSpireLib","Glutton Mod","Gremlin Mod","GungeonMod","Halation","Hermit","HexUI Lib","Highlight Path","Hubris","Hunter ??","Jedi Mod","Jorbs\u0027s Wanderer Trilogy","Library of Ruina","Mad Scientist","Magineer Mod","Magitek Elite","Marisa????????","Mimic Mod","Minty Spire (QoL Compilation)","Permanent Neow","Replay The Spire","Robot Space Explorer","Shade Mod","Shapeshifter Mod","Shop Mod","Spicy Shops","StSLib","Stuff the Spire","The Administrix","The Alterego","The Animator","The Blackbeard","The Bug Knight","The Construct","The Cursed","The Death Knight","The Disciple","The Exalted","The Forsaken","The Marked","The Mystic","The Necromancer","The Problem Sleuth","The Runesmith","The Servant 0.9.4","The Spell Scribe","The Valiant","The Witch","TheHero","TheVacant"],"gold_per_floor":[110,110,120,136,61,61,91,104,104,133,149,177,24,37,37,133,133,133],"floor_reached":17,"language":"ENG","playtime":1632,"items_purged":["LightDefense"],"score":202,"play_id":"88c02d95-800a-472b-8cd0-3807aa8b0ad0","local_time":"20210223184636","is_ascension_mode":false,"campfire_choices":[{"data":"TendonChords","floor":6,"key":"SMITH"},{"floor":15,"key":"DIG"}],"circlet_count":0,"master_deck":["Dodge","LightAttack","LightAttack","LightDefense","LightDefense","LightDefense","ChargeAndCover","FocusedStrikes","Parry2","TendonChords+1","ViolentFlame","SharpNails","hubris:EnhanceAbility+1","Unlock1","SunsetBlade","Multislash","SilentMist","ScratchThat"],"relics":["PageOfLibrarian","DemoMod:GnawedKey","Shovel","ReplayFunnel","halation:Toothbrush","Runesmith:AutoHammer","StuffTheSpire:PointBlank","DemoMod:GlassGuonStoneRelic","Replay:Cursed D8"],"acts_visited":["Exordium","TheCity"],"potions_floor_usage":[11,12,16,16],"damage_taken":[{"damage":4,"enemies":"Jaw Worm","floor":1,"turns":4},{"damage":2,"enemies":"conspire:RoseBush","floor":3,"turns":4},{"damage":0,"enemies":"Cultist","floor":4,"turns":4},{"damage":0,"enemies":"Lagavulin","floor":7,"turns":10},{"damage":12,"enemies":"Exordium Wildlife","floor":8,"turns":4},{"damage":9,"enemies":"Replay:BlueRogue","floor":10,"turns":6},{"damage":10,"enemies":"Exordium Thugs","floor":11,"turns":5},{"damage":18,"enemies":"Gremlin Nob","floor":12,"turns":5},{"damage":0,"enemies":"conspire:2 RoseBushes","floor":14,"turns":6},{"damage":5,"enemies":"The Guardian","floor":16,"turns":8}],"seed_played":"-5331240737561840478","potions_obtained":[{"floor":1,"key":"SkillPotion"},{"floor":7,"key":"SteroidPotion"},{"floor":10,"key":"BlessingOfTheForge"},{"floor":11,"key":"PowerPotion"},{"floor":12,"key":"DeathKnight:RimePotion"},{"floor":16,"key":"Venom Potion"}],"is_trial":false,"path_per_floor":["M","?","M","M","?","R","E","M","T","E","M","E","$","M","R","B",null],"character_chosen":"Librarian","items_purchased":["Parry2","DemoMod:GnawedKey","TendonChords","SilentMist"],"campfire_rested":0,"item_purchase_floors":[0,0,0,13],"current_hp_per_floor":[60,53,57,61,61,60,60,51,51,56,49,47,50,58,58,70,70,70],"gold":133,"neow_bonus":"","is_daily":false,"chose_seed":false,"campfire_upgraded":1,"win_rate":0.0,"timestamp":1614105996,"path_taken":["M","?","M","M","?","R","E","?","T","E","M","E","?","M","R","BOSS"],"items_purchased_type":["Card","Relic","Card","Card"],"build_version":"2020-12-22","purchased_purges":1,"victory":false,"max_hp_per_floor":[74,74,61,63,63,60,65,63,63,65,76,63,66,79,79,70,70,70],"card_choices":[{"not_picked":["EnergyCycle","Juggling","FlowOfTheSword","NonstopAssault","Wallop_lor","RhinoRam","NightInTheBackstreets","WillOfThePrescript"],"picked":"ViolentFlame","floor":1},{"not_picked":["InnerArdor","FierceOnslaught","Slice_lor","Rewind","UpbeatPerformance","CoordinatedAssault","MultiBlock","SinglePointStab"],"picked":"SharpNails","floor":3},{"not_picked":["EnergyShield","ToOvercomeCrisis","YouOnlyLiveOnce","TimeForALittleTest","UndertakePrescript","SmokingPipe","FierceCharge","Duel_lor","Outburst"],"picked":"SKIP","floor":4},{"not_picked":["jedi:cleanse+1","Master of Strategy+1","Thinking Ahead+1","jedi:RedIncense+1","Sadistic Nature+1","Crow Ritual+1","Secret Weapon+1","Poisoned Strike+1"],"picked":"hubris:EnhanceAbility+1","floor":5},{"not_picked":["DeepDrag","CoordinatedAssault","EnergyCycle","LoosenUp","Struggle","OpportunitySpotted","Eliminate","EndlessBattle"],"picked":"Unlock1","floor":7},{"not_picked":["StrikeDown","SerpentSwordTechnique","SweepTheBackstreets","StrongStrike","SetFire","ClassAndRespect","FrontalAssault","Wallop_lor"],"picked":"SunsetBlade","floor":8},{"not_picked":["PinpointShot","CoordinatedAssault","Mutilate","SharpSwipe","Zzzzzap","PreemptiveStrike","FleetEdge","QuickSuppression","Punishment"],"picked":"SKIP","floor":10},{"not_picked":["Diversion","Pound","EndlessBattle","StrikeDown","Cruelty","EnergyStrike","NightInTheBackstreets","HandleRequest","WaitUp"],"picked":"SKIP","floor":11},{"not_picked":["Unlock1","BackstreetsDash","Execute_lor","AbsorbImpact","TendonChords","GrazeTheGrass","FrontalAssault","SunsetBlade"],"picked":"Multislash","floor":12},{"not_picked":["EnergyStrike","BackAttack","Thrust","DestructiveImpact","Parry","SnakesPrey","Cruelty","Unlock1","FendThisOffIfYouCan"],"picked":"SKIP","floor":14},{"not_picked":["Transpierce","BoundaryOfDeath"],"picked":"ScratchThat","floor":16}],"player_experience":301625,"relics_obtained":[{"floor":7,"key":"ReplayFunnel"},{"floor":10,"key":"halation:Toothbrush"},{"floor":12,"key":"Runesmith:AutoHammer"},{"floor":15,"key":"StuffTheSpire:PointBlank"}],"event_choices":[{"cards_removed":["LightAttack"],"damage_healed":0,"gold_gain":0,"player_choice":"Card Removal","damage_taken":7,"max_hp_gain":0,"max_hp_loss":0,"event_name":"Golden Wing","floor":2,"gold_loss":0},{"damage_healed":0,"gold_gain":0,"player_choice":"2","damage_taken":0,"max_hp_gain":0,"max_hp_loss":0,"event_name":"betterMatch:BetterMatch","floor":5,"gold_loss":0,"cards_obtained":["betterMatch:ColorlessRareCard"]}],"is_beta":false,"boss_relics":[{"not_picked":["conspire:RoyalGoblet","Replay:Grab Bag"],"picked":"Replay:Cursed D8"}],"items_purged_floors":[13],"is_endless":false,"potions_floor_spawned":[1,7,10,11,12,14,16],"ascension_level":0}}