{"host":"g7uq9uzahx9e0kti","time":1614083380,"event":{"mods":["100% Spire Juice","AchievementEnabler","Act Like it!","BaseMod","CapriCore","GungeonMod","Hermit","Koishi","Minty Spire (QoL Compilation)","Permanent Neow","Quick Restart","Replay The Spire","StSLib","SuperFastMode","The Bug Knight","The Cursed","Together in Spire","WarShipGirlsR/??á´Ò³R mod"],"gold_per_floor":[114,132,132,232,243,268,286,286,335,367,382,409,409,429,429,532,532,546,563,563,213,263,298,298,324,405,434,454,2,22,22,22,124,124,138,156,183,31,42,42,57,86,86,86,436,436,23,123,123,155],"floor_reached":51,"language":"KOR","playtime":4287,"items_purged":["Strike_G","Shame"],"score":1021,"play_id":"18570491-78e1-491c-9a80-3347740679d8","local_time":"20210223212940","is_ascension_mode":true,"campfire_choices":[{"data":"Blade Dance","floor":8,"key":"SMITH"},{"data":"Backflip","floor":13,"key":"SMITH"},{"data":"Cloak And Dagger","floor":15,"key":"SMITH"},{"data":"Blade Dance","floor":24,"key":"SMITH"},{"data":"Cloak And Dagger","floor":40,"key":"SMITH"},{"data":"Blade Dance","floor":44,"key":"SMITH"},{"data":"ReplayTheSpireMod:Faulty Equipment","floor":46,"key":"SMITH"},{"data":"Accuracy","floor":49,"key":"SMITH"}],"circlet_count":0,"master_deck":["Strike_G","Strike_G","Strike_G","Defend_G","Defend_G+1","Defend_G","Defend_G","Survivor","Neutralize+1","Prepared","Blade Dance+1","Quick Slash","Backflip+1","Cloak And Dagger+1","Quick Slash","Sucker Punch","Blade Dance+1","Cloak And Dagger+1","Dagger Throw","Sucker Punch+1","Backstab+1","Infinite Blades+1","Die Die Die","Cloak And Dagger","Hidden Blade","Blade Dance+1","Backflip","Cloak And Dagger+1","Blade Dance+1","ReplayTheSpireMod:Faulty Equipment+1","Accuracy+1","ReplayTheSpireMod:Doomed"],"relics":["Coffee Dripper","DemoMod:Metronome","Bag of Preparation","Replay:Baseball","Shuriken","Empty Cage","BargainBundle","Tiny Chest","Snack Pack","DemoMod:WhiteGuonStone","Boot","Mercury Hourglass","Blue Candle","DollysMirror","Potion Belt","Toy Ornithopter","WristBlade","Bronze Scales","Akabeko","Bottled Lightning","Replay:Mystery Machine","Ring of Greed","Old Coin","Replay:Bandana","ReplayTheSpireMod:Shallot"],"acts_visited":["Exordium","TheCity","TheBeyond"],"potions_floor_usage":[11,18,18,25,28,50,50],"damage_taken":[{"damage":0,"enemies":"Jaw Worm","floor":1,"turns":5},{"damage":0,"enemies":"Cultist","floor":2,"turns":6},{"damage":0,"enemies":"2 Louse","floor":5,"turns":3},{"damage":2,"enemies":"Gremlin Nob","floor":6,"turns":4},{"damage":0,"enemies":"Looter","floor":7,"turns":3},{"damage":0,"enemies":"3 Sentries","floor":10,"turns":6},{"damage":3,"enemies":"Red Slaver","floor":11,"turns":4},{"damage":2,"enemies":"Gremlin Nob","floor":12,"turns":4},{"damage":0,"enemies":"Large Slime","floor":14,"turns":2},{"damage":0,"enemies":"Slime Boss","floor":16,"turns":5},{"damage":4,"enemies":"2 Thieves","floor":18,"turns":2},{"damage":0,"enemies":"Spheric Guardian","floor":19,"turns":2},{"damage":9,"enemies":"HollowMod:Nosk","floor":23,"turns":4},{"damage":0,"enemies":"Slavers","floor":25,"turns":4},{"damage":0,"enemies":"Gremlin Leader","floor":27,"turns":3},{"damage":0,"enemies":"Snake Plant","floor":28,"turns":2},{"damage":6,"enemies":"Shelled Parasite and Fungi","floor":30,"turns":2},{"damage":12,"enemies":"Collector","floor":33,"turns":5},{"damage":0,"enemies":"Orb Walker","floor":35,"turns":2},{"damage":0,"enemies":"3 Darklings","floor":36,"turns":2},{"damage":1,"enemies":"Maw","floor":39,"turns":5},{"damage":6,"enemies":"4 Shapes","floor":41,"turns":1},{"damage":0,"enemies":"Nemesis","floor":42,"turns":3},{"damage":65,"enemies":"Time Eater","floor":50,"turns":7}],"seed_played":"-954117725367887319","potions_obtained":[{"floor":7,"key":"ColorlessPotion"},{"floor":11,"key":"Adrenaline Potion"},{"floor":14,"key":"LiquidBronze"},{"floor":16,"key":"Swift Potion"},{"floor":18,"key":"Toxic Potion"},{"floor":27,"key":"Doom Potion"},{"floor":33,"key":"Strength Potion"},{"floor":39,"key":"DuplicationPotion"}],"is_trial":false,"path_per_floor":["M","M","?","?","M","E","M","R","T","E","M","E","R","M","R","B",null,"M","M","?","$","?","E","R","E","T","E","M","$","M","$","R","B",null,"M","M","T","$","M","R","M","E","T","R","?","R","$","?","R","B",null],"character_chosen":"THE_SILENT","items_purchased":["BargainBundle","Tiny Chest","Backstab+1","Block Potion","DollysMirror","Potion Belt","Toy Ornithopter","Akabeko","ReplayTheSpireMod:Shallot","Accuracy"],"campfire_rested":0,"item_purchase_floors":[21,21,21,21,29,29,29,38,47,47],"current_hp_per_floor":[70,70,56,56,56,54,54,54,54,54,51,49,49,49,49,49,70,66,66,66,66,49,54,54,64,64,70,70,70,68,68,68,70,70,70,70,70,70,69,69,66,70,70,70,70,70,70,70,70,24],"gold":155,"neow_bonus":"BOSS_RELIC","is_daily":false,"chose_seed":false,"campfire_upgraded":8,"win_rate":0.0,"timestamp":1614083380,"path_taken":["M","M","?","?","?","E","?","R","T","E","M","E","R","M","R","BOSS","M","M","?","$","?","E","R","E","T","E","M","$","?","?","R","BOSS","M","M","?","$","M","R","M","E","T","R","?","R","$","?","R","BOSS"],"items_purchased_type":["Relic","Relic","Card","Potion","Relic","Relic","Relic","Relic","Relic","Card"],"build_version":"2020-12-22","purchased_purges":2,"victory":true,"max_hp_per_floor":[70,70,70,70,70,70,70,70,70,70,70,70,70,70,70,70,70,70,70,70,70,70,70,70,70,70,70,70,70,70,70,70,70,70,70,70,70,70,70,70,70,70,70,70,70,70,70,70,70,70],"card_choices":[{"not_picked":["Outmaneuver","Bane"],"picked":"Prepared","floor":1},{"not_picked":["Footwork","Heel Hook"],"picked":"Blade Dance","floor":2},{"not_picked":["Cloak And Dagger","Flying Knee"],"picked":"Quick Slash","floor":5},{"not_picked":["Poisoned Stab","Phantasmal Killer"],"picked":"Backflip","floor":6},{"not_picked":["ReplayTheSpireMod:Tripwire","Setup"],"picked":"Cloak And Dagger","floor":7},{"not_picked":["Deadly Poison","Flying Knee"],"picked":"Quick Slash","floor":10},{"not_picked":["Blur","Choke"],"picked":"Sucker Punch","floor":11},{"not_picked":["Endless Agony","Malaise"],"picked":"Blade Dance","floor":12},{"not_picked":["Flying Knee","Draining Mist"],"picked":"Cloak And Dagger","floor":14},{"not_picked":["Outmaneuver","Deadly Poison+1"],"picked":"Dagger Throw","floor":18},{"not_picked":["Deflect","Fluid Movement"],"picked":"Sucker Punch+1","floor":19},{"not_picked":["Deflect","Slice+1"],"picked":"Infinite Blades+1","floor":22},{"not_picked":["Underhanded Strike","Prepared"],"picked":"Die Die Die","floor":22},{"not_picked":["Heel Hook","Setup"],"picked":"Cloak And Dagger","floor":23},{"not_picked":["Poisoned Stab","Leg Sweep"],"picked":"Hidden Blade","floor":25},{"not_picked":["Slice+1","Footwork","Tactician"],"picked":"SKIP","floor":27},{"not_picked":["Dagger Spray","Underhanded Strike","Quick Slash"],"picked":"SKIP","floor":28},{"not_picked":["Tactician","Bane","Dagger Spray"],"picked":"SKIP","floor":30},{"not_picked":["Choke+1","Acrobatics"],"picked":"Backflip","floor":35},{"not_picked":["Calculated Gamble","Dagger Throw"],"picked":"Cloak And Dagger+1","floor":36},{"not_picked":["Bane+1","Deadly Poison+1","Toxin Wave"],"picked":"SKIP","floor":39},{"not_picked":["ReplayTheSpireMod:Scrap Shanks+1","Underhanded Strike"],"picked":"Blade Dance","floor":41},{"not_picked":["ReplayTheSpireMod:The Works","Well Laid Plans","Fluid Movement+1"],"picked":"SKIP","floor":42}],"player_experience":145898,"relics_obtained":[{"floor":6,"key":"DemoMod:Metronome"},{"floor":9,"key":"Bag of Preparation"},{"floor":10,"key":"Replay:Baseball"},{"floor":12,"key":"Shuriken"},{"floor":22,"key":"Snack Pack"},{"floor":23,"key":"DemoMod:WhiteGuonStone"},{"floor":25,"key":"Boot"},{"floor":26,"key":"Mercury Hourglass"},{"floor":27,"key":"Blue Candle"},{"floor":37,"key":"Bronze Scales"},{"floor":42,"key":"Bottled Lightning"},{"floor":43,"key":"Replay:Mystery Machine"},{"floor":45,"key":"Ring of Greed"},{"floor":45,"key":"Old Coin"},{"floor":45,"key":"Replay:Bandana"}],"event_choices":[{"damage_healed":0,"gold_gain":0,"player_choice":"Entered Light","damage_taken":14,"max_hp_gain":0,"max_hp_loss":0,"event_name":"Shining Light","floor":3,"gold_loss":0,"cards_upgraded":["Defend_G","Neutralize"]},{"damage_healed":0,"gold_gain":100,"player_choice":"Gold","damage_taken":0,"max_hp_gain":0,"max_hp_loss":0,"event_name":"Wheel of Change","floor":4,"gold_loss":0},{"damage_healed":0,"gold_gain":0,"player_choice":"Ignored","damage_taken":0,"max_hp_gain":0,"max_hp_loss":0,"event_name":"Vampires","floor":20,"gold_loss":0},{"damage_healed":0,"gold_gain":100,"player_choice":"Pray","damage_taken":0,"max_hp_gain":0,"max_hp_loss":0,"event_name":"Golden Shrine","floor":48,"gold_loss":0}],"is_beta":false,"boss_relics":[{"not_picked":["Snecko Scales","Replay:Drink Me"],"picked":"Empty Cage"},{"not_picked":["Replay:Ancient Bell","Velvet Choker"],"picked":"WristBlade"}],"items_purged_floors":[21,47],"is_endless":false,"potions_floor_spawned":[7,11,14,16,18,23,27,33,39],"ascension_level":1}}