{"host":"jsd6g3c2vo13e69c","time":1614080856,"event":{"mods":["2.2 Compatiblity","Act Like it!","BaseMod","Better Altar","Better Match","Better Note","Better Sensory Stone","Better Third Choice","BetterRewards","Colored Map","Colored Powertips","Downfall","Friendly Minions","GifTheSpireLib","Googly Eyes","Gremlin Mod","Hermit","Hubris","Infinite Spire","Melee Mod","Minty Spire (QoL Compilation)","Permanent Neow","Quick Restart","Random Character Button","Replay The Spire","Shop Mod","Spire Arcade","StSLib","The Cursed","The Disciple","The Forsaken","thorton"],"gold_per_floor":[99,114,129,129,129,147,215,77,93,31,31,31,48,58,76,171,171,171,186,206,306,317,117,167,191,191,191,191,206,206,221,233,332,332,332,342,353,404,404,404,431,431,445,445,105,121,121,35,48,48],"floor_reached":51,"language":"ENG","playtime":2979,"items_purged":["Slimebound:Split","downfall:Malfunctioning"],"score":766,"play_id":"c3f16b5b-3aa8-4c52-a0b5-1b0cba6c97ca","local_time":"20210223064736","is_ascension_mode":false,"campfire_choices":[{"data":"Slimebound:Tackle","floor":1,"key":"PURGE"},{"floor":18,"key":"RECALL"},{"data":"Slimebound:MassFeed","floor":23,"key":"SMITH"},{"data":"Slimebound:DouseInSlime","floor":28,"key":"SMITH"},{"data":"Slimebound:SplitMire","floor":30,"key":"SMITH"},{"data":"Slimebound:MassFeed","floor":35,"key":"SMITH"},{"data":"Slimebound:Teamwork","floor":40,"key":"SMITH"},{"floor":44,"key":"REST"},{"data":"Slimebound:SplitMire","floor":47,"key":"SMITH"}],"circlet_count":0,"master_deck":["Slimebound:Strike_Slimebound","Slimebound:Strike_Slimebound+1","Slimebound:Strike_Slimebound","Slimebound:Defend_Slimebound","Slimebound:Defend_Slimebound","Slimebound:Defend_Slimebound","Slimebound:Defend_Slimebound","Slimebound:CorrosiveSpit","Slimebound:DouseInSlime+1","Slimebound:SplitMire+1","Slimebound:Prepare+1","Slimebound:LeechEnergy+1","Slimebound:GoopSpray","Slimebound:HauntingLick","Slimebound:Prepare","Slimebound:LeechEnergy","Slimebound:LeechEnergy","Slimebound:Equalize","Slimebound:MegaLick","Slimebound:SamplingLick","Slimebound:DouseInSlime+1","Slimebound:PressTheAttack","Slimebound:LeechEnergy+1","Slimebound:Split","Slimebound:LeechingTouch","Slimebound:MassFeed+1","Blind","ReplayTheSpireMod:Restless Dread","Slimebound:SplitMire+1","Slimebound:Teamwork+1","Slimebound:MassFeed+1","Slimebound:HauntingLick+1","Slimebound:SamplingLick+1","Slimebound:RainOfGoop","Slimebound:Prepare","Slimebound:SplitMire+1","Slimebound:RainOfGoop+1","expansioncontent:QuickStudy","Slimebound:Dissolve","Slimebound:Replication","Slimebound:MegaLick+1"],"relics":["m_BurningSludge","infinitespire:Eraser","thethorton:CrushedCigarette","downfall:GremlinSack","downfall:HeartBlessingBlue","downfall:HeartBlessingRed","Smiling Mask","Blood Vial","hubris:Towel","Runic Pyramid","Lizard Tail","Ancient Tea Set","Replay:Bottled Steam","Lee\u0027s Waffle"],"acts_visited":["Exordium","TheCity","TheBeyond"],"potions_floor_usage":[13,14,16,16,29,32,43,45,50,50,50],"damage_taken":[{"damage":1,"enemies":"Cultist","floor":2,"turns":4},{"damage":11,"enemies":"Jaw Worm","floor":3,"turns":3},{"damage":12,"enemies":"Small Slimes","floor":6,"turns":4},{"damage":5,"enemies":"downfall:FleeingMerchant","floor":8,"turns":4},{"damage":2,"enemies":"Blue Slaver","floor":9,"turns":2},{"damage":5,"enemies":"downfall:FleeingMerchant","floor":10,"turns":4},{"damage":1,"enemies":"Lots of Slimes","floor":13,"turns":3},{"damage":4,"enemies":"Gremlin Gang","floor":14,"turns":3},{"damage":0,"enemies":"3 Louse","floor":15,"turns":2},{"damage":4,"enemies":"SI_SHIV_ARCHETYPE","floor":16,"turns":4},{"damage":13,"enemies":"3 Byrds","floor":19,"turns":5},{"damage":12,"enemies":"Spheric Guardian","floor":20,"turns":5},{"damage":0,"enemies":"Spheric Guardian","floor":21,"turns":3},{"damage":20,"enemies":"Shelled Parasite and Fungi","floor":22,"turns":6},{"damage":6,"enemies":"Centurion and Healer","floor":29,"turns":3},{"damage":6,"enemies":"Snake Plant","floor":31,"turns":3},{"damage":19,"enemies":"3 Cultists","floor":32,"turns":4},{"damage":18,"enemies":"WA_ARCHETYPE_CALM","floor":33,"turns":7},{"damage":0,"enemies":"Orb Walker","floor":36,"turns":4},{"damage":43,"enemies":"3 Darklings","floor":37,"turns":5},{"damage":49,"enemies":"2 Orb Walkers","floor":38,"turns":5},{"damage":17,"enemies":"Maw","floor":43,"turns":7},{"damage":5,"enemies":"downfall:FleeingMerchant","floor":45,"turns":4},{"damage":20,"enemies":"Transient","floor":46,"turns":5},{"damage":6,"enemies":"downfall:FleeingMerchant","floor":48,"turns":4},{"damage":14,"enemies":"Sphere and 2 Shapes","floor":49,"turns":4},{"damage":169,"enemies":"DF_ARCHETYPE_ORBS","floor":50,"turns":11}],"seed_played":"-2718778397589021999","potions_obtained":[{"floor":9,"key":"EssenceOfSteel"},{"floor":13,"key":"Fire Potion"},{"floor":14,"key":"champ:CounterPotion"},{"floor":15,"key":"Energy Potion"},{"floor":19,"key":"Adrenaline Potion"},{"floor":21,"key":"PowerPotion"},{"floor":32,"key":"FearPotion"},{"floor":36,"key":"Doom Potion"},{"floor":37,"key":"Swift Potion"},{"floor":46,"key":"Block Potion"},{"floor":49,"key":"Adrenaline Potion"}],"is_trial":false,"path_per_floor":["R_BF","M","M","?","?","M","T","$","M","$","?","T","M","M","M","B",null,"R","M","M","?","M","R","T","T","?","?","R","M","R","M","M","B",null,"R","M","M","?","?","R","T","?","M","R","$","M","R","$","M","B",null],"character_chosen":"SLIMEBOUND","items_purchased":["Slimebound:HauntingLick","Slimebound:LeechEnergy","Slimebound:SplitMire+1","Replay:Bottled Steam","Lee\u0027s Waffle","expansioncontent:QuickStudy","Slimebound:Dissolve","Slimebound:Replication"],"campfire_rested":1,"item_purchase_floors":[8,10,45,45,48,48,48,48],"current_hp_per_floor":[47,50,41,41,41,33,33,32,30,27,27,27,28,32,34,38,65,65,62,52,58,49,59,59,59,59,59,59,59,59,61,56,54,79,79,83,58,27,27,27,27,27,30,59,66,58,58,106,106,25],"gold":48,"neow_bonus":"THREE_RARE_CARDS","is_daily":false,"chose_seed":false,"campfire_upgraded":6,"win_rate":0.0,"timestamp":1614080856,"path_taken":["R_BF","M","?","?","?","M","T","?","?","$","?","?","M","M","M","BOSS","R","M","M","?","?","R","T","?","?","?","R","M","R","M","M","BOSS","R","M","M","?","?","R","T","?","?","R","?","M","R","$","M","BOSS"],"items_purchased_type":["Card","Card","Card","Relic","Relic","Card","Card","Card"],"build_version":"2020-12-22","purchased_purges":2,"victory":true,"max_hp_per_floor":[65,65,65,65,65,65,65,65,65,65,65,65,65,65,65,65,65,65,65,65,65,65,75,75,75,75,75,75,79,79,79,79,79,79,79,83,87,95,95,95,95,95,99,99,99,99,99,106,114,118],"card_choices":[{"not_picked":["Slimebound:FirmFortitude","Slimebound:WasteNot"],"picked":"Slimebound:DouseInSlime","floor":0},{"not_picked":["Slimebound:LivingWall","Slimebound:SlimeBrawl"],"picked":"Slimebound:SplitMire","floor":2},{"not_picked":["Slimebound:Dissolve","Slimebound:ComboTackle"],"picked":"Slimebound:Prepare","floor":3},{"not_picked":["Slimebound:SplitLeeching","Slimebound:LivingWall"],"picked":"Slimebound:LeechEnergy","floor":6},{"not_picked":["Slimebound:FirmFortitude","Slimebound:Dissolve"],"picked":"Slimebound:GoopSpray","floor":8},{"not_picked":["Slimebound:FinishingTackle","Slimebound:SamplingLick"],"picked":"Slimebound:Prepare","floor":9},{"not_picked":["Sword Boomerang","Slimebound:MassRepurpose"],"picked":"Slimebound:LeechEnergy","floor":10},{"not_picked":["Slimebound:LivingWall","Slimebound:FinishingTackle"],"picked":"Slimebound:Equalize","floor":13},{"not_picked":["Slimebound:ComboTackle","Slimebound:SplitBruiser"],"picked":"Slimebound:MegaLick","floor":14},{"not_picked":["Slimebound:ItLooksTasty","Slimebound:LeechEnergy"],"picked":"Slimebound:SamplingLick","floor":15},{"not_picked":["Slimebound:DuplicatedForm","Slimebound:RallyTheTroops"],"picked":"Slimebound:DouseInSlime","floor":16},{"not_picked":["Slimebound:ComboTackle","Slimebound:SlimeBrawl"],"picked":"Slimebound:PressTheAttack","floor":19},{"not_picked":["Slimebound:LeechingTouch","Slimebound:TongueLash"],"picked":"Slimebound:LeechEnergy+1","floor":20},{"not_picked":["Slimebound:Repurpose","Slimebound:SplitBruiser","Slimebound:ItLooksTasty"],"picked":"SKIP","floor":22},{"not_picked":["Slimebound:Gluttony","Slimebound:Dissolve"],"picked":"Slimebound:SplitMire","floor":29},{"not_picked":["Slimebound:AcidTongue","Slimebound:SplitLeeching","Slimebound:LeechEnergy"],"picked":"SKIP","floor":31},{"not_picked":["Slimebound:SamplingLick","Slimebound:LivingWall"],"picked":"Slimebound:Teamwork","floor":32},{"not_picked":["Slimebound:MassRepurpose","Slimebound:MinionMaster"],"picked":"Slimebound:MassFeed","floor":33},{"not_picked":["Slimebound:Nibble+1","Slimebound:GoopSpray+1"],"picked":"Slimebound:HauntingLick+1","floor":36},{"not_picked":["Slimebound:SlimeSpikes+1","Slimebound:FinishingTackle"],"picked":"Slimebound:SamplingLick+1","floor":37},{"not_picked":["Slimebound:GoopTackle+1","Slimebound:ItLooksTasty+1"],"picked":"Slimebound:RainOfGoop","floor":38},{"not_picked":["Slimebound:LeechingTouch","Slimebound:SplitMire"],"picked":"Slimebound:Prepare","floor":43},{"not_picked":["Slimebound:FinishingTackle","Slimebound:Grow","Slimebound:SplitBruiser+1"],"picked":"SKIP","floor":45},{"not_picked":["Slimebound:RollThrough+1","Slimebound:Grow+1","Slimebound:SlimeBarrage"],"picked":"SKIP","floor":46},{"not_picked":["Slimebound:Schlurp+1","Slimebound:SplitMire+1"],"picked":"Slimebound:RainOfGoop+1","floor":48},{"not_picked":["Slimebound:ItLooksTasty+1","Slimebound:LeechingTouch+1"],"picked":"Slimebound:MegaLick+1","floor":49}],"player_experience":410255,"relics_obtained":[{"floor":7,"key":"infinitespire:Eraser"},{"floor":21,"key":"downfall:GremlinSack"},{"floor":24,"key":"Smiling Mask"},{"floor":25,"key":"Blood Vial"},{"floor":38,"key":"Lizard Tail"},{"floor":41,"key":"Ancient Tea Set"}],"event_choices":[{"damage_healed":0,"gold_gain":0,"player_choice":"Ignored","damage_taken":0,"max_hp_gain":0,"max_hp_loss":0,"event_name":"betterNote:BetterNote","floor":26,"gold_loss":0,"cards_obtained":["thethorton:CreditCard"]},{"damage_healed":0,"gold_gain":0,"player_choice":"Fight","damage_taken":0,"max_hp_gain":0,"max_hp_loss":0,"event_name":"Mysterious Sphere","floor":38,"gold_loss":0},{"cards_removed":["Slimebound:SpikyOuterGoop"],"damage_healed":0,"gold_gain":0,"player_choice":"Removed Power","damage_taken":0,"max_hp_gain":0,"max_hp_loss":0,"event_name":"Falling","floor":39,"gold_loss":0}],"is_beta":false,"boss_relics":[{"not_picked":["Replay:Bronze Core","hubris:CrackedHourglass"],"picked":"thethorton:CrushedCigarette"},{"not_picked":["Philosopher\u0027s Stone","hubris:BlackHole"],"picked":"Runic Pyramid"}],"items_purged_floors":[8,45],"is_endless":false,"potions_floor_spawned":[9,13,14,15,19,21,32,36,37,46,49],"ascension_level":0}}