{"host":"ige0qftuunv5zgmq","time":1614118737,"event":{"mods":["2.2 Compatiblity","AchievementEnabler","BaseMod","BetterRewards","Colored Map","Colored Powertips","Hermit","Highlight Path","Minty Spire (QoL Compilation)","Rare Cards Sparkle","Shop Mod","StSLib","The Cursed","The Disciple"],"gold_per_floor":[111,32,7,7,7,7,23,36,81,100,100,114,114,127,127,230,230,245,11,27,45,45,45],"floor_reached":22,"language":"ENG","playtime":1329,"items_purged":[],"score":178,"play_id":"f3eea6d2-5c3a-47d9-a3a7-e64a14a127c7","local_time":"20210223171857","is_ascension_mode":false,"campfire_choices":[{"floor":6,"key":"REST"},{"data":"hermit:Strike_Hermit","floor":13,"key":"SMITH"},{"floor":15,"key":"REST"}],"circlet_count":0,"master_deck":["hermit:Strike_Hermit+1","hermit:Strike_Hermit","hermit:Strike_Hermit","hermit:Strike_Hermit","hermit:Defend_Hermit","hermit:Defend_Hermit","hermit:Defend_Hermit","hermit:Snapshot+1","hermit:Covet","hermit:Dive","hermit:Headshot+1","hermit:Grudge","hermit:Ricochet","hermit:ItchyTrigger","Iron Wave","hermit:Headshot","hermit:EternalForm","hermit:HighNoon","hermit:Virtue+1","hermit:Horror","hermit:Manifest","hermit:ItchyTrigger","hermit:Headshot+1"],"relics":["hermit:Momento","Anchor","Runic Pyramid","Lee\u0027s Waffle"],"acts_visited":["Exordium","TheCity"],"potions_floor_usage":[16,16,21],"damage_taken":[{"damage":8,"enemies":"Cultist","floor":1,"turns":5},{"damage":2,"enemies":"Jaw Worm","floor":7,"turns":3},{"damage":0,"enemies":"2 Louse","floor":8,"turns":2},{"damage":1,"enemies":"Lots of Slimes","floor":10,"turns":2},{"damage":2,"enemies":"2 Fungi Beasts","floor":12,"turns":3},{"damage":22,"enemies":"Gremlin Gang","floor":14,"turns":4},{"damage":56,"enemies":"Hexaghost","floor":16,"turns":8},{"damage":29,"enemies":"2 Thieves","floor":18,"turns":5},{"damage":9,"enemies":"Chosen","floor":20,"turns":5},{"damage":79,"enemies":"Centurion and Healer","floor":21,"turns":7},{"damage":6,"enemies":"Snake Plant","floor":22,"turns":1}],"seed_played":"8895729773929562879","potions_obtained":[{"floor":8,"key":"Strength Potion"},{"floor":10,"key":"SneckoOil"},{"floor":18,"key":"Regen Potion"}],"is_trial":false,"path_per_floor":["M","$","$","?","?","R","M","M","T","M","?","M","R","M","R","B",null,"M","$","M","M","M"],"character_chosen":"HERMIT","items_purchased":["Regen Potion","hermit:Headshot","Lee\u0027s Waffle","hermit:Horror","hermit:Manifest"],"campfire_rested":2,"item_purchase_floors":[2,3,19,19,19],"current_hp_per_floor":[74,74,74,74,74,82,80,80,80,79,79,77,77,55,79,36,82,53,89,80,6,0,0],"gold":45,"neow_bonus":"TEN_PERCENT_HP_BONUS","is_daily":false,"chose_seed":false,"campfire_upgraded":1,"win_rate":0.0,"timestamp":1614118737,"path_taken":["M","?","$","?","?","R","M","M","T","?","?","M","R","M","R","BOSS","M","$","M","M","?"],"items_purchased_type":["Potion","Card","Relic","Card","Card"],"build_version":"2020-12-22","purchased_purges":0,"victory":false,"max_hp_per_floor":[82,82,82,82,82,82,82,82,82,82,82,82,82,82,82,82,82,82,89,89,89,89,89],"card_choices":[{"not_picked":["hermit:Gestalt","hermit:LuckOfTheDraw"],"picked":"hermit:Dive","floor":1},{"not_picked":["hermit:LoneWolf","hermit:HighCaliber"],"picked":"hermit:Grudge","floor":7},{"not_picked":["hermit:FlashPowder","hermit:Misfire"],"picked":"hermit:Ricochet","floor":8},{"not_picked":["hermit:HighCaliber","hermit:HoleUp"],"picked":"hermit:ItchyTrigger","floor":10},{"not_picked":["hermit:Misfire","hermit:HoleUp"],"picked":"hermit:Headshot","floor":12},{"not_picked":["hermit:Vantage","hermit:Dive"],"picked":"hermit:EternalForm","floor":14},{"not_picked":["hermit:OverwhelmingPower","hermit:Adapt"],"picked":"hermit:HighNoon","floor":16},{"not_picked":["hermit:Dive+1","hermit:CalledShot"],"picked":"hermit:Virtue+1","floor":18},{"not_picked":["hermit:Vantage","hermit:Coalescence"],"picked":"hermit:ItchyTrigger","floor":20},{"not_picked":["hermit:RoundhouseKick","hermit:Coalescence"],"picked":"hermit:Headshot+1","floor":21}],"player_experience":32566,"relics_obtained":[{"floor":9,"key":"Anchor"}],"event_choices":[{"damage_healed":0,"gold_gain":0,"player_choice":"Grow","damage_taken":0,"max_hp_gain":0,"max_hp_loss":0,"event_name":"Living Wall","floor":4,"gold_loss":0,"cards_upgraded":["hermit:Snapshot"]},{"damage_healed":0,"gold_gain":0,"player_choice":"Forge","damage_taken":0,"max_hp_gain":0,"max_hp_loss":0,"event_name":"Accursed Blacksmith","floor":5,"gold_loss":0,"cards_upgraded":["hermit:Headshot"]},{"cards_removed":["hermit:Defend_Hermit"],"damage_healed":0,"gold_gain":0,"player_choice":"Took Card","damage_taken":0,"max_hp_gain":0,"max_hp_loss":0,"event_name":"NoteForYourself","floor":11,"gold_loss":0,"cards_obtained":["Iron Wave"]}],"is_beta":false,"boss_relics":[{"not_picked":["Tiny House","Coffee Dripper"],"picked":"Runic Pyramid"}],"items_purged_floors":[],"is_endless":false,"potions_floor_spawned":[8,10,18],"killed_by":"Snake Plant","ascension_level":0}}