{"host":"v0xbo920qxoewo3e","time":1614088606,"event":{"mods":["Act Like it!","Aspiration","Astrologer","BaseMod","Conspire","Downfall","Friendly Minions","GifTheSpireLib","Halation","Hermit","Hubris","Infinite Spire","Jedi Mod","Jorbs\u0027s Wanderer Trilogy","Koishi","Marisa????????","Minty Spire (QoL Compilation)","Potionbrewer","Rare Cards Sparkle","Reimu??????","Remilia??????","Replay The Spire","StSLib","Stuff the Spire","The Animator","The Blackbeard","The Bladedancer","The Bug Knight","The Construct","The Cursed","The Disciple","The Gatherer","The Jungle","The Problem Sleuth","The Runesmith","The Servant 0.9.4","TheBandit","Unceasing Turn Reminder"],"gold_per_floor":[109,30,47,59,77,77,87,107,158,169,169,185,185,217,217,314,314,330,380,395,395,395],"floor_reached":21,"language":"ENG","playtime":1402,"items_purged":[],"score":213,"play_id":"0865823b-824b-41d6-9a52-ae5c83485813","local_time":"20210223155646","is_ascension_mode":true,"campfire_choices":[{"data":"hermit:Brawl","floor":6,"key":"SMITH"},{"data":"hermit:Maintenance","floor":11,"key":"SMITH"},{"floor":13,"key":"REST"},{"data":"hermit:WideOpen","floor":15,"key":"SMITH"}],"circlet_count":0,"master_deck":["hermit:Strike_Hermit","hermit:Strike_Hermit","hermit:Strike_Hermit","hermit:Strike_Hermit","hermit:Defend_Hermit","hermit:Defend_Hermit","hermit:Defend_Hermit","hermit:Defend_Hermit","hermit:Snapshot","hermit:Covet","Forethought","hermit:WideOpen+1","hermit:Brawl+1","hermit:Headshot","hermit:Quickdraw","hermit:TrackingShot","hermit:Deadeye","hermit:Maintenance+1","hermit:Snipe","hermit:Roughhouse","hermit:TakeCover+1","hermit:Maintenance"],"relics":["hermit:Momento","jedi:arcanewood","RuthlessExorcism:ReiMu","hubris:TerracottaHorce"],"acts_visited":["Exordium","TheCity"],"potions_floor_usage":[7,14,14,20],"damage_taken":[{"damage":1,"enemies":"Cultist","floor":1,"turns":4},{"damage":3,"enemies":"Jaw Worm","floor":3,"turns":4},{"damage":7,"enemies":"2 Louse","floor":4,"turns":4},{"damage":5,"enemies":"Exordium Wildlife","floor":5,"turns":4},{"damage":8,"enemies":"Looter","floor":7,"turns":2},{"damage":0,"enemies":"3 Louse","floor":8,"turns":2},{"damage":8,"enemies":"Blue Slaver","floor":10,"turns":3},{"damage":18,"enemies":"Exordium Thugs","floor":12,"turns":4},{"damage":17,"enemies":"Gremlin Nob","floor":14,"turns":4},{"damage":28,"enemies":"Hexaghost","floor":16,"turns":9},{"damage":20,"enemies":"Spheric Guardian","floor":18,"turns":4},{"damage":9,"enemies":"Shell Parasite","floor":20,"turns":4},{"damage":28,"enemies":"Snecko","floor":21,"turns":4}],"seed_played":"-6378140196325287843","potions_obtained":[{"floor":3,"key":"infinitespire:BlackPotion"},{"floor":4,"key":"Block Potion"},{"floor":12,"key":"Swift Potion"},{"floor":16,"key":"Energy Potion"},{"floor":18,"key":"hexamod:SoulburnPotion"}],"is_trial":false,"path_per_floor":["M","$","M","M","M","R","M","M","T","M","R","M","R","E","R","B",null,"M","?","M","M"],"character_chosen":"HERMIT","items_purchased":["hermit:Brawl"],"campfire_rested":1,"item_purchase_floors":[2],"current_hp_per_floor":[74,74,71,64,59,59,51,51,51,43,43,25,47,30,30,2,57,37,37,28,0,0],"gold":395,"neow_bonus":"RANDOM_COLORLESS","is_daily":false,"chose_seed":false,"campfire_upgraded":3,"win_rate":0.0,"timestamp":1614088606,"path_taken":["M","?","?","M","M","R","M","M","T","M","R","M","R","E","R","BOSS","M","?","M","M"],"items_purchased_type":["Card"],"build_version":"2020-12-22","purchased_purges":0,"victory":false,"max_hp_per_floor":[75,75,75,75,75,75,75,75,75,75,75,75,75,75,75,75,75,75,75,75,75,75],"card_choices":[{"not_picked":["ReplayTheSpireMod:Trickstab","Survey Options"],"picked":"Forethought","floor":0},{"not_picked":["hermit:TrackingShot","hermit:Desperado"],"picked":"hermit:WideOpen","floor":1},{"not_picked":["hermit:Grudge","hermit:Misfire"],"picked":"hermit:Headshot","floor":3},{"not_picked":["hermit:TakeCover","hermit:LoneWolf"],"picked":"hermit:Quickdraw","floor":4},{"not_picked":["hermit:Gestalt","hermit:Coalescence"],"picked":"hermit:TrackingShot","floor":5},{"not_picked":["hermit:SprayPray","hermit:Coalescence"],"picked":"hermit:Deadeye","floor":7},{"not_picked":["hermit:BodyArmor","hermit:Cheat"],"picked":"hermit:Maintenance","floor":8},{"not_picked":["hermit:CalledShot","hermit:FullyLoaded"],"picked":"hermit:Snipe","floor":10},{"not_picked":["hermit:Midnight","hermit:Ricochet","hermit:Grudge"],"picked":"SKIP","floor":12},{"not_picked":["hermit:PistolWhip","hermit:Combo","hermit:TakeCover"],"picked":"SKIP","floor":14},{"not_picked":["hermit:Magnum","hermit:HeroicBravado"],"picked":"hermit:Roughhouse","floor":16},{"not_picked":["hermit:Horror","hermit:FlashPowder"],"picked":"hermit:TakeCover+1","floor":18},{"not_picked":["hermit:CalledShot","hermit:Feint+1"],"picked":"hermit:Maintenance","floor":20}],"player_experience":1540773,"relics_obtained":[{"floor":9,"key":"jedi:arcanewood"},{"floor":14,"key":"RuthlessExorcism:ReiMu"}],"event_choices":[{"damage_healed":0,"gold_gain":100,"player_choice":"Bet on Murderer","damage_taken":0,"max_hp_gain":0,"max_hp_loss":0,"event_name":"The Joust","floor":19,"gold_loss":50}],"is_beta":false,"boss_relics":[{"not_picked":["Philosopher\u0027s Stone","jedi:hotpepper"],"picked":"hubris:TerracottaHorce"}],"items_purged_floors":[],"is_endless":false,"potions_floor_spawned":[3,4,12,16,18],"killed_by":"Snecko","ascension_level":3}}