{"host":"dj20jyxj5yo6mk8a","time":1614105290,"event":{"mods":["AchievementEnabler","BaseMod","BetterRewards","Card Forge","Minty Spire (QoL Compilation)","StSLib"],"gold_per_floor":[114,60,60,60,71,98,98,129,184,215,64,93,268,300,300,395,395,409,99,99,113,113,147,164,196,196,206,206,233,233,186,186,282,282,300,313,147,195,195,195,195,230,303,331,331,348,92,105,105,105,105,105,32,59,59,59],"floor_reached":55,"language":"ENG","playtime":2992,"items_purged":[],"score":1013,"play_id":"48b982da-f756-46d2-80de-adff6e413df3","local_time":"20210223153450","is_ascension_mode":true,"campfire_choices":[{"floor":7,"key":"RECALL"},{"floor":15,"key":"REST"},{"floor":30,"key":"REST"},{"floor":32,"key":"REST"},{"data":"Sadistic Nature","floor":49,"key":"SMITH"}],"circlet_count":0,"master_deck":["Consecrate+1","White Noise+1","DeusExMachina+1","EmptyBody+1","Halt+1","JustLucky+1","MentalFortress+1","Prostrate+1","Weave+1","Wallop+1","WreathOfFlame+1","Bandage Up+1","Blind+1","Dark Shackles+1","Discovery+1","Dramatic Entrance+1","Flash of Steel+1","Good Instincts+1","Jack Of All Trades+1","Magnetism+1","RitualDagger+1","Sadistic Nature+1","Swift Strike+1","Trip+1","Consecrate+1","Halt+1","LikeWater+1","MentalFortress+1","Prostrate+1","Weave+1","Bandage Up+1","Blind+1","Dark Shackles+1","Discovery+1","Dramatic Entrance+1","Good Instincts+1","Magnetism+1","Jack Of All Trades+1","Sadistic Nature+1","Trip+1","Swift Strike+1","PathToVictory+1","ClearTheMind+1","Sanctity+1","SignatureMove+1","Pray+1","Evaluate+1","DeusExMachina+1","InnerPeace+1","Discovery+1","Nirvana+1","Prostrate+1","Halt+1","DeusExMachina+1","Trip+1","Prostrate+1","Weave+1","Mind Blast+1","Consecrate+1","CutThroughFate+1","Sadistic Nature+1","Bandage Up+1","TalkToTheHand+1","ForeignInfluence+1"],"relics":["Hammer of Thor","Seething Fire","Anvil of the Gods","VioletLotus","Letter Opener","Boot","Nunchaku","Strange Spoon","Bottled Lightning","Mercury Hourglass","SlaversCollar","Membership Card","Eternal Feather","Shuriken","Art of War","Pantograph","Red Mask","Coffee Dripper","Ornamental Fan","Turnip","Vajra","Bottled Tornado","Toxic Egg 2","Pear","OrangePellets","Bottled Flame"],"acts_visited":["Exordium","TheCity","TheBeyond","TheEnding"],"potions_floor_usage":[],"damage_taken":[{"damage":0,"enemies":"Cultist","floor":1,"turns":4},{"damage":5,"enemies":"Small Slimes","floor":4,"turns":3},{"damage":0,"enemies":"Jaw Worm","floor":5,"turns":2},{"damage":14,"enemies":"Lagavulin","floor":6,"turns":5},{"damage":22,"enemies":"Gremlin Nob","floor":8,"turns":4},{"damage":0,"enemies":"Lagavulin","floor":10,"turns":4},{"damage":16,"enemies":"Gremlin Nob","floor":12,"turns":3},{"damage":17,"enemies":"Lagavulin","floor":14,"turns":5},{"damage":14,"enemies":"The Guardian","floor":16,"turns":5},{"damage":0,"enemies":"Spheric Guardian","floor":18,"turns":3},{"damage":0,"enemies":"3 Byrds","floor":21,"turns":1},{"damage":23,"enemies":"Book of Stabbing","floor":23,"turns":4},{"damage":21,"enemies":"Snake Plant","floor":24,"turns":3},{"damage":0,"enemies":"Gremlin Leader","floor":25,"turns":4},{"damage":7,"enemies":"Snecko","floor":27,"turns":5},{"damage":6,"enemies":"Masked Bandits","floor":29,"turns":2},{"damage":48,"enemies":"Champ","floor":33,"turns":10},{"damage":0,"enemies":"Orb Walker","floor":35,"turns":2},{"damage":0,"enemies":"3 Darklings","floor":36,"turns":1},{"damage":12,"enemies":"2 Orb Walkers","floor":38,"turns":4},{"damage":12,"enemies":"Nemesis","floor":42,"turns":5},{"damage":44,"enemies":"Giant Head","floor":44,"turns":8},{"damage":8,"enemies":"Spire Growth","floor":46,"turns":3},{"damage":18,"enemies":"Maw","floor":48,"turns":6},{"damage":73,"enemies":"Donu and Deca","floor":50,"turns":7},{"damage":55,"enemies":"Shield and Spear","floor":54,"turns":6},{"damage":55,"enemies":"The Heart","floor":55,"turns":3}],"seed_played":"-1448768652899883634","potions_obtained":[{"floor":46,"key":"Explosive Potion"}],"is_trial":false,"path_per_floor":["M","$","?","M","M","E","R","E","T","E","$","E","?","E","R","B",null,"M","$","?","M","?","E","M","E","T","M","?","?","R","$","R","B",null,"M","M","$","?","?","R","?","E","T","E","R","M","$","M","R","B",null,"R","$","E","B"],"character_chosen":"WATCHER","items_purchased":["ClearTheMind","Strange Spoon","Membership Card","Discovery","Eternal Feather","Trip","Ornamental Fan","Mind Blast","Pear","Sadistic Nature","Bandage Up+1","OrangePellets"],"campfire_rested":3,"item_purchase_floors":[2,11,19,19,19,31,37,37,47,47,47,53],"current_hp_per_floor":[72,72,72,67,67,64,64,54,54,54,54,38,38,33,54,46,72,72,72,72,72,72,49,40,46,46,45,45,45,72,72,72,42,72,72,72,72,60,60,68,68,62,62,29,62,60,70,64,78,11,78,78,78,23,0,0],"gold":59,"neow_bonus":"BOSS_RELIC","is_daily":false,"chose_seed":false,"campfire_upgraded":1,"win_rate":0.0,"timestamp":1614105290,"path_taken":["M","?","?","M","?","E","R","E","T","E","$","E","?","E","R","BOSS","M","$","?","M","?","E","M","E","T","M","?","?","R","$","R","BOSS","M","M","$","?","?","R","?","E","T","E","R","M","$","M","R","BOSS","R","$","E","BOSS"],"items_purchased_type":["Card","Relic","Relic","Card","Relic","Card","Relic","Card","Relic","Card","Card","Relic"],"build_version":"2020-12-22","purchased_purges":0,"victory":false,"max_hp_per_floor":[72,72,72,72,72,72,72,72,72,72,72,72,72,72,72,72,72,72,72,72,72,72,72,72,72,72,72,72,72,72,72,72,72,72,72,72,72,72,68,68,68,68,68,68,68,68,78,78,78,78,78,78,78,78,78,78],"card_choices":[{"not_picked":["CarveReality","Collect"],"picked":"PathToVictory","floor":1},{"not_picked":["WindmillStrike","ClearTheMind","BattleHymn"],"picked":"SKIP","floor":4},{"not_picked":["ThirdEye","CrushJoints"],"picked":"Sanctity","floor":5},{"not_picked":["ThirdEye","EmptyFist"],"picked":"SignatureMove","floor":6},{"not_picked":["Crescendo","Vengeance","EmptyFist"],"picked":"SKIP","floor":8},{"not_picked":["EmptyBody","DevaForm"],"picked":"Pray","floor":10},{"not_picked":["Collect","Scrawl","Crescendo"],"picked":"SKIP","floor":12},{"not_picked":["Crescendo","FlyingSleeves"],"picked":"Evaluate","floor":14},{"not_picked":["Ragnarok","Vault"],"picked":"DeusExMachina","floor":16},{"not_picked":["FlurryOfBlows+1","FearNoEvil"],"picked":"InnerPeace+1","floor":18},{"not_picked":["LikeWater+1","JustLucky","FlyingSleeves"],"picked":"SKIP","floor":21},{"not_picked":["Wallop","PathToVictory"],"picked":"Nirvana","floor":23},{"not_picked":["Evaluate+1","FollowUp"],"picked":"Prostrate","floor":24},{"not_picked":["Evaluate","Crescendo+1","CrushJoints"],"picked":"SKIP","floor":25},{"not_picked":["EmptyBody+1","JustLucky"],"picked":"Halt+1","floor":27},{"not_picked":["FlyingSleeves","Evaluate"],"picked":"DeusExMachina","floor":29},{"not_picked":["SashWhip","JustLucky"],"picked":"Prostrate+1","floor":35},{"not_picked":["Wallop","Halt"],"picked":"Weave+1","floor":36},{"not_picked":["Halt+1","ClearTheMind"],"picked":"ThirdEye","floor":38},{"not_picked":["ClearTheMind+1","ReachHeaven"],"picked":"Consecrate","floor":42},{"not_picked":["PathToVictory+1","Ragnarok","Sanctity+1"],"picked":"SKIP","floor":44},{"not_picked":["Indignation+1","Wallop"],"picked":"CutThroughFate+1","floor":46},{"not_picked":["Evaluate+1","FearNoEvil+1"],"picked":"TalkToTheHand+1","floor":48},{"not_picked":["CrushJoints","Study+1"],"picked":"ForeignInfluence+1","floor":54}],"player_experience":96180,"relics_obtained":[{"floor":6,"key":"Letter Opener"},{"floor":8,"key":"Boot"},{"floor":10,"key":"Nunchaku"},{"floor":12,"key":"Bottled Lightning"},{"floor":14,"key":"Mercury Hourglass"},{"floor":23,"key":"Shuriken"},{"floor":25,"key":"Art of War"},{"floor":26,"key":"Pantograph"},{"floor":29,"key":"Red Mask"},{"floor":38,"key":"Turnip"},{"floor":42,"key":"Vajra"},{"floor":43,"key":"Bottled Tornado"},{"floor":44,"key":"Toxic Egg 2"},{"floor":54,"key":"Bottled Flame"}],"event_choices":[{"damage_healed":0,"gold_gain":0,"player_choice":"Ignored","damage_taken":0,"max_hp_gain":0,"max_hp_loss":0,"event_name":"Transmorgrifier","floor":3,"gold_loss":0},{"damage_healed":0,"gold_gain":175,"player_choice":"AGREE","damage_taken":0,"max_hp_gain":0,"max_hp_loss":0,"event_name":"Liars Game","floor":13,"gold_loss":0,"cards_obtained":["Doubt"]},{"damage_healed":0,"gold_gain":0,"player_choice":"Ignored","damage_taken":0,"max_hp_gain":0,"max_hp_loss":0,"event_name":"Vampires","floor":20,"gold_loss":0},{"damage_healed":0,"gold_gain":0,"player_choice":"Ignored","damage_taken":0,"max_hp_gain":0,"max_hp_loss":0,"event_name":"Beggar","floor":22,"gold_loss":0},{"damage_healed":0,"gold_gain":0,"player_choice":"Ignored","damage_taken":0,"max_hp_gain":0,"max_hp_loss":0,"event_name":"Ghosts","floor":28,"gold_loss":0},{"damage_healed":0,"gold_gain":0,"player_choice":"Fought Bandits","damage_taken":0,"max_hp_gain":0,"max_hp_loss":0,"event_name":"Masked Bandits","floor":29,"gold_loss":0},{"damage_healed":0,"gold_gain":0,"player_choice":"Fight","damage_taken":0,"max_hp_gain":0,"max_hp_loss":0,"event_name":"Mysterious Sphere","floor":38,"gold_loss":0},{"damage_healed":0,"gold_gain":0,"player_choice":"Max HP","damage_taken":0,"max_hp_gain":0,"max_hp_loss":4,"event_name":"Winding Halls","floor":39,"gold_loss":0},{"cards_removed":["ThirdEye"],"damage_healed":5,"gold_gain":0,"player_choice":"Offered Common","damage_taken":0,"max_hp_gain":0,"max_hp_loss":0,"event_name":"Bonfire Elementals","floor":41,"gold_loss":0},{"cards_removed":["ThirdEye"],"damage_healed":5,"gold_gain":0,"player_choice":"Offered Special","damage_taken":0,"max_hp_gain":0,"max_hp_loss":0,"event_name":"Bonfire Elementals","floor":41,"gold_loss":0}],"is_beta":false,"boss_relics":[{"not_picked":["Tiny House","Ectoplasm"],"picked":"SlaversCollar"},{"not_picked":["Philosopher\u0027s Stone","Runic Dome"],"picked":"Coffee Dripper"}],"items_purged_floors":[],"is_endless":false,"potions_floor_spawned":[1,14,23,24,25,29,38,44,46],"killed_by":"The Heart","ascension_level":1}}