{"host":"5pruifpvrxoc6ior","time":1614050715,"event":{"mods":["AchievementEnabler","Aspiration","BaseMod","Colored Map","Colored Powertips","Downfall","Googly Eyes","Hermit","Hubris","Jorbs\u0027s Wanderer Trilogy","Marisa????????","Minty Spire (QoL Compilation)","Quick Restart","Remilia??????","Replay The Spire","StSLib","SuperFastMode","The Bug Knight","The Cursed","The Disciple","The Hierophant","The Jungle","The Necromancer","The Servant 0.9.4"],"gold_per_floor":[114,46,59,76,84,84,119,119,119,119,147,147,147,181,181,173,173],"floor_reached":16,"language":"ENG","playtime":550,"items_purged":[],"score":127,"play_id":"a7e6fd61-0721-485f-a1b3-b2df560d9ce9","local_time":"20210222222515","is_ascension_mode":false,"campfire_choices":[{"data":"hierophant:Doubloon","floor":6,"key":"SMITH"},{"data":"hierophant:Doubloon","floor":8,"key":"SMITH"},{"data":"hierophant:Community","floor":15,"key":"SMITH"}],"circlet_count":0,"master_deck":["hierophant:Strike_Hierophant","hierophant:Strike_Hierophant","hierophant:Strike_Hierophant","hierophant:Strike_Hierophant","hierophant:Punish","hierophant:Defend_Hierophant","hierophant:Defend_Hierophant","hierophant:Defend_Hierophant","hierophant:Defend_Hierophant+1","hierophant:ChurchCoffers","hierophant:MorningPrayer","hierophant:Smite","hierophant:RustyCrate","hierophant:Doubloon+1","hierophant:Doubloon","hierophant:Doubloon+1","hierophant:Remorse+1","Injury","hierophant:Doubloon","hierophant:Charity","Parasite","hierophant:Community+1"],"relics":["hierophant:PropheticMaskRelic","NeowsBlessing","ReplayTheSpireMod:Lightbulb","aspiration:ChemicalBlood","Golden Idol","hubris:DisguiseKit","Eternal Feather"],"acts_visited":["Exordium"],"potions_floor_usage":[11,14,16,16],"damage_taken":[{"damage":0,"enemies":"2 Louse","floor":1,"turns":2},{"damage":0,"enemies":"Cultist","floor":3,"turns":1},{"damage":0,"enemies":"Small Slimes","floor":4,"turns":1},{"damage":0,"enemies":"2 Fungi Beasts","floor":5,"turns":2},{"damage":1,"enemies":"Lots of Slimes","floor":7,"turns":3},{"damage":8,"enemies":"Exordium Thugs","floor":11,"turns":4},{"damage":19,"enemies":"Gremlin Nob","floor":14,"turns":5},{"damage":46,"enemies":"Hexaghost","floor":16,"turns":9}],"seed_played":"1068925956723832453","potions_obtained":[{"floor":4,"key":"SkillPotion"},{"floor":7,"key":"DuplicationPotion"},{"floor":14,"key":"DistilledChaos"}],"is_trial":false,"path_per_floor":["M","?","M","M","M","R","M","R","T","?","M","?","?","E","R","B"],"character_chosen":"HIEROPHANT","items_purchased":[],"campfire_rested":0,"item_purchase_floors":[],"current_hp_per_floor":[75,75,75,75,75,75,74,74,74,74,66,51,51,32,44,0,0],"gold":173,"neow_bonus":"THREE_ENEMY_KILL","is_daily":false,"chose_seed":false,"campfire_upgraded":3,"win_rate":0.0,"timestamp":1614050715,"path_taken":["M","?","?","M","M","R","M","R","T","?","M","?","?","E","R","BOSS"],"items_purchased_type":[],"build_version":"2020-12-22","purchased_purges":0,"victory":false,"max_hp_per_floor":[75,75,75,75,75,75,75,75,75,75,75,75,75,75,75,75,75],"card_choices":[{"not_picked":["hierophant:AuricBeam","hierophant:Shelter","hierophant:RecallFunds"],"picked":"SKIP","floor":1},{"not_picked":["hierophant:OrnateBuckler","hierophant:SealAway"],"picked":"hierophant:MorningPrayer","floor":3},{"not_picked":["hierophant:Upheaval","hierophant:Remorse"],"picked":"hierophant:Smite","floor":4},{"not_picked":["hierophant:Doubloon","hierophant:Alms"],"picked":"hierophant:RustyCrate","floor":5},{"not_picked":["hierophant:SecretStash","hierophant:HammerAndAnvil"],"picked":"hierophant:Remorse","floor":7},{"not_picked":["hierophant:HammerAndAnvil","hierophant:Anathema"],"picked":"hierophant:Charity","floor":11},{"not_picked":["hierophant:Remorse","hierophant:HolyVerse","Bone_Spikes"],"picked":"hierophant:Community","floor":14}],"player_experience":46395,"relics_obtained":[{"floor":9,"key":"aspiration:ChemicalBlood"},{"floor":14,"key":"Eternal Feather"}],"event_choices":[{"damage_healed":0,"gold_gain":0,"player_choice":"Paid Gold","damage_taken":0,"relics_obtained":["ReplayTheSpireMod:Lightbulb"],"max_hp_gain":0,"max_hp_loss":0,"event_name":"WeMeetAgain","floor":2,"gold_loss":68},{"damage_healed":0,"gold_gain":0,"player_choice":"Take Wound","damage_taken":0,"relics_obtained":["Golden Idol"],"max_hp_gain":0,"max_hp_loss":0,"event_name":"Golden Idol","floor":10,"gold_loss":0,"cards_obtained":["Injury"]},{"damage_healed":0,"gold_gain":0,"player_choice":"Entered Light","damage_taken":15,"max_hp_gain":0,"max_hp_loss":0,"event_name":"Shining Light","floor":12,"gold_loss":0,"cards_upgraded":["hierophant:Defend_Hierophant","hierophant:Remorse"]}],"is_beta":false,"boss_relics":[],"items_purged_floors":[],"is_endless":false,"potions_floor_spawned":[4,7,14],"killed_by":"Hexaghost","ascension_level":0}}