{"host":"t5kis9necmbui802","time":1614069502,"event":{"mods":["100% Spire Juice","Act Like it!","BaseMod","CapriCore","Chen","Colored Powertips","Downfall","Gensokyo","HololiveMod","Koishi","KomeijiMod","Lobotomy","LobotomyExtend","Minty Spire (QoL Compilation)","MostiFishMod","Replay The Spire","Robot Space Explorer","Shop Mod","Spicy Shops","StSLib","The Alterego","The Immortal","TheWitcher","Uncapped","Yuri Mod","noobMod"],"gold_per_floor":[115,115,132,64,77,112,112,112,112,144,39,50,31,41,41,446,86,105,105,9,109,122,122,155,174,228,60,60,78,111,111,111,71,71,170,170,188,237,0,0,13,13,24,56,80,10,24,39,69,82,82,82,82],"floor_reached":54,"language":"ZHS","playtime":2497,"items_purged":["downfall:Bewildered"],"score":897,"play_id":"ed06d643-d94b-4ba2-9f01-c79d81169507","local_time":"20210223163822","is_ascension_mode":false,"campfire_choices":[{"data":"Moonworks:DevilHand","floor":7.0,"key":"SMITH"},{"data":"Moonworks:MeltingMemories","floor":23,"key":"SMITH"},{"data":"Moonworks:AnotherUltimateWeapon","floor":34,"key":"SMITH"},{"data":"Moonworks:CloudOfSeagulls","floor":42,"key":"SMITH"},{"data":"Moonworks:AccelHyper","floor":51,"key":"SMITH"}],"circlet_count":0,"master_deck":["Moonworks:Strike","Moonworks:Defend","Moonworks:Defend","Moonworks:Defend","Moonworks:Ambush+1","Moonworks:LongDistanceShot","Moonworks:SinkOrSwim","Moonworks:NicePresent","Moonworks:IndiscriminateFireSupport","Moonworks:SakisCookie","Moonworks:DevilHand+1","Moonworks:CloudOfSeagulls+1","Moonworks:SinkOrSwim","Moonworks:BackdoorTrade","Moonworks:JonathanRush","Moonworks:JonathanRush+1","Moonworks:MeltingMemories+1","Moonworks:ScrambledEve","ReplayTheSpireMod:Faulty Equipment","Moonworks:RagingMadness","Moonworks:WindyEnchantment+1","Moonworks:x16BigRocket+1","Moonworks:MixPhenomenon+1","Moonworks:BigMagnum","Moonworks:AnotherUltimateWeapon+1","Moonworks:ExtendedPhotonRifle","Moonworks:CrystalBarrier","Moonworks:CloudOfSeagulls+1","Moonworks:CloudOfSeagulls+1","MostiFishMod:OneDayCity","Panache","Jack Of All Trades","Moonworks:DeployBits+1","Moonworks:Dash+1","Moonworks:ReproductionOfRecords+1","MostiFishMod:OneDayCity","Moonworks:SakisCookie+1","Moonworks:AccelHyper+1","Moonworks:StarBlastingFuse+1","Moonworks:SweetBattle+1"],"relics":["Moonworks:SBBomb","Moonworks:Homemark","DaveBox","ice","HaiYi:Twilight","SynthV:TestCard","LetterFromLob","Chameleon Ring","Boot","Meat on the Bone","ExusiaiGun","sneckomod:BabySnecko","ReplayTheSpireMod:CursedCoin","MerchantsRug","DianDianMeat","Replay:Baseball","ArrowTower","Mercury Hourglass","SentryEyes","Red Mask","Vajra","DollysMirror","Golden Egg"],"acts_visited":["Gensokyo:Gensokyo","TheCity","TheBeyond"],"potions_floor_usage":[16,52],"damage_taken":[{"damage":0.0,"enemies":"Gensokyo:2_Kodama","floor":1.0,"turns":5.0},{"damage":16.0,"enemies":"Gensokyo:Gryphon","floor":3.0,"turns":4.0},{"damage":0.0,"enemies":"Gensokyo:3_Fairies","floor":5.0,"turns":4.0},{"damage":9.0,"enemies":"Gensokyo:Cirno","floor":6.0,"turns":6.0},{"damage":10.0,"enemies":"Gensokyo:Aya","floor":10.0,"turns":4.0},{"damage":12.0,"enemies":"Gensokyo:VengefulSpirit","floor":11.0,"turns":3.0},{"damage":14,"enemies":"Gensokyo:Gryphon_and_Rabbit","floor":12,"turns":3},{"damage":12,"enemies":"Gensokyo:CorruptedTreant","floor":14,"turns":2},{"damage":61,"enemies":"Gensokyo:Reimu","floor":16,"turns":9},{"damage":0,"enemies":"3 Byrds","floor":18,"turns":2},{"damage":2,"enemies":"Shell Parasite","floor":22,"turns":2},{"damage":0,"enemies":"Book of Stabbing","floor":24,"turns":1},{"damage":0,"enemies":"Snake Plant","floor":25,"turns":1},{"damage":0,"enemies":"Centurion and Healer","floor":29,"turns":1},{"damage":0,"enemies":"Slavers","floor":30,"turns":1},{"damage":0,"enemies":"Automaton","floor":35,"turns":2},{"damage":5,"enemies":"3 Shapes","floor":37,"turns":1},{"damage":0,"enemies":"2 Orb Walkers","floor":38,"turns":1},{"damage":0,"enemies":"Orb Walker","floor":41,"turns":1},{"damage":21,"enemies":"4 Shapes","floor":43,"turns":1},{"damage":9,"enemies":"Giant Head","floor":44,"turns":3},{"damage":5,"enemies":"3 Darklings","floor":47,"turns":1},{"damage":1,"enemies":"Maw","floor":48,"turns":3},{"damage":0,"enemies":"Nemesis","floor":49,"turns":1},{"damage":5,"enemies":"Transient","floor":50,"turns":5},{"damage":26,"enemies":"Replay:Hell Engine","floor":52,"turns":4}],"seed_played":"4900260141677349916","potions_obtained":[{"floor":1.0,"key":"Swift Potion"},{"floor":3.0,"key":"CalmPotion"},{"floor":4.0,"key":"LiquidMemories"},{"floor":5.0,"key":"Fire Potion"},{"floor":10.0,"key":"LiquidBronze"},{"floor":18,"key":"SkillPotion"},{"floor":22,"key":"Fire Potion"},{"floor":38,"key":"PowerPotion"},{"floor":47,"key":"Venom Potion"}],"is_trial":false,"path_per_floor":["M","?","M","?","M","E","R","?","T","E","M","M","COS","M","R","B",null,"M","?","$","?","M","R","E","M","T","$","?","M","E","PTL","PTL","$","R","B",null,"M","?","?","?","M","R","M","E","T","$","M","M","E","M","R","B",null,null],"character_chosen":"THE_STARBREAKER","items_purchased":["ReplayTheSpireMod:CursedCoin","MerchantsRug","DianDianMeat","Moonworks:RagingMadness","ArrowTower","Moonworks:ExtendedPhotonRifle","DollysMirror"],"campfire_rested":0,"item_purchase_floors":[20,20,20,20,27,33,46],"current_hp_per_floor":[54,47,31,14,14,68,68,42,42,34,34,32,32,32,53,57,73,73,73,74,74,74,74,84,88,88,88,88,93,99,99,99,106,106,116,117,121,131,131,157,171,171,165,195,195,212,227,245,268,305,305,290,290],"gold":82,"neow_bonus":"THREE_RARE_CARDS","is_daily":false,"chose_seed":false,"campfire_upgraded":5,"win_rate":0.0,"timestamp":1614069502,"path_taken":["M","?","M","?","M","E","R","?","T","E","M","M","COS","M","R","BOSS","M","?","?","?","?","R","E","M","T","?","?","M","E","PTL","PTL","$","R","BOSS","M","?","?","?","M","R","M","E","T","?","M","M","E","M","R","BOSS"],"items_purchased_type":["Relic","Relic","Relic","Card","Relic","Card","Relic"],"build_version":"2020-12-22","purchased_purges":1,"victory":true,"max_hp_per_floor":[54,68,68,68,68,68,68,68,68,71,72,72,72,72,72,73,73,73,73,74,74,77,77,87,91,91,91,91,96,102,102,102,109,109,117,117,126,136,136,172,186,186,208,226,226,243,261,281,301,326,326,329,329],"card_choices":[{"not_picked":["Moonworks:Accelerator","Moonworks:GoAway"],"picked":"Moonworks:SinkOrSwim","floor":0.0},{"not_picked":["Moonworks:BackdoorTrade","Moonworks:LulusLuckyEgg"],"picked":"Moonworks:NicePresent","floor":1.0},{"not_picked":["Moonworks:ImOnFire","Moonworks:UnpaidWork","Moonworks:RedAndBlue","Moonworks:CloudOfSeagulls"],"picked":"Moonworks:IndiscriminateFireSupport","floor":3.0},{"not_picked":["Moonworks:x16BigRocket","Moonworks:UnluckyCharm","Moonworks:Assault","Moonworks:SelfDestruct"],"picked":"Moonworks:SakisCookie","floor":4.0},{"not_picked":["Moonworks:DeployBits","Moonworks:LulusLuckyEgg","Moonworks:Dinner","Moonworks:AngelHand"],"picked":"Moonworks:DevilHand","floor":5.0},{"not_picked":["Moonworks:SinkOrSwim","Moonworks:DevilHand","Moonworks:StiffCrystal","Moonworks:IndiscriminateFireSupport"],"picked":"Moonworks:CloudOfSeagulls","floor":6.0},{"not_picked":["Moonworks:UnpaidWork","Moonworks:CloudOfSeagulls","Moonworks:BindingChains","Moonworks:BigMagnum"],"picked":"Moonworks:SinkOrSwim","floor":10.0},{"not_picked":["Moonworks:SakisCookie","Moonworks:Dash","Moonworks:BigMagnum","Moonworks:NicePresent"],"picked":"Moonworks:BackdoorTrade","floor":11.0},{"not_picked":["Moonworks:DeployBits","Moonworks:ImOnFire","Moonworks:CloudOfSeagulls","Moonworks:LulusLuckyEgg"],"picked":"Moonworks:JonathanRush","floor":12},{"not_picked":["Moonworks:LulusLuckyEgg","Moonworks:Assault","Moonworks:MiracleRedBeanIceCream","Moonworks:ScrambledEve"],"picked":"Moonworks:JonathanRush","floor":14},{"not_picked":["Moonworks:OutOfAmmo","Moonworks:WeAreWaruda","Moonworks:CrystalBarrier","Moonworks:StarBlastingFuse"],"picked":"Moonworks:MeltingMemories","floor":16},{"not_picked":["Moonworks:BeyondHell","Moonworks:TacticalRetreat","Moonworks:CloudOfSeagulls","Moonworks:IndiscriminateFireSupport"],"picked":"Moonworks:ScrambledEve","floor":18},{"not_picked":["Moonworks:ImOnFire","Moonworks:DeployBits","Moonworks:SakisCookie","Moonworks:LulusLuckyEgg"],"picked":"Moonworks:WindyEnchantment+1","floor":22},{"not_picked":["Moonworks:TacticalRetreat","Moonworks:ImOnFire+1","Moonworks:RagingMadness","Moonworks:ForcedRevival"],"picked":"Moonworks:x16BigRocket+1","floor":24},{"not_picked":["Moonworks:SweetBattle","Moonworks:StiffCrystal","Moonworks:ImOnFire","Moonworks:NicePresent"],"picked":"Moonworks:MixPhenomenon+1","floor":25},{"not_picked":["Moonworks:IndiscriminateFireSupport","Moonworks:EvilSpyWorkPreparation","Moonworks:ForcedRevival","Moonworks:FinalSurgery"],"picked":"Moonworks:BigMagnum","floor":29},{"not_picked":["Moonworks:ImOnFire","Moonworks:DeployBits","Moonworks:PlushieMaster","Moonworks:LulusLuckyEgg"],"picked":"Moonworks:AnotherUltimateWeapon","floor":30},{"not_picked":["Moonworks:WeAreWaruda","Moonworks:RocketCannon","Moonworks:Encore","Moonworks:StarBlastingFuse"],"picked":"Moonworks:CrystalBarrier","floor":35},{"not_picked":["Moonworks:IndiscriminateFireSupport","Moonworks:ForcedRevival+1","Moonworks:Assault","Moonworks:Poppoformation"],"picked":"Moonworks:CloudOfSeagulls+1","floor":37},{"not_picked":["Moonworks:JonathanRush+1","Moonworks:NicePresent","Moonworks:Assault","Moonworks:IndiscriminateFireSupport"],"picked":"Moonworks:CloudOfSeagulls","floor":38},{"not_picked":["ReplayTheSpireMod:Uncanny Aura","Purity","Mind Blast","Discovery"],"picked":"MostiFishMod:OneDayCity","floor":40},{"not_picked":["Panacea","Flash of Steel","Survey Options","Deep Breath"],"picked":"Panache","floor":40},{"not_picked":["Finesse","MostiFishMod:SupremeArchaeology","Madness","Replay:BasicMightCard"],"picked":"Jack Of All Trades","floor":40},{"not_picked":["Moonworks:EvilSpyWorkPreparation","Moonworks:FullSpeedAlicianrone","Moonworks:AwakeningOfTalent+1","Moonworks:ForcedRevival"],"picked":"Moonworks:DeployBits+1","floor":41},{"not_picked":["Moonworks:EvilSpyWorkPreparation+1","Moonworks:BackdoorTrade+1","Moonworks:CookingTime","Moonworks:LulusLuckyEgg+1"],"picked":"Moonworks:Dash+1","floor":43},{"not_picked":["Moonworks:FullSpeedAlicianrone","Moonworks:NicePresent","Moonworks:IndiscriminateFireSupport","Moonworks:LulusLuckyEgg"],"picked":"Moonworks:ReproductionOfRecords+1","floor":44},{"not_picked":["Moonworks:Heat300Percent+1","Moonworks:ImOnFire","Moonworks:DeployBits","Moonworks:JonathanRush+1"],"picked":"Moonworks:SakisCookie+1","floor":47},{"not_picked":["Moonworks:EvilSpyWorkPreparation","Moonworks:BigMagnum","Moonworks:NicePresent+1","Moonworks:RedAndBlue"],"picked":"Moonworks:AccelHyper","floor":48},{"not_picked":["Moonworks:Gamble","Moonworks:NicePresent+1","Moonworks:UnpaidWork","Moonworks:IndiscriminateFireSupport+1"],"picked":"Moonworks:StarBlastingFuse","floor":49},{"not_picked":["Moonworks:ImOnFire+1","Moonworks:MiracleWalker+1","Moonworks:FinalSurgery","Moonworks:NicePresent"],"picked":"Moonworks:SweetBattle+1","floor":50}],"player_experience":435700,"relics_obtained":[{"floor":1.0,"key":"SynthV:TestCard"},{"floor":1.0,"key":"LetterFromLob"},{"floor":4.0,"key":"Chameleon Ring"},{"floor":6.0,"key":"Boot"},{"floor":9.0,"key":"Whetstone"},{"floor":10.0,"key":"Meat on the Bone"},{"floor":24,"key":"Strawberry"},{"floor":26,"key":"Replay:Baseball"},{"floor":30,"key":"Mercury Hourglass"},{"floor":38,"key":"SentryEyes"},{"floor":44,"key":"Regal Pillow"},{"floor":45,"key":"Vajra"},{"floor":49,"key":"Golden Egg"}],"event_choices":[{"damage_healed":0,"gold_gain":100,"player_choice":"Pray","damage_taken":0,"max_hp_gain":0,"max_hp_loss":0,"event_name":"Golden Shrine","floor":21,"gold_loss":0},{"cards_removed":["Moonworks:Strike"],"damage_healed":0,"gold_gain":0,"player_choice":"Purged","damage_taken":0,"max_hp_gain":0,"max_hp_loss":0,"event_name":"Purifier","floor":28,"gold_loss":0},{"damage_healed":0,"gold_gain":0,"player_choice":"Fight","damage_taken":0,"max_hp_gain":0,"max_hp_loss":0,"event_name":"Mysterious Sphere","floor":38,"gold_loss":0},{"damage_healed":0,"gold_gain":0,"player_choice":"Paid","damage_taken":0,"relics_obtained":["Red Mask"],"max_hp_gain":0,"max_hp_loss":0,"event_name":"Tomb of Lord Red Mask","floor":39,"gold_loss":237},{"damage_healed":0,"gold_gain":0,"player_choice":"Memory 3","damage_taken":10,"max_hp_gain":0,"max_hp_loss":0,"event_name":"SensoryStone","floor":40,"gold_loss":0}],"is_beta":false,"boss_relics":[{"not_picked":["Replay:Drink Me","HereWithMe"],"picked":"ExusiaiGun"},{"not_picked":["ReplayTheSpireMod:DimensionalGlitch","Abe\u0027s Treasure"],"picked":"Moonworks:SBBomb"}],"items_purged_floors":[27],"is_endless":false,"potions_floor_spawned":[1,3,5,10,18,22,30,38,44,47,48],"ascension_level":0}}