{"host":"szp1d6dso4pv7ddl","time":1614045904,"event":{"mods":["AchievementEnabler","Alarm Clock","BaseMod","Bestiary","Block Reminder","Colored Map","Colored Powertips","Curses Come First","Dark Map","Displayed Cursed Tome","Highlight Path","Minty Spire (QoL Compilation)","Permanent Neow","Quick Restart","Relic Sorter","Relic Stats","StSLib","Synergy Search"],"gold_per_floor":[10,10,33,33,47,47,78,78,78,98,119,119,135,154,154,243,243,263,17,17,37,61,76,76,100,124,124,124,124,124],"floor_reached":29,"language":"ENG","playtime":1575,"items_purged":[],"score":458,"play_id":"6baa80b4-d487-4b5b-a508-b4835a8cb4c7","local_time":"20210222180504","is_ascension_mode":true,"campfire_choices":[{"data":"Havoc","floor":6.0,"key":"SMITH"},{"data":"Carnage","floor":8.0,"key":"SMITH"},{"data":"Corruption","floor":12.0,"key":"SMITH"},{"floor":15.0,"key":"REST"},{"floor":24,"key":"REST"},{"floor":27,"key":"REST"}],"circlet_count":0,"master_deck":["AscendersBane","Strike_R","Strike_R","Defend_R","Defend_R","Bash","Thunderclap","Carnage+1","Flame Barrier","Injury","Havoc+1","Headbutt","Spot Weakness","Corruption+1","Anger","Intimidate","Warcry","Barricade","Twin Strike+1","Offering+1","Limit Break+1","Dark Embrace","Shrug It Off","Seeing Red","True Grit","Disarm"],"relics":["Burning Blood","Bloody Idol","Unceasing Top","Question Card","Astrolabe","OrangePellets","Smiling Mask"],"acts_visited":["Exordium","TheCity"],"potions_floor_usage":[20,22,23,25],"damage_taken":[{"damage":0.0,"enemies":"Small Slimes","floor":1.0,"turns":2.0},{"damage":12.0,"enemies":"2 Louse","floor":3.0,"turns":3.0},{"damage":0.0,"enemies":"Cultist","floor":5.0,"turns":3.0},{"damage":29.0,"enemies":"Gremlin Nob","floor":7.0,"turns":4.0},{"damage":0.0,"enemies":"Looter","floor":10.0,"turns":1.0},{"damage":9.0,"enemies":"Exordium Wildlife","floor":11.0,"turns":4.0},{"damage":14.0,"enemies":"3 Louse","floor":13.0,"turns":3.0},{"damage":15.0,"enemies":"Large Slime","floor":14.0,"turns":4.0},{"damage":54.0,"enemies":"Hexaghost","floor":16.0,"turns":9.0},{"damage":6,"enemies":"Chosen","floor":18,"turns":3},{"damage":35,"enemies":"Shell Parasite","floor":21,"turns":4},{"damage":6,"enemies":"Snake Plant","floor":22,"turns":3},{"damage":23,"enemies":"Shelled Parasite and Fungi","floor":23,"turns":4},{"damage":33,"enemies":"Centurion and Healer","floor":25,"turns":5},{"damage":34,"enemies":"Gremlin Leader","floor":29,"turns":2}],"seed_played":"-5127323585949921602","potions_obtained":[{"floor":3.0,"key":"Explosive Potion"},{"floor":10.0,"key":"SteroidPotion"},{"floor":11.0,"key":"Swift Potion"},{"floor":20,"key":"EntropicBrew"},{"floor":20,"key":"LiquidMemories"},{"floor":23,"key":"AttackPotion"}],"is_trial":false,"path_per_floor":["M","?","M","?","M","R","E","R","T","M","M","R","M","M","R","B",null,"M","$","?","M","M","M","R","M","T","R","?","E"],"character_chosen":"IRONCLAD","items_purchased":["Dark Embrace","OrangePellets"],"campfire_rested":3,"item_purchase_floors":[19,19],"current_hp_per_floor":[74,74,68,68,74,74,51,51,51,57,54,54,46,37,59,11,59,59,59,59,30,30,13,35,8,8,30,30,0,0],"gold":124,"neow_bonus":"TRANSFORM_TWO_CARDS","is_daily":false,"chose_seed":false,"campfire_upgraded":3,"win_rate":0.0,"timestamp":1614045904,"path_taken":["M","?","M","?","M","R","E","R","T","M","M","R","M","M","R","BOSS","M","$","?","?","M","M","R","M","T","R","?","E"],"items_purchased_type":["Card","Relic"],"build_version":"2020-12-22","purchased_purges":0,"victory":false,"max_hp_per_floor":[75,75,75,75,75,75,75,75,75,75,75,75,75,75,75,75,75,75,75,75,75,75,75,75,75,75,75,75,75,75],"relic_stats":{"OrangePellets":[3],"counters":[15,54],"Bloody Idol":0,"Astrolabe":["Twin Strike","Offering","Limit Break"],"Question Card":10,"Smiling Mask":0,"obtain_stats":[{"OrangePellets":19,"Golden Idol":2,"Astrolabe":17,"Bloody Idol":28,"Question Card":9,"Smiling Mask":26,"Burning Blood":0,"Unceasing Top":7},{"OrangePellets":10,"Golden Idol":1,"Astrolabe":9,"Bloody Idol":14,"Question Card":4,"Smiling Mask":14,"Burning Blood":0,"Unceasing Top":4},{"OrangePellets":36,"Golden Idol":2,"Astrolabe":33,"Bloody Idol":52,"Question Card":12,"Smiling Mask":52,"Burning Blood":0,"Unceasing Top":12}],"Burning Blood":84,"Unceasing Top":[6]},"card_choices":[{"not_picked":["Iron Wave","Clothesline"],"picked":"Flame Barrier","floor":1.0},{"not_picked":["True Grit","Dark Embrace"],"picked":"Havoc","floor":3.0},{"not_picked":["Heavy Blade","Anger"],"picked":"Headbutt","floor":5.0},{"not_picked":["Thunderclap","Armaments"],"picked":"Spot Weakness","floor":7.0},{"not_picked":["Pommel Strike","Cleave","Sword Boomerang"],"picked":"Corruption","floor":10.0},{"not_picked":["Twin Strike","Clash","Power Through"],"picked":"Anger","floor":11.0},{"not_picked":["Clothesline","Limit Break","Dual Wield"],"picked":"Intimidate","floor":13.0},{"not_picked":["Havoc","Sever Soul","Thunderclap"],"picked":"Warcry","floor":14.0},{"not_picked":["Reaper","Limit Break","Exhume"],"picked":"Barricade","floor":16.0},{"not_picked":["Anger","Headbutt","Power Through","Thunderclap+1"],"picked":"SKIP","floor":18},{"not_picked":["Clothesline","Headbutt","Clash"],"picked":"Shrug It Off","floor":21},{"not_picked":["Battle Trance","Metallicize","Intimidate"],"picked":"Seeing Red","floor":22},{"not_picked":["Heavy Blade","Dark Embrace","Wild Strike"],"picked":"True Grit","floor":23},{"not_picked":["Blood for Blood","Offering","Dark Embrace+1"],"picked":"Disarm","floor":25}],"player_experience":1639870,"relics_obtained":[{"floor":7.0,"key":"Unceasing Top"},{"floor":9.0,"key":"Question Card"},{"floor":26,"key":"Smiling Mask"}],"event_choices":[{"damage_healed":0.0,"max_hp_gain":0.0,"max_hp_loss":0.0,"gold_gain":0.0,"event_name":"Golden Idol","player_choice":"Take Wound","floor":2.0,"gold_loss":0.0,"damage_taken":0.0,"relics_obtained":["Golden Idol"],"cards_obtained":["Injury"]},{"damage_healed":0.0,"max_hp_gain":0.0,"max_hp_loss":0.0,"gold_gain":0.0,"event_name":"Liars Game","player_choice":"Ignored","floor":4.0,"gold_loss":0.0,"damage_taken":0.0},{"damage_healed":0,"gold_gain":0,"player_choice":"Got Potions","damage_taken":0,"max_hp_gain":0,"max_hp_loss":0,"event_name":"Lab","floor":20,"gold_loss":0},{"damage_healed":0,"gold_gain":0,"player_choice":"Gave Idol","damage_taken":0,"relics_obtained":["Bloody Idol"],"max_hp_gain":0,"max_hp_loss":0,"event_name":"Forgotten Altar","floor":28,"relics_lost":["Golden Idol"],"gold_loss":0}],"is_beta":false,"boss_relics":[{"not_picked":["Philosopher\u0027s Stone","Black Star"],"picked":"Astrolabe"}],"items_purged_floors":[],"is_endless":false,"potions_floor_spawned":[3,10,11,14,21,23],"killed_by":"Gremlin Leader","ascension_level":20}}