{"host":"m1hrbr0uwda4cktq","time":1614043575,"event":{"mods":["AchievementEnabler","BaseMod","Better Match","BetterRewards","Colored Map","Highlight Path","Minty Spire (QoL Compilation)","Quick Restart","Relic Stats","Shop Mod","StSLib","SuperFastMode","The Bug Knight"],"gold_per_floor":[116,83,98,109,128,128,128],"floor_reached":6,"language":"ENG","playtime":912,"items_purged":[],"score":38,"play_id":"4e55e099-9a7b-4e6c-8ff0-d4b7d735e66f","local_time":"20210222222615","is_ascension_mode":false,"campfire_choices":[],"circlet_count":0,"master_deck":["HollowMod:NailStrikeStart","HollowMod:NailStrikeStart","HollowMod:NailStrikeStart","HollowMod:NailStrikeStart","HollowMod:QuickDashStart","HollowMod:QuickDashStart","HollowMod:QuickDashStart","HollowMod:QuickDashStart","HollowMod:FocusHealStart","HollowMod:PogoStrike","HollowMod:SoulVessel","HollowMod:DoubleDash","HollowMod:InfectedAttack","HollowMod:InfectedCysts","HollowMod:SoulEater","HollowMod:HuntersJournal","HollowMod:GoodIntentions","HollowMod:FastStrike"],"relics":["HollowMod:VesselMask","Bag of Marbles","Pantograph"],"acts_visited":["Exordium"],"potions_floor_usage":[],"damage_taken":[{"damage":3,"enemies":"Cultist","floor":1,"turns":5},{"damage":0,"enemies":"Small Slimes","floor":3,"turns":2},{"damage":12,"enemies":"2 Louse","floor":4,"turns":2},{"damage":18,"enemies":"2 Fungi Beasts","floor":5,"turns":6},{"damage":63,"enemies":"3 Sentries","floor":6,"turns":7}],"seed_played":"1073653471166131487","potions_obtained":[],"is_trial":false,"path_per_floor":["M","$","M","M","M","E"],"character_chosen":"THE_BUGKNIGHT","items_purchased":["Bag of Marbles","HollowMod:SoulVessel","Pantograph","HollowMod:DoubleDash","HollowMod:InfectedAttack","HollowMod:SoulEater"],"campfire_rested":0,"item_purchase_floors":[0,0,0,0,0,2],"current_hp_per_floor":[72,72,72,60,52,0,0],"gold":128,"neow_bonus":"","is_daily":false,"chose_seed":false,"campfire_upgraded":0,"win_rate":0.0,"timestamp":1614043575,"path_taken":["M","$","M","M","M","E"],"items_purchased_type":["Relic","Card","Relic","Card","Card","Card"],"build_version":"2020-12-22","purchased_purges":0,"victory":false,"max_hp_per_floor":[75,75,75,75,75,75,75],"relic_stats":{"counters":[5,22],"Pantograph":0,"obtain_stats":[{"Pantograph":0,"HollowMod:VesselMask":0,"Bag of Marbles":0},{"Pantograph":0,"HollowMod:VesselMask":0,"Bag of Marbles":0},{"Pantograph":0,"HollowMod:VesselMask":0,"Bag of Marbles":0}]},"card_choices":[{"not_picked":["HollowMod:HowlingWraiths","HollowMod:InfectionAssault"],"picked":"HollowMod:InfectedCysts","floor":1},{"not_picked":["HollowMod:SharpenedShadows","HollowMod:SoulEater"],"picked":"HollowMod:HuntersJournal","floor":3},{"not_picked":["HollowMod:InfectedAttack","HollowMod:ChannelNail"],"picked":"HollowMod:GoodIntentions","floor":4},{"not_picked":["HollowMod:DashSlash","HollowMod:BlackTendrils"],"picked":"HollowMod:FastStrike","floor":5}],"player_experience":198925,"relics_obtained":[],"event_choices":[],"is_beta":false,"boss_relics":[],"items_purged_floors":[],"is_endless":false,"potions_floor_spawned":[],"killed_by":"3 Sentries","ascension_level":0}}