{"host":"0mk07bycsqo1qk03","time":1614078772,"event":{"mods":["BaseMod","Downfall","Hermit","Hubris","Minty Spire (QoL Compilation)","Reliquary","Replay The Spire","Spicy Shops","StSLib","The Hierophant"],"gold_per_floor":[13,13,13,78,91,91,135,135,162,162,205,246,288,288,288,421,421,556,524,47,0,0,0,118,255,255,255,255],"floor_reached":27,"language":"ENG","playtime":1676,"items_purged":["hubris:Disease"],"score":238,"play_id":"97294547-f340-49f9-9d63-a29f382a522d","local_time":"20210223121252","is_ascension_mode":false,"campfire_choices":[{"data":"hierophant:ChurchCoffers","floor":6.0,"key":"SMITH"},{"data":"hierophant:MorningPrayer","floor":15.0,"key":"SMITH"},{"data":"hierophant:Kindle","floor":23.0,"key":"SMITH"}],"circlet_count":0,"master_deck":["hierophant:Strike_Hierophant","hierophant:Strike_Hierophant","hierophant:Strike_Hierophant","hierophant:Strike_Hierophant","hierophant:Punish","hierophant:Defend_Hierophant","hierophant:Defend_Hierophant","hierophant:Defend_Hierophant","hierophant:Defend_Hierophant","hierophant:ChurchCoffers+1","ReplayTheSpireMod:Brewmster","hierophant:Community","hierophant:Sermon","hierophant:OrnateBuckler","hierophant:MorningPrayer+1","hierophant:Doubloon","hierophant:Doubloon","hierophant:RustyCrate","hierophant:PassingBell","hierophant:FieryStrike","hierophant:BulkyChest","Overencumbered","Amnesia","hierophant:Kindle+1","Discovery","Apotheosis","hierophant:Doubloon","hierophant:CursedGold","hierophant:Exaltation"],"relics":["hierophant:PropheticMaskRelic","Golden Idol","Replay:Bottled Steam","StrikeDummy","Replay:Mystery Machine","reliquary:Aerogel","Bottled Lightning","Replay:Ancient Bell","Lantern","Eternal Feather","Du-Vu Doll","ReplayTheSpireMod:CursedCoin","NlothsMask"],"acts_visited":["Exordium","TheCity"],"potions_floor_usage":[],"damage_taken":[{"damage":3.0,"enemies":"Small Slimes","floor":1.0,"turns":4.0},{"damage":0.0,"enemies":"2 Louse","floor":5.0,"turns":1.0},{"damage":18.0,"enemies":"Gremlin Nob","floor":7.0,"turns":4.0},{"damage":0.0,"enemies":"Cultist","floor":11.0,"turns":3.0},{"damage":2.0,"enemies":"Exordium Wildlife","floor":12.0,"turns":5.0},{"damage":12.0,"enemies":"3 Louse","floor":13.0,"turns":4.0},{"damage":71.0,"enemies":"The Guardian","floor":16.0,"turns":20.0},{"damage":17.0,"enemies":"Shell Parasite","floor":18.0,"turns":6.0},{"damage":5.0,"enemies":"Spheric Guardian","floor":19.0,"turns":4.0},{"damage":18.0,"enemies":"Shelled Parasite and Fungi","floor":24.0,"turns":6.0},{"damage":36.0,"enemies":"Cultist and Chosen","floor":25.0,"turns":9.0},{"damage":0,"enemies":"Chosen and Byrds","floor":27,"turns":1}],"seed_played":"-8675951479128221984","potions_obtained":[{"floor":4.0,"key":"Fire Potion"},{"floor":11.0,"key":"AttackPotion"}],"is_trial":false,"path_per_floor":["M","$","?","?","M","R","E","?","T","?","M","M","M","T","R","B",null,"M","M","$","?","?","R","M","M","T","M"],"character_chosen":"HIEROPHANT","items_purchased":["ReplayTheSpireMod:CursedCoin","hierophant:Kindle","Discovery","Apotheosis"],"campfire_rested":0,"item_purchase_floors":[20,20,20,20],"current_hp_per_floor":[72,72,54,54,54,54,36,36,36,36,36,34,22,22,22,10,75,58,53,53,53,53,68,50,14,14,14,14],"gold":255,"neow_bonus":"RANDOM_COLORLESS_2","is_daily":false,"chose_seed":false,"campfire_upgraded":3,"win_rate":0.0,"timestamp":1614078772,"path_taken":["M","$","?","?","?","R","E","?","T","?","?","M","M","?","R","BOSS","M","M","$","?","?","R","M","M","T","M"],"items_purchased_type":["Relic","Card","Card","Card"],"build_version":"2020-12-22","purchased_purges":1,"victory":false,"max_hp_per_floor":[75,75,75,75,75,75,75,75,75,75,75,75,75,75,75,75,75,75,75,75,75,75,75,75,75,75,75,75],"card_choices":[{"not_picked":["Sadistic Nature","Transmutation"],"picked":"ReplayTheSpireMod:Brewmster","floor":0.0},{"not_picked":["hierophant:TollTheBells","hierophant:FlamingChariot"],"picked":"hierophant:Community","floor":1.0},{"not_picked":["hierophant:Smite","hierophant:PassingBell"],"picked":"hierophant:Sermon","floor":4.0},{"not_picked":["hierophant:Smite","hierophant:Doubloon"],"picked":"hierophant:OrnateBuckler","floor":5.0},{"not_picked":["hierophant:SealAway","hierophant:WrathOfGod"],"picked":"hierophant:MorningPrayer","floor":7.0},{"not_picked":["hierophant:ThreeLashes","hierophant:Alms"],"picked":"hierophant:PassingBell","floor":11.0},{"not_picked":["hierophant:ThreeLashes","hierophant:Empathy","hierophant:DisplayOfPower"],"picked":"SKIP","floor":12.0},{"not_picked":["hierophant:Encroach","hierophant:Mercenaries"],"picked":"hierophant:FieryStrike","floor":13.0},{"not_picked":["hierophant:AuricForm","hierophant:WrathOfGod"],"picked":"hierophant:BulkyChest","floor":16.0},{"not_picked":["hubris:Compulsion","Decay"],"picked":"Overencumbered","floor":17.0},{"not_picked":["ReplayTheSpireMod:Restless Dread","Spreading Infection"],"picked":"Amnesia","floor":17.0},{"not_picked":["Amnesia","Shame"],"picked":"ReplayTheSpireMod:IOU","floor":17.0},{"not_picked":["hierophant:Shelter","hierophant:MorningPrayer+1","hierophant:AuricShield+1"],"picked":"SKIP","floor":18.0},{"not_picked":["hierophant:Remorse","hierophant:MorningPrayer","hierophant:FieryStrike"],"picked":"SKIP","floor":19.0},{"not_picked":["hierophant:Exaltation","hierophant:CoinFling+1"],"picked":"hierophant:CursedGold","floor":24.0},{"not_picked":["hierophant:Zeal","hierophant:Sermon"],"picked":"hierophant:Exaltation","floor":25.0}],"player_experience":1060586,"relics_obtained":[{"floor":4.0,"key":"Replay:Bottled Steam"},{"floor":7.0,"key":"StrikeDummy"},{"floor":9.0,"key":"Replay:Mystery Machine"},{"floor":14.0,"key":"Bottled Lightning"}],"event_choices":[{"damage_healed":0.0,"max_hp_gain":0.0,"max_hp_loss":0.0,"gold_gain":0.0,"event_name":"Golden Idol","player_choice":"Take Damage","floor":3.0,"gold_loss":0.0,"damage_taken":18.0,"relics_obtained":["Golden Idol"]},{"damage_healed":0.0,"max_hp_gain":0.0,"max_hp_loss":0.0,"gold_gain":0.0,"event_name":"WeMeetAgain","player_choice":"Gave Potion","floor":10.0,"gold_loss":0.0,"damage_taken":0.0,"relics_obtained":["reliquary:Aerogel"]},{"damage_healed":0.0,"max_hp_gain":0.0,"max_hp_loss":0.0,"gold_gain":0.0,"event_name":"Masked Bandits","player_choice":"Paid Fearfully","floor":21.0,"gold_loss":47.0,"damage_taken":0.0},{"damage_healed":0.0,"max_hp_gain":0.0,"max_hp_loss":0.0,"gold_gain":0.0,"event_name":"FaceTrader","player_choice":"Trade","floor":22.0,"gold_loss":0.0,"damage_taken":0.0,"relics_obtained":["NlothsMask"]}],"is_beta":false,"boss_relics":[{"not_picked":["hubris:GrandSneckoEye","Coffee Dripper"],"picked":"Replay:Ancient Bell"},{"not_picked":["reliquary:TuningFork","reliquary:ExpiredCoupon"],"picked":"Lantern"},{"not_picked":["hubris:TinFlute","Question Card"],"picked":"Eternal Feather"},{"not_picked":["Mango","Lizard Tail"],"picked":"Du-Vu Doll"}],"items_purged_floors":[20],"is_endless":false,"potions_floor_spawned":[11,18,25],"killed_by":"Chosen and Byrds","ascension_level":0}}