{"host":"bplbr8uekuotory4","time":1614070249,"event":{"mods":["Act Like it!","BaseMod","Custom Start","GungeonMod","Hermit","KinomotoSakuraMod(木之本樱)","Marisa（F雨　魔理沙）","Minty Spire (QoL Compilation)","Prisma Mod","Quick Restart","Reimu（博丽灵梦）","SOS（斯巴达之子）","Spicy Shops","StSLib","TestMod","The Blackbeard","The Cursed","The Mystic","The Saiyan","The Senshi","The Servant 0.9.4","Yuri Mod","[IsaacMod]以撒尖塔"],"gold_per_floor":[112,112,112,123,123,123,149,163,163,163,191,191,208,231,231,231,231],"floor_reached":16,"language":"ZHS","playtime":156,"items_purged":[],"score":309,"play_id":"4b0cd097-9308-4f6b-9a31-478b8622e17b","local_time":"20210223165049","is_ascension_mode":true,"campfire_choices":[{"data":"Neutralize","floor":6,"key":"SMITH"},{"data":"Backstab","floor":10,"key":"SMITH"},{"floor":15,"key":"RECALL"}],"circlet_count":0,"master_deck":["AscendersBane","Strike_G","Strike_G","Strike_G","Strike_G","Strike_G","Defend_G","Defend_G","Defend_G","Defend_G","Defend_G","Survivor","Neutralize+1","Backstab+1"],"relics":["Ring of the Snake","testmod-TestBox","HushsDoor","BookOfRevelations","testmod-Brilliant","NeowsBlessing","DemoMod:Metronome","DemoMod:MemoryAlloy","DemoMod:GlassGuonStoneRelic","Odd Mushroom"],"acts_visited":["Exordium"],"potions_floor_usage":[16,16],"damage_taken":[{"damage":0,"enemies":"Small Slimes","floor":1,"turns":1},{"damage":0,"enemies":"2 Louse","floor":4,"turns":1},{"damage":0,"enemies":"Gremlin Nob","floor":7,"turns":1},{"damage":4,"enemies":"Cultist","floor":8,"turns":3},{"damage":2,"enemies":"3 Sentries","floor":11,"turns":3},{"damage":0,"enemies":"Blue Slaver","floor":13,"turns":1},{"damage":0,"enemies":"The Mushroom Lair","floor":14,"turns":1},{"damage":0,"enemies":"Hexaghost","floor":16,"turns":2}],"seed_played":"-5314679613636214219","potions_obtained":[{"floor":4,"key":"Regen Potion"},{"floor":7,"key":"Strength Potion"}],"is_trial":false,"path_per_floor":["M","$","?","M","?","R","E","M","T","R","E","$","M","?","R","B"],"character_chosen":"THE_SILENT","items_purchased":[],"campfire_rested":0,"item_purchase_floors":[],"current_hp_per_floor":[59,59,125,125,125,125,125,121,121,121,119,119,119,119,119,124,124],"gold":231,"neow_bonus":"THREE_ENEMY_KILL","is_daily":false,"chose_seed":false,"campfire_upgraded":2,"win_rate":0.0,"timestamp":1614070249,"path_taken":["M","$","?","?","?","R","E","M","T","R","E","?","M","?","R","BOSS"],"items_purchased_type":[],"build_version":"2020-12-22","purchased_purges":0,"victory":false,"max_hp_per_floor":[66,66,132,132,132,132,132,132,132,132,132,132,132,132,132,132,132],"card_choices":[{"not_picked":["Dodge and Roll","Predator","Dagger Throw"],"picked":"SKIP","floor":1},{"not_picked":["Prepared","Dodge and Roll","Flying Knee"],"picked":"SKIP","floor":4},{"not_picked":["Infinite Blades","Expertise"],"picked":"Backstab","floor":7},{"not_picked":["Finisher","Bane","Well Laid Plans"],"picked":"SKIP","floor":8},{"not_picked":["Acrobatics","Terror","Underhanded Strike"],"picked":"SKIP","floor":11},{"not_picked":["Prepared","Tactician","Riddle With Holes"],"picked":"SKIP","floor":13}],"player_experience":1184973,"relics_obtained":[{"floor":7,"key":"DemoMod:Metronome"},{"floor":11,"key":"DemoMod:MemoryAlloy"},{"floor":14,"key":"Odd Mushroom"}],"event_choices":[{"damage_healed":0,"gold_gain":0,"player_choice":"Swap Relic","damage_taken":0,"relics_obtained":["testmod-HarvestTotem"],"max_hp_gain":0,"max_hp_loss":0,"event_name":"给自己的盒子","floor":3,"relics_lost":["testmod-HarvestTotem"],"gold_loss":0},{"damage_healed":0,"gold_gain":0,"player_choice":"Leave","damage_taken":0,"max_hp_gain":0,"max_hp_loss":0,"event_name":"The Cleric","floor":5,"gold_loss":0},{"damage_healed":0,"gold_gain":0,"player_choice":"Fought Mushrooms","damage_taken":0,"max_hp_gain":0,"max_hp_loss":0,"event_name":"Mushrooms","floor":14,"gold_loss":0}],"is_beta":false,"boss_relics":[],"items_purged_floors":[],"is_endless":false,"potions_floor_spawned":[4,7,11],"killed_by":"Hexaghost","ascension_level":19}}