{"host":"ffjrj7fisyni1ebk","time":1614102914,"event":{"mods":["2.2 Compatiblity","BaseMod","Bestiary","Colored Map","Colored Powertips","Curses Come First","Highlight Path","Keyboard Shortcuts","Minty Spire (QoL Compilation)","Relic Stats","Slay the Relics Exporter","StSLib","SuperFastMode"],"gold_per_floor":[144,189,234,279,82,82,62,62,62,164,266,323,380,342,354,666,678,735,792,849,157,72,162,162,162,162,162,12,102,102,192,192,492,492,537,537,537,537,99,189,579,579,604,649,694,739,46,136,136,136],"floor_reached":51,"language":"ENG","playtime":3670,"items_purged":["Shockwave","Uppercut","Writhe","Infernal Blade"],"score":976,"play_id":"b7ede130-b17f-4b1a-9b3c-a6db82c7c4a5","local_time":"20210223195514","daily_mods":["Draft","Flight","Midas"],"is_ascension_mode":false,"campfire_choices":[{"floor":6,"key":"REST"},{"floor":8,"key":"REST"},{"floor":15,"key":"REST"},{"floor":24,"key":"REST"},{"floor":25,"key":"REST"},{"floor":30,"key":"REST"},{"floor":32,"key":"REST"},{"floor":42,"key":"REST"},{"floor":49,"key":"REST"}],"circlet_count":0,"master_deck":["Entrench+1","True Grit","Body Slam","Flame Barrier","Body Slam","True Grit","Body Slam","Anger","Headbutt","Entrench","Rage","Shrug It Off","Power Through","Metallicize","Battle Trance","Barricade","Shrug It Off+1","Warcry+1","Evolve+1","Intimidate+1","Chrysalis","Dual Wield","Armaments+1","Hemokinesis+1","Reckless Charge+1","Reaper+1","Power Through+1","Madness+1","Dark Shackles+1","Impervious+1","Berserk","Body Slam+1","Body Slam+1","Dramatic Entrance+1","Armaments+1","Impervious+1","Armaments+1","Entrench+1"],"relics":["Burning Blood","MawBank","Centennial Puzzle","InkBottle","Astrolabe","Paper Frog","ClockworkSouvenir","Molten Egg 2","Calipers","Toxic Egg 2","Akabeko","Toolbox","Bird Faced Urn","Dream Catcher","Black Star","Vajra","War Paint","Singing Bowl","Red Skull","Old Coin","Anchor","FossilizedHelix","Orrery","Gremlin Horn"],"acts_visited":["Exordium","TheCity","TheBeyond"],"potions_floor_usage":[13,13,16,18,21,23,29,40],"damage_taken":[{"damage":0,"enemies":"Jaw Worm","floor":1,"turns":3},{"damage":0,"enemies":"Cultist","floor":2,"turns":3},{"damage":6,"enemies":"2 Louse","floor":3,"turns":3},{"damage":0,"enemies":"Looter","floor":4,"turns":2},{"damage":2,"enemies":"Gremlin Nob","floor":10,"turns":4},{"damage":3,"enemies":"3 Sentries","floor":11,"turns":8},{"damage":8,"enemies":"Large Slime","floor":12,"turns":6},{"damage":7,"enemies":"Exordium Thugs","floor":13,"turns":5},{"damage":26,"enemies":"Hexaghost","floor":16,"turns":11},{"damage":17,"enemies":"Chosen","floor":18,"turns":9},{"damage":20,"enemies":"Shell Parasite","floor":19,"turns":8},{"damage":4,"enemies":"Centurion and Healer","floor":20,"turns":8},{"damage":49,"enemies":"Gremlin Leader","floor":23,"turns":13},{"damage":38,"enemies":"Slavers","floor":29,"turns":9},{"damage":32,"enemies":"Book of Stabbing","floor":31,"turns":8},{"damage":29,"enemies":"Collector","floor":33,"turns":9},{"damage":62,"enemies":"Orb Walker","floor":35,"turns":8},{"damage":15,"enemies":"Reptomancer","floor":40,"turns":14},{"damage":34,"enemies":"Nemesis","floor":41,"turns":7},{"damage":2,"enemies":"3 Darklings","floor":44,"turns":7},{"damage":6,"enemies":"Writhing Mass","floor":45,"turns":5},{"damage":2,"enemies":"Sphere and 2 Shapes","floor":46,"turns":3},{"damage":0,"enemies":"Giant Head","floor":48,"turns":4},{"damage":0,"enemies":"Awakened One","floor":50,"turns":5}],"seed_played":"-7386017133472573341","potions_obtained":[{"floor":1,"key":"DistilledChaos"},{"floor":2,"key":"Dexterity Potion"},{"floor":7,"key":"SmokeBomb"},{"floor":12,"key":"AttackPotion"},{"floor":13,"key":"Fruit Juice"},{"floor":18,"key":"Fruit Juice"},{"floor":20,"key":"Fruit Juice"},{"floor":23,"key":"Fire Potion"},{"floor":29,"key":"Swift Potion"},{"floor":44,"key":"SpeedPotion"},{"floor":46,"key":"SteroidPotion"}],"is_trial":false,"path_per_floor":["M","M","M","M","$","R","?","R","T","E","E","M","M","?","R","B",null,"M","M","M","$","?","E","R","R","T","?","$","E","R","E","R","B",null,"M","?","?","?","$","E","E","R","T","M","M","M","$","E","R","B",null],"character_chosen":"IRONCLAD","items_purchased":["Shrug It Off","Power Through","Paper Frog","Chrysalis","ClockworkSouvenir","Dual Wield","Toolbox","Impervious+1","Vajra","FossilizedHelix","Dramatic Entrance+1","Orrery"],"campfire_rested":9,"item_purchase_floors":[5,5,21,21,21,21,28,39,39,47,47,47],"current_hp_per_floor":[80,80,80,80,80,80,80,80,80,80,80,78,82,82,85,65,85,79,65,67,72,72,29,57,85,85,85,85,53,81,63,91,74,95,46,41,41,41,41,84,64,93,93,96,96,96,100,102,102,102],"gold":136,"neow_bonus":"","is_daily":true,"chose_seed":false,"campfire_upgraded":0,"win_rate":0.0,"timestamp":1614102914,"path_taken":["M","M","M","M","$","R","?","R","T","E","E","M","?","?","R","BOSS","M","M","M","$","?","E","R","R","T","?","$","E","R","E","R","BOSS","M","?","?","?","$","E","E","R","T","M","M","M","$","E","R","BOSS"],"items_purchased_type":["Card","Card","Relic","Card","Relic","Card","Relic","Card","Relic","Relic","Card","Relic"],"build_version":"2020-12-22","purchased_purges":4,"victory":true,"max_hp_per_floor":[80,80,80,80,80,80,80,80,80,80,80,80,85,85,85,85,85,90,90,90,95,95,95,95,95,95,95,95,95,95,95,95,95,95,95,95,90,90,90,92,92,94,94,96,96,96,100,102,102,102],"relic_stats":{"Singing Bowl":12,"Gremlin Horn":[3,3],"counters":[24,162],"Astrolabe":["Shrug It Off","Rampage","Warcry"],"War Paint":["Entrench","Armaments"],"MawBank":144,"Burning Blood":95,"Centennial Puzzle":[51],"Dream Catcher":3,"Bird Faced Urn":[37],"Black Star":3,"obtain_stats":[{"Calipers":23,"Singing Bowl":40,"Gremlin Horn":48,"Astrolabe":17,"Vajra":39,"War Paint":40,"MawBank":9,"Burning Blood":0,"Akabeko":27,"ClockworkSouvenir":21,"Old Coin":41,"Centennial Puzzle":10,"Dream Catcher":31,"Anchor":43,"Bird Faced Urn":29,"Toolbox":28,"Orrery":47,"Molten Egg 2":22,"Black Star":34,"Toxic Egg 2":26,"InkBottle":11,"Red Skull":41,"FossilizedHelix":47,"Paper Frog":21},{"Calipers":13,"Singing Bowl":18,"Gremlin Horn":23,"Astrolabe":9,"Vajra":17,"War Paint":18,"MawBank":4,"Burning Blood":0,"Akabeko":13,"ClockworkSouvenir":12,"Old Coin":19,"Centennial Puzzle":5,"Dream Catcher":15,"Anchor":19,"Bird Faced Urn":14,"Toolbox":13,"Orrery":22,"Molten Egg 2":12,"Black Star":16,"Toxic Egg 2":13,"InkBottle":6,"Red Skull":19,"FossilizedHelix":22,"Paper Frog":12},{"Calipers":83,"Singing Bowl":131,"Gremlin Horn":157,"Astrolabe":45,"Vajra":117,"War Paint":131,"MawBank":11,"Burning Blood":0,"Akabeko":83,"ClockworkSouvenir":70,"Old Coin":138,"Centennial Puzzle":15,"Dream Catcher":100,"Anchor":138,"Bird Faced Urn":92,"Toolbox":83,"Orrery":153,"Molten Egg 2":70,"Black Star":109,"Toxic Egg 2":83,"InkBottle":23,"Red Skull":138,"FossilizedHelix":153,"Paper Frog":70}],"InkBottle":[46]},"card_choices":[{"not_picked":["Thunderclap","Spot Weakness"],"picked":"Entrench","floor":0},{"not_picked":["Battle Trance","Evolve"],"picked":"True Grit","floor":0},{"not_picked":["Armaments","Iron Wave"],"picked":"Body Slam","floor":0},{"not_picked":["Searing Blow","Shrug It Off"],"picked":"Flame Barrier","floor":0},{"not_picked":["Flex","Heavy Blade"],"picked":"Shockwave","floor":0},{"not_picked":["Clash","Wild Strike"],"picked":"Heavy Blade","floor":0},{"not_picked":["Flex","Thunderclap"],"picked":"Infernal Blade","floor":0},{"not_picked":["Heavy Blade","Iron Wave"],"picked":"Body Slam","floor":0},{"not_picked":["Pommel Strike","Rampage"],"picked":"True Grit","floor":0},{"not_picked":["Pummel","Reckless Charge"],"picked":"Headbutt","floor":0},{"not_picked":["Flex","Cleave"],"picked":"Body Slam","floor":0},{"not_picked":["Perfected Strike","Heavy Blade"],"picked":"Anger","floor":0},{"not_picked":["Heavy Blade","Warcry"],"picked":"Iron Wave","floor":0},{"not_picked":["Pommel Strike","Battle Trance"],"picked":"Uppercut","floor":0},{"not_picked":["True Grit","Perfected Strike"],"picked":"Headbutt","floor":0},{"not_picked":["Heavy Blade","Anger","Sword Boomerang"],"picked":"SKIP","floor":1},{"not_picked":["Armaments","Shrug It Off"],"picked":"Entrench","floor":2},{"not_picked":["Reckless Charge","Flex"],"picked":"Rage","floor":3},{"not_picked":["Fiend Fire","Iron Wave","Body Slam"],"picked":"SKIP","floor":4},{"not_picked":["Searing Blow","Inflame","Rage"],"picked":"SKIP","floor":10},{"not_picked":["Heavy Blade","Headbutt"],"picked":"Clash","floor":11},{"not_picked":["Thunderclap","Rage"],"picked":"Metallicize","floor":12},{"not_picked":["Whirlwind","Burning Pact"],"picked":"Battle Trance","floor":13},{"not_picked":["Demon Form","Reaper"],"picked":"Barricade","floor":16},{"not_picked":["Thunderclap","Heavy Blade","Dropkick"],"picked":"SKIP","floor":18},{"not_picked":["Sword Boomerang","Havoc"],"picked":"Evolve+1","floor":19},{"not_picked":["Pommel Strike","Pummel"],"picked":"Intimidate+1","floor":20},{"not_picked":["Iron Wave+1","Berserk"],"picked":"Armaments","floor":23},{"not_picked":["Havoc+1","Heavy Blade+1"],"picked":"Hemokinesis+1","floor":29},{"not_picked":["Cleave+1","Thunderclap+1"],"picked":"Reckless Charge+1","floor":31},{"not_picked":["Demon Form","Exhume+1"],"picked":"Reaper+1","floor":33},{"not_picked":["Thunderclap+1","True Grit+1"],"picked":"Power Through+1","floor":35},{"not_picked":["Good Instincts+1","Master of Strategy+1"],"picked":"Madness+1","floor":36},{"not_picked":["Good Instincts+1","Purity+1"],"picked":"Dark Shackles+1","floor":36},{"not_picked":["Cleave+1","Clash+1","Bludgeon+1"],"picked":"Singing Bowl","floor":40},{"not_picked":["Twin Strike+1","Carnage+1"],"picked":"Berserk","floor":41},{"not_picked":["Pommel Strike+1","Infernal Blade+1","Sword Boomerang+1"],"picked":"Singing Bowl","floor":42},{"not_picked":["Sword Boomerang+1","Hemokinesis+1","Pommel Strike+1"],"picked":"Singing Bowl","floor":44},{"not_picked":["Sword Boomerang+1","Wild Strike+1"],"picked":"Body Slam+1","floor":45},{"not_picked":["Hemokinesis+1","Disarm+1"],"picked":"Body Slam+1","floor":46},{"not_picked":["Wild Strike+1","Heavy Blade+1","Cleave+1"],"picked":"Singing Bowl","floor":47},{"not_picked":["Thunderclap+1","Perfected Strike+1"],"picked":"Armaments+1","floor":47},{"not_picked":["Dropkick+1","Hemokinesis+1"],"picked":"Impervious+1","floor":47},{"not_picked":["Cleave+1","True Grit+1","Second Wind+1"],"picked":"Singing Bowl","floor":47},{"not_picked":["Anger+1","Perfected Strike+1"],"picked":"Armaments+1","floor":47},{"not_picked":["Twin Strike+1","Rampage+1","Uppercut+1"],"picked":"Singing Bowl","floor":48},{"not_picked":["Havoc+1","Disarm+1"],"picked":"Entrench+1","floor":49}],"player_experience":339757,"relics_obtained":[{"floor":9,"key":"MawBank"},{"floor":10,"key":"Centennial Puzzle"},{"floor":11,"key":"InkBottle"},{"floor":23,"key":"Calipers"},{"floor":26,"key":"Toxic Egg 2"},{"floor":29,"key":"Bird Faced Urn"},{"floor":31,"key":"Dream Catcher"},{"floor":40,"key":"War Paint"},{"floor":40,"key":"Singing Bowl"},{"floor":41,"key":"Red Skull"},{"floor":41,"key":"Old Coin"},{"floor":43,"key":"Anchor"},{"floor":48,"key":"Gremlin Horn"}],"event_choices":[{"damage_healed":0,"gold_gain":0,"player_choice":"Bought 1 Potion","damage_taken":0,"max_hp_gain":0,"max_hp_loss":0,"event_name":"The Woman in Blue","floor":7,"gold_loss":0},{"cards_removed":["Heavy Blade"],"damage_healed":0,"gold_gain":0,"player_choice":"Card Removal","damage_taken":0,"max_hp_gain":0,"max_hp_loss":0,"event_name":"The Cleric","floor":14,"gold_loss":50},{"damage_healed":0,"gold_gain":0,"player_choice":"Obtained Relic","damage_taken":0,"relics_obtained":["Molten Egg 2"],"max_hp_gain":0,"max_hp_loss":0,"event_name":"Addict","floor":22,"gold_loss":85},{"damage_healed":0,"gold_gain":0,"player_choice":"Opened","damage_taken":0,"relics_obtained":["Akabeko"],"max_hp_gain":0,"max_hp_loss":0,"event_name":"The Mausoleum","floor":27,"gold_loss":0,"cards_obtained":["Writhe"]},{"damage_healed":0,"gold_gain":0,"player_choice":"Memory 2","damage_taken":5,"max_hp_gain":0,"max_hp_loss":0,"event_name":"SensoryStone","floor":36,"gold_loss":0},{"damage_healed":0,"gold_gain":0,"player_choice":"Max HP","damage_taken":0,"max_hp_gain":0,"max_hp_loss":5,"event_name":"Winding Halls","floor":37,"gold_loss":0},{"cards_removed":["Rampage"],"damage_healed":0,"gold_gain":0,"player_choice":"Removed Attack","damage_taken":0,"max_hp_gain":0,"max_hp_loss":0,"event_name":"Falling","floor":38,"gold_loss":0}],"is_beta":false,"boss_relics":[{"not_picked":["Sozu","Snecko Eye"],"picked":"Astrolabe"},{"not_picked":["SlaversCollar","Tiny House"],"picked":"Black Star"}],"items_purged_floors":[5,21,39,47],"is_endless":false,"potions_floor_spawned":[1,2,12,13,18,20,23,29,44,46],"ascension_level":0}}