{"host":"df48i9djcn92c5sx","time":1614060576,"event":{"mods":["Act Like it!","Arknights","BaseMod","Decade(王小明)","Downfall","Gensokyo","Marisa（F雨　魔理沙）","Minty Spire (QoL Compilation)","READ ME - Guardian Mod","READ ME - Snecko Mod","Reimu（博丽灵梦）","Remilia（蕾米莉亚）","Shop Mod","StSLib","The Jungle","The Servant 0.9.4"],"gold_per_floor":[113,113,127,139,62,62,73,73,141,168,168,199,36,1,1,75,75,75,75,94,94,94,94,94,94],"floor_reached":24,"language":"ZHS","playtime":519,"items_purged":["Strike_B"],"score":364,"play_id":"e8c4884c-958f-4c18-9706-75d9d88d6611","local_time":"20210223140936","is_ascension_mode":true,"campfire_choices":[{"data":"Sunder","floor":6,"key":"SMITH"},{"data":"Fusion","floor":8,"key":"SMITH"},{"data":"Static Discharge","floor":11,"key":"SMITH"},{"data":"Consume","floor":15,"key":"SMITH"},{"data":"Seek","floor":23,"key":"SMITH"}],"circlet_count":0,"master_deck":["AscendersBane","Strike_B","Strike_B","Strike_B","Defend_B","Defend_B","Defend_B","Defend_B","Zap","Dualcast+1","Ball Lightning+1","Sunder+1","Fusion+1","Static Discharge+1","Consume+1","All For One","Loop+1","Seek+1","CurseOfTheBell"],"relics":["Cracked Core","NeowsBlessing","White Beast Statue","Strawberry","Frozen Egg 2","Calling Bell","Orichalcum","Blue Candle","Peace Pipe"],"acts_visited":["Exordium","TheCity"],"potions_floor_usage":[7,10,12,16,18,24],"damage_taken":[{"damage":0,"enemies":"Jaw Worm","floor":1,"turns":1},{"damage":0,"enemies":"Small Slimes","floor":3,"turns":1},{"damage":0,"enemies":"Cultist","floor":4,"turns":1},{"damage":8,"enemies":"Blue Slaver","floor":7,"turns":3},{"damage":15,"enemies":"3 Sentries","floor":10,"turns":5},{"damage":26,"enemies":"Lagavulin","floor":12,"turns":6},{"damage":15,"enemies":"Hexaghost","floor":16,"turns":7},{"damage":0,"enemies":"3 Byrds","floor":18,"turns":2},{"damage":29,"enemies":"2 Thieves","floor":20,"turns":4},{"damage":29,"enemies":"Slavers","floor":24,"turns":2}],"seed_played":"7178792650953443405","potions_obtained":[{"floor":3,"key":"Energy Potion"},{"floor":7,"key":"Energy Potion"},{"floor":10,"key":"Dexterity Potion"},{"floor":12,"key":"PowerPotion"},{"floor":16,"key":"SmokeBomb"},{"floor":20,"key":"AttackPotion"}],"is_trial":false,"path_per_floor":["M","?","M","M","$","R","M","R","T","E","R","E","$","?","R","B",null,"M","$","M","?","?","R","E"],"character_chosen":"DEFECT","items_purchased":["Static Discharge","Loop+1"],"campfire_rested":0,"item_purchase_floors":[5,13],"current_hp_per_floor":[64,43,43,43,43,43,35,35,35,27,27,1,1,20,20,5,60,60,60,31,31,25,25,0,0],"gold":94,"neow_bonus":"THREE_ENEMY_KILL","is_daily":false,"chose_seed":false,"campfire_upgraded":5,"win_rate":0.0,"timestamp":1614060576,"path_taken":["M","?","M","M","$","R","M","R","T","E","R","E","$","?","R","BOSS","M","$","M","?","?","R","E"],"items_purchased_type":["Card","Card"],"build_version":"2020-12-22","purchased_purges":1,"victory":false,"max_hp_per_floor":[71,71,71,71,71,71,71,71,71,78,78,78,78,78,78,78,78,78,78,78,78,78,78,78,78],"card_choices":[{"not_picked":["Compile Driver","Gash"],"picked":"Ball Lightning","floor":1},{"not_picked":["Sweeping Beam","Coolheaded"],"picked":"Sunder","floor":3},{"not_picked":["Sweeping Beam","Barrage"],"picked":"Fusion","floor":4},{"not_picked":["Barrage","Streamline","Conserve Battery"],"picked":"SKIP","floor":7},{"not_picked":["Coolheaded","Ball Lightning"],"picked":"Consume","floor":10},{"not_picked":["Leap","Aggregate"],"picked":"All For One","floor":12},{"not_picked":["Multi-Cast","Core Surge"],"picked":"Seek","floor":16},{"not_picked":["Undo","Beam Cell","Double Energy"],"picked":"SKIP","floor":20}],"player_experience":1615103,"relics_obtained":[{"floor":9,"key":"White Beast Statue"},{"floor":10,"key":"Strawberry"},{"floor":12,"key":"Frozen Egg 2"},{"floor":17,"key":"Orichalcum"},{"floor":17,"key":"Blue Candle"},{"floor":17,"key":"Peace Pipe"}],"event_choices":[{"damage_healed":0,"gold_gain":0,"player_choice":"Entered Light","damage_taken":21,"max_hp_gain":0,"max_hp_loss":0,"event_name":"Shining Light","floor":2,"gold_loss":0,"cards_upgraded":["Ball Lightning","Dualcast"]},{"damage_healed":19,"gold_gain":0,"player_choice":"Healed","damage_taken":0,"max_hp_gain":0,"max_hp_loss":0,"event_name":"The Cleric","floor":14,"gold_loss":35},{"damage_healed":0,"gold_gain":0,"player_choice":"Ignored","damage_taken":0,"max_hp_gain":0,"max_hp_loss":0,"event_name":"Vampires","floor":21,"gold_loss":0},{"damage_healed":0,"gold_gain":0,"player_choice":"","damage_taken":6,"max_hp_gain":0,"max_hp_loss":0,"event_name":"Knowing Skull","floor":22,"potions_obtained":[],"gold_loss":0,"cards_obtained":[]}],"is_beta":false,"boss_relics":[{"not_picked":["sneckomod:SneckoTalon","Tiny House"],"picked":"Calling Bell"}],"items_purged_floors":[13],"is_endless":false,"potions_floor_spawned":[3,7,10,12,16,18,20],"killed_by":"Slavers","ascension_level":16}}