{"host":"cgwysqtmt736mr58","time":1614052507,"event":{"mods":["2.2 Compatiblity","Aspiration","BaseMod","Beaked The Cultist","BetterRewards","Colored Map","Colored Powertips","Downfall","Duelist Mod","GifTheSpireLib","Googly Eyes","Halation","Hermit","Hubris","Infinite Spire","Lobotomy","LobotomyExtend","Minty Spire (QoL Compilation)","Relic Stats","Replay The Spire","Shade Mod","Shop Mod","StSLib","The Construct","The Cursed","The Disciple","The Exalted","The Necromancer","The Runesmith","Waifu the Spire","Yuri Mod"],"gold_per_floor":[99,119,30,50,50,50,50,50,64,96,96,81,81,97,108,181,181,132,146,158,158,83,93,116,146,146,146,175,175,138,138,152,227,227,227,279,639,639,639,639,690,711,511,532,532,553,580,599,615,615,615,615],"floor_reached":50,"language":"ENG","playtime":1985,"items_purged":[],"score":880,"play_id":"35e31595-9216-4623-a716-b196be50d216","local_time":"20210223145507","is_ascension_mode":true,"campfire_choices":[{"floor":1,"key":"RECALL"},{"floor":6,"key":"REST"},{"data":"bronze:BronzeOrb","floor":8,"key":"SMITH"},{"floor":11,"key":"REST"},{"data":"bronze:ChosenStrike","floor":13,"key":"SMITH"},{"floor":27,"key":"REST"},{"floor":29,"key":"REST"},{"data":"infinitespire:Punishment","floor":43,"key":"SMITH"},{"data":"hubris:Fate","floor":45,"key":"SMITH"}],"circlet_count":0,"master_deck":["AscendersBane","bronze:Strike","bronze:Strike","bronze:Strike","bronze:Strike","bronze:Defend","bronze:Defend","bronze:Defend","bronze:Defend","bronze:Replicate","bronze:Goto","hubris:Wrath","bronze:Boost","bronze:BronzeOrb+1","bronze:ChosenStrike+1","bronze:OilSpill","Pain","bronze:Boost","bronze:DigitalCarnage","bronze:HyperBeam","Warcry","Power Through","Shockwave+1","Metallicize","Metallicize","Heavy Blade+1","bronze:OilSpill+1","hubris:Fate+1","bronze:MaxOutput","bronze:DelayedSlice","bronze:InfiniteBeams+1","bronze:Format","Rage+1","Pain","hubris:Greed","infinitespire:Punishment+1","infinitespire:TheBestDefense","Uppercut","bronze:Iterate","Disarm+1"],"relics":["bronze:BronzeCore","Unceasing Top","LetterFromLob","WarpedTongs","halation:TwoAmDonut","aspiration:FrozenJewel","aspiration:IroncladSkillbook","downfall:HeartBlessingRed","Blood Vial","WingedGreaves","halation:PeacePiece","Torii","Bromod:ArcaneAegis","Ring of Chaos","Bromod:ArcaneConsequence","Bromod:ArcaneTempo","downfall:HeartBlessingGreen","downfall:HeartBlessingBlue","Bronze Scales"],"acts_visited":["Exordium","TheCity","TheBeyond"],"potions_floor_usage":[10,16,20,25,33,50],"damage_taken":[{"damage":5,"enemies":"Cultist","floor":2,"turns":5},{"damage":5,"enemies":"downfall:FleeingMerchant","floor":3,"turns":4},{"damage":0,"enemies":"Small Slimes","floor":4,"turns":3},{"damage":4,"enemies":"Jaw Worm","floor":9,"turns":2},{"damage":14,"enemies":"Replay:BlueRogue","floor":10,"turns":4},{"damage":5,"enemies":"downfall:FleeingMerchant","floor":12,"turns":4},{"damage":0,"enemies":"Red Slaver","floor":14,"turns":2},{"damage":4,"enemies":"Exordium Wildlife","floor":15,"turns":3},{"damage":27,"enemies":"IC_STATUS_ARCHETYPE","floor":16,"turns":7},{"damage":1,"enemies":"Chosen","floor":19,"turns":3},{"damage":2,"enemies":"Spheric Guardian","floor":20,"turns":3},{"damage":1,"enemies":"downfall:FleeingMerchant","floor":22,"turns":4},{"damage":8,"enemies":"Cultist and Chosen","floor":23,"turns":6},{"damage":19,"enemies":"Gremlin Leader","floor":25,"turns":6},{"damage":20,"enemies":"Nightmare","floor":28,"turns":8},{"damage":3,"enemies":"downfall:FleeingMerchant","floor":30,"turns":4},{"damage":1,"enemies":"Centurion and Healer","floor":32,"turns":4},{"damage":20,"enemies":"SI_MIRROR_ARCHETYPE","floor":33,"turns":8},{"damage":1,"enemies":"downfall:FleeingMerchant","floor":37,"turns":4},{"damage":0,"enemies":"3 Shapes","floor":42,"turns":2},{"damage":3,"enemies":"3 Darklings","floor":44,"turns":4},{"damage":0,"enemies":"Jaw Worm Horde","floor":46,"turns":1},{"damage":11,"enemies":"Maw","floor":48,"turns":10},{"damage":1,"enemies":"Sphere and 2 Shapes","floor":49,"turns":4},{"damage":83,"enemies":"WA_ARCHETYPE_DIVINITY","floor":50,"turns":11}],"seed_played":"5384614866234377582","potions_obtained":[{"floor":4,"key":"Reflective Coating"},{"floor":9,"key":"Fire Potion"},{"floor":14,"key":"SteroidPotion"},{"floor":16,"key":"DistilledChaos"},{"floor":19,"key":"Fire Potion"},{"floor":20,"key":"bronze:BuildAFunctionPotion"},{"floor":42,"key":"Block Potion"},{"floor":46,"key":"Guardian:BlockOnCardUsePotion"},{"floor":48,"key":"Death Potion"}],"is_trial":false,"path_per_floor":["R","M","$","M","?","R","T","R","M","E","R","$","R","M","M","B",null,"R_BF","M","M","?","$","M","T","E","AVR","R","NM","R","$","M","M","B",null,"R_BF","?","$","?","T","AVR","T","M","R","M","R","M","T","M","M","B"],"character_chosen":"THE_AUTOMATON","items_purchased":["bronze:ChosenStrike","Metallicize","bronze:DelayedSlice"],"campfire_rested":4,"item_purchase_floors":[3,22,30],"current_hp_per_floor":[63,58,53,53,53,70,70,70,66,52,70,65,65,65,61,34,61,61,64,66,66,69,65,65,52,52,70,54,70,70,70,70,54,66,66,66,70,70,70,70,70,70,80,80,80,80,80,73,78,0,0,0],"gold":615,"neow_bonus":"ONE_RARE_RELIC","is_daily":false,"chose_seed":false,"campfire_upgraded":4,"win_rate":0.0,"timestamp":1614052507,"path_taken":["R","M","?","?","?","R","T","R","M","E","R","$","R","?","M","BOSS","R_BF","M","M","?","$","M","T","E","AVR","R","NM","R","$","M","M","BOSS","R_BF","?","$","?","?","AVR","T","?","R","M","R","M","?","M","M","BOSS"],"items_purchased_type":["Card","Card","Card"],"build_version":"2020-12-22","purchased_purges":0,"victory":false,"max_hp_per_floor":[70,70,70,70,70,70,70,70,70,70,70,70,70,70,70,70,70,70,70,70,70,70,70,70,70,70,70,70,70,70,70,70,70,70,70,70,70,70,70,70,70,70,80,80,80,80,80,80,80,80,80,80],"relic_stats":{"Blood Vial":8,"Torii":28,"counters":[25,116],"Bronze Scales":[45],"obtain_stats":[{"bronze:BronzeCore":0,"downfall:HeartBlessingRed":18,"Torii":28,"downfall:HeartBlessingGreen":43,"Ring of Chaos":40,"aspiration:FrozenJewel":10,"aspiration:IroncladSkillbook":17,"Bromod:ArcaneAegis":39,"Bromod:ArcaneConsequence":40,"WarpedTongs":5,"Blood Vial":24,"downfall:HeartBlessingBlue":43,"Bronze Scales":47,"Bromod:ArcaneTempo":41,"WingedGreaves":25,"LetterFromLob":2,"halation:TwoAmDonut":7,"Unceasing Top":0,"halation:PeacePiece":26},{"bronze:BronzeCore":0,"downfall:HeartBlessingRed":9,"Torii":15,"downfall:HeartBlessingGreen":20,"Ring of Chaos":19,"aspiration:FrozenJewel":5,"aspiration:IroncladSkillbook":9,"Bromod:ArcaneAegis":19,"Bromod:ArcaneConsequence":19,"WarpedTongs":3,"Blood Vial":13,"downfall:HeartBlessingBlue":20,"Bronze Scales":22,"Bromod:ArcaneTempo":19,"WingedGreaves":14,"LetterFromLob":1,"halation:TwoAmDonut":3,"Unceasing Top":0,"halation:PeacePiece":14},{"bronze:BronzeCore":0,"downfall:HeartBlessingRed":34,"Torii":64,"downfall:HeartBlessingGreen":86,"Ring of Chaos":84,"aspiration:FrozenJewel":18,"aspiration:IroncladSkillbook":34,"Bromod:ArcaneAegis":84,"Bromod:ArcaneConsequence":84,"WarpedTongs":12,"Blood Vial":50,"downfall:HeartBlessingBlue":86,"Bronze Scales":91,"Bromod:ArcaneTempo":84,"WingedGreaves":56,"LetterFromLob":5,"halation:TwoAmDonut":12,"Unceasing Top":0,"halation:PeacePiece":56}],"Unceasing Top":[2],"WarpedTongs":[102]},"card_choices":[{"not_picked":["bronze:Overload","bronze:FineTuning"],"picked":"bronze:Boost","floor":2},{"not_picked":["bronze:Break","bronze:Separator"],"picked":"bronze:BronzeOrb","floor":3},{"not_picked":["bronze:Fortify","bronze:ItsAFeature"],"picked":"bronze:OilSpill","floor":4},{"not_picked":["bronze:Constructor","bronze:ClassDefault","bronze:Refactor"],"picked":"SKIP","floor":9},{"not_picked":["bronze:BugBarrage","bronze:Constructor","bronze:DelayedGuard"],"picked":"SKIP","floor":10},{"not_picked":["bronze:ItsAFeature","bronze:BugBarrage"],"picked":"bronze:Boost","floor":12},{"not_picked":["bronze:DelayedGuard","bronze:Boost","bronze:Refactor"],"picked":"SKIP","floor":14},{"not_picked":["bronze:CloningBeam","bronze:GetLatest"],"picked":"bronze:DigitalCarnage","floor":15},{"not_picked":["bronze:AlphaBuild","bronze:Assembly"],"picked":"bronze:HyperBeam","floor":16},{"not_picked":["bronze:Turbo","bronze:Invalidate","bronze:Overheat"],"picked":"Warcry","floor":19},{"not_picked":["Infernal Blade","Anger+1","Clash"],"picked":"Power Through","floor":20},{"not_picked":["Thunderclap","Offering","bronze:Branch"],"picked":"Shockwave+1","floor":22},{"not_picked":["bronze:FineTuning","bronze:Turbo","bronze:Return"],"picked":"Heavy Blade+1","floor":23},{"not_picked":["Massacre","bronze:Frontload","bronze:ClassDefault"],"picked":"bronze:OilSpill+1","floor":25},{"not_picked":["Flex","bronze:AlphaBuild","bronze:DelayedSlice"],"picked":"bronze:MaxOutput","floor":28},{"not_picked":["bronze:ForLoop","bronze:Frontload","bronze:Fortify+1","bronze:Safeguard"],"picked":"SKIP","floor":30},{"not_picked":["bronze:WhirlingStrike","bronze:Separator","Flex+1"],"picked":"bronze:InfiniteBeams+1","floor":32},{"not_picked":["bronze:Break","Eclipse","bronze:CleanCode"],"picked":"bronze:Format","floor":33},{"not_picked":["Perfected Strike","bronze:Turbo+1","bronze:Allocate+1"],"picked":"Rage+1","floor":37},{"not_picked":["hubris:Fate","ReplayTheSpireMod:Chaos Vortex"],"picked":"infinitespire:Punishment","floor":38},{"not_picked":["Iron Wave","True Grit","bronze:Fortify+1"],"picked":"Uppercut","floor":42},{"not_picked":["bronze:Allocate","Life Link","Shrug It Off+1","Armaments"],"picked":"SKIP","floor":44},{"not_picked":["Hemokinesis+1","bronze:DigitalCarnage","Clothesline","Shrug It Off"],"picked":"SKIP","floor":46},{"not_picked":["bronze:BugBarrage+1","bronze:Invalidate+1","bronze:OilSpill"],"picked":"bronze:Iterate","floor":48},{"not_picked":["bronze:Iterate","Headbutt","bronze:ForLoop"],"picked":"Disarm+1","floor":49}],"player_experience":1119508,"relics_obtained":[{"floor":2,"key":"LetterFromLob"},{"floor":7,"key":"halation:TwoAmDonut"},{"floor":10,"key":"aspiration:FrozenJewel"},{"floor":24,"key":"Blood Vial"},{"floor":25,"key":"WingedGreaves"},{"floor":28,"key":"Torii"},{"floor":39,"key":"Bromod:ArcaneAegis"},{"floor":41,"key":"Bromod:ArcaneTempo"},{"floor":47,"key":"Bronze Scales"}],"event_choices":[],"is_beta":false,"boss_relics":[{"not_picked":["ReplayTheSpireMod:SealedPack","construct:WeddingRing"],"picked":"aspiration:IroncladSkillbook"},{"not_picked":["beaked:MawFillet","Velvet Choker","halation:LoveArrow"]}],"items_purged_floors":[],"is_endless":false,"potions_floor_spawned":[4,9,14,16,19,20,23,42,46,48],"killed_by":"WA_ARCHETYPE_DIVINITY","ascension_level":13}}