{"host":"djrarsjwv6revew5","time":1614083196,"event":{"mods":["2.2 Compatiblity","AchievementEnabler","BaseMod","Colored Map","Colored Powertips","DeckTracker","Highlight Path","Minty Spire (QoL Compilation)","Quick Restart","Random Character Button","Rare Cards Sparkle","Relic Stats","StSLib","SuperFastMode"],"gold_per_floor":[117,117,41,41,41,41,41,41,41,41,56,66,66,14,14,118,118,118,128,6,6,6],"floor_reached":21,"language":"POL","playtime":960,"items_purged":[],"score":165,"play_id":"63349f29-b13c-4801-b8fb-1a86209e136a","local_time":"20210223132636","is_ascension_mode":false,"campfire_choices":[{"data":"Searing Blow","floor":6,"key":"SMITH"},{"data":"Searing Blow+1","floor":8,"key":"SMITH"},{"floor":15,"key":"REST"}],"circlet_count":0,"master_deck":["Strike_R","Strike_R","Strike_R","Strike_R","Strike_R","Defend_R","Defend_R","Defend_R","Defend_R","Searing Blow+2","Blood for Blood+1","Dual Wield","Cleave","Iron Wave","Corruption","Body Slam","Flex","Flash of Steel"],"relics":["Burning Blood","Mango","Letter Opener","Black Star"],"acts_visited":["TheCity"],"potions_floor_usage":[16,18,21],"damage_taken":[{"damage":0,"enemies":"2 Louse","floor":1,"turns":3},{"damage":12,"enemies":"Jaw Worm","floor":11,"turns":4},{"damage":7,"enemies":"Small Slimes","floor":12,"turns":3},{"damage":80,"enemies":"Hexaghost","floor":16,"turns":12},{"damage":0,"enemies":"2 Thieves","floor":18,"turns":1},{"damage":37,"enemies":"Shell Parasite","floor":19,"turns":11},{"damage":112,"enemies":"Cultist and Chosen","floor":21,"turns":8}],"seed_played":"792075387506270091","potions_obtained":[{"floor":1,"key":"SmokeBomb"},{"floor":11,"key":"Ancient Potion"},{"floor":16,"key":"FairyPotion"},{"floor":19,"key":"Strength Potion"}],"is_trial":false,"path_per_floor":["M","?","$","?","$","R","?","R","T","T","M","M","?","$","R","B",null,"M","M","$","M"],"character_chosen":"IRONCLAD","items_purchased":["Blood for Blood","Iron Wave","Flex","Flash of Steel"],"campfire_rested":1,"item_purchase_floors":[3,14,20,20],"current_hp_per_floor":[80,80,80,80,80,80,80,80,94,94,88,87,87,87,94,20,94,94,63,63,0,0],"gold":6,"neow_bonus":"REMOVE_CARD","is_daily":false,"chose_seed":false,"campfire_upgraded":2,"win_rate":0.0,"timestamp":1614083196,"path_taken":["M","?","$","?","?","R","?","R","T","?","M","?","?","$","R","BOSS","M","?","$","M"],"items_purchased_type":["Card","Card","Card","Card"],"build_version":"2020-12-22","purchased_purges":0,"victory":false,"max_hp_per_floor":[80,80,80,80,80,80,80,80,94,94,94,94,94,94,94,94,94,94,94,94,94,94],"relic_stats":{"counters":[7,42],"Black Star":0,"Letter Opener":[10],"obtain_stats":[{"Mango":9,"Black Star":17,"Letter Opener":10,"Burning Blood":0},{"Mango":1,"Black Star":4,"Letter Opener":1,"Burning Blood":0},{"Mango":3,"Black Star":22,"Letter Opener":3,"Burning Blood":0}],"Burning Blood":24},"card_choices":[{"not_picked":["Perfected Strike","Thunderclap"],"picked":"Searing Blow","floor":1},{"not_picked":["Evolve","Entrench"],"picked":"Dual Wield","floor":11},{"not_picked":["Clothesline","Fire Breathing"],"picked":"Cleave","floor":12},{"not_picked":["Limit Break","Fiend Fire"],"picked":"Corruption","floor":16},{"not_picked":["Wild Strike+1","Bloodletting"],"picked":"Body Slam","floor":19}],"player_experience":87011,"relics_obtained":[{"floor":9,"key":"Mango"},{"floor":10,"key":"Letter Opener"}],"event_choices":[{"damage_healed":0,"gold_gain":0,"player_choice":"Leave","damage_taken":0,"max_hp_gain":0,"max_hp_loss":0,"event_name":"The Cleric","floor":2,"gold_loss":0},{"damage_healed":0,"gold_gain":0,"player_choice":"Fled","damage_taken":0,"max_hp_gain":0,"max_hp_loss":0,"event_name":"Scrap Ooze","floor":4,"gold_loss":0},{"damage_healed":0,"gold_gain":0,"player_choice":"Ignored","damage_taken":0,"max_hp_gain":0,"max_hp_loss":0,"event_name":"Golden Idol","floor":7,"gold_loss":0},{"damage_healed":0,"gold_gain":0,"player_choice":"Forge","damage_taken":0,"max_hp_gain":0,"max_hp_loss":0,"event_name":"Accursed Blacksmith","floor":13,"gold_loss":0,"cards_upgraded":["Blood for Blood"]}],"is_beta":false,"boss_relics":[{"not_picked":["Philosopher\u0027s Stone","Cursed Key"],"picked":"Black Star"}],"items_purged_floors":[],"is_endless":false,"potions_floor_spawned":[1,11,16,18,19],"killed_by":"Cultist and Chosen","ascension_level":0}}