{"host":"9pm4ffml2aj85aj7","time":1614092190,"event":{"mods":["Act Like it!","BaseMod","BetterRewards","Bossed Relics","Gensokyo","GifTheSpireLib","Library of Ruina","Library of Ruina Extra","Lobotomy","LobotomyExtend","Minty Spire (QoL Compilation)","Relic Filter Mod","Remilia£®¿Ÿ√◊¿Ú—«£©","Replay The Spire","Shop Mod","StSLib","The Jungle","Wide Potions"],"gold_per_floor":[413,268,268,114,124,124,124,124,124,74,92,92,92,103,103,198,198,210,150,150,162,112,147,147,147,174,174,189,199,229,244,244,345,345,360,372,372,76,86,118,151,177,177,203,217,167,167,185,185,185],"floor_reached":51,"language":"ZHS","playtime":2059,"items_purged":["AsThePrescriptOrders","BiXi","Thrust","Reload"],"score":1018,"play_id":"ccc1d0c8-5647-41a0-a5c4-aec4bd213439","local_time":"20210223225630","daily_mods":["SealedDeck","Heirloom","Time Dilation","Flight","Lethality"],"is_ascension_mode":false,"campfire_choices":[{"data":"Reload","floor":6,"key":"SMITH"},{"data":"Reload","floor":7,"key":"SMITH"},{"data":"FrontalAssault","floor":12,"key":"SMITH"},{"data":"BiXi","floor":15,"key":"SMITH"},{"data":"ExtremeEdge","floor":24,"key":"SMITH"},{"data":"SpearedSweep","floor":25,"key":"SMITH"},{"data":"SummaryJudgment","floor":27,"key":"SMITH"},{"floor":49,"key":"REST"}],"circlet_count":0,"master_deck":["SummaryJudgment+1","ShockRound+1","Reload+1","BiXi+1","Reload+1","SpearedSweep+1","ExtremeEdge+1","FrontalAssault+1","Overpower+1","SummaryJudgment+1","IdentifyWeakpoint+1"],"relics":["PageOfLibrarian","Old Coin","LetterFromLob","Nunchaku","DollysMirror","Smiling Mask","Painkiller Herb","The Courier","Replay:Mystery Machine","Garlic","SlaversCollar","PageOfBloodbath","Gremlin Food","Strawberry","Pen Nib","Vajra","Mirror","PageOfSpiderBud"],"acts_visited":["Exordium","TheCity","TheBeyond"],"potions_floor_usage":[14,28,33,42,48,48,50],"damage_taken":[{"damage":0,"enemies":"Jaw Worm","floor":1,"turns":1},{"damage":0,"enemies":"Cultist","floor":5,"turns":2},{"damage":0,"enemies":"2 Louse","floor":11,"turns":1},{"damage":0,"enemies":"Large Slime","floor":14,"turns":2},{"damage":28,"enemies":"The Guardian","floor":16,"turns":3},{"damage":0,"enemies":"Chosen","floor":18,"turns":1},{"damage":0,"enemies":"2 Thieves","floor":21,"turns":1},{"damage":19,"enemies":"Gremlin Leader","floor":23,"turns":2},{"damage":0,"enemies":"Sentry and Sphere","floor":28,"turns":1},{"damage":0,"enemies":"Snake Plant","floor":29,"turns":1},{"damage":18,"enemies":"Book of Stabbing","floor":30,"turns":2},{"damage":3,"enemies":"Centurion and Healer","floor":31,"turns":2},{"damage":26,"enemies":"Pondfish","floor":33,"turns":3},{"damage":0,"enemies":"Orb Walker","floor":35,"turns":1},{"damage":0,"enemies":"3 Darklings","floor":36,"turns":1},{"damage":0,"enemies":"Writhing Mass","floor":39,"turns":1},{"damage":0,"enemies":"R_Hoarder","floor":40,"turns":2},{"damage":0,"enemies":"Reptomancer","floor":41,"turns":1},{"damage":0,"enemies":"Giant Head","floor":42,"turns":2},{"damage":0,"enemies":"R_Hoarder","floor":44,"turns":2},{"damage":0,"enemies":"Jaw Worm Horde","floor":45,"turns":1},{"damage":0,"enemies":"Transient","floor":48,"turns":4},{"damage":26,"enemies":"Donu and Deca","floor":50,"turns":4}],"seed_played":"8577476744291437448","potions_obtained":[{"floor":11,"key":"BlessingOfTheForge"},{"floor":14,"key":"Fruit Juice"},{"floor":16,"key":"BlessingOfTheForge"},{"floor":30,"key":"Explosive Potion"},{"floor":40,"key":"Explosive Potion"},{"floor":41,"key":"Strength Potion"},{"floor":45,"key":"PowerPotion"},{"floor":48,"key":"FearPotion"}],"is_trial":true,"path_per_floor":["M","$","?","$","M","R","R","?","T","$","M","R","?","M","R","B",null,"?","?","?","?","T","E","T","T","T","T","?","?","E","?","T","B",null,"?","?","?","T","?","E","E","E","T","E","?","T","?","?","T","B",null],"character_chosen":"Librarian","items_purchased":["Nunchaku","DollysMirror","PageOfBloodbath","Gremlin Food"],"campfire_rested":1,"item_purchase_floors":[2,4,38,38],"current_hp_per_floor":[60,60,60,60,60,60,60,60,60,60,60,60,65,70,70,42,92,92,92,92,92,92,73,73,73,73,73,73,73,55,52,82,56,103,103,86,86,86,86,93,93,92,92,92,92,92,92,92,92,66],"gold":185,"neow_bonus":"","is_daily":false,"chose_seed":false,"campfire_upgraded":7,"win_rate":0.0,"timestamp":1614092190,"path_taken":["M","$","?","?","?","R","R","?","T","$","M","R","?","M","R","BOSS","?","?","?","?","T","E","T","T","T","T","?","?","E","?","T","BOSS","?","?","?","T","?","E","E","E","T","E","?","T","?","?","T","BOSS"],"items_purchased_type":["Relic","Relic","Relic","Relic"],"build_version":"2020-12-22","purchased_purges":4,"victory":true,"max_hp_per_floor":[62,62,62,62,65,65,65,65,65,65,65,65,70,75,75,92,92,92,92,92,92,92,92,92,92,92,92,92,92,92,103,103,103,103,103,86,86,86,86,93,93,92,92,92,92,92,92,92,92,92],"card_choices":[{"not_picked":["UncannyStrike","NonstopAssault","EndlessBattle","LawAndOrder","FierceCharge","Wallop_lor","WillOfThePrescript","GuardingStance","ButterflySlash"],"picked":"SKIP","floor":1},{"not_picked":["UnavoidableGaze","PinpointShot","ViolentFlame","Wallop_lor","ShockRound","SerpentSwordTechnique","SkitterAway","Diversion"],"picked":"FrontalAssault","floor":5},{"not_picked":["FeatherShield","SunsetBlade","Multislash","Clone","Standoff","TheArtOfRapidSteps","SpearedSweep","UpbeatPerformance","AsThePrescriptOrders"],"picked":"SKIP","floor":11},{"not_picked":["SharpSwipe","HiddenBlade","ShockRound","Marionette","Feast","RushDown","DarkCloud","BackAttack","BizarreAttack"],"picked":"SKIP","floor":14},{"not_picked":["ButterflySlash","FleetFootsteps","BulkyImpact","TasteMyFlamingBat+1","Thrust","SetFire","ClassAndRespect+1","Parry"],"picked":"MultiHit","floor":18},{"not_picked":["EnergyCycle","HiddenBlade","Leap_lor","Cruelty","StrongStrike","ShockingBlow","AlloutWar+1","BulkyImpact+1","WillOfThePrescript"],"picked":"SKIP","floor":21},{"not_picked":["Zzzzzap","SmokingPipe+1","TieShanKao","EnergyCycle","PinpointShot","SweepTheBackstreets+1","TheArtOfRapidSteps","FervidEmotions","BindingChains+1"],"picked":"SKIP","floor":23},{"not_picked":["Multislash","Standoff","ForTheFamily","DefenseOrder","ElectricShock+1","GuardingStance+1","PreemptiveStrike","CookingPrep+1"],"picked":"Overpower+1","floor":28},{"not_picked":["Multislash+1","DesperateStruggle","Pound","NightInTheBackstreets+1","BackAttack","ExtremeEdge","DevastatingThrash","StartinOutLightly"],"picked":"SummaryJudgment+1","floor":29},{"not_picked":["SuppressingShot","TheArtOfRapidSteps","ToOvercomeCrisis+1","PinpointShot","AsThePrescriptOrders","SharpSwipe+1","EmotionalTurbulence","EnergyStrike","SnakesPrey"],"picked":"SKIP","floor":30},{"not_picked":["Standoff","Faith","GuidanceOfTheGears","MindCrush","ClassAndRespect+1","TheRedNotes","DefenseOrder","EndlessBattle+1","StrikeDown"],"picked":"SKIP","floor":31},{"not_picked":["UncannyStrike","Reload+1","GuardingStance+1","SuppressingShot+1","FleetFootsteps","BlazingStrike","Multislash+1","EnergyCycle"],"picked":"IdentifyWeakpoint+1","floor":35},{"not_picked":["BiAn+1","DimensionalRift+1","RushDown","CoordinatedAssault+1","FleetEdge","BlazingStrike","TraceOfFumes+1","Outburst"],"picked":"Reload","floor":36},{"not_picked":["QuickSuppression","MirageStorm","Rewind","SunsetBlade","Standoff","SearingSword+1","TendonChords+1","TimeForALittleTest","FlashingStrike"],"picked":"SKIP","floor":39},{"not_picked":["Rampage_lor","FierceOnslaught+1","HighSpeedStabbing+1","HighKick","GuidanceOfTheGears","FeelinGood","ForTheFamily+1","SharpNails+1","Wallop_lor+1"],"picked":"SKIP","floor":40},{"not_picked":["ViolentFlame+1","SuppressingShot","YoureTooSlow","SerpentineBarrier+1","MultiHit","BiAn","RepressedFlesh","PreemptiveStrike+1","AbsorbImpact+1"],"picked":"SKIP","floor":41},{"not_picked":["EnergyStrike","SharpSwipe+1","PinpointShot","FaintMemories","HighKick","Disposal","DevastatingThrash","ClassAndRespect","SuppressingShot+1"],"picked":"SKIP","floor":42},{"not_picked":["TheArtOfRapidSteps","Parry","Outburst","SharpSwipe+1","HighSpeedStabbing+1","DesperateStruggle+1","SerpentSwordTechnique+1","Deflect_lor","EnergyShield+1"],"picked":"SKIP","floor":44},{"not_picked":["PinpointShot","SpearedSweep+1","Leap_lor","CoordinatedAssault","MindPrepared+1","Feast","HighSpeedStabbing+1","DirtyBlow","FeatherShield"],"picked":"SKIP","floor":45},{"not_picked":["FlamingDragonFist","SinglePointStab","DesperateStruggle","UpbeatPerformance","Thrust+1","SteelKnuckles+1","ShrineToMusic+1","EnergyCycle+1","EnergyStrike+1"],"picked":"SKIP","floor":48}],"player_experience":54896,"relics_obtained":[{"floor":1,"key":"LetterFromLob"},{"floor":9,"key":"Smiling Mask"},{"floor":23,"key":"The Courier"},{"floor":26,"key":"Replay:Mystery Machine"},{"floor":30,"key":"Garlic"},{"floor":40,"key":"Strawberry"},{"floor":41,"key":"Pen Nib"},{"floor":42,"key":"Vajra"},{"floor":43,"key":"Mirror"},{"floor":44,"key":"PageOfSpiderBud"}],"event_choices":[{"cards_removed":["MultiHit"],"damage_healed":0,"gold_gain":0,"player_choice":"Purged","damage_taken":0,"max_hp_gain":0,"max_hp_loss":0,"event_name":"Purifier","floor":3,"gold_loss":0},{"damage_healed":0,"gold_gain":0,"player_choice":"Donut","damage_taken":0,"max_hp_gain":5,"max_hp_loss":0,"event_name":"Big Fish","floor":13,"gold_loss":0},{"cards_removed":["MultiHit"],"damage_healed":5,"gold_gain":0,"player_choice":"Offered Common","damage_taken":0,"max_hp_gain":0,"max_hp_loss":0,"event_name":"Bonfire Elementals","floor":20,"gold_loss":0},{"cards_removed":["MultiHit"],"damage_healed":5,"gold_gain":0,"player_choice":"Offered Special","damage_taken":0,"max_hp_gain":0,"max_hp_loss":0,"event_name":"Bonfire Elementals","floor":20,"gold_loss":0},{"damage_healed":0,"gold_gain":0,"player_choice":"Ignored","damage_taken":0,"max_hp_gain":0,"max_hp_loss":0,"event_name":"Upgrade Shrine","floor":47,"gold_loss":0}],"is_beta":false,"boss_relics":[{"not_picked":["ChewingGum","Astrolabe"],"picked":"Painkiller Herb"},{"not_picked":["Replay:Fungal Core","Fusion Hammer"],"picked":"SlaversCollar"}],"items_purged_floors":[10,22,38,46],"is_endless":false,"potions_floor_spawned":[11,14,16,18,28,30,31,40,41,45,48],"ascension_level":0}}