{"host":"2hz3p8f82lqex3pd","time":1614114856,"event":{"mods":["AchievementEnabler","BaseMod","Minty Spire (QoL Compilation)"],"gold_per_floor":[114,114,114,124,124,124,124,152,152,152,164,164,89,109,109,214,214,225,135,155,155,155,155,155],"floor_reached":23,"language":"ENG","playtime":948,"items_purged":["Tantrum"],"score":212,"play_id":"036a9f0a-4b93-4f38-949b-bce0cad836af","local_time":"20210223161416","is_ascension_mode":false,"campfire_choices":[{"data":"Wallop","floor":6,"key":"SMITH"},{"floor":10,"key":"REST"},{"data":"PathToVictory","floor":12,"key":"SMITH"},{"data":"PathToVictory","floor":15,"key":"SMITH"}],"circlet_count":0,"master_deck":["Strike_P+1","Strike_P","Strike_P","Strike_P","Defend_P","Defend_P","Defend_P","Defend_P","Vigilance","Wallop+1","PathToVictory+1","DeceiveReality","PathToVictory+1","Establishment","SandsOfTime","Sanctity"],"relics":["PureWater","NeowsBlessing","Thread and Needle","Regal Pillow","Pantograph","Eternal Feather","SlaversCollar","Nilry\u0027s Codex","MutagenicStrength"],"acts_visited":["Exordium","TheCity"],"potions_floor_usage":[16,16,23,23],"damage_taken":[{"damage":0,"enemies":"Small Slimes","floor":1,"turns":1},{"damage":0,"enemies":"Jaw Worm","floor":4,"turns":1},{"damage":0,"enemies":"Lagavulin","floor":8,"turns":1},{"damage":0,"enemies":"Cultist","floor":11,"turns":2},{"damage":0,"enemies":"2 Fungi Beasts","floor":14,"turns":3},{"damage":61,"enemies":"Hexaghost","floor":16,"turns":7},{"damage":16,"enemies":"2 Thieves","floor":18,"turns":5},{"damage":6,"enemies":"3 Byrds","floor":20,"turns":5},{"damage":46,"enemies":"Gremlin Leader","floor":23,"turns":8}],"seed_played":"5010156659223439507","potions_obtained":[{"floor":8,"key":"DuplicationPotion"},{"floor":11,"key":"ColorlessPotion"},{"floor":18,"key":"Explosive Potion"},{"floor":20,"key":"Ancient Potion"}],"is_trial":false,"path_per_floor":["M","?","?","M","?","R","?","E","T","R","M","R","$","M","R","B",null,"M","?","M","?","?","E"],"character_chosen":"WATCHER","items_purchased":[],"campfire_rested":1,"item_purchase_floors":[],"current_hp_per_floor":[72,72,72,72,65,65,13,13,13,55,55,61,61,61,67,11,72,56,56,50,34,34,0,0],"gold":155,"neow_bonus":"THREE_ENEMY_KILL","is_daily":false,"chose_seed":false,"campfire_upgraded":3,"win_rate":0.0,"timestamp":1614114856,"path_taken":["M","?","?","?","?","R","?","E","T","R","M","R","?","M","R","BOSS","M","?","?","?","?","E"],"items_purchased_type":[],"build_version":"2020-12-22","purchased_purges":1,"victory":false,"max_hp_per_floor":[72,72,72,72,72,72,72,72,72,72,72,72,72,72,72,72,72,72,72,72,72,72,72,72],"card_choices":[{"not_picked":["Protect","CrushJoints"],"picked":"Tantrum","floor":1},{"not_picked":["BattleHymn","Halt"],"picked":"PathToVictory","floor":4},{"not_picked":["Vengeance","CrushJoints"],"picked":"DeceiveReality","floor":8},{"not_picked":["Fasting2","Vault","SignatureMove"],"picked":"SKIP","floor":11},{"not_picked":["Fasting2","Vault","SignatureMove"],"picked":"SKIP","floor":11},{"not_picked":["FollowUp","ThirdEye"],"picked":"PathToVictory","floor":14},{"not_picked":["Brilliance","Judgement"],"picked":"Establishment","floor":16},{"not_picked":["Crescendo+1","Study"],"picked":"SandsOfTime","floor":18},{"not_picked":["TalkToTheHand","Evaluate+1"],"picked":"Sanctity","floor":20}],"player_experience":191962,"relics_obtained":[{"floor":8,"key":"Pantograph"},{"floor":9,"key":"Eternal Feather"},{"floor":21,"key":"Nilry\u0027s Codex"}],"event_choices":[{"damage_healed":0,"gold_gain":0,"player_choice":"Box","damage_taken":0,"relics_obtained":["Thread and Needle"],"max_hp_gain":0,"max_hp_loss":0,"event_name":"Big Fish","floor":2,"gold_loss":0,"cards_obtained":["Regret"]},{"damage_healed":0,"gold_gain":0,"player_choice":"1 cards matched","damage_taken":0,"max_hp_gain":0,"max_hp_loss":0,"event_name":"Match and Keep!","floor":3,"gold_loss":0,"cards_obtained":["Wallop"]},{"cards_removed":["Regret"],"damage_healed":0,"gold_gain":0,"player_choice":"Card Removal","damage_taken":7,"max_hp_gain":0,"max_hp_loss":0,"event_name":"Golden Wing","floor":5,"gold_loss":0},{"damage_healed":0,"gold_gain":0,"player_choice":"Success","damage_taken":52,"relics_obtained":["Regal Pillow"],"max_hp_gain":0,"max_hp_loss":0,"event_name":"Scrap Ooze","floor":7,"gold_loss":0},{"cards_removed":["Eruption"],"damage_healed":0,"gold_gain":0,"player_choice":"Upgrade and Remove","damage_taken":0,"max_hp_gain":0,"max_hp_loss":0,"event_name":"Designer","floor":19,"gold_loss":90,"cards_upgraded":["Strike_P"]},{"damage_healed":0,"gold_gain":0,"player_choice":"Obtained Book","damage_taken":16,"max_hp_gain":0,"max_hp_loss":0,"event_name":"Cursed Tome","floor":21,"gold_loss":0},{"damage_healed":0,"gold_gain":0,"player_choice":"Inject Mutagens","damage_taken":0,"relics_obtained":["MutagenicStrength"],"max_hp_gain":0,"max_hp_loss":0,"event_name":"Drug Dealer","floor":22,"gold_loss":0}],"is_beta":false,"boss_relics":[{"not_picked":["Runic Pyramid","Snecko Eye"],"picked":"SlaversCollar"}],"items_purged_floors":[13],"is_endless":false,"potions_floor_spawned":[8,11,18,20],"killed_by":"Gremlin Leader","ascension_level":0}}