{"host":"ekyl8r8j8fco3zlk","time":1614116882,"event":{"mods":["Act Like it!","Arknights","BaseMod","CapriCore","Dota2Spire","Friendly Minions","Gensokyo","GifTheSpireLib","Library of Ruina","Marisa（霧雨　魔理沙）","Minty Spire (QoL Compilation)","READ ME - Guardian Mod","Reimu（博???）","StSLib","The Alterego","The Animator","The Immortal","TheWitcher","Waifu the Spire","WarShipGirlsR/??少女R mod","Yakumo Yukari mod","【?物卡牌】REMEMod"],"gold_per_floor":[150,161,210,222,263,263,294,294,294,339,390,450,468,468,468,602,602,619,664,709,709,719,778,148,148,148,183,183,153,53,114,114,246,246,266,266,112,159,174,229,229,262,262,308,351,367,422,440,440,470,470,470,85,141,201],"floor_reached":56,"language":"ZHS","playtime":2442,"items_purged":["All For One","LightDefense","Dodge+1"],"score":1686,"play_id":"5ebb8a34-4d2b-4307-9e18-11cb04a958b5","local_time":"20210224054802","is_ascension_mode":false,"campfire_choices":[{"data":"SunsetBlade","floor":6,"key":"SMITH"},{"data":"Dodge","floor":8,"key":"SMITH"},{"data":"Gamble","floor":15,"key":"SMITH"},{"data":"FieryWaltz","floor":25,"key":"SMITH"},{"floor":28,"key":"DIG"},{"floor":32,"key":"DIG"},{"floor":41,"key":"DIG"},{"floor":49,"key":"RECALL"},{"data":"ViolentFlame","floor":52,"key":"SMITH"}],"circlet_count":0,"master_deck":["LightAttack","LightAttack","LightDefense","LightDefense","ChargeAndCover","FocusedStrikes","SpearedSweep","Gamble+1","ViolentFlame+1","Fence","SunsetBlade+1","HighSpeedStabbing","Retaliate+1","YourShield","Deflect_lor","Commandeering","CombatPreparation+1","Unlock1+1","BurningFlash+1","FieryWaltz+1","HandleRequest","UnforgettableMelody+1","FlashOfSunup+1","SharpNails+1","Slice_lor","StayCalm+1","TheArtOfRapidSteps+1"],"relics":["PageOfLibrarian","REME_ComplimentaryCards","Dota2Spire:HandOfMidas","Dota2Spire:Vanguard","Odd Mushroom","Art of War","Dota2Spire:Bloodstone","PageOfOzma","Bottled Flame","Dota2Spire:AghanimScepter","Gremlin Horn","Shovel","Dota2Spire:MagicBottle","Dota2Spire:LotusOrb","PageOfBigBird","Gambling Chip","Empty Cage","ClockworkSouvenir","Bag of Preparation","Happy Flower","Dota2Spire:ShivaGuard","Omamori","Dota2Spire:AssaultCuirass","PageOfMercenary","PageOfLaetitia"],"acts_visited":["Exordium","TheCity","TheBeyond","TheEnding"],"potions_floor_usage":[5,5,33,33,50,55,55,55],"damage_taken":[{"damage":0,"enemies":"ats:Genji","floor":1,"turns":4},{"damage":0,"enemies":"Small Slimes","floor":2,"turns":4},{"damage":11,"enemies":"Jaw Worm","floor":3,"turns":2},{"damage":7,"enemies":"Blue Slaver","floor":4,"turns":3},{"damage":0,"enemies":"Exordium Thugs","floor":5,"turns":3},{"damage":7,"enemies":"Gremlin Nob","floor":7,"turns":3},{"damage":6,"enemies":"Lots of Slimes","floor":10,"turns":4},{"damage":24,"enemies":"The Mushroom Lair","floor":11,"turns":4},{"damage":0,"enemies":"3 Sentries","floor":12,"turns":4},{"damage":0,"enemies":"Blue Slaver","floor":13,"turns":3},{"damage":0,"enemies":"Slime Boss","floor":16,"turns":5},{"damage":0,"enemies":"3 Byrds","floor":18,"turns":3},{"damage":1,"enemies":"Spheric Guardian","floor":19,"turns":3},{"damage":0,"enemies":"Cultist and Chosen","floor":20,"turns":5},{"damage":0,"enemies":"Snecko","floor":22,"turns":3},{"damage":20,"enemies":"REME_1_Revenger","floor":23,"turns":5},{"damage":0,"enemies":"Gremlin Leader","floor":27,"turns":3},{"damage":9,"enemies":"REME_1_Revenger","floor":31,"turns":4},{"damage":0,"enemies":"Champ","floor":33,"turns":6},{"damage":0,"enemies":"3 Shapes","floor":35,"turns":4},{"damage":14,"enemies":"3 Darklings","floor":38,"turns":3},{"damage":16,"enemies":"Spire Growth","floor":39,"turns":3},{"damage":0,"enemies":"Giant Head","floor":40,"turns":5},{"damage":12,"enemies":"Nemesis","floor":42,"turns":3},{"damage":0,"enemies":"Jaw Worm Horde","floor":44,"turns":2},{"damage":0,"enemies":"Transient","floor":45,"turns":5},{"damage":0,"enemies":"3 Darklings","floor":46,"turns":3},{"damage":25,"enemies":"Giant Head","floor":47,"turns":6},{"damage":0,"enemies":"4 Shapes","floor":48,"turns":4},{"damage":61,"enemies":"Donu and Deca","floor":50,"turns":5},{"damage":0,"enemies":"Shield and Spear","floor":54,"turns":4},{"damage":47,"enemies":"The Heart","floor":55,"turns":6}],"seed_played":"2216621829704627517","potions_obtained":[{"floor":2,"key":"Regen Potion"},{"floor":4,"key":"Fire Potion"},{"floor":11,"key":"SteroidPotion"},{"floor":22,"key":"LiquidBronze"},{"floor":29,"key":"EssenceOfSteel"},{"floor":29,"key":"Swift Potion"},{"floor":33,"key":"ColorlessPotion"},{"floor":38,"key":"ZuzhouPotion:ReiMu"},{"floor":45,"key":"Weak Potion"},{"floor":48,"key":"Dota2Spire:HealingSalve"},{"floor":54,"key":"REME_GoldPotion"}],"is_trial":false,"path_per_floor":["M","M","M","M","M","R","E","R","T","M","?","E","M","?","R","B",null,"M","M","M","?","M","E","$","R","T","E","R","?","$","E","R","B",null,"M","?","$","M","M","E","R","E","T","M","M","M","E","M","R","B",null,"R","$","E","B",null],"character_chosen":"Librarian","items_purchased":["FieryWaltz","Dota2Spire:AghanimScepter","Gremlin Horn","ClockworkSouvenir","PageOfMercenary"],"campfire_rested":0,"item_purchase_floors":[24,24,24,37,53],"current_hp_per_floor":[60,62,51,44,53,53,46,46,46,40,16,16,16,16,16,16,87,87,86,86,86,86,66,66,66,66,84,84,84,84,75,75,87,87,87,87,87,73,57,84,84,72,72,87,87,87,69,76,76,24,87,87,87,87,62],"gold":201,"neow_bonus":"RANDOM_COMMON_RELIC","is_daily":false,"chose_seed":false,"campfire_upgraded":5,"win_rate":0.0,"timestamp":1614116882,"path_taken":["M","M","M","M","M","R","E","R","T","M","?","E","M","?","R","BOSS","M","M","M","?","M","E","?","R","T","E","R","?","$","E","R","BOSS","M","?","$","M","M","E","R","E","T","?","M","M","E","M","R","BOSS","R","$","E","BOSS"],"items_purchased_type":["Card","Relic","Relic","Relic","Relic"],"build_version":"2020-12-22","purchased_purges":3,"victory":true,"max_hp_per_floor":[63,87,87,87,87,87,87,87,87,87,87,87,87,87,87,87,87,87,87,87,87,87,87,87,87,87,87,87,87,87,87,87,87,87,87,87,87,87,87,87,87,87,87,87,87,87,87,87,87,87,87,87,87,87,87],"card_choices":[{"not_picked":["QuickSuppression","Multislash","Slice_lor"],"picked":"SpearedSweep","floor":1},{"not_picked":["EnergyCycle","Struggle","Standoff"],"picked":"Gamble","floor":2},{"not_picked":["FaintMemories","Unlock1","Diversion"],"picked":"ViolentFlame","floor":3},{"not_picked":["BackAttack","FaintMemories","DarkCloud"],"picked":"Fence","floor":4},{"not_picked":["AlloutWar","PinpointShot","SnakesPrey"],"picked":"SunsetBlade","floor":5},{"not_picked":["Multislash","SharpNails","InkOver"],"picked":"HighSpeedStabbing","floor":7},{"not_picked":["DarkCloud","SnakesPrey","AlloutWar","DaringDecision"],"picked":"SKIP","floor":10},{"not_picked":["Rewind","Leap_lor","SnakesPrey"],"picked":"Retaliate","floor":11},{"not_picked":["SpearedSweep","SavageMode","Multislash"],"picked":"YourShield","floor":12},{"not_picked":["SnakesPrey","QuickSuppression","GrazeTheGrass"],"picked":"Deflect_lor","floor":13},{"not_picked":["RipSpace","Decapitation"],"picked":"Commandeering","floor":16},{"not_picked":["SnakesPrey","CumulusWall","ShrineToMusic+1","Collision"],"picked":"SKIP","floor":18},{"not_picked":["Standoff","SunsetBlade","Collision"],"picked":"CombatPreparation+1","floor":19},{"not_picked":["PinpointShot","SpearedSweep","SharpNails"],"picked":"Unlock1+1","floor":20},{"not_picked":["RapidGashes+1","HighKick","PinpointShot","SparkingSpear"],"picked":"SKIP","floor":22},{"not_picked":["Rewind","ViolentFlame","AlloutWar"],"picked":"BurningFlash+1","floor":23},{"not_picked":["Diversion","EnergyCycle+1","HighSpeedStabbing"],"picked":"HandleRequest","floor":27},{"not_picked":["QuickSuppression","DaringDecision","CircusKnives","SunsetBlade"],"picked":"SKIP","floor":31},{"not_picked":["Transpierce","TieShanKao"],"picked":"UnforgettableMelody","floor":33},{"not_picked":["QuickSuppression+1","EnergyCycle","BackAttack+1"],"picked":"FlashOfSunup+1","floor":35},{"not_picked":["ForTheFamily","Diversion+1","SharpSwipe"],"picked":"SharpNails+1","floor":38},{"not_picked":["SpearedSweep+1","EnergyCycle+1","SharpSwipe"],"picked":"Slice_lor","floor":39},{"not_picked":["Multislash","Rewind","Retaliate"],"picked":"StayCalm+1","floor":40},{"not_picked":["SinglePointStab+1","Disposal","Diversion+1","GaleKick"],"picked":"SKIP","floor":42},{"not_picked":["SharpSwipe+1","CircusKnives+1","PinpointShot","Diversion+1"],"picked":"SKIP","floor":44},{"not_picked":["EnergyStrike+1","BackAttack+1","SinglePointStab","QuickSuppression"],"picked":"SKIP","floor":45},{"not_picked":["SinglePointStab","Unlock1+1","CircusKnives","YourShield"],"picked":"SKIP","floor":46},{"not_picked":["SnakesPrey+1","WrathOfTorment","Eradication","SharpSwipe"],"picked":"SKIP","floor":47},{"not_picked":["WrathOfTorment","EnergyCycle","Diversion"],"picked":"TheArtOfRapidSteps+1","floor":48},{"not_picked":["DarkCloud+1","FieryWaltz","Parry2+1","DaringDecision"],"picked":"SKIP","floor":54}],"player_experience":725214,"relics_obtained":[{"floor":7,"key":"Dota2Spire:Vanguard"},{"floor":11,"key":"Odd Mushroom"},{"floor":12,"key":"Art of War"},{"floor":23,"key":"Bottled Flame"},{"floor":26,"key":"Shovel"},{"floor":27,"key":"Dota2Spire:MagicBottle"},{"floor":28,"key":"Dota2Spire:LotusOrb"},{"floor":31,"key":"PageOfBigBird"},{"floor":32,"key":"Gambling Chip"},{"floor":40,"key":"Bag of Preparation"},{"floor":41,"key":"Happy Flower"},{"floor":42,"key":"Dota2Spire:ShivaGuard"},{"floor":43,"key":"Omamori"},{"floor":47,"key":"Dota2Spire:AssaultCuirass"},{"floor":54,"key":"PageOfLaetitia"}],"event_choices":[{"damage_healed":0,"gold_gain":0,"player_choice":"Fought Mushrooms","damage_taken":0,"max_hp_gain":0,"max_hp_loss":0,"event_name":"Mushrooms","floor":11,"gold_loss":0},{"damage_healed":0,"gold_gain":0,"player_choice":"Grow","damage_taken":0,"max_hp_gain":0,"max_hp_loss":0,"event_name":"Living Wall","floor":14,"gold_loss":0,"cards_upgraded":["Retaliate"]},{"damage_healed":0,"gold_gain":0,"player_choice":"Gave Potion","damage_taken":0,"relics_obtained":["PageOfOzma"],"max_hp_gain":0,"max_hp_loss":0,"event_name":"WeMeetAgain","floor":21,"gold_loss":0},{"damage_healed":0,"gold_gain":0,"player_choice":"Bought 2 Potions","damage_taken":0,"max_hp_gain":0,"max_hp_loss":0,"event_name":"The Woman in Blue","floor":29,"gold_loss":0},{"damage_healed":0,"gold_gain":0,"player_choice":"Forge","damage_taken":0,"max_hp_gain":0,"max_hp_loss":0,"event_name":"Accursed Blacksmith","floor":36,"gold_loss":0,"cards_upgraded":["UnforgettableMelody"]}],"is_beta":false,"boss_relics":[{"not_picked":["Philosopher\u0027s Stone","Cursed Key"],"picked":"Dota2Spire:Bloodstone"},{"not_picked":["Fusion Hammer","Sozu"],"picked":"Empty Cage"}],"items_purged_floors":[24,30,53],"is_endless":false,"potions_floor_spawned":[2,4,11,13,22,33,38,39,45,48,54],"ascension_level":0}}