{"host":"19tvufa8xx4wr4o1","time":1614039957,"event":{"mods":["AchievementEnabler","BaseMod","Better Sensory Stone","Better Third Choice","Highlight Path","Minty Spire (QoL Compilation)","Relic Stats","StSLib"],"gold_per_floor":[20,20,39,58,58,89,89,89,89,122,86,96,96,109,109,183,183,200,200,40,51,51,51,66,84,108,119,119,153,153,171,171,245,245,260,260,260,260,11,37,49,49,49,49,62,62,62,62],"floor_reached":47,"language":"ENG","playtime":1867,"items_purged":["Strike_G","Strike_G"],"score":967,"play_id":"cf3090ac-fa4b-4b68-afa4-fc682cc9cc41","local_time":"20210222182557","is_ascension_mode":true,"campfire_choices":[{"data":"Neutralize","floor":8.0,"key":"SMITH"},{"data":"Bouncing Flask","floor":15.0,"key":"SMITH"},{"floor":23.0,"key":"REST"},{"floor":28.0,"key":"REST"},{"data":"Noxious Fumes","floor":30.0,"key":"SMITH"},{"data":"Footwork","floor":32.0,"key":"SMITH"},{"floor":42.0,"key":"REST"},{"floor":44.0,"key":"REST"}],"circlet_count":0,"master_deck":["AscendersBane","Strike_G","Strike_G","Defend_G","Defend_G","Defend_G","Defend_G","Defend_G","Survivor","Neutralize+1","Blade Dance","Bouncing Flask+1","Deflect+1","Cloak And Dagger+1","Caltrops","Poisoned Stab","Terror+1","Adrenaline+1","Cloak And Dagger+1","Venomology+1","Dash","Blur+1","Footwork+1","Crippling Poison+1","Noxious Fumes+1","Storm of Steel+1","Crippling Poison+1","After Image","Noxious Fumes+1","Caltrops","Forethought+1","Choke","PiercingWail+1","Dodge and Roll+1","Backflip+1"],"relics":["Ring of the Serpent","Bird Faced Urn","Toxic Egg 2","Mercury Hourglass","Orichalcum","Toy Ornithopter","Prayer Wheel","WristBlade","Vajra","Tingsha","Juzu Bracelet"],"acts_visited":["Exordium","TheCity","TheBeyond"],"potions_floor_usage":[45,47],"damage_taken":[{"damage":0.0,"enemies":"Small Slimes","floor":1.0,"turns":4.0},{"damage":0.0,"enemies":"Cultist","floor":3.0,"turns":3.0},{"damage":2.0,"enemies":"2 Louse","floor":4.0,"turns":4.0},{"damage":20.0,"enemies":"Lagavulin","floor":6.0,"turns":5.0},{"damage":29.0,"enemies":"Gremlin Nob","floor":10.0,"turns":4.0},{"damage":0.0,"enemies":"2 Fungi Beasts","floor":12.0,"turns":3.0},{"damage":4.0,"enemies":"Gremlin Gang","floor":14.0,"turns":5.0},{"damage":32.0,"enemies":"Slime Boss","floor":16.0,"turns":8.0},{"damage":17.0,"enemies":"Shell Parasite","floor":18.0,"turns":7.0},{"damage":10.0,"enemies":"Chosen","floor":21.0,"turns":5.0},{"damage":2.0,"enemies":"Snake Plant","floor":24.0,"turns":4.0},{"damage":14.0,"enemies":"3 Cultists","floor":25.0,"turns":5.0},{"damage":7.0,"enemies":"Cultist and Chosen","floor":27.0,"turns":6.0},{"damage":14.0,"enemies":"Book of Stabbing","floor":29.0,"turns":5.0},{"damage":11.0,"enemies":"Centurion and Healer","floor":31.0,"turns":7.0},{"damage":9.0,"enemies":"Automaton","floor":33.0,"turns":12.0},{"damage":22.0,"enemies":"3 Shapes","floor":35.0,"turns":6.0},{"damage":37.0,"enemies":"Giant Head","floor":40.0,"turns":8.0},{"damage":21.0,"enemies":"3 Darklings","floor":41.0,"turns":3.0},{"damage":9,"enemies":"Writhing Mass","floor":45,"turns":6},{"damage":70,"enemies":"Reptomancer","floor":47,"turns":6}],"seed_played":"1247044024393193529","potions_obtained":[{"floor":2.0,"key":"SmokeBomb"},{"floor":2.0,"key":"Swift Potion"},{"floor":3.0,"key":"Poison Potion"},{"floor":6.0,"key":"CunningPotion"},{"floor":14.0,"key":"Explosive Potion"},{"floor":16.0,"key":"BlessingOfTheForge"},{"floor":18.0,"key":"FairyPotion"},{"floor":24.0,"key":"CunningPotion"},{"floor":27.0,"key":"Energy Potion"}],"is_trial":false,"path_per_floor":["M","?","M","M","?","E","?","R","T","E","$","M","?","M","R","B",null,"M","?","$","M","?","R","M","M","T","M","R","E","R","M","R","B",null,"M","?","T","?","$","E","M","R","T","R","M","?","E"],"character_chosen":"THE_SILENT","items_purchased":["Caltrops","Venomology+1","Choke","GhostInAJar"],"campfire_rested":4,"item_purchase_floors":[11,20,39,39],"current_hp_per_floor":[59,59,59,57,57,37,66,66,66,37,37,37,42,38,38,8,55,38,38,38,30,24,45,45,33,33,40,61,63,63,58,58,64,69,55,55,55,55,55,38,19,40,40,61,67,67,0,0],"gold":62,"neow_bonus":"ONE_RARE_RELIC","is_daily":false,"chose_seed":false,"campfire_upgraded":4,"win_rate":0.0,"timestamp":1614039957,"path_taken":["M","?","?","M","?","E","?","R","T","E","$","?","?","M","R","BOSS","M","?","$","?","?","R","M","M","T","M","R","E","R","?","R","BOSS","M","?","?","?","$","E","M","R","T","R","M","?","E"],"items_purchased_type":["Card","Card","Card","Potion"],"build_version":"2020-12-22","purchased_purges":2,"victory":false,"max_hp_per_floor":[66,66,66,66,66,66,66,66,66,66,66,66,71,71,71,71,71,71,71,71,71,71,71,71,71,71,71,71,71,71,71,71,71,71,71,71,71,71,71,71,71,71,71,71,71,67,67,67],"relic_stats":{"counters":[21,115],"Bird Faced Urn":[61],"Prayer Wheel":6,"Tingsha":[15],"Juzu Bracelet":0,"Orichalcum":[102],"obtain_stats":[{"WristBlade":34,"Bird Faced Urn":0,"Vajra":37,"Prayer Wheel":29,"Tingsha":40,"Juzu Bracelet":43,"Toxic Egg 2":6,"Orichalcum":10,"Ring of the Serpent":17,"Toy Ornithopter":26,"Ring of the Snake":0,"Mercury Hourglass":9},{"WristBlade":16,"Bird Faced Urn":0,"Vajra":17,"Prayer Wheel":14,"Tingsha":18,"Juzu Bracelet":19,"Toxic Egg 2":4,"Orichalcum":5,"Ring of the Serpent":8,"Toy Ornithopter":12,"Ring of the Snake":0,"Mercury Hourglass":4},{"WristBlade":86,"Bird Faced Urn":0,"Vajra":92,"Prayer Wheel":67,"Tingsha":100,"Juzu Bracelet":103,"Toxic Egg 2":16,"Orichalcum":20,"Ring of the Serpent":35,"Toy Ornithopter":56,"Ring of the Snake":0,"Mercury Hourglass":16}],"Toy Ornithopter":45,"Mercury Hourglass":[442]},"card_choices":[{"not_picked":["Heel Hook","Masterful Stab"],"picked":"Blade Dance","floor":1.0},{"not_picked":["Flying Knee","Setup","Heel Hook"],"picked":"SKIP","floor":3.0},{"not_picked":["Terror","Escape Plan"],"picked":"Bouncing Flask","floor":4.0},{"not_picked":["Dodge and Roll+1","Quick Slash"],"picked":"Deflect+1","floor":6.0},{"not_picked":["Eviscerate","Underhanded Strike"],"picked":"Cloak And Dagger+1","floor":10.0},{"not_picked":["Acrobatics+1","Well Laid Plans"],"picked":"Poisoned Stab","floor":12.0},{"not_picked":["Deflect+1","Riddle With Holes"],"picked":"Terror+1","floor":14.0},{"not_picked":["Unload","Glass Knife"],"picked":"Adrenaline+1","floor":16.0},{"not_picked":["Deadly Poison+1","Bane"],"picked":"Cloak And Dagger+1","floor":18.0},{"not_picked":["Setup+1","Terror+1"],"picked":"Dash","floor":21.0},{"not_picked":["Dagger Throw","Cloak And Dagger+1"],"picked":"Blur+1","floor":24.0},{"not_picked":["Masterful Stab","Riddle With Holes"],"picked":"Footwork","floor":25.0},{"not_picked":["Slice","Underhanded Strike"],"picked":"Crippling Poison+1","floor":27.0},{"not_picked":["Prepared+1","Blade Dance+1"],"picked":"Noxious Fumes","floor":29.0},{"not_picked":["Backflip+1","Noxious Fumes"],"picked":"Storm of Steel+1","floor":31.0},{"not_picked":["Dagger Throw","Prepared+1"],"picked":"Crippling Poison+1","floor":31.0},{"not_picked":["Die Die Die","Tools of the Trade"],"picked":"After Image","floor":33.0},{"not_picked":["Eviscerate+1","Acrobatics+1"],"picked":"Noxious Fumes+1","floor":35.0},{"not_picked":["Blade Dance+1","Outmaneuver+1"],"picked":"Caltrops","floor":35.0},{"not_picked":["Deep Breath+1","Magnetism"],"picked":"Forethought+1","floor":36.0},{"not_picked":["Deadly Poison+1","Caltrops","Slice+1"],"picked":"SKIP","floor":40.0},{"not_picked":["Underhanded Strike","Endless Agony"],"picked":"PiercingWail+1","floor":41.0},{"not_picked":["Riddle With Holes","Blade Dance+1","Outmaneuver+1"],"picked":"SKIP","floor":41.0},{"not_picked":["Quick Slash+1","Wraith Form v2"],"picked":"Dodge and Roll+1","floor":45},{"not_picked":["Eviscerate+1","Flying Knee+1"],"picked":"Backflip+1","floor":45}],"player_experience":652470,"relics_obtained":[{"floor":6.0,"key":"Toxic Egg 2"},{"floor":9.0,"key":"Mercury Hourglass"},{"floor":10.0,"key":"Orichalcum"},{"floor":26.0,"key":"Toy Ornithopter"},{"floor":29.0,"key":"Prayer Wheel"},{"floor":37.0,"key":"Vajra"},{"floor":40.0,"key":"Tingsha"},{"floor":43.0,"key":"Juzu Bracelet"}],"event_choices":[{"damage_healed":0.0,"max_hp_gain":0.0,"max_hp_loss":0.0,"gold_gain":0.0,"event_name":"Lab","player_choice":"Got Potions","floor":2.0,"gold_loss":0.0,"damage_taken":0.0},{"damage_healed":0.0,"max_hp_gain":0.0,"max_hp_loss":0.0,"gold_gain":0.0,"event_name":"Golden Wing","player_choice":"Ignored","floor":5.0,"gold_loss":0.0,"damage_taken":0.0},{"damage_healed":29.0,"max_hp_gain":0.0,"max_hp_loss":0.0,"gold_gain":0.0,"event_name":"Wheel of Change","player_choice":"Full Heal","floor":7.0,"gold_loss":0.0,"damage_taken":0.0},{"damage_healed":0.0,"max_hp_gain":5.0,"max_hp_loss":0.0,"gold_gain":0.0,"event_name":"Big Fish","player_choice":"Donut","floor":13.0,"gold_loss":0.0,"damage_taken":0.0},{"cards_removed":["Strike_G"],"damage_healed":0.0,"max_hp_gain":0.0,"max_hp_loss":0.0,"gold_gain":0.0,"event_name":"Bonfire Elementals","player_choice":"Offered Basic","floor":19.0,"gold_loss":0.0,"damage_taken":0.0},{"damage_healed":0.0,"max_hp_gain":0.0,"max_hp_loss":0.0,"gold_gain":0.0,"event_name":"Knowing Skull","player_choice":"","floor":22.0,"potions_obtained":[],"gold_loss":0.0,"damage_taken":6.0,"cards_obtained":[]},{"damage_healed":0.0,"max_hp_gain":0.0,"max_hp_loss":0.0,"gold_gain":3.0,"event_name":"betterStone:BetterStone","player_choice":"1","floor":36.0,"gold_loss":0.0,"damage_taken":0.0},{"damage_healed":0.0,"max_hp_gain":0.0,"max_hp_loss":0.0,"gold_gain":0.0,"event_name":"Mysterious Sphere","player_choice":"Ignored","floor":38.0,"gold_loss":0.0,"damage_taken":0.0},{"damage_healed":0,"gold_gain":0,"player_choice":"Max HP","damage_taken":0,"max_hp_gain":0,"max_hp_loss":4,"event_name":"Winding Halls","floor":46,"gold_loss":0}],"is_beta":false,"boss_relics":[{"not_picked":["SacredBark","HoveringKite"],"picked":"Ring of the Serpent"},{"not_picked":["Cursed Key","Runic Dome"],"picked":"WristBlade"}],"items_purged_floors":[20,39],"is_endless":false,"potions_floor_spawned":[3,6,14,16,18,24,27],"killed_by":"Reptomancer","ascension_level":19}}