{"host":"7bvt9h5xvpviio59","time":1614081241,"event":{"mods":["BaseMod","Colored Powertips","Conspire","Hubris","Infinite Spire","Minty Spire (QoL Compilation)","Rare Cards Sparkle","Replay The Spire","StSLib"],"gold_per_floor":[113,124,71,91,91,91,102,102,150,150,169,185,85,138,138,164,164],"floor_reached":16,"language":"ENG","playtime":355,"items_purged":[],"score":165,"play_id":"71dd31e4-5eeb-43d9-bf29-e663762a108c","local_time":"20210223195401","is_ascension_mode":true,"campfire_choices":[{"data":"hubris:InfiniteBlow","floor":6,"key":"SMITH"},{"data":"hubris:InfiniteBlow+1","floor":8,"key":"SMITH"},{"data":"hubris:InfiniteBlow+2","floor":10,"key":"SMITH"},{"data":"hubris:InfiniteBlow+3","floor":15,"key":"SMITH"}],"circlet_count":0,"master_deck":["AscendersBane","Strike_R","Strike_R","Strike_R","Strike_R","Strike_R","Defend_R","Defend_R","Defend_R","Defend_R","Bash","Clash","Thunderclap","Flame Barrier","Shrug It Off","Heavy Blade","Normality","Clumsy","hubris:InfiniteBlow+4","Fiend Fire","conspire:SpireCoStock","conspire:SpireCoStock","True Grit"],"relics":["Burning Blood","Boot"],"acts_visited":["Exordium"],"potions_floor_usage":[16,16],"damage_taken":[{"damage":3,"enemies":"2 Louse","floor":1,"turns":3},{"damage":12,"enemies":"Jaw Worm","floor":2,"turns":3},{"damage":3,"enemies":"Small Slimes","floor":4,"turns":3},{"damage":12,"enemies":"Blue Slaver","floor":7,"turns":4},{"damage":7,"enemies":"conspire:2 RoseBushes","floor":11,"turns":6},{"damage":16,"enemies":"Large Slime","floor":12,"turns":6},{"damage":14,"enemies":"Exordium Wildlife","floor":14,"turns":4},{"damage":47,"enemies":"Slime Boss","floor":16,"turns":9}],"seed_played":"-3710153180857149927","potions_obtained":[{"floor":2,"key":"Flashbang"},{"floor":4,"key":"Energy Potion"}],"is_trial":false,"path_per_floor":["M","M","$","M","?","R","M","R","T","R","M","M","?","M","R","B"],"character_chosen":"IRONCLAD","items_purchased":["Shrug It Off"],"campfire_rested":0,"item_purchase_floors":[3],"current_hp_per_floor":[71,65,65,68,68,68,62,62,62,62,61,51,51,43,43,0,0],"gold":164,"neow_bonus":"THREE_CARDS","is_daily":false,"chose_seed":false,"campfire_upgraded":4,"win_rate":0.0,"timestamp":1614081241,"path_taken":["M","M","$","M","?","R","M","R","T","R","M","M","?","M","R","BOSS"],"items_purchased_type":["Card"],"build_version":"2020-12-22","purchased_purges":0,"victory":false,"max_hp_per_floor":[75,75,75,75,75,75,75,75,75,75,75,75,75,75,75,75,75],"card_choices":[{"not_picked":["Pommel Strike","Body Slam"],"picked":"Clash","floor":0},{"not_picked":["ReplayTheSpireMod:Strike From Hell","Wild Strike"],"picked":"Thunderclap","floor":1},{"not_picked":["conspire:Charge","hubris:ReadiedAction"],"picked":"Flame Barrier","floor":2},{"not_picked":["Cleave","Sword Boomerang"],"picked":"Heavy Blade","floor":4},{"not_picked":["ReplayTheSpireMod:Chaos Vortex","infinitespire:SevenWalls"],"picked":"hubris:InfiniteBlow","floor":5},{"not_picked":["Pommel Strike","Infernal Blade","Run Through"],"picked":"SKIP","floor":7},{"not_picked":["Intimidate","Rupture"],"picked":"Fiend Fire","floor":11},{"not_picked":["Sword Boomerang","Replay:Undeath\u0027s Touch","Dropkick"],"picked":"SKIP","floor":12},{"not_picked":["Armaments","Warcry"],"picked":"True Grit","floor":14}],"player_experience":488581,"relics_obtained":[{"floor":9,"key":"Boot"}],"event_choices":[{"damage_healed":0,"gold_gain":0,"player_choice":"Invest 2","damage_taken":0,"max_hp_gain":0,"max_hp_loss":0,"event_name":"conspire:Investor","floor":13,"gold_loss":0}],"is_beta":false,"boss_relics":[],"items_purged_floors":[],"is_endless":false,"potions_floor_spawned":[2,4],"killed_by":"Slime Boss","ascension_level":15}}