{"host":"at5b10nm0iti0w4x","time":1614122982,"event":{"mods":["2.2 Compatiblity","AchievementEnabler","BaseMod","Bestiary","Block Reminder","Colored Map","Colored Powertips","Highlight Path","Keyboard Shortcuts","Minty Spire (QoL Compilation)","Quick Restart","Relic Stats","Slay the Relics Exporter","StSLib","SuperFastMode","Unknown Chances"],"gold_per_floor":[109,127,38,113,113,151,176,210,235,235,259,275,125,125,125,125,125],"floor_reached":16,"language":"ENG","playtime":354,"items_purged":[],"score":135,"play_id":"8bbce389-3f16-4178-934f-17601cccd528","local_time":"20210223182942","is_ascension_mode":false,"campfire_choices":[{"data":"Entrench","floor":10,"key":"SMITH"},{"data":"Armaments","floor":15,"key":"SMITH"}],"circlet_count":0,"master_deck":["Strike_R","Strike_R","Strike_R","Strike_R","Strike_R","Defend_R","Defend_R","Defend_R","Defend_R","Bash","Pommel Strike","Shrug It Off","Inflame","Entrench+1","Pommel Strike","Seeing Red","Armaments+1","Wild Strike"],"relics":["Burning Blood","NeowsBlessing","Golden Idol","Art of War","Strawberry","Omamori","Red Skull"],"acts_visited":["Exordium"],"potions_floor_usage":[16,16],"damage_taken":[{"damage":0,"enemies":"Jaw Worm","floor":1,"turns":1},{"damage":0,"enemies":"2 Louse","floor":2,"turns":1},{"damage":0,"enemies":"Gremlin Nob","floor":6,"turns":1},{"damage":0,"enemies":"Small Slimes","floor":7,"turns":4},{"damage":29,"enemies":"Lagavulin","floor":8,"turns":6},{"damage":19,"enemies":"Exordium Thugs","floor":11,"turns":6},{"damage":23,"enemies":"Gremlin Gang","floor":12,"turns":7},{"damage":16,"enemies":"Hexaghost","floor":16,"turns":9}],"seed_played":"-4546378552204053348","potions_obtained":[{"floor":7,"key":"Ancient Potion"},{"floor":12,"key":"PowerPotion"}],"is_trial":false,"path_per_floor":["M","M","$","?","?","E","M","E","T","R","M","M","$","?","R","B"],"character_chosen":"IRONCLAD","items_purchased":["Inflame","PowerPotion","Red Skull"],"campfire_rested":0,"item_purchase_floors":[3,3,13],"current_hp_per_floor":[80,80,80,69,49,55,61,45,45,45,32,15,15,15,15,0,0],"gold":125,"neow_bonus":"THREE_ENEMY_KILL","is_daily":false,"chose_seed":false,"campfire_upgraded":2,"win_rate":0.0,"timestamp":1614122982,"path_taken":["M","M","$","?","?","E","M","E","T","R","M","M","$","?","R","BOSS"],"items_purchased_type":["Card","Potion","Relic"],"build_version":"2020-12-22","purchased_purges":0,"victory":false,"max_hp_per_floor":[80,80,80,80,80,80,80,87,87,87,87,87,87,87,87,87,87],"relic_stats":{"counters":[8,35],"Golden Idol":28,"Art of War":[4],"obtain_stats":[{"NeowsBlessing":0,"Golden Idol":5,"Strawberry":8,"Art of War":6,"Omamori":9,"Burning Blood":0,"Red Skull":13},{"NeowsBlessing":0,"Golden Idol":2,"Strawberry":5,"Art of War":3,"Omamori":5,"Burning Blood":0,"Red Skull":7},{"NeowsBlessing":0,"Golden Idol":2,"Strawberry":13,"Art of War":3,"Omamori":13,"Burning Blood":0,"Red Skull":26}],"Burning Blood":30},"card_choices":[{"not_picked":["Headbutt","Anger"],"picked":"Pommel Strike","floor":1},{"not_picked":["Searing Blow","True Grit"],"picked":"Shrug It Off","floor":2},{"not_picked":["Headbutt","Clash"],"picked":"Entrench","floor":6},{"not_picked":["Perfected Strike","Feel No Pain"],"picked":"Pommel Strike","floor":7},{"not_picked":["Pommel Strike","Shrug It Off"],"picked":"Seeing Red","floor":8},{"not_picked":["Shockwave","Feel No Pain"],"picked":"Armaments","floor":11},{"not_picked":["Warcry","Heavy Blade"],"picked":"Wild Strike","floor":12}],"player_experience":125215,"relics_obtained":[{"floor":6,"key":"Art of War"},{"floor":8,"key":"Strawberry"},{"floor":9,"key":"Omamori"}],"event_choices":[{"damage_healed":0,"gold_gain":75,"player_choice":"Gather Gold","damage_taken":11,"max_hp_gain":0,"max_hp_loss":0,"event_name":"World of Goop","floor":4,"gold_loss":0},{"damage_healed":0,"gold_gain":0,"player_choice":"Take Damage","damage_taken":20,"relics_obtained":["Golden Idol"],"max_hp_gain":0,"max_hp_loss":0,"event_name":"Golden Idol","floor":5,"gold_loss":0},{"damage_healed":0,"gold_gain":0,"player_choice":"Ignored","damage_taken":0,"max_hp_gain":0,"max_hp_loss":0,"event_name":"Shining Light","floor":14,"gold_loss":0}],"is_beta":false,"boss_relics":[],"items_purged_floors":[],"is_endless":false,"potions_floor_spawned":[7,12],"killed_by":"Hexaghost","ascension_level":0}}