{"host":"dlqyscxstsnu98l1","time":1614073024,"event":{"mods":["AchievementEnabler","BaseMod","Colored Map","Colored Powertips","GifTheSpireLib","Highlight Path","Minty Spire (QoL Compilation)","Random Character Button","SacredBarkPlus","StSLib","everything is the same but u backflip on backflip"],"gold_per_floor":[116,126,24,37,3,31,31,31,31,106,124,134,160,171,171,272,272,291,306,306,316,326,354,373,392,437,449,461,473,485,513,525,639,651,681,395,414,464,474,474,487,487,510,523,523,523,542,559,559,559,559,559,143,168,168,168],"floor_reached":55,"language":"ENG","playtime":2777,"items_purged":["Strike_G+1","Strike_G+1"],"score":959,"play_id":"ebfb4ec2-017c-4792-b83e-50f4cdec10c4","local_time":"20210223033704","is_ascension_mode":true,"campfire_choices":[{"data":"Dagger Spray","floor":7.0,"key":"SMITH"},{"floor":15.0,"key":"REST"},{"floor":27.0,"key":"REST"},{"floor":29.0,"key":"REST"},{"floor":32.0,"key":"REST"},{"floor":40.0,"key":"REST"},{"floor":42.0,"key":"REST"},{"floor":46.0,"key":"RECALL"},{"floor":49.0,"key":"REST"},{"floor":52,"key":"REST"}],"circlet_count":0,"master_deck":["Strike_G+1","Strike_G+1","Strike_G+1","Defend_G+1","Defend_G+1","Defend_G+1","Defend_G+1","Defend_G+1","Survivor","Neutralize+1","Cloak And Dagger","Deadly Poison","Leg Sweep","Deadly Poison","Backstab","Dagger Spray+1","Dodge and Roll","Dash","PiercingWail","Backflip","PiercingWail","Leg Sweep","Night Terror","Well Laid Plans","Catalyst+1","Catalyst","Dodge and Roll","Bullet Time","PiercingWail+1","Noxious Fumes","Dodge and Roll+1","Deadly Poison+1","Deadly Poison+1","Noxious Fumes","PiercingWail+1"],"relics":["Ring of the Snake","NeowsBlessing","Prayer Wheel","Letter Opener","Peace Pipe","StrikeDummy","Fusion Hammer","MawBank","SlaversCollar","TwistedFunnel","Thread and Needle","Orichalcum","Oddly Smooth Stone"],"acts_visited":["Exordium","TheCity","TheBeyond","TheEnding"],"potions_floor_usage":[50,55,55],"damage_taken":[{"damage":0.0,"enemies":"Jaw Worm","floor":1.0,"turns":1.0},{"damage":0.0,"enemies":"Cultist","floor":2.0,"turns":1.0},{"damage":0.0,"enemies":"Small Slimes","floor":4.0,"turns":1.0},{"damage":15.0,"enemies":"Lagavulin","floor":6.0,"turns":8.0},{"damage":0.0,"enemies":"Blue Slaver","floor":11.0,"turns":3.0},{"damage":0.0,"enemies":"3 Louse","floor":12.0,"turns":2.0},{"damage":25.0,"enemies":"Gremlin Nob","floor":13.0,"turns":4.0},{"damage":1.0,"enemies":"Looter","floor":14.0,"turns":4.0},{"damage":13.0,"enemies":"Hexaghost","floor":16.0,"turns":13.0},{"damage":7.0,"enemies":"Shell Parasite","floor":18.0,"turns":5.0},{"damage":0.0,"enemies":"3 Byrds","floor":19.0,"turns":4.0},{"damage":0.0,"enemies":"3 Cultists","floor":21.0,"turns":4.0},{"damage":6.0,"enemies":"Snake Plant","floor":22.0,"turns":5.0},{"damage":17.0,"enemies":"Gremlin Leader","floor":23.0,"turns":8.0},{"damage":5.0,"enemies":"Shelled Parasite and Fungi","floor":24.0,"turns":5.0},{"damage":17.0,"enemies":"Cultist and Chosen","floor":25.0,"turns":8.0},{"damage":0.0,"enemies":"Chosen and Byrds","floor":31.0,"turns":5.0},{"damage":15.0,"enemies":"Champ","floor":33.0,"turns":10.0},{"damage":20.0,"enemies":"3 Darklings","floor":35.0,"turns":6.0},{"damage":0.0,"enemies":"3 Shapes","floor":37.0,"turns":4.0},{"damage":6.0,"enemies":"Mind Bloom Boss Battle","floor":38.0,"turns":7.0},{"damage":18.0,"enemies":"Transient","floor":39.0,"turns":5.0},{"damage":9.0,"enemies":"4 Shapes","floor":41.0,"turns":4.0},{"damage":12.0,"enemies":"Jaw Worm Horde","floor":44.0,"turns":5.0},{"damage":6.0,"enemies":"Writhing Mass","floor":47.0,"turns":4.0},{"damage":29.0,"enemies":"Maw","floor":48.0,"turns":8.0},{"damage":16,"enemies":"Time Eater","floor":50,"turns":6},{"damage":20,"enemies":"Shield and Spear","floor":54,"turns":9},{"damage":50,"enemies":"The Heart","floor":55,"turns":9}],"seed_played":"6754552464280246639","potions_obtained":[{"floor":6.0,"key":"PowerPotion"},{"floor":12.0,"key":"Explosive Potion"},{"floor":16.0,"key":"Explosive Potion"},{"floor":18.0,"key":"PowerPotion"},{"floor":21.0,"key":"BlessingOfTheForge"},{"floor":22.0,"key":"Block Potion"},{"floor":24.0,"key":"Explosive Potion"},{"floor":33.0,"key":"Swift Potion"},{"floor":38.0,"key":"Block Potion"},{"floor":39.0,"key":"Energy Potion"},{"floor":47.0,"key":"Poison Potion"}],"is_trial":false,"path_per_floor":["M","M","?","M","$","E","R","?","T","?","M","M","E","M","R","B",null,"M","M","?","M","M","E","M","M","T","R","?","R","?","M","R","B",null,"M","$","M","?","M","R","M","R","T","M","?","R","M","M","R","B",null,"R","$","E","B"],"character_chosen":"THE_SILENT","items_purchased":["Backstab","TwistedFunnel","Noxious Fumes","Noxious Fumes","Block Potion","Energy Potion","Orichalcum"],"campfire_rested":8,"item_purchase_floors":[5,36,36,53,53,53,53],"current_hp_per_floor":[63,63,63,63,63,48,48,48,48,37,37,37,12,11,32,19,57,50,50,50,50,44,27,22,5,5,26,26,47,47,47,68,53,66,46,46,46,40,22,43,34,55,55,43,43,43,37,8,29,13,56,70,70,50,0,0],"gold":168,"neow_bonus":"THREE_ENEMY_KILL","is_daily":false,"chose_seed":false,"campfire_upgraded":1,"win_rate":0.0,"timestamp":1614073024,"path_taken":["M","M","?","?","?","E","R","?","T","?","M","?","E","M","R","BOSS","M","M","?","M","M","E","M","M","T","R","?","R","?","M","R","BOSS","M","$","M","?","M","R","M","R","T","M","?","R","M","M","R","BOSS","R","$","E","BOSS"],"items_purchased_type":["Card","Relic","Card","Card","Potion","Potion","Relic"],"build_version":"2020-12-22","purchased_purges":2,"victory":false,"max_hp_per_floor":[70,70,70,70,70,70,70,70,70,70,70,70,70,70,70,70,70,70,70,70,70,70,70,70,70,70,70,70,70,70,70,70,70,70,70,70,70,70,70,70,70,70,70,70,70,70,70,70,70,70,70,70,70,70,70,70],"card_choices":[{"not_picked":["Quick Slash","Acrobatics"],"picked":"Cloak And Dagger","floor":1.0},{"not_picked":["Reflex","Finisher"],"picked":"Deadly Poison","floor":2.0},{"not_picked":["Backflip","Flying Knee"],"picked":"Leg Sweep","floor":4.0},{"not_picked":["Night Terror","Reflex"],"picked":"Deadly Poison","floor":4.0},{"not_picked":["Concentrate","Endless Agony"],"picked":"Dagger Spray","floor":6.0},{"not_picked":["Eviscerate","Prepared"],"picked":"Dodge and Roll","floor":11.0},{"not_picked":["Deflect","Poisoned Stab"],"picked":"Dash","floor":11.0},{"not_picked":["Eviscerate","Distraction"],"picked":"PiercingWail","floor":12.0},{"not_picked":["Blade Dance","Envenom"],"picked":"Backflip","floor":12.0},{"not_picked":["Underhanded Strike","Sucker Punch"],"picked":"PiercingWail","floor":13.0},{"not_picked":["Concentrate","Underhanded Strike"],"picked":"Leg Sweep","floor":14.0},{"not_picked":["Underhanded Strike","Quick Slash","Choke"],"picked":"SKIP","floor":14.0},{"not_picked":["Venomology","Tools of the Trade"],"picked":"Night Terror","floor":16.0},{"not_picked":["Endless Agony","Underhanded Strike","Choke"],"picked":"SKIP","floor":18.0},{"not_picked":["Prepared+1","Eviscerate","Choke"],"picked":"SKIP","floor":18.0},{"not_picked":["Cloak And Dagger","Acrobatics","Riddle With Holes"],"picked":"SKIP","floor":19.0},{"not_picked":["Masterful Stab+1","Dodge and Roll","Backstab+1"],"picked":"SKIP","floor":19.0},{"not_picked":["Slice","Sucker Punch"],"picked":"Well Laid Plans","floor":21.0},{"not_picked":["Outmaneuver","Tactician","Grand Finale"],"picked":"SKIP","floor":21.0},{"not_picked":["Reflex","Accuracy"],"picked":"Catalyst","floor":22.0},{"not_picked":["Heel Hook+1","Quick Slash","Dagger Spray"],"picked":"SKIP","floor":22.0},{"not_picked":["Acrobatics","Dagger Throw+1","Flechettes"],"picked":"SKIP","floor":23.0},{"not_picked":["Deadly Poison","PiercingWail"],"picked":"Catalyst","floor":24.0},{"not_picked":["Dagger Spray+1","Bane","Escape Plan+1"],"picked":"SKIP","floor":24.0},{"not_picked":["Cloak And Dagger","Blade Dance"],"picked":"Dodge and Roll","floor":25.0},{"not_picked":["Envenom","Cloak And Dagger+1","Reflex"],"picked":"SKIP","floor":25.0},{"not_picked":["Sucker Punch","Dash","Bane"],"picked":"SKIP","floor":31.0},{"not_picked":["Flying Knee","Infinite Blades","Phantasmal Killer"],"picked":"SKIP","floor":31.0},{"not_picked":["Storm of Steel","Night Terror"],"picked":"Bullet Time","floor":33.0},{"not_picked":["Prepared+1","Terror+1"],"picked":"PiercingWail+1","floor":35.0},{"not_picked":["Masterful Stab","Bane+1","Dash"],"picked":"SKIP","floor":35.0},{"not_picked":["Deflect","Outmaneuver"],"picked":"Dodge and Roll+1","floor":37.0},{"not_picked":["Underhanded Strike+1","Masterful Stab+1","Flechettes+1"],"picked":"SKIP","floor":37.0},{"not_picked":["Night Terror","Dodge and Roll+1","Blade Dance"],"picked":"SKIP","floor":39.0},{"not_picked":["Dagger Throw+1","Backflip+1","Sucker Punch+1"],"picked":"SKIP","floor":39.0},{"not_picked":["Reflex+1","Dagger Spray+1"],"picked":"Deadly Poison+1","floor":41.0},{"not_picked":["Expertise","Tactician+1","Cloak And Dagger+1"],"picked":"SKIP","floor":41.0},{"not_picked":["Deflect","Prepared+1"],"picked":"Deadly Poison+1","floor":44.0},{"not_picked":["Reflex","PiercingWail+1","Finisher+1"],"picked":"SKIP","floor":44.0},{"not_picked":["Calculated Gamble","Slice","Flying Knee"],"picked":"SKIP","floor":47.0},{"not_picked":["Dodge and Roll+1","Deflect+1","Poisoned Stab"],"picked":"SKIP","floor":47.0},{"not_picked":["Backstab","Finisher+1","Bane"],"picked":"SKIP","floor":48.0},{"not_picked":["Expertise+1","Slice","Doppelganger"],"picked":"SKIP","floor":48.0},{"not_picked":["Cloak And Dagger","Dagger Spray+1"],"picked":"PiercingWail+1","floor":54}],"player_experience":273200,"relics_obtained":[{"floor":6.0,"key":"Letter Opener"},{"floor":9.0,"key":"Peace Pipe"},{"floor":13.0,"key":"StrikeDummy"},{"floor":26.0,"key":"MawBank"},{"floor":38.0,"key":"Thread and Needle"},{"floor":54,"key":"Oddly Smooth Stone"}],"event_choices":[{"damage_healed":0.0,"max_hp_gain":0.0,"max_hp_loss":0.0,"gold_gain":0.0,"event_name":"WeMeetAgain","player_choice":"Paid Gold","floor":3.0,"gold_loss":102.0,"damage_taken":0.0,"relics_obtained":["Prayer Wheel"]},{"damage_healed":0.0,"max_hp_gain":0.0,"max_hp_loss":0.0,"gold_gain":0.0,"event_name":"Living Wall","player_choice":"Grow","floor":8.0,"gold_loss":0.0,"damage_taken":0.0,"cards_upgraded":["Neutralize"]},{"damage_healed":0.0,"max_hp_gain":0.0,"max_hp_loss":0.0,"gold_gain":75.0,"event_name":"World of Goop","player_choice":"Gather Gold","floor":10.0,"gold_loss":0.0,"damage_taken":11.0},{"damage_healed":0.0,"max_hp_gain":0.0,"max_hp_loss":0.0,"gold_gain":0.0,"event_name":"Back to Basics","player_choice":"Simplicity","floor":20.0,"gold_loss":0.0,"damage_taken":0.0,"cards_upgraded":["Strike_G","Strike_G","Strike_G","Strike_G","Strike_G","Defend_G","Defend_G","Defend_G","Defend_G","Defend_G"]},{"damage_healed":0.0,"max_hp_gain":0.0,"max_hp_loss":0.0,"gold_gain":0.0,"event_name":"Cursed Tome","player_choice":"Ignored","floor":28.0,"gold_loss":0.0,"damage_taken":0.0},{"damage_healed":0.0,"max_hp_gain":0.0,"max_hp_loss":0.0,"gold_gain":0.0,"event_name":"Upgrade Shrine","player_choice":"Upgraded","floor":30.0,"gold_loss":0.0,"damage_taken":0.0,"cards_upgraded":["Catalyst"]},{"damage_healed":0.0,"max_hp_gain":0.0,"max_hp_loss":0.0,"gold_gain":0.0,"event_name":"MindBloom","player_choice":"Fight","floor":38.0,"gold_loss":0.0,"damage_taken":0.0},{"damage_healed":0.0,"max_hp_gain":0.0,"max_hp_loss":0.0,"gold_gain":0.0,"event_name":"Mysterious Sphere","player_choice":"Ignored","floor":45.0,"gold_loss":0.0,"damage_taken":0.0}],"is_beta":false,"boss_relics":[{"not_picked":["Calling Bell","Busted Crown"],"picked":"Fusion Hammer"},{"not_picked":["Runic Dome","Philosopher\u0027s Stone"],"picked":"SlaversCollar"}],"items_purged_floors":[36,53],"is_endless":false,"potions_floor_spawned":[6,12,16,18,21,22,24,33,38,39,47],"killed_by":"The Heart","ascension_level":6}}