{"host":"c1oza4x7xlyuasvd","time":1614076839,"event":{"mods":["ATMod(∞¢Ë™Mod)","Act Like it!","BaseMod","Better Vampires","Colored Powertips","Gensokyo","Marisa£®ÏF”Í°°ƒß¿Ì…≥£©","Minty Spire (QoL Compilation)","MostiFishMod","Reimu£®≤©¿ˆ¡È√Œ£©","StSLib","TestMod","The Animator","Waifu the Spire","Youmu£®ªÍ∆«—˝√Œ£©"],"gold_per_floor":[110,210,50,68,80,114,134,162,162,162,191,191,203,228,228,300,300,320,320,333,348,348,383,402,437,485,510,24,40,57,69,69,144,144,164,164,183,183,200,230,248,274,274,301,317,328,328,27,27,27,27,27,27,53,53],"floor_reached":56,"language":"ZHS","playtime":3724,"items_purged":["Strike_G"],"score":2735,"play_id":"8a5fe9c5-d2cf-4f14-b766-4f0bc59e86e7","local_time":"20210223184039","is_ascension_mode":true,"campfire_choices":[{"data":"Concentrate","floor":12.0,"key":"SMITH"},{"data":"AT_ArcaneSupremacy","floor":15.0,"key":"SMITH"},{"data":"Acrobatics","floor":32.0,"key":"SMITH"},{"data":"Well Laid Plans","floor":47,"key":"SMITH"},{"floor":49,"key":"RECALL"},{"data":"Gensokyo:FourOfAKind","floor":52,"key":"SMITH"}],"circlet_count":0,"master_deck":["AscendersBane","Strike_G+1","Strike_G","Strike_G","Strike_G","Defend_G","Defend_G","Defend_G","Defend_G","Survivor","Neutralize","AT_EmpoweredMortalDraw+1","AT_ArcaneSupremacy+1","Concentrate+1","Acrobatics+1","AT_ThistleTea","Venomology+1","Escape Plan","MostiFishMod:WinterMarkForm+1","MostiFishMod:Confrontation+1","Gensokyo:FourOfAKind","Gensokyo:FourOfAKind","Gensokyo:FourOfAKind+1","Gensokyo:FourOfAKind","Well Laid Plans+1","AT_Desolate","Reflex","AT_TwilightShroud","Envenom+1","Prepared","Escape Plan","Backflip+1","Burst+1","Footwork","Phantasmal Killer+1","Escape Plan","MostiFishMod:Listen+1"],"relics":["Ring of the Snake","testmod-TestBox","AT_ATBox","DaveBox","testmod-Register","BrkXgEgg","NeowsBlessing","SynthV:TestCard","Nilry\u0027s Codex","Mastiff:ReiMu","AT_RedNoBalance","Bag of Preparation","testmod-Hope","testmod-ThousandKnives","The Specimen","AT_TrinityForce","Bird Faced Urn","InkBottle","StoneCalendar","testmod-Nyarlathotep","Medical Kit","Sundial","OneHitWonderSystem","Letter Opener","Turnip","Regal Pillow","testmod-TurbochargingSystem","Whetstone","ClockworkSouvenir","TheAbacus","Pantograph"],"acts_visited":["Exordium","Gensokyo:Gensokyo","Gensokyo:Gensokyoer","TheEnding"],"potions_floor_usage":[35,39,41,44,50,55,55],"damage_taken":[{"damage":0.0,"enemies":"Gensokyo:2_Kodama","floor":1.0,"turns":1.0},{"damage":0.0,"enemies":"Gensokyo:3_Fairies","floor":4.0,"turns":1.0},{"damage":0.0,"enemies":"Gensokyo:Gryphon","floor":5.0,"turns":1.0},{"damage":0.0,"enemies":"Gensokyo:Mamizou","floor":6.0,"turns":6.0},{"damage":0.0,"enemies":"Gensokyo:2_Rabbits","floor":7.0,"turns":3.0},{"damage":19.0,"enemies":"Gensokyo:Cirno","floor":8.0,"turns":6.0},{"damage":0.0,"enemies":"Gensokyo:Mamizou","floor":11.0,"turns":3.0},{"damage":0.0,"enemies":"Gensokyo:LivingMonolith","floor":13.0,"turns":2.0},{"damage":0.0,"enemies":"Gensokyo:Aya","floor":14.0,"turns":4.0},{"damage":6.0,"enemies":"Gensokyo:Kokoro","floor":16.0,"turns":4.0},{"damage":12.0,"enemies":"Gensokyo:3_Dogs","floor":18.0,"turns":3.0},{"damage":14.0,"enemies":"Gensokyo:CosmicMonolith","floor":20.0,"turns":4.0},{"damage":13.0,"enemies":"Gensokyo:Swordslinger","floor":21.0,"turns":3.0},{"damage":8.0,"enemies":"Gensokyo:Koishi","floor":23.0,"turns":3.0},{"damage":4.0,"enemies":"Gensokyo:Monolith_and_Dog","floor":24.0,"turns":7.0},{"damage":0.0,"enemies":"Gensokyo:Tenshi","floor":25.0,"turns":5.0},{"damage":0.0,"enemies":"Gensokyo:Koishi","floor":27.0,"turns":6.0},{"damage":15.0,"enemies":"Gensokyo:Slime_Group","floor":29.0,"turns":5.0},{"damage":18.0,"enemies":"Gensokyo:3_Gloops","floor":30.0,"turns":5.0},{"damage":0.0,"enemies":"Gensokyo:Wraith","floor":31.0,"turns":5.0},{"damage":0.0,"enemies":"Gensokyo:Eiki","floor":33.0,"turns":5.0},{"damage":0,"enemies":"Gensokyo:AncientGuardian","floor":35,"turns":4},{"damage":0,"enemies":"Gensokyo:3_Bats","floor":37,"turns":1},{"damage":0,"enemies":"Gensokyo:SeedOfUnknown","floor":39,"turns":2},{"damage":0,"enemies":"Gensokyo:Doremy","floor":40,"turns":4},{"damage":0,"enemies":"Gensokyo:Sharpion","floor":41,"turns":3},{"damage":0,"enemies":"Gensokyo:Marisa","floor":42,"turns":3},{"damage":0,"enemies":"Gensokyo:Kasen","floor":44,"turns":4},{"damage":0,"enemies":"Gensokyo:3_Boulders","floor":45,"turns":4},{"damage":0,"enemies":"Gensokyo:AtlasGolem","floor":46,"turns":2},{"damage":0,"enemies":"Gensokyo:Scarlet_Devils","floor":50,"turns":4},{"damage":0,"enemies":"Shield and Spear","floor":54,"turns":2},{"damage":0,"enemies":"The Heart","floor":55,"turns":6}],"seed_played":"2378270174318572800","potions_obtained":[{"floor":5.0,"key":"SpeedPotion"},{"floor":6.0,"key":"Swift Potion"},{"floor":13.0,"key":"Swift Potion"},{"floor":21.0,"key":"BlessingOfTheForge"},{"floor":41,"key":"FairyPotion"}],"is_trial":false,"path_per_floor":["M","?","?","M","M","E","M","E","T","?","E","R","M","E","R","B",null,"M","?","M","M","?","E","M","E","T","E","$","M","M","M","R","B",null,"M","?","M","T","M","E","M","E","T","E","M","M","R","COS","R","B",null,"R","$","E","B",null],"character_chosen":"THE_SILENT","items_purchased":["Medical Kit","Sundial"],"campfire_rested":0,"item_purchase_floors":[28,28],"current_hp_per_floor":[59,59,59,59,59,59,59,40,40,27,33,33,33,33,33,27,56,21,21,9,10,10,22,30,36,36,30,30,44,44,44,44,44,1,1,1,1,1,1,1,1,1,1,1,1,1,1,1,1,1,1,1,1,1,1],"gold":53,"neow_bonus":"THREE_ENEMY_KILL","is_daily":false,"chose_seed":false,"campfire_upgraded":5,"win_rate":0.0,"timestamp":1614076839,"path_taken":["M","?","?","M","M","E","?","E","T","?","E","R","M","E","R","BOSS","M","?","?","M","?","E","M","E","T","E","?","M","?","M","R","BOSS","BOSS","M","?","M","?","M","E","M","E","T","E","M","M","R","COS","R","BOSS","R","$","E","BOSS"],"items_purchased_type":["Relic","Relic"],"build_version":"2020-12-22","purchased_purges":1,"victory":true,"max_hp_per_floor":[66,66,66,66,66,66,66,66,66,66,66,66,66,66,66,66,66,66,47,47,47,44,44,44,44,44,44,44,44,44,44,44,44,1,1,1,1,1,1,1,1,1,1,1,1,1,1,1,1,1,1,1,1,1,1],"card_choices":[{"not_picked":["Flying Knee","Quick Slash"],"picked":"AT_ArcaneSupremacy","floor":1.0},{"not_picked":["AT_WindFlip","Prepared","Outmaneuver","Dash","Blade Dance"],"picked":"SKIP","floor":4.0},{"not_picked":["Dagger Throw","Bullet Time+1","Deflect","Riddle With Holes"],"picked":"Concentrate","floor":5.0},{"not_picked":["Poisoned Stab","AT_ShadowStep","Terror","MostiFishMod:PreservedThorns"],"picked":"Acrobatics","floor":6.0},{"not_picked":["Finisher","Quick Slash","Noxious Fumes","Poisoned Stab"],"picked":"AT_ThistleTea","floor":7.0},{"not_picked":["Prepared","Calculated Gamble","Noxious Fumes","MostiFishMod:VineMother"],"picked":"Venomology+1","floor":8.0},{"not_picked":["Dagger Throw","Acrobatics","Dash","Choke"],"picked":"Escape Plan","floor":11.0},{"not_picked":["Underhanded Strike","Finisher","Deflect","Slice","Riddle With Holes"],"picked":"SKIP","floor":13.0},{"not_picked":["Caltrops","Skewer","Deflect","Prepared"],"picked":"MostiFishMod:WinterMarkForm+1","floor":14.0},{"not_picked":["Storm of Steel+1","MostiFishMod:LethalBlade+1","Envenom+1","Venomology+1"],"picked":"MostiFishMod:Confrontation+1","floor":16.0},{"not_picked":["Bane","Underhanded Strike","MostiFishMod:PerfectParry","Deadly Poison+1","Flying Knee+1"],"picked":"SKIP","floor":18.0},{"not_picked":["Acrobatics","Dagger Throw","Blade Dance","Flying Knee"],"picked":"Well Laid Plans","floor":20.0},{"not_picked":["Concentrate","Dodge and Roll","Deflect","Terror"],"picked":"AT_Desolate","floor":21.0},{"not_picked":["Prepared","Underhanded Strike","Bane","Blade Dance"],"picked":"Reflex","floor":23.0},{"not_picked":["Leg Sweep+1","Caltrops","MostiFishMod:PreservedThorns","Blur"],"picked":"AT_TwilightShroud","floor":24.0},{"not_picked":["Underhanded Strike","Deadly Poison","MostiFishMod:PerfectParry","Dash"],"picked":"Envenom+1","floor":25.0},{"not_picked":["MostiFishMod:PerfectParry","Blur+1","Deadly Poison","MostiFishMod:VineMother"],"picked":"Prepared","floor":27.0},{"not_picked":["MostiFishMod:VineMother","AT_TwilightShroud","Cloak And Dagger","Accuracy","Bouncing Flask"],"picked":"SKIP","floor":29.0},{"not_picked":["AT_WindRun","Masterful Stab","AT_WindFlip+1","Choke"],"picked":"Escape Plan","floor":30.0},{"not_picked":["Backstab","Deadly Poison","Poisoned Stab+1","Dodge and Roll"],"picked":"Backflip+1","floor":31.0},{"not_picked":["A Thousand Cuts+1","MostiFishMod:WinterMarkForm+1","AT_MyraUnstableElement+1","Die Die Die+1"],"picked":"Burst+1","floor":33},{"not_picked":["AT_TwilightShroud","AT_TinkerSharpsword","Deadly Poison","Poisoned Stab+1","Slice+1"],"picked":"SKIP","floor":35},{"not_picked":["Outmaneuver","Bane+1","Dodge and Roll+1","Riddle With Holes","Backflip+1"],"picked":"SKIP","floor":37},{"not_picked":["Dagger Spray","Flechettes","Outmaneuver","MostiFishMod:PerfectParry+1"],"picked":"Footwork","floor":39},{"not_picked":["Choke","Acrobatics","AT_TwilightShroud","Dash"],"picked":"Phantasmal Killer+1","floor":40},{"not_picked":["Flechettes","Riddle With Holes+1","Deflect","Underhanded Strike","Crippling Poison+1"],"picked":"SKIP","floor":41},{"not_picked":["Blade Dance","Poisoned Stab","Concentrate","All Out Attack","Deadly Poison+1"],"picked":"SKIP","floor":42},{"not_picked":["Sucker Punch","Prepared","Acrobatics","Heel Hook"],"picked":"Escape Plan","floor":44},{"not_picked":["Reflex","Poisoned Stab+1","MostiFishMod:PoisonShield+1","Accuracy","AT_ShadowStep"],"picked":"SKIP","floor":45},{"not_picked":["Backflip+1","Deadly Poison+1","Dagger Throw+1","AT_WindFlip"],"picked":"MostiFishMod:Listen+1","floor":46},{"not_picked":["Concentrate","Well Laid Plans+1","Dash+1","Setup+1","Dagger Spray"],"picked":"SKIP","floor":54}],"player_experience":261298,"relics_obtained":[{"floor":1.0,"key":"SynthV:TestCard"},{"floor":6.0,"key":"Mastiff:ReiMu"},{"floor":8.0,"key":"AT_SilverBalance"},{"floor":9.0,"key":"Bag of Preparation"},{"floor":11.0,"key":"testmod-ThousandKnives"},{"floor":14.0,"key":"The Specimen"},{"floor":23.0,"key":"InkBottle"},{"floor":25.0,"key":"StoneCalendar"},{"floor":27.0,"key":"testmod-Nyarlathotep"},{"floor":38,"key":"Letter Opener"},{"floor":40,"key":"Turnip"},{"floor":42,"key":"Regal Pillow"},{"floor":43,"key":"testmod-TurbochargingSystem"},{"floor":44,"key":"Whetstone"},{"floor":54,"key":"Pantograph"}],"event_choices":[],"is_beta":false,"boss_relics":[{"not_picked":["NightmareShop","Runic Pyramid"],"picked":"AT_TrinityForce"},{"not_picked":["testmod-SaigiyounoYou","SacredBark"],"picked":"OneHitWonderSystem"}],"items_purged_floors":[28],"is_endless":false,"potions_floor_spawned":[5,6,7,13,21,23,24,29,30,40,41,42,45,54],"ascension_level":14}}