{"host":"42xf941fomyavgzy","time":1614047153,"event":{"mods":["Act Like it!","Astrologer","BaseMod","Colored Map","DeckTracker","Minty Spire (QoL Compilation)","Shop Mod","StSLib","SuperFastMode","The Cursed"],"gold_per_floor":[109,109,125,139,52,52,67,17,17,17,48,63,63,74,74,74,74],"floor_reached":16,"language":"JPN","playtime":743,"items_purged":[],"score":148,"play_id":"62ec91bd-714d-49da-892c-0411c5b2072f","local_time":"20210223112553","is_ascension_mode":true,"campfire_choices":[{"data":"Armaments","floor":6,"key":"SMITH"},{"data":"True Grit","floor":10,"key":"SMITH"},{"data":"Fire Breathing","floor":13,"key":"SMITH"},{"data":"Enlightenment","floor":15,"key":"SMITH"}],"circlet_count":0,"master_deck":["Strike_R","Strike_R","Strike_R","Strike_R","Defend_R","Defend_R","Defend_R","Defend_R","Bash+1","Evolve","Dropkick","Armaments+1","Enlightenment+1","Dual Wield","True Grit+1","Corruption","Fire Breathing+1","Fiend Fire"],"relics":["Burning Blood","Mummified Hand","Regal Pillow"],"acts_visited":["Exordium"],"potions_floor_usage":[11],"damage_taken":[{"damage":4,"enemies":"Jaw Worm","floor":1,"turns":4},{"damage":1,"enemies":"Cultist","floor":3,"turns":3},{"damage":1,"enemies":"Small Slimes","floor":4,"turns":4},{"damage":9,"enemies":"2 Fungi Beasts","floor":7,"turns":5},{"damage":28,"enemies":"Lagavulin","floor":11,"turns":10},{"damage":22,"enemies":"Exordium Wildlife","floor":12,"turns":8},{"damage":9,"enemies":"Red Slaver","floor":14,"turns":4},{"damage":38,"enemies":"Hexaghost","floor":16,"turns":7}],"seed_played":"522554251737430663","potions_obtained":[{"floor":1,"key":"Dexterity Potion"}],"is_trial":false,"path_per_floor":["M","?","M","M","$","R","M","$","T","R","E","M","R","M","R","B"],"character_chosen":"IRONCLAD","items_purchased":["Enlightenment","True Grit"],"campfire_rested":0,"item_purchase_floors":[5,8],"current_hp_per_floor":[74,74,79,80,80,80,77,77,77,77,55,39,39,36,36,0,0],"gold":74,"neow_bonus":"UPGRADE_CARD","is_daily":false,"chose_seed":false,"campfire_upgraded":4,"win_rate":0.0,"timestamp":1614047153,"path_taken":["M","?","M","M","$","R","M","?","T","R","E","M","R","M","R","BOSS"],"items_purchased_type":["Card","Card"],"build_version":"2020-12-22","purchased_purges":0,"victory":false,"max_hp_per_floor":[80,80,80,80,80,80,80,80,80,80,80,80,80,80,80,80,80],"card_choices":[{"not_picked":["Headbutt","Armaments"],"picked":"Evolve","floor":1},{"not_picked":["Thunderclap","Pummel"],"picked":"Dropkick","floor":3},{"not_picked":["Entrench","Twin Strike"],"picked":"Armaments","floor":4},{"not_picked":["Bloodletting","Sword Boomerang"],"picked":"Dual Wield","floor":7},{"not_picked":["Iron Wave","Clash"],"picked":"Corruption","floor":11},{"not_picked":["Shrug It Off","Warcry"],"picked":"Fire Breathing","floor":12},{"not_picked":["Twin Strike","Dropkick"],"picked":"Fiend Fire","floor":14}],"player_experience":506588,"relics_obtained":[{"floor":9,"key":"Mummified Hand"},{"floor":11,"key":"Regal Pillow"}],"event_choices":[{"cards_removed":["Strike_R"],"damage_healed":0,"gold_gain":0,"player_choice":"Offered Basic","damage_taken":0,"max_hp_gain":0,"max_hp_loss":0,"event_name":"Bonfire Elementals","floor":2,"gold_loss":0}],"is_beta":false,"boss_relics":[],"items_purged_floors":[],"is_endless":false,"potions_floor_spawned":[1],"killed_by":"Hexaghost","ascension_level":9}}