{"host":"g3js2eermvvpeiqn","time":1614119881,"event":{"mods":["BaseMod","DeckTracker","Downfall","Minty Spire (QoL Compilation)","Quick Restart","StSLib"],"gold_per_floor":[116,116,133,143,143,172,182,182,205,219,219,245,271,291,291,291,291],"floor_reached":16,"language":"ENG","playtime":544,"items_purged":[],"score":224,"play_id":"365c2b62-2522-438e-97e0-a319f040161e","local_time":"20210223163801","is_ascension_mode":true,"campfire_choices":[{"floor":11.0,"key":"REST"},{"data":"Hologram","floor":15.0,"key":"SMITH"}],"circlet_count":0,"master_deck":["AscendersBane","Strike_B","Strike_B","Strike_B","Strike_B","Defend_B","Defend_B","Defend_B","Defend_B","Zap","Dualcast","Reboot","Beam Cell","Ball Lightning","Hologram+1","Electrodynamics","Gash","Zap","Double Energy"],"relics":["Cracked Core","CultistMask","DataDisk","Guardian:PocketSentry","Lantern","Regal Pillow"],"acts_visited":["Exordium"],"potions_floor_usage":[],"damage_taken":[{"damage":4.0,"enemies":"Small Slimes","floor":1.0,"turns":3.0},{"damage":0.0,"enemies":"Cultist","floor":3.0,"turns":2.0},{"damage":2.0,"enemies":"Jaw Worm","floor":4.0,"turns":3.0},{"damage":32.0,"enemies":"Gremlin Nob","floor":6.0,"turns":4.0},{"damage":7.0,"enemies":"Exordium Thugs","floor":7.0,"turns":2.0},{"damage":4.0,"enemies":"Blue Slaver","floor":10.0,"turns":2.0},{"damage":12.0,"enemies":"3 Sentries","floor":12.0,"turns":3.0},{"damage":6.0,"enemies":"Looter","floor":14.0,"turns":2.0},{"damage":17,"enemies":"Hexaghost","floor":16,"turns":5}],"seed_played":"4343955217470948999","potions_obtained":[{"floor":3.0,"key":"DuplicationPotion"},{"floor":6.0,"key":"Swift Potion"},{"floor":10.0,"key":"ColorlessPotion"}],"is_trial":false,"path_per_floor":["M","?","M","M","?","E","M","?","T","M","R","E","T","M","R","B"],"character_chosen":"DEFECT","items_purchased":[],"campfire_rested":1,"item_purchase_floors":[],"current_hp_per_floor":[60,60,60,58,58,26,19,19,19,15,34,22,22,16,16,0,0],"gold":291,"neow_bonus":"THREE_RARE_CARDS","is_daily":false,"chose_seed":false,"campfire_upgraded":1,"win_rate":0.0,"timestamp":1614119881,"path_taken":["M","?","M","?","?","E","?","?","T","M","R","E","?","M","R","BOSS"],"items_purchased_type":[],"build_version":"2020-12-22","purchased_purges":0,"victory":false,"max_hp_per_floor":[64,64,64,64,64,64,64,64,64,64,64,64,64,64,64,64,64],"card_choices":[{"not_picked":["Amplify","Rainbow"],"picked":"Reboot","floor":0.0},{"not_picked":["Ball Lightning","Leap"],"picked":"Beam Cell","floor":1.0},{"not_picked":["FTL","Aggregate"],"picked":"Ball Lightning","floor":3.0},{"not_picked":["Rebound","Chill"],"picked":"Hologram","floor":4.0},{"not_picked":["Coolheaded","Barrage"],"picked":"Double Energy","floor":6.0},{"not_picked":["Turbo","Aggregate","Leap"],"picked":"SKIP","floor":7.0},{"not_picked":["Redo","Force Field","Darkness"],"picked":"SKIP","floor":10.0},{"not_picked":["Storm","Steam Power","Aggregate"],"picked":"SKIP","floor":12.0},{"not_picked":["Scrape","Turbo","Cold Snap"],"picked":"SKIP","floor":14.0}],"player_experience":1566261,"relics_obtained":[{"floor":6.0,"key":"DataDisk"},{"floor":9.0,"key":"Guardian:PocketSentry"},{"floor":12.0,"key":"Lantern"},{"floor":13.0,"key":"Regal Pillow"}],"event_choices":[{"damage_healed":0.0,"max_hp_gain":0.0,"max_hp_loss":0.0,"gold_gain":0.0,"event_name":"FaceTrader","player_choice":"Trade","floor":2.0,"gold_loss":0.0,"damage_taken":0.0,"relics_obtained":["CultistMask"]},{"damage_healed":0.0,"max_hp_gain":0.0,"max_hp_loss":0.0,"gold_gain":0.0,"event_name":"Match and Keep!","player_choice":"3 cards matched","floor":5.0,"gold_loss":0.0,"damage_taken":0.0,"cards_obtained":["Electrodynamics","Gash","Zap"]},{"damage_healed":0.0,"max_hp_gain":0.0,"max_hp_loss":0.0,"gold_gain":0.0,"event_name":"Shining Light","player_choice":"Ignored","floor":8.0,"gold_loss":0.0,"damage_taken":0.0}],"is_beta":false,"boss_relics":[],"items_purged_floors":[],"is_endless":false,"potions_floor_spawned":[3,6,10],"killed_by":"Hexaghost","ascension_level":20}}