{"host":"ben","time":1614047090,"event":{"mods":["AchievementEnabler","BaseMod","Block Reminder","DeckTracker","Highlight Path","Minty Spire (QoL Compilation)","Permanent Neow","Relic Stats","StSLib"],"gold_per_floor":[116,116,141,22,22,55,55,96,96,109,109,109,143,143,143],"floor_reached":14,"language":"ENG","playtime":789,"items_purged":["Injury"],"score":262,"play_id":"2ec01939-a627-4b47-9dfc-bdcb4ad71826","local_time":"20210222192450","is_ascension_mode":true,"campfire_choices":[{"data":"Predator","floor":7,"key":"SMITH"},{"data":"A Thousand Cuts","floor":11,"key":"SMITH"},{"floor":12,"key":"REST"}],"circlet_count":0,"master_deck":["AscendersBane","Strike_G","Strike_G","Strike_G+1","Strike_G","Strike_G","Defend_G","Defend_G","Defend_G","Defend_G","Defend_G","Survivor","Neutralize","Predator+1","Footwork+1","Blur","Blur","A Thousand Cuts+1","Blade Dance"],"relics":["Ring of the Snake","NeowsBlessing","Golden Idol","WingedGreaves","Ancient Tea Set","Matryoshka","Strawberry"],"acts_visited":["Exordium"],"potions_floor_usage":[8,13,14],"damage_taken":[{"damage":0,"enemies":"2 Louse","floor":1,"turns":1},{"damage":0,"enemies":"Jaw Worm","floor":3,"turns":1},{"damage":0,"enemies":"Gremlin Nob","floor":6,"turns":1},{"damage":34,"enemies":"3 Sentries","floor":8,"turns":14},{"damage":0,"enemies":"Small Slimes","floor":10,"turns":3},{"damage":35,"enemies":"Gremlin Nob","floor":13,"turns":5},{"damage":15,"enemies":"3 Sentries","floor":14,"turns":4}],"seed_played":"106703910285026169","potions_obtained":[{"floor":1,"key":"EssenceOfSteel"},{"floor":6,"key":"Regen Potion"},{"floor":13,"key":"Poison Potion"}],"is_trial":false,"path_per_floor":["M","?","M","$","?","E","R","E","T","M","R","R","E","E"],"character_chosen":"THE_SILENT","items_purchased":["Blur"],"campfire_rested":1,"item_purchase_floors":[4],"current_hp_per_floor":[59,59,59,59,39,39,39,20,20,20,20,39,11,0,0],"gold":143,"neow_bonus":"THREE_ENEMY_KILL","is_daily":false,"chose_seed":false,"campfire_upgraded":2,"win_rate":0.0,"timestamp":1614047090,"path_taken":["M","?","M","$","?","E","R","E","T","M","R","R","E","E"],"items_purchased_type":["Card"],"build_version":"2020-12-18","purchased_purges":1,"victory":false,"max_hp_per_floor":[66,66,66,66,66,66,66,66,66,66,66,66,73,73,73],"relic_stats":{"counters":[7,29],"Golden Idol":30,"obtain_stats":[{"Matryoshka":9,"NeowsBlessing":0,"Golden Idol":2,"Strawberry":13,"WingedGreaves":6,"Ancient Tea Set":8,"Ring of the Snake":0},{"Matryoshka":4,"NeowsBlessing":0,"Golden Idol":1,"Strawberry":6,"WingedGreaves":3,"Ancient Tea Set":4,"Ring of the Snake":0},{"Matryoshka":17,"NeowsBlessing":0,"Golden Idol":1,"Strawberry":25,"WingedGreaves":3,"Ancient Tea Set":17,"Ring of the Snake":0}],"Ring of the Snake":[14]},"card_choices":[{"not_picked":["Dagger Spray","PiercingWail"],"picked":"Predator","floor":1},{"not_picked":["Distraction","Cloak And Dagger"],"picked":"Footwork","floor":3},{"not_picked":["Acrobatics","Deadly Poison"],"picked":"Blur","floor":6},{"not_picked":["Flechettes","Flying Knee","Underhanded Strike"],"picked":"SKIP","floor":8},{"not_picked":["Infinite Blades","Caltrops"],"picked":"A Thousand Cuts","floor":10},{"not_picked":["Slice","Footwork"],"picked":"Blade Dance","floor":13}],"player_experience":7751585,"relics_obtained":[{"floor":6,"key":"WingedGreaves"},{"floor":8,"key":"Ancient Tea Set"},{"floor":9,"key":"Matryoshka"},{"floor":13,"key":"Strawberry"}],"event_choices":[{"damage_healed":0,"gold_gain":0,"player_choice":"Take Wound","damage_taken":0,"relics_obtained":["Golden Idol"],"max_hp_gain":0,"max_hp_loss":0,"event_name":"Golden Idol","floor":2,"gold_loss":0,"cards_obtained":["Injury"]},{"damage_healed":0,"gold_gain":0,"player_choice":"Entered Light","damage_taken":20,"max_hp_gain":0,"max_hp_loss":0,"event_name":"Shining Light","floor":5,"gold_loss":0,"cards_upgraded":["Footwork","Strike_G"]}],"is_beta":true,"boss_relics":[],"items_purged_floors":[4],"is_endless":false,"potions_floor_spawned":[1,6,13],"killed_by":"3 Sentries","ascension_level":20}}