{"host":"z8n47vy4vaymw9pl","time":1614118305,"event":{"mods":["2.2 Compatiblity","Act Like it!","Always Whale","BaseMod","Better Altar","Better Match","Better Note","Better Sensory Stone","Better Skull","Better Third Choice","Colored Map","Colored Powertips","Defuse TimeMaze Blight","Downfall","Energized Spire","Hubris","Lobotomy","LobotomyExtend","Minty Spire (QoL Compilation)","Reliquary","Replay The Spire","Robot Space Explorer","Shapeshifter Mod","Spire Arcade","StSLib","The Blue Laboratory","The Construct","TheSurvivalist","Unceasing Turn Reminder","Wandering Minibosses"],"gold_per_floor":[119,0,0,14,26,15,48,66,116,116,132,132,132,87,87,87,87],"floor_reached":16,"language":"ENG","playtime":1232,"items_purged":[],"score":102,"play_id":"f438a580-f2de-489a-807e-ad9883cd334e","local_time":"20210223141145","is_ascension_mode":false,"campfire_choices":[{"data":"Enlightenment","floor":15,"key":"SMITH"}],"circlet_count":0,"master_deck":["StSShapeShifter:ShapeShifter_Strike","StSShapeShifter:ShapeShifter_Strike","StSShapeShifter:ShapeShifter_Strike","StSShapeShifter:ShapeShifter_Strike","StSShapeShifter:ShapeShifter_Defend","StSShapeShifter:ShapeShifter_Defend","StSShapeShifter:ShapeShifter_Defend","StSShapeShifter:ShapeShifter_Defend","StSShapeShifter:ShapeShifter_Defend","StSShapeShifter:Tortoise_Form","StSShapeShifter:Lynx_Form","StSShapeShifter:Mystical_Branch","StSShapeShifter:IntimidatingAura","Enlightenment+1","StSShapeShifter:BearForm","StSShapeShifter:PorcupineForm","StSShapeShifter:ForestFire","StSShapeShifter:DiverseSpirit","StSShapeShifter:BloomingSlash","StSShapeShifter:DeepWound"],"relics":["StSShapeShifter:TheShapeShiftersMagnolia","LetterFromLob","hubris:DeckOfHolding","NlothsMask","Golden Idol","Blue Candle"],"acts_visited":["Exordium"],"potions_floor_usage":[7,11,16],"damage_taken":[{"damage":0,"enemies":"Small Slimes","floor":1,"turns":3},{"damage":0,"enemies":"Jaw Worm","floor":4,"turns":5},{"damage":0,"enemies":"Cultist","floor":5,"turns":5},{"damage":21,"enemies":"Blue Slaver","floor":6,"turns":5},{"damage":21,"enemies":"3 Sentries","floor":7,"turns":12},{"damage":0,"enemies":"Red Slaver","floor":8,"turns":7},{"damage":1,"enemies":"Large Slime","floor":11,"turns":9},{"damage":0,"enemies":"Looter","floor":14,"turns":5},{"damage":46,"enemies":"Fading Forest","floor":16,"turns":7}],"seed_played":"1570286954829982766","potions_obtained":[{"floor":4,"key":"PowerPotion"},{"floor":6,"key":"Languid Potion"},{"floor":7,"key":"SkillPotion"}],"is_trial":false,"path_per_floor":["M","?","$","M","M","M","E","M","T","?","M","?","?","M","R","B"],"character_chosen":"SHAPESHIFTER","items_purchased":[],"campfire_rested":0,"item_purchase_floors":[],"current_hp_per_floor":[78,84,84,84,84,63,42,42,42,42,41,20,15,15,15,0,0],"gold":87,"neow_bonus":"TRANSFORM_CARD","is_daily":false,"chose_seed":false,"campfire_upgraded":1,"win_rate":0.0,"timestamp":1614118305,"path_taken":["M","?","$","M","M","M","E","M","T","?","?","?","?","M","R","BOSS"],"items_purchased_type":[],"build_version":"2020-12-22","purchased_purges":0,"victory":false,"max_hp_per_floor":[78,84,84,84,84,84,84,84,84,84,84,84,84,84,84,84,84],"card_choices":[{"not_picked":["StSShapeShifter:Sapling","StSShapeShifter:DiverseSpirit"],"picked":"StSShapeShifter:IntimidatingAura","floor":1},{"not_picked":["StSShapeShifter:Roar","StSShapeShifter:SunflowerShuriken"],"picked":"StSShapeShifter:BearForm","floor":4},{"not_picked":["StSShapeShifter:ThornedSkin","StSShapeShifter:ThornToss"],"picked":"StSShapeShifter:PorcupineForm","floor":5},{"not_picked":["StSShapeShifter:FallingLeaves","StSShapeShifter:SunflowerShuriken","StSShapeShifter:BulwarkOfDiscovery"],"picked":"SKIP","floor":6},{"not_picked":["StSShapeShifter:Maul","StSShapeShifter:ThornedSkin"],"picked":"StSShapeShifter:ForestFire","floor":7},{"not_picked":["StSShapeShifter:BulwarkOfDiscovery","StSShapeShifter:MagicMushrooms"],"picked":"StSShapeShifter:DiverseSpirit","floor":8},{"not_picked":["StSShapeShifter:Consume","StSShapeShifter:SquirrelForm"],"picked":"StSShapeShifter:BloomingSlash","floor":11},{"not_picked":["StSShapeShifter:BloomingSlash","StSShapeShifter:OakBlade"],"picked":"StSShapeShifter:DeepWound","floor":14}],"player_experience":704862,"relics_obtained":[{"floor":1,"key":"LetterFromLob"},{"floor":7,"key":"hubris:DeckOfHolding"}],"event_choices":[{"damage_healed":0,"gold_gain":0,"player_choice":"RENOUNCE","damage_taken":119,"max_hp_gain":0,"max_hp_loss":0,"event_name":"betterThird:BetterSerpent","floor":2,"gold_loss":119,"cards_obtained":["Enlightenment"]},{"damage_healed":0,"gold_gain":0,"player_choice":"Trade","damage_taken":0,"relics_obtained":["NlothsMask"],"max_hp_gain":0,"max_hp_loss":0,"event_name":"FaceTrader","floor":10,"gold_loss":0},{"damage_healed":0,"gold_gain":0,"player_choice":"Take Damage","damage_taken":21,"relics_obtained":["Golden Idol"],"max_hp_gain":0,"max_hp_loss":0,"event_name":"Golden Idol","floor":12,"gold_loss":0}],"is_beta":false,"boss_relics":[],"items_purged_floors":[],"is_endless":false,"potions_floor_spawned":[4,6,7],"killed_by":"Fading Forest","ascension_level":0}}