{"host":"lxu17chzujqn8whl","time":1614102031,"event":{"mods":["BaseMod","Minty Spire (QoL Compilation)","Relic Stats","StSLib"],"gold_per_floor":[116,127,127,77,252,280,295,321,375,95,170,170,188,207,207,310,310,321,332,32,57,71,105,105,130,155,155,35,35,54,54,54,149,149,169,169,220,220,237,237,0,32,32,44,62,93,104,138,138,138],"floor_reached":51,"language":"ENG","playtime":1909,"items_purged":["Doubt"],"score":883,"play_id":"ea2869fe-ceb6-4d4d-a409-549fb71d6b4e","local_time":"20210223094031","is_ascension_mode":false,"campfire_choices":[{"data":"Glacier","floor":15.0,"key":"SMITH"},{"data":"Electrodynamics","floor":24.0,"key":"SMITH"},{"data":"Creative AI","floor":29.0,"key":"SMITH"},{"data":"Buffer","floor":32.0,"key":"SMITH"},{"data":"Hologram","floor":40.0,"key":"SMITH"},{"floor":49,"key":"REST"}],"circlet_count":0,"master_deck":["Strike_B","Strike_B","Defend_B+1","Defend_B","Defend_B","Defend_B","Zap","Dualcast","Doom and Gloom+1","Ball Lightning","Electrodynamics+1","Coolheaded","Hologram+1","Glacier+1","Sweeping Beam","Creative AI+1","Barrage","Hologram+1","Rebound+1","Turbo","Buffer+1","White Noise+1","Conserve Battery+1","Streamline+1","Hologram+1","Melter+1"],"relics":["Cracked Core","Mummified Hand","Tiny Chest","Nunchaku","Bag of Marbles","Question Card","Busted Crown","Molten Egg 2","Akabeko","Bottled Tornado","Toxic Egg 2","PreservedInsect","Philosopher\u0027s Stone","Ancient Tea Set","War Paint","Red Mask","Lantern","Ice Cream","Strawberry","Bag of Preparation"],"acts_visited":["Exordium","TheCity","TheBeyond"],"potions_floor_usage":[50],"damage_taken":[{"damage":0.0,"enemies":"Jaw Worm","floor":1.0,"turns":4.0},{"damage":0.0,"enemies":"Small Slimes","floor":2.0,"turns":3.0},{"damage":6.0,"enemies":"Gremlin Nob","floor":6.0,"turns":3.0},{"damage":1.0,"enemies":"Cultist","floor":7.0,"turns":3.0},{"damage":22.0,"enemies":"Lagavulin","floor":8.0,"turns":5.0},{"damage":5.0,"enemies":"Exordium Wildlife","floor":13.0,"turns":3.0},{"damage":0.0,"enemies":"3 Louse","floor":14.0,"turns":1.0},{"damage":33.0,"enemies":"The Guardian","floor":16.0,"turns":15.0},{"damage":8.0,"enemies":"Chosen","floor":18.0,"turns":5.0},{"damage":0.0,"enemies":"3 Byrds","floor":19.0,"turns":2.0},{"damage":3.0,"enemies":"Cultist and Chosen","floor":22.0,"turns":4.0},{"damage":16.0,"enemies":"Book of Stabbing","floor":23.0,"turns":4.0},{"damage":0.0,"enemies":"Gremlin Leader","floor":25.0,"turns":4.0},{"damage":11.0,"enemies":"Shelled Parasite and Fungi","floor":30.0,"turns":4.0},{"damage":9.0,"enemies":"Champ","floor":33.0,"turns":10.0},{"damage":8.0,"enemies":"3 Darklings","floor":35.0,"turns":3.0},{"damage":0.0,"enemies":"3 Shapes","floor":39.0,"turns":2.0},{"damage":0.0,"enemies":"Giant Head","floor":42.0,"turns":8.0},{"damage":6.0,"enemies":"Jaw Worm Horde","floor":44.0,"turns":2.0},{"damage":32.0,"enemies":"Writhing Mass","floor":45.0,"turns":4.0},{"damage":7.0,"enemies":"Nemesis","floor":46.0,"turns":7.0},{"damage":3,"enemies":"3 Darklings","floor":47,"turns":3},{"damage":0,"enemies":"Reptomancer","floor":48,"turns":5},{"damage":44,"enemies":"Donu and Deca","floor":50,"turns":8}],"seed_played":"970229642332366377","potions_obtained":[{"floor":1.0,"key":"Block Potion"},{"floor":8.0,"key":"Regen Potion"},{"floor":13.0,"key":"SteroidPotion"},{"floor":18.0,"key":"SpeedPotion"},{"floor":19.0,"key":"SneckoOil"},{"floor":22.0,"key":"FearPotion"},{"floor":42.0,"key":"FairyPotion"},{"floor":44.0,"key":"SpeedPotion"},{"floor":48,"key":"ColorlessPotion"}],"is_trial":false,"path_per_floor":["M","M","?","?","?","E","M","E","T","$","?","?","M","M","R","B",null,"M","M","$","T","M","E","R","E","T","?","$","R","M","?","R","B",null,"M","T","T","?","M","R","?","E","T","M","M","E","M","E","R","B",null],"character_chosen":"DEFECT","items_purchased":["Bag of Marbles","Hologram","Molten Egg 2","Hologram","White Noise+1","Conserve Battery+1"],"campfire_rested":1,"item_purchase_floors":[10,10,20,20,28,28],"current_hp_per_floor":[82,82,82,82,82,76,75,53,53,53,42,42,46,46,46,13,82,74,74,74,74,71,55,55,55,55,55,55,55,44,44,44,35,82,74,74,74,74,74,74,74,74,74,68,36,36,33,33,58,14],"gold":138,"neow_bonus":"TEN_PERCENT_HP_BONUS","is_daily":false,"chose_seed":false,"campfire_upgraded":5,"win_rate":0.0,"timestamp":1614102031,"path_taken":["M","M","?","?","?","E","M","E","T","$","?","?","?","M","R","BOSS","M","M","$","?","M","E","R","E","T","?","$","R","M","?","R","BOSS","M","?","?","?","M","R","?","E","T","M","M","E","M","E","R","BOSS"],"items_purchased_type":["Relic","Card","Relic","Card","Card","Card"],"build_version":"2020-12-22","purchased_purges":1,"victory":true,"max_hp_per_floor":[82,82,82,82,82,82,82,82,82,82,82,82,82,82,82,82,82,82,82,82,82,82,82,82,82,82,82,82,82,82,82,82,82,82,82,82,82,78,78,78,78,78,78,78,78,85,85,85,85,85],"relic_stats":{"Nunchaku":[14],"Busted Crown":30,"counters":[24,112],"Mummified Hand":[92],"Tiny Chest":2,"PreservedInsect":229,"Bag of Preparation":[2],"War Paint":["Hologram","Defend_B"],"Question Card":18,"obtain_stats":[{"Ice Cream":43,"Lantern":42,"PreservedInsect":26,"Bag of Preparation":48,"Bottled Tornado":23,"War Paint":37,"Question Card":12,"Ancient Tea Set":36,"Akabeko":21,"Nunchaku":9,"Busted Crown":17,"Mummified Hand":6,"Strawberry":46,"Tiny Chest":8,"Molten Egg 2":20,"Philosopher\u0027s Stone":34,"Bag of Marbles":10,"Red Mask":41,"Toxic Egg 2":25,"Cracked Core":0},{"Ice Cream":18,"Lantern":18,"PreservedInsect":13,"Bag of Preparation":23,"Bottled Tornado":12,"War Paint":16,"Question Card":5,"Ancient Tea Set":16,"Akabeko":10,"Nunchaku":5,"Busted Crown":8,"Mummified Hand":3,"Strawberry":21,"Tiny Chest":5,"Molten Egg 2":10,"Philosopher\u0027s Stone":15,"Bag of Marbles":5,"Red Mask":17,"Toxic Egg 2":13,"Cracked Core":0},{"Ice Cream":83,"Lantern":83,"PreservedInsect":56,"Bag of Preparation":104,"Bottled Tornado":52,"War Paint":73,"Question Card":18,"Ancient Tea Set":73,"Akabeko":44,"Nunchaku":18,"Busted Crown":37,"Mummified Hand":10,"Strawberry":96,"Tiny Chest":18,"Molten Egg 2":44,"Philosopher\u0027s Stone":70,"Bag of Marbles":18,"Red Mask":75,"Toxic Egg 2":56,"Cracked Core":0}]},"card_choices":[{"not_picked":["Redo","Stack"],"picked":"Doom and Gloom","floor":1.0},{"not_picked":["Lockon","Static Discharge"],"picked":"Ball Lightning","floor":2.0},{"not_picked":["Hello World","Go for the Eyes"],"picked":"Electrodynamics","floor":6.0},{"not_picked":["Tempest","Gash"],"picked":"Coolheaded","floor":7.0},{"not_picked":["Cold Snap","Coolheaded"],"picked":"Leap","floor":8.0},{"not_picked":["BootSequence","Scrape","Barrage"],"picked":"Glacier","floor":13.0},{"not_picked":["Compile Driver","Darkness","Ball Lightning"],"picked":"Sweeping Beam","floor":14.0},{"not_picked":["Electrodynamics","Meteor Strike","Amplify"],"picked":"Creative AI","floor":16.0},{"not_picked":["Beam Cell"],"picked":"Barrage","floor":18.0},{"not_picked":["Auto Shields+1","Blizzard+1"],"picked":"SKIP","floor":19.0},{"not_picked":["Redo"],"picked":"Rebound+1","floor":22.0},{"not_picked":["Redo"],"picked":"Turbo","floor":23.0},{"not_picked":["Darkness+1"],"picked":"Buffer","floor":25.0},{"not_picked":["Gash+1","Rebound+1"],"picked":"SKIP","floor":30.0},{"not_picked":["Turbo+1","Hologram+1"],"picked":"SKIP","floor":35.0},{"not_picked":["Leap+1"],"picked":"Streamline+1","floor":39.0},{"not_picked":["Steam+1"],"picked":"Hologram+1","floor":42.0},{"not_picked":["Leap+1","Recycle+1"],"picked":"SKIP","floor":44.0},{"not_picked":["Recycle+1"],"picked":"Melter+1","floor":45.0},{"not_picked":["BootSequence+1","Scrape+1"],"picked":"SKIP","floor":46.0},{"not_picked":["Darkness+1","All For One+1"],"picked":"SKIP","floor":47},{"not_picked":["Lockon+1","Cold Snap+1"],"picked":"SKIP","floor":48}],"player_experience":726466,"relics_obtained":[{"floor":6.0,"key":"Mummified Hand"},{"floor":8.0,"key":"Tiny Chest"},{"floor":9.0,"key":"Nunchaku"},{"floor":21.0,"key":"Akabeko"},{"floor":23.0,"key":"Bottled Tornado"},{"floor":25.0,"key":"Toxic Egg 2"},{"floor":26.0,"key":"PreservedInsect"},{"floor":36.0,"key":"Ancient Tea Set"},{"floor":37.0,"key":"War Paint"},{"floor":42.0,"key":"Lantern"},{"floor":43.0,"key":"Ice Cream"},{"floor":46.0,"key":"Strawberry"},{"floor":48,"key":"Bag of Preparation"}],"event_choices":[{"damage_healed":0.0,"max_hp_gain":0.0,"max_hp_loss":0.0,"gold_gain":0.0,"event_name":"Living Wall","player_choice":"Grow","floor":3.0,"gold_loss":0.0,"damage_taken":0.0,"cards_upgraded":["Doom and Gloom"]},{"cards_removed":["Strike_B"],"damage_healed":0.0,"max_hp_gain":0.0,"max_hp_loss":0.0,"gold_gain":0.0,"event_name":"The Cleric","player_choice":"Card Removal","floor":4.0,"gold_loss":50.0,"damage_taken":0.0},{"damage_healed":0.0,"max_hp_gain":0.0,"max_hp_loss":0.0,"gold_gain":175.0,"event_name":"Liars Game","player_choice":"AGREE","floor":5.0,"gold_loss":0.0,"damage_taken":0.0,"cards_obtained":["Doubt"]},{"damage_healed":0.0,"max_hp_gain":0.0,"max_hp_loss":0.0,"gold_gain":75.0,"event_name":"World of Goop","player_choice":"Gather Gold","floor":11.0,"gold_loss":0.0,"damage_taken":11.0},{"cards_removed":["Leap"],"damage_healed":0.0,"max_hp_gain":0.0,"max_hp_loss":0.0,"gold_gain":0.0,"event_name":"WeMeetAgain","player_choice":"Gave Card","floor":12.0,"gold_loss":0.0,"damage_taken":0.0,"relics_obtained":["Question Card"]},{"damage_healed":0.0,"max_hp_gain":0.0,"max_hp_loss":0.0,"gold_gain":0.0,"event_name":"Vampires","player_choice":"Ignored","floor":27.0,"gold_loss":0.0,"damage_taken":0.0},{"cards_removed":["Strike_B"],"damage_healed":0.0,"max_hp_gain":0.0,"max_hp_loss":0.0,"gold_gain":0.0,"event_name":"Bonfire Elementals","player_choice":"Offered Basic","floor":31.0,"gold_loss":0.0,"damage_taken":0.0},{"damage_healed":0.0,"max_hp_gain":0.0,"max_hp_loss":4.0,"gold_gain":0.0,"event_name":"Winding Halls","player_choice":"Max HP","floor":38.0,"gold_loss":0.0,"damage_taken":0.0},{"damage_healed":0.0,"max_hp_gain":0.0,"max_hp_loss":0.0,"gold_gain":0.0,"event_name":"Tomb of Lord Red Mask","player_choice":"Paid","floor":41.0,"gold_loss":237.0,"damage_taken":0.0,"relics_obtained":["Red Mask"]}],"is_beta":false,"boss_relics":[{"not_picked":["Sozu","Black Star"],"picked":"Busted Crown"},{"not_picked":["Cursed Key","Nuclear Battery"],"picked":"Philosopher\u0027s Stone"}],"items_purged_floors":[10],"is_endless":false,"potions_floor_spawned":[1,8,13,18,19,22,42,44,48],"ascension_level":0}}