{"host":"xyexbe31ku0ov20l","time":1614116615,"event":{"mods":["AchievementEnabler","AlwaysNeverKeys","BaseMod","Bestiary","Block Reminder","Colored Map","Colored Powertips","Curses Come First","Displayed Cursed Tome","Minty Spire (QoL Compilation)","Permanent Neow","Quick Restart","Random Character Button","Rare Cards Sparkle","Relic Stats","StSLib"],"gold_per_floor":[368,39,39,39,114,114,134,170,195,195,208,208,226,244,244,372,372,391,391,402,422,422,441,441,474,498,523,121,121,149,167,167,269,269,284,284,284,284,284],"floor_reached":38,"language":"ENG","playtime":2668,"items_purged":["Strike_B","Regret"],"score":688,"play_id":"510ab7ea-48b7-4c67-88bf-6e2650af029d","local_time":"20210223134335","is_ascension_mode":true,"campfire_choices":[{"floor":6,"key":"REST"},{"floor":12,"key":"REST"},{"data":"Beam Cell","floor":15,"key":"SMITH"},{"floor":29,"key":"DIG"},{"floor":32,"key":"DIG"}],"circlet_count":0,"master_deck":["Strike_B","Strike_B","Strike_B","Defend_B","Defend_B","Defend_B","Zap","Dualcast","Glacier","Beam Cell+1","Blizzard","Core Surge","Sunder","Creative AI","Go for the Eyes","Steam","Fission","J.A.X.","Storm","Ghostly","Ghostly","Ghostly","Ghostly","Ghostly","Leap","Coolheaded+1","Go for the Eyes+1","Chaos","Amplify","CurseOfTheBell","White Noise+1","Madness","Madness"],"relics":["Cracked Core","HornCleat","Bloody Idol","Thread and Needle","Potion Belt","Sundial","Cursed Key","Shovel","Bag of Marbles","Akabeko","Blood Vial","Ancient Tea Set","Strawberry","InkBottle","Frozen Egg 2","Calling Bell","Orichalcum","Molten Egg 2","FossilizedHelix"],"acts_visited":["Exordium","TheCity","TheBeyond"],"potions_floor_usage":[13,14,16,18,25,27,33],"damage_taken":[{"damage":12,"enemies":"Jaw Worm","floor":1,"turns":3},{"damage":0,"enemies":"Small Slimes","floor":7,"turns":3},{"damage":44,"enemies":"Gremlin Nob","floor":8,"turns":5},{"damage":0,"enemies":"2 Louse","floor":11,"turns":3},{"damage":0,"enemies":"Exordium Wildlife","floor":13,"turns":5},{"damage":0,"enemies":"Looter","floor":14,"turns":1},{"damage":10,"enemies":"The Guardian","floor":16,"turns":13},{"damage":4,"enemies":"Shell Parasite","floor":18,"turns":8},{"damage":0,"enemies":"Chosen","floor":20,"turns":6},{"damage":15,"enemies":"Sentry and Sphere","floor":21,"turns":10},{"damage":6,"enemies":"Centurion and Healer","floor":23,"turns":7},{"damage":3,"enemies":"Gremlin Leader","floor":25,"turns":8},{"damage":8,"enemies":"Slavers","floor":27,"turns":7},{"damage":4,"enemies":"Gremlin Leader","floor":30,"turns":8},{"damage":3,"enemies":"Cultist and Chosen","floor":31,"turns":6},{"damage":38,"enemies":"Automaton","floor":33,"turns":11},{"damage":9,"enemies":"3 Darklings","floor":35,"turns":10},{"damage":39,"enemies":"2 Orb Walkers","floor":38,"turns":4}],"seed_played":"-845650733480611044","potions_obtained":[{"floor":1,"key":"ColorlessPotion"},{"floor":8,"key":"Weak Potion"},{"floor":14,"key":"Energy Potion"},{"floor":16,"key":"SkillPotion"},{"floor":18,"key":"PotionOfCapacity"},{"floor":20,"key":"DuplicationPotion"},{"floor":21,"key":"Fire Potion"},{"floor":27,"key":"PotionOfCapacity"}],"is_trial":false,"path_per_floor":["M","$","?","?","?","R","M","E","T","?","M","R","M","M","R","B",null,"M","?","M","M","?","M","?","E","T","E","$","R","E","M","R","B",null,"M","?","?","?"],"character_chosen":"DEFECT","items_purchased":["HornCleat","Blood Vial","Ancient Tea Set"],"campfire_rested":2,"item_purchase_floors":[2,28,28],"current_hp_per_floor":[38,38,63,45,34,56,56,12,12,12,12,34,34,34,34,24,62,58,58,63,53,53,52,37,37,37,34,34,41,44,44,44,11,36,34,34,28,0,0],"gold":284,"neow_bonus":"TWO_FIFTY_GOLD","is_daily":false,"chose_seed":false,"campfire_upgraded":1,"win_rate":0.0,"timestamp":1614116615,"path_taken":["M","$","?","?","?","R","M","E","T","?","M","R","M","M","R","BOSS","M","?","M","M","?","M","?","E","T","E","$","R","E","M","R","BOSS","M","?","?","?"],"items_purchased_type":["Relic","Relic","Relic"],"build_version":"2020-12-22","purchased_purges":2,"victory":false,"max_hp_per_floor":[75,75,75,75,75,75,75,75,75,75,75,75,75,75,75,75,75,75,75,75,75,75,75,37,37,37,37,37,44,44,44,44,44,44,44,44,44,44,44],"relic_stats":{"Blood Vial":6,"Shovel":2,"counters":[18,118],"Sundial":[20],"Bloody Idol":41,"Orichalcum":[30],"Cursed Key":1,"obtain_stats":[{"Potion Belt":9,"Golden Idol":4,"Thread and Needle":8,"Frozen Egg 2":32,"Orichalcum":34,"Cursed Key":17,"Ancient Tea Set":28,"Akabeko":27,"Blood Vial":28,"Calling Bell":34,"HornCleat":2,"Shovel":25,"Sundial":10,"Bloody Idol":19,"Strawberry":29,"Molten Egg 2":34,"Bag of Marbles":26,"Cracked Core":0,"InkBottle":30,"FossilizedHelix":34},{"Potion Belt":3,"Golden Idol":1,"Thread and Needle":3,"Frozen Egg 2":15,"Orichalcum":16,"Cursed Key":7,"Ancient Tea Set":13,"Akabeko":13,"Blood Vial":13,"Calling Bell":16,"HornCleat":1,"Shovel":12,"Sundial":3,"Bloody Idol":8,"Strawberry":13,"Molten Egg 2":16,"Bag of Marbles":12,"Cracked Core":0,"InkBottle":14,"FossilizedHelix":16},{"Potion Belt":11,"Golden Idol":3,"Thread and Needle":11,"Frozen Egg 2":93,"Orichalcum":104,"Cursed Key":33,"Ancient Tea Set":79,"Akabeko":79,"Blood Vial":79,"Calling Bell":104,"HornCleat":3,"Shovel":72,"Sundial":11,"Bloody Idol":41,"Strawberry":79,"Molten Egg 2":104,"Bag of Marbles":72,"Cracked Core":0,"InkBottle":87,"FossilizedHelix":104}],"InkBottle":[14]},"card_choices":[{"not_picked":["Coolheaded","Capacitor"],"picked":"Glacier","floor":1},{"not_picked":["Conserve Battery","Go for the Eyes"],"picked":"Beam Cell","floor":7},{"not_picked":["BootSequence","Hologram"],"picked":"Blizzard","floor":8},{"not_picked":["Redo","Storm"],"picked":"Core Surge","floor":11},{"not_picked":["Barrage","White Noise"],"picked":"Sunder","floor":13},{"not_picked":["Blizzard","Barrage","Undo"],"picked":"SKIP","floor":14},{"not_picked":["Electrodynamics","Reboot"],"picked":"Creative AI","floor":16},{"not_picked":["Static Discharge","Steam"],"picked":"Go for the Eyes","floor":18},{"not_picked":["Ball Lightning","Rebound"],"picked":"Steam","floor":20},{"not_picked":["Go for the Eyes","Darkness"],"picked":"Fission","floor":21},{"not_picked":["Turbo","Undo"],"picked":"Storm","floor":23},{"not_picked":["Glacier","Loop"],"picked":"Leap","floor":25},{"not_picked":["Aggregate","Biased Cognition"],"picked":"Coolheaded+1","floor":27},{"not_picked":["Rip and Tear","Defragment"],"picked":"Go for the Eyes+1","floor":30},{"not_picked":["Lockon","Ball Lightning"],"picked":"Chaos","floor":31},{"not_picked":["Buffer+1","Core Surge"],"picked":"Amplify","floor":33},{"not_picked":["Conserve Battery+1","Turbo+1"],"picked":"White Noise+1","floor":35}],"player_experience":2319088,"relics_obtained":[{"floor":8,"key":"Thread and Needle"},{"floor":9,"key":"Potion Belt"},{"floor":25,"key":"Shovel"},{"floor":26,"key":"Bag of Marbles"},{"floor":27,"key":"Akabeko"},{"floor":29,"key":"Strawberry"},{"floor":30,"key":"InkBottle"},{"floor":32,"key":"Frozen Egg 2"},{"floor":34,"key":"Orichalcum"},{"floor":34,"key":"Molten Egg 2"},{"floor":34,"key":"FossilizedHelix"}],"event_choices":[{"damage_healed":25,"gold_gain":0,"player_choice":"Banana","damage_taken":0,"max_hp_gain":0,"max_hp_loss":0,"event_name":"Big Fish","floor":3,"gold_loss":0},{"damage_healed":0,"gold_gain":0,"player_choice":"Take Damage","damage_taken":18,"relics_obtained":["Golden Idol"],"max_hp_gain":0,"max_hp_loss":0,"event_name":"Golden Idol","floor":4,"gold_loss":0},{"damage_healed":0,"gold_gain":75,"player_choice":"Gather Gold","damage_taken":11,"max_hp_gain":0,"max_hp_loss":0,"event_name":"World of Goop","floor":5,"gold_loss":0},{"damage_healed":0,"gold_gain":0,"player_choice":"Searched \u00271\u0027 times","damage_taken":0,"relics_obtained":["Sundial"],"max_hp_gain":0,"max_hp_loss":0,"event_name":"Dead Adventurer","floor":10,"gold_loss":0},{"damage_healed":0,"gold_gain":0,"player_choice":"Gave Idol","damage_taken":0,"relics_obtained":["Bloody Idol"],"max_hp_gain":0,"max_hp_loss":0,"event_name":"Forgotten Altar","floor":19,"relics_lost":["Golden Idol"],"gold_loss":0},{"damage_healed":0,"gold_gain":0,"player_choice":"Obtain J.A.X.","damage_taken":0,"max_hp_gain":0,"max_hp_loss":0,"event_name":"Drug Dealer","floor":22,"gold_loss":0,"cards_obtained":["J.A.X."]},{"damage_healed":0,"gold_gain":0,"player_choice":"Became a Ghost","damage_taken":0,"max_hp_gain":0,"max_hp_loss":38,"event_name":"Ghosts","floor":24,"gold_loss":0,"cards_obtained":["Ghostly","Ghostly","Ghostly","Ghostly","Ghostly"]},{"cards_removed":["Defend_B"],"damage_healed":0,"gold_gain":0,"player_choice":"Removed Skill","damage_taken":0,"max_hp_gain":0,"max_hp_loss":0,"event_name":"Falling","floor":36,"gold_loss":0},{"damage_healed":0,"gold_gain":0,"player_choice":"Embrace Madness","damage_taken":6,"max_hp_gain":0,"max_hp_loss":0,"event_name":"Winding Halls","floor":37,"gold_loss":0,"cards_obtained":["Madness","Madness"]},{"damage_healed":0,"gold_gain":0,"player_choice":"Fight","damage_taken":0,"max_hp_gain":0,"max_hp_loss":0,"event_name":"Mysterious Sphere","floor":38,"gold_loss":0}],"is_beta":false,"boss_relics":[{"not_picked":["Tiny House","Coffee Dripper"],"picked":"Cursed Key"},{"not_picked":["Astrolabe","Sozu"],"picked":"Calling Bell"}],"items_purged_floors":[2,28],"is_endless":false,"potions_floor_spawned":[1,8,14,16,18,20,21,27],"killed_by":"2 Orb Walkers","ascension_level":9}}