{"host":"9tdhussg6z28ni1x","time":1614092613,"event":{"mods":["2.2 Compatiblity","Act Like it!","Arknights","BaseMod","CapriCore","KOR Keyword Fix","Minty Spire (QoL Compilation)","Relic Stats","Replay The Spire","StSLib","SuperFastMode","The Dragon Tamer","The Hierophant","The Poker Player","WarShipGirlsR/??á´Ò³R mod"],"gold_per_floor":[117,117,127,52,2,29,29,48,48,48,48,48,63,75,75,174,174,186,35,35,35,100,100,100],"floor_reached":23,"language":"KOR","playtime":739,"items_purged":["Strike_R"],"score":289,"play_id":"e35084f2-3eaa-46e1-bc77-143322dd6ec9","local_time":"20210224000333","is_ascension_mode":true,"campfire_choices":[{"data":"Barricade","floor":7,"key":"SMITH"},{"data":"Body Slam","floor":10,"key":"SMITH"},{"data":"Bash","floor":12,"key":"SMITH"},{"data":"Iron Wave","floor":15,"key":"SMITH"}],"circlet_count":0,"master_deck":["Strike_R","Strike_R","Strike_R","Defend_R","Defend_R","Defend_R","Defend_R","Bash+1","Body Slam+1","Barricade+1","Iron Wave+1","Bloodletting","Impervious"],"relics":["Burning Blood","NeowsBlessing","Eternal Feather","Bag of Marbles","Electric Blood","Membership Card"],"acts_visited":["Exordium","TheCity"],"potions_floor_usage":[16],"damage_taken":[{"damage":0,"enemies":"Jaw Worm","floor":1,"turns":1},{"damage":0,"enemies":"2 Louse","floor":3,"turns":1},{"damage":0,"enemies":"Lagavulin","floor":6,"turns":1},{"damage":61,"enemies":"Cultist","floor":8,"turns":9},{"damage":38,"enemies":"Large Slime","floor":13,"turns":8},{"damage":4,"enemies":"2 Fungi Beasts","floor":14,"turns":3},{"damage":47,"enemies":"The Guardian","floor":16,"turns":10},{"damage":8,"enemies":"Chosen","floor":18,"turns":4},{"damage":25,"enemies":"2 Thieves","floor":21,"turns":4},{"damage":45,"enemies":"Gremlin Leader","floor":23,"turns":7}],"seed_played":"4244318869586581792","potions_obtained":[{"floor":3,"key":"EntropicBrew"},{"floor":8,"key":"Elixir"},{"floor":14,"key":"PowerPotion"},{"floor":16,"key":"DistilledChaos"},{"floor":18,"key":"SpeedPotion"},{"floor":22,"key":"EssenceOfSteel"}],"is_trial":false,"path_per_floor":["M","?","M","$","?","E","R","M","T","R","?","R","M","M","R","B",null,"M","$","?","M","?","E"],"character_chosen":"IRONCLAD","items_purchased":["Membership Card"],"campfire_rested":0,"item_purchase_floors":[19],"current_hp_per_floor":[78,78,80,80,80,80,80,25,25,31,80,80,48,50,56,15,64,62,62,62,43,43,0,0],"gold":100,"neow_bonus":"THREE_ENEMY_KILL","is_daily":false,"chose_seed":false,"campfire_upgraded":4,"win_rate":0.0,"timestamp":1614092613,"path_taken":["M","?","?","$","?","E","R","M","T","R","?","R","M","M","R","BOSS","M","?","?","?","?","E"],"items_purchased_type":["Relic"],"build_version":"2020-12-22","purchased_purges":1,"victory":false,"max_hp_per_floor":[80,80,80,80,80,80,80,80,80,80,80,80,80,80,80,80,80,80,80,80,80,80,80,80],"relic_stats":{"counters":[10,48],"Eternal Feather":12,"obtain_stats":[{"NeowsBlessing":0,"Eternal Feather":6,"Bag of Marbles":9,"Membership Card":19,"Electric Blood":17,"Burning Blood":0},{"NeowsBlessing":0,"Eternal Feather":3,"Bag of Marbles":4,"Membership Card":8,"Electric Blood":7,"Burning Blood":0},{"NeowsBlessing":0,"Eternal Feather":3,"Bag of Marbles":12,"Membership Card":37,"Electric Blood":33,"Burning Blood":0}],"Burning Blood":44},"card_choices":[{"not_picked":["Clash","Entrench"],"picked":"Body Slam","floor":1},{"not_picked":["Second Wind","Uppercut","Armaments"],"picked":"SKIP","floor":3},{"not_picked":["Demonic Infusion","Battle Trance"],"picked":"Barricade","floor":6},{"not_picked":["ReplayTheSpireMod:Corrosion Curse","Wild Strike","Havoc"],"picked":"SKIP","floor":8},{"not_picked":["Pommel Strike","Berserk"],"picked":"Iron Wave","floor":13},{"not_picked":["Searing Blow","Whirlwind"],"picked":"Bloodletting","floor":14},{"not_picked":["Hemogenesis","Barricade"],"picked":"Impervious","floor":16},{"not_picked":["Heavy Blade","True Grit","ReplayTheSpireMod:LeadingStrike+1"],"picked":"SKIP","floor":18},{"not_picked":["Whirlwind","Sword Boomerang","Double Tap"],"picked":"SKIP","floor":21}],"player_experience":268730,"relics_obtained":[{"floor":6,"key":"Eternal Feather"},{"floor":9,"key":"Bag of Marbles"}],"event_choices":[{"cards_removed":["Strike_R"],"damage_healed":0,"gold_gain":0,"player_choice":"Card Removal","damage_taken":0,"max_hp_gain":0,"max_hp_loss":0,"event_name":"The Cleric","floor":5,"gold_loss":50},{"damage_healed":49,"gold_gain":0,"player_choice":"Full Heal","damage_taken":0,"max_hp_gain":0,"max_hp_loss":0,"event_name":"Wheel of Change","floor":11,"gold_loss":0},{"damage_healed":0,"gold_gain":0,"player_choice":"Ignored","damage_taken":0,"max_hp_gain":0,"max_hp_loss":0,"event_name":"N\u0027loth","floor":20,"gold_loss":0}],"is_beta":false,"boss_relics":[{"not_picked":["Ring of Chaos","Empty Cage"],"picked":"Electric Blood"}],"items_purged_floors":[4],"is_endless":false,"potions_floor_spawned":[3,8,14,16,18],"killed_by":"Gremlin Leader","ascension_level":7}}