{"host":"oehe2dxjvdgux73m","time":1614104100,"event":{"mods":["AchievementEnabler","BaseMod","Colored Map","Colored Powertips","DeckTracker","Keyboard Shortcuts","Minty Spire (QoL Compilation)","Permanent Neow","Quick Restart","StSLib","SuperFastMode"],"gold_per_floor":[119,1,12,30,50,50,50,50,76,94,94,94,109,128,128,205,205,220,145,176,17,33,33,50,68,118,118,128,128,128,155,155,233,283,295,311,311,327,342,342,342],"floor_reached":40,"language":"KOR","playtime":1109,"items_purged":["Strike_G"],"score":814,"play_id":"1af2630a-de63-4edb-bcbe-b02c494b658d","local_time":"20210224031500","is_ascension_mode":true,"campfire_choices":[{"data":"Neutralize","floor":6.0,"key":"SMITH"},{"floor":12.0,"key":"REST"},{"data":"Well Laid Plans","floor":15.0,"key":"SMITH"},{"data":"Prepared","floor":23.0,"key":"SMITH"},{"data":"Acrobatics","floor":27.0,"key":"SMITH"},{"floor":30.0,"key":"REST"},{"data":"Calculated Gamble","floor":32.0,"key":"SMITH"}],"circlet_count":0,"master_deck":["AscendersBane","Defend_G","Defend_G+1","Defend_G","Defend_G","Defend_G","Survivor+1","Neutralize+1","Calculated Gamble+1","Well Laid Plans+1","Dagger Spray","Grand Finale+1","Quick Slash","Calculated Gamble+1","Footwork+1","Caltrops+1","Prepared+1","Acrobatics+1","Adrenaline","Acrobatics+1"],"relics":["Ring of the Snake","Ancient Tea Set","Astrolabe","Red Mask","Vajra","Art of War","Tiny House"],"acts_visited":["Exordium","TheCity","TheBeyond"],"potions_floor_usage":[],"damage_taken":[{"damage":12.0,"enemies":"Cultist","floor":1.0,"turns":4.0},{"damage":0.0,"enemies":"Small Slimes","floor":3.0,"turns":3.0},{"damage":4.0,"enemies":"2 Louse","floor":4.0,"turns":3.0},{"damage":9.0,"enemies":"Looter","floor":5.0,"turns":4.0},{"damage":0.0,"enemies":"3 Louse","floor":10.0,"turns":3.0},{"damage":0.0,"enemies":"Red Slaver","floor":13.0,"turns":3.0},{"damage":2.0,"enemies":"Exordium Wildlife","floor":14.0,"turns":3.0},{"damage":19.0,"enemies":"Slime Boss","floor":16.0,"turns":6.0},{"damage":10.0,"enemies":"Chosen","floor":18.0,"turns":9.0},{"damage":22.0,"enemies":"Masked Bandits","floor":20.0,"turns":3.0},{"damage":0.0,"enemies":"Spheric Guardian","floor":22.0,"turns":4.0},{"damage":2.0,"enemies":"Snake Plant","floor":24.0,"turns":5.0},{"damage":0.0,"enemies":"3 Cultists","floor":25.0,"turns":2.0},{"damage":8.0,"enemies":"Chosen and Byrds","floor":28.0,"turns":6.0},{"damage":42.0,"enemies":"Collector","floor":33.0,"turns":10.0},{"damage":6.0,"enemies":"Orb Walker","floor":35.0,"turns":4.0},{"damage":13.0,"enemies":"3 Shapes","floor":36.0,"turns":3.0},{"damage":8.0,"enemies":"Transient","floor":38.0,"turns":6.0},{"damage":0.0,"enemies":"3 Darklings","floor":39.0,"turns":2.0},{"damage":19,"enemies":"Nemesis","floor":40,"turns":4}],"seed_played":"3137058983737099532","potions_obtained":[{"floor":5.0,"key":"GamblersBrew"},{"floor":10.0,"key":"SkillPotion"},{"floor":11.0,"key":"Fruit Juice"},{"floor":11.0,"key":"Explosive Potion"},{"floor":13.0,"key":"SneckoOil"},{"floor":14.0,"key":"LiquidMemories"},{"floor":22.0,"key":"Energy Potion"},{"floor":24.0,"key":"SneckoOil"},{"floor":33.0,"key":"SkillPotion"},{"floor":34.0,"key":"Dexterity Potion"},{"floor":36.0,"key":"SkillPotion"}],"is_trial":false,"path_per_floor":["M","$","M","M","M","R","?","?","T","M","?","R","M","M","R","B",null,"M","$","?","$","M","R","M","M","T","R","M","?","R","T","R","B",null,"M","M","?","M","M","E"],"character_chosen":"THE_SILENT","items_purchased":["Calculated Gamble","Well Laid Plans","Acrobatics","GhostInAJar"],"campfire_rested":2,"item_purchase_floors":[2,2,21,21],"current_hp_per_floor":[53,53,53,49,40,40,18,18,18,18,23,46,46,44,44,25,64,54,54,32,32,32,32,30,30,30,30,22,22,45,45,45,3,64,58,45,45,37,37,18,18],"gold":342,"neow_bonus":"TEN_PERCENT_HP_BONUS","is_daily":false,"chose_seed":false,"campfire_upgraded":5,"win_rate":0.0,"timestamp":1614104100,"path_taken":["M","$","?","M","M","R","?","?","T","M","?","R","?","M","R","BOSS","M","?","?","$","M","R","M","M","T","R","M","?","R","?","R","BOSS","M","M","?","M","M","E"],"items_purchased_type":["Card","Card","Card","Potion"],"build_version":"2020-12-22","purchased_purges":1,"victory":false,"max_hp_per_floor":[72,72,72,72,72,72,72,72,72,72,77,77,77,77,77,77,77,77,77,77,77,77,77,77,77,77,77,77,77,77,77,77,77,82,82,82,82,82,82,82,82],"card_choices":[{"not_picked":["Dodge and Roll","Endless Agony"],"picked":"Flying Knee","floor":1.0},{"not_picked":["Sucker Punch","Prepared"],"picked":"Dagger Spray","floor":3.0},{"not_picked":["Dagger Throw","Underhanded Strike","Poisoned Stab"],"picked":"SKIP","floor":4.0},{"not_picked":["Cloak And Dagger","Backflip"],"picked":"Grand Finale","floor":5.0},{"not_picked":["Calculated Gamble","Underhanded Strike","Bane"],"picked":"SKIP","floor":10.0},{"not_picked":["Bane","Flechettes","Underhanded Strike"],"picked":"SKIP","floor":13.0},{"not_picked":["Predator","Quick Slash","Deadly Poison"],"picked":"SKIP","floor":14.0},{"not_picked":["Predator","Deadly Poison"],"picked":"Quick Slash","floor":14.0},{"not_picked":["Poisoned Stab","Quick Slash"],"picked":"Prepared","floor":18.0},{"not_picked":["Dodge and Roll","Quick Slash","Riddle With Holes"],"picked":"SKIP","floor":22.0},{"not_picked":["Calculated Gamble","Dagger Throw+1","Expertise+1"],"picked":"SKIP","floor":24.0},{"not_picked":["Underhanded Strike","Blade Dance","Deflect"],"picked":"SKIP","floor":25.0},{"not_picked":["Bane","Dash","Flechettes"],"picked":"SKIP","floor":28.0},{"not_picked":["Unload","Bullet Time"],"picked":"Adrenaline","floor":33.0},{"not_picked":["Crippling Poison","Poisoned Stab","Predator+1"],"picked":"SKIP","floor":35.0},{"not_picked":["Setup+1","Skewer+1"],"picked":"Acrobatics+1","floor":36.0},{"not_picked":["Blade Dance+1","Sucker Punch","Flying Knee"],"picked":"SKIP","floor":38.0},{"not_picked":["Masterful Stab","Deadly Poison","Dagger Spray"],"picked":"SKIP","floor":39.0}],"player_experience":502762,"relics_obtained":[{"floor":9.0,"key":"Ancient Tea Set"},{"floor":20.0,"key":"Red Mask"},{"floor":26.0,"key":"Vajra"},{"floor":31.0,"key":"Art of War"}],"event_choices":[{"damage_healed":0.0,"max_hp_gain":0.0,"max_hp_loss":0.0,"gold_gain":0.0,"event_name":"Shining Light","player_choice":"Entered Light","floor":7.0,"gold_loss":0.0,"damage_taken":22.0,"cards_upgraded":["Defend_G","Survivor"]},{"damage_healed":0.0,"max_hp_gain":0.0,"max_hp_loss":0.0,"gold_gain":0.0,"event_name":"Dead Adventurer","player_choice":"Searched \u00271\u0027 times","floor":8.0,"gold_loss":0.0,"damage_taken":0.0},{"damage_healed":0.0,"max_hp_gain":0.0,"max_hp_loss":0.0,"gold_gain":0.0,"event_name":"Lab","player_choice":"Got Potions","floor":11.0,"gold_loss":0.0,"damage_taken":0.0},{"damage_healed":0.0,"max_hp_gain":0.0,"max_hp_loss":0.0,"gold_gain":0.0,"event_name":"Masked Bandits","player_choice":"Fought Bandits","floor":20.0,"gold_loss":0.0,"damage_taken":0.0},{"cards_removed":["Strike_G"],"damage_healed":0.0,"max_hp_gain":0.0,"max_hp_loss":0.0,"gold_gain":0.0,"event_name":"Back to Basics","player_choice":"Elegance","floor":29.0,"gold_loss":0.0,"damage_taken":0.0},{"cards_removed":["Flying Knee"],"damage_healed":0.0,"max_hp_gain":0.0,"max_hp_loss":0.0,"gold_gain":0.0,"event_name":"Purifier","player_choice":"Purged","floor":37.0,"gold_loss":0.0,"damage_taken":0.0}],"is_beta":false,"boss_relics":[{"not_picked":["Velvet Choker","Busted Crown"],"picked":"Astrolabe"},{"not_picked":["Coffee Dripper","Fusion Hammer"],"picked":"Tiny House"}],"items_purged_floors":[19],"is_endless":false,"potions_floor_spawned":[5,10,13,14,22,24,33,36],"killed_by":"Nemesis","ascension_level":20}}