{"host":"lufzn74xe9ct3rkf","time":1614052251,"event":{"mods":["AchievementEnabler","BaseMod","Evolution","Minty Spire (QoL Compilation)","StSLib"],"gold_per_floor":[118,133,152,162,142,142,154,179,179,210,223,2,2,32,32,132,132,149,163,18,29,29,29,46,46,46,61,61,72,72,84,84,84,84],"floor_reached":33,"language":"ENG","playtime":1850,"items_purged":[],"score":321,"play_id":"7294ba4f-9805-40f4-b5b8-951a4d8a3eeb","local_time":"20210222195051","is_ascension_mode":false,"campfire_choices":[{"data":"Thunderclap","floor":6,"key":"SMITH"},{"data":"Bloodletting","floor":13,"key":"SMITH"},{"data":"Sever Soul","floor":15,"key":"SMITH"},{"floor":23,"key":"REST"},{"data":"Spot Weakness","floor":25,"key":"SMITH"},{"floor":32,"key":"REST"}],"circlet_count":0,"master_deck":["Wild Strike","Wild Strike","Wild Strike","Wild Strike","Wild Strike+1","Armaments+1","Armaments","Armaments","Armaments","Bash","Dropkick","Sever Soul+1","Wild Strike+1","Thunderclap+1","Bloodletting+1","Spot Weakness+1","Exhume+1","Armaments+1","Pummel+1","Wild Strike","Transmutation+1","Blind+1","Bloodletting+1","Dramatic Entrance+1","Perseverance+1","Slice+1","Dagger Spray+1","Melter+1"],"relics":["Burning Blood","EVO:Axolotl","Nunchaku","Pear","Toxic Egg 2","PrismaticShard","Matryoshka","Runic Cube","Whetstone","Mercury Hourglass","Mummified Hand"],"acts_visited":["Exordium","TheCity"],"potions_floor_usage":[10,10,10,16,24,31],"damage_taken":[{"damage":0,"enemies":"2 Louse","floor":1,"turns":2},{"damage":1,"enemies":"Cultist","floor":2,"turns":3},{"damage":10,"enemies":"Small Slimes","floor":3,"turns":2},{"damage":9,"enemies":"Blue Slaver","floor":4,"turns":3},{"damage":0,"enemies":"Exordium Thugs","floor":7,"turns":3},{"damage":9,"enemies":"Gremlin Nob","floor":8,"turns":3},{"damage":9,"enemies":"Lagavulin","floor":10,"turns":3},{"damage":1,"enemies":"3 Louse","floor":11,"turns":3},{"damage":28,"enemies":"3 Sentries","floor":14,"turns":6},{"damage":49,"enemies":"Hexaghost","floor":16,"turns":8},{"damage":26,"enemies":"2 Thieves","floor":18,"turns":3},{"damage":21,"enemies":"Shell Parasite","floor":19,"turns":5},{"damage":24,"enemies":"Chosen and Byrds","floor":21,"turns":5},{"damage":31,"enemies":"Shelled Parasite and Fungi","floor":24,"turns":3},{"damage":18,"enemies":"Snake Plant","floor":27,"turns":3},{"damage":13,"enemies":"Centurion and Healer","floor":29,"turns":4},{"damage":13,"enemies":"Snecko","floor":31,"turns":5},{"damage":52,"enemies":"Collector","floor":33,"turns":7}],"seed_played":"-4565981238987929467","potions_obtained":[{"floor":1,"key":"Swift Potion"},{"floor":4,"key":"Explosive Potion"},{"floor":5,"key":"Block Potion"},{"floor":14,"key":"SpeedPotion"},{"floor":16,"key":"SmokeBomb"},{"floor":18,"key":"Weak Potion"},{"floor":21,"key":"BloodPotion"}],"is_trial":false,"path_per_floor":["M","M","M","M","?","R","M","E","T","E","M","$","R","E","R","B",null,"M","M","$","M","$","R","M","R","T","M","?","M","?","M","R","B"],"character_chosen":"IRONCLAD","items_purchased":["PrismaticShard","Pummel","Whetstone"],"campfire_rested":2,"item_purchase_floors":[12,12,20],"current_hp_per_floor":[80,80,76,73,73,73,79,76,86,83,88,88,88,66,66,23,90,70,55,55,37,37,64,57,57,57,45,45,38,38,31,58,6,6],"gold":84,"neow_bonus":"UPGRADE_CARD","is_daily":false,"chose_seed":false,"campfire_upgraded":4,"win_rate":0.0,"timestamp":1614052251,"path_taken":["M","M","M","M","?","R","M","E","T","E","M","$","R","E","R","BOSS","M","?","$","M","$","R","M","R","T","M","?","M","?","M","R","BOSS"],"items_purchased_type":["Relic","Card","Relic"],"build_version":"2020-12-22","purchased_purges":0,"victory":false,"max_hp_per_floor":[80,80,80,80,80,80,80,80,90,90,90,90,90,90,90,90,90,90,90,90,90,90,90,90,90,90,90,90,90,90,90,90,90,90],"card_choices":[{"not_picked":["Havoc","Perfected Strike"],"picked":"Dropkick","floor":1},{"not_picked":["Fire Breathing","Havoc"],"picked":"Sever Soul","floor":2},{"not_picked":["Heavy Blade","Cleave"],"picked":"Wild Strike","floor":3},{"not_picked":["Carnage","Anger"],"picked":"Thunderclap","floor":4},{"not_picked":["Pommel Strike","Searing Blow"],"picked":"Bloodletting","floor":7},{"not_picked":["Dropkick","Anger"],"picked":"Spot Weakness","floor":8},{"not_picked":["Dark Embrace","Burning Pact+1"],"picked":"Exhume+1","floor":10},{"not_picked":["Sword Boomerang","Perfected Strike"],"picked":"Armaments+1","floor":11},{"not_picked":["Cleave","Clothesline"],"picked":"Wild Strike","floor":14},{"not_picked":["Brutality","Immolate"],"picked":"Transmutation+1","floor":16},{"not_picked":["Battle Trance+1","Dark Embrace+1"],"picked":"Blind+1","floor":18},{"not_picked":["Darkness+1","Sword Boomerang"],"picked":"Bloodletting+1","floor":19},{"not_picked":["Gash","ThirdEye+1"],"picked":"Dramatic Entrance+1","floor":21},{"not_picked":["Body Slam+1","Deflect+1"],"picked":"Perseverance+1","floor":24},{"not_picked":["Redo+1","Nirvana+1"],"picked":"Slice+1","floor":27},{"not_picked":["Masterful Stab","Biased Cognition"],"picked":"Dagger Spray+1","floor":29},{"not_picked":["Heatsinks","True Grit+1"],"picked":"Melter+1","floor":31}],"player_experience":22746,"relics_obtained":[{"floor":8,"key":"Nunchaku"},{"floor":9,"key":"Pear"},{"floor":10,"key":"Toxic Egg 2"},{"floor":14,"key":"Matryoshka"},{"floor":26,"key":"Mercury Hourglass"},{"floor":26,"key":"Mummified Hand"}],"event_choices":[{"damage_healed":0,"gold_gain":0,"player_choice":"Bought 1 Potion","damage_taken":0,"max_hp_gain":0,"max_hp_loss":0,"event_name":"The Woman in Blue","floor":5,"gold_loss":0},{"damage_healed":0,"gold_gain":0,"player_choice":"Ignored","damage_taken":0,"max_hp_gain":0,"max_hp_loss":0,"event_name":"Vampires","floor":28,"gold_loss":0},{"damage_healed":0,"gold_gain":0,"player_choice":"Forge","damage_taken":0,"max_hp_gain":0,"max_hp_loss":0,"event_name":"Accursed Blacksmith","floor":30,"gold_loss":0,"cards_upgraded":["Pummel"]}],"is_beta":false,"boss_relics":[{"not_picked":["Cursed Key","Runic Pyramid"],"picked":"Runic Cube"}],"items_purged_floors":[],"is_endless":false,"potions_floor_spawned":[1,4,8,14,16,18,21],"killed_by":"Collector","ascension_level":0}}