{"host":"70zhvo5nwrhp1mbg","time":1614042714,"event":{"mods":["BaseMod","Colored Map","Colored Powertips","Highlight Path","Minty Spire (QoL Compilation)","Rare Cards Sparkle","StSLib"],"gold_per_floor":[130,153,178,210,241,287,299,343,355,392,416,428,29,47,47,47,47],"floor_reached":16,"language":"ENG","playtime":1818,"items_purged":["Strike_R"],"score":223,"play_id":"316ca761-874c-4579-a38d-8c8cdc6b7f41","local_time":"20210222201154","is_ascension_mode":true,"campfire_choices":[{"data":"Armaments","floor":7,"key":"SMITH"},{"data":"Shrug It Off","floor":12,"key":"SMITH"},{"floor":15,"key":"REST"}],"circlet_count":0,"master_deck":["AscendersBane","Strike_R","Strike_R","Strike_R","Strike_R","Defend_R","Defend_R","Defend_R","Defend_R","Bash","Shrug It Off+1","Disarm","Clothesline","Warcry","Armaments+1","Double Tap","Spot Weakness","Flex","Flex","Bloodletting"],"relics":["Burning Blood","MawBank","WingedGreaves","Tiny Chest","PreservedInsect","Pen Nib","Pantograph"],"acts_visited":["Exordium"],"potions_floor_usage":[4,8,16],"damage_taken":[{"damage":6,"enemies":"Cultist","floor":1,"turns":4},{"damage":7,"enemies":"Small Slimes","floor":2,"turns":4},{"damage":9,"enemies":"Jaw Worm","floor":3,"turns":5},{"damage":0,"enemies":"Exordium Wildlife","floor":4,"turns":4},{"damage":14,"enemies":"Red Slaver","floor":5,"turns":6},{"damage":50,"enemies":"3 Sentries","floor":6,"turns":13},{"damage":25,"enemies":"Lagavulin","floor":8,"turns":8},{"damage":16,"enemies":"3 Sentries","floor":10,"turns":10},{"damage":13,"enemies":"3 Louse","floor":11,"turns":6},{"damage":0,"enemies":"Large Slime","floor":14,"turns":5},{"damage":77,"enemies":"Hexaghost","floor":16,"turns":11}],"seed_played":"8096062338407626323","potions_obtained":[{"floor":1,"key":"Block Potion"},{"floor":2,"key":"Fire Potion"},{"floor":5,"key":"SpeedPotion"},{"floor":8,"key":"Dexterity Potion"},{"floor":14,"key":"Energy Potion"}],"is_trial":false,"path_per_floor":["M","M","M","M","M","E","R","E","T","E","M","R","$","M","R","B"],"character_chosen":"IRONCLAD","items_purchased":["Pantograph","Flex"],"campfire_rested":1,"item_purchase_floors":[13,13],"current_hp_per_floor":[68,67,64,70,62,38,38,19,19,39,32,32,32,38,60,0,0],"gold":47,"neow_bonus":"RANDOM_COMMON_RELIC","is_daily":false,"chose_seed":false,"campfire_upgraded":2,"win_rate":0.0,"timestamp":1614042714,"path_taken":["M","M","?","M","M","E","R","E","T","E","M","R","?","M","R","BOSS"],"items_purchased_type":["Relic","Card"],"build_version":"2020-12-22","purchased_purges":1,"victory":false,"max_hp_per_floor":[75,75,75,75,75,75,75,75,75,75,75,75,75,75,75,75,75],"card_choices":[{"not_picked":["Metallicize","Body Slam"],"picked":"Shrug It Off","floor":1},{"not_picked":["Battle Trance","Body Slam"],"picked":"Disarm","floor":2},{"not_picked":["Bloodletting","Burning Pact"],"picked":"Clothesline","floor":3},{"not_picked":["Entrench","Thunderclap"],"picked":"Warcry","floor":4},{"not_picked":["Shrug It Off","Thunderclap"],"picked":"Armaments","floor":5},{"not_picked":["Wild Strike","Sword Boomerang"],"picked":"Double Tap","floor":6},{"not_picked":["Intimidate","Heavy Blade","Warcry"],"picked":"SKIP","floor":8},{"not_picked":["Juggernaut","Wild Strike"],"picked":"Spot Weakness","floor":10},{"not_picked":["Headbutt","Sentinel"],"picked":"Flex","floor":11},{"not_picked":["Cleave","Ghostly Armor"],"picked":"Bloodletting","floor":14}],"player_experience":681279,"relics_obtained":[{"floor":6,"key":"WingedGreaves"},{"floor":8,"key":"Tiny Chest"},{"floor":9,"key":"PreservedInsect"},{"floor":10,"key":"Pen Nib"}],"event_choices":[],"is_beta":false,"boss_relics":[],"items_purged_floors":[13],"is_endless":false,"potions_floor_spawned":[1,2,3,5,8,14],"killed_by":"Hexaghost","ascension_level":16}}