{"host":"8is2j71l4wmybkoi","time":1614071757,"event":{"mods":["AchievementEnabler","BaseMod","Colored Map","DeckTracker","Minty Spire (QoL Compilation)","Rare Cards Sparkle","Relic Stats","StSLib","SuperFastMode"],"gold_per_floor":[109,184,184,198,123,153,153,153,230,230,246,246,266,296,296,371,371,390,390,390,402,130,150,176,176,176,101,117,148,148,167,167,243,243,260,273,290,45,57,87,87,117,144,163,188,188,207,91,91,91,91,91,52,85,85],"floor_reached":56,"language":"KOR","playtime":3639,"items_purged":["Strike_B","Defend_B"],"score":2324,"play_id":"01b98fa5-2ae6-4dd2-acd3-eb9daab4f371","local_time":"20210223181557","is_ascension_mode":true,"campfire_choices":[{"data":"Zap","floor":8,"key":"SMITH"},{"data":"Dualcast","floor":10,"key":"SMITH"},{"data":"Seek","floor":15,"key":"SMITH"},{"data":"Darkness","floor":30,"key":"SMITH"},{"data":"Coolheaded","floor":32,"key":"SMITH"},{"data":"Turbo","floor":41,"key":"SMITH"},{"floor":49,"key":"RECALL"},{"data":"Recycle","floor":52,"key":"SMITH"}],"circlet_count":0,"master_deck":["AscendersBane","Defend_B","Zap+1","Dualcast+1","Ball Lightning","Barrage","Echo Form","Turbo+1","Seek+1","Electrodynamics","BootSequence","Ghostly","Ghostly","Ghostly","Echo Form","Darkness+1","Fission","BootSequence","Force Field","Hologram+1","Coolheaded+1","Meteor Strike","Static Discharge+1","Reinforced Body","Madness","Madness","Glacier","Recycle+1"],"relics":["Cracked Core","NeowsBlessing","Dead Branch","Bottled Tornado","Orichalcum","Vajra","Nuclear Battery","DollysMirror","Mummified Hand","Singing Bowl","Turnip","Inserter","DataDisk","Matryoshka","The Courier","Bottled Flame","CaptainsWheel","Pantograph"],"acts_visited":["Exordium","TheCity","TheBeyond","TheEnding"],"potions_floor_usage":[14,14,31,40,55],"damage_taken":[{"damage":0,"enemies":"2 Louse","floor":1,"turns":1},{"damage":0,"enemies":"Small Slimes","floor":4,"turns":1},{"damage":0,"enemies":"Gremlin Nob","floor":6,"turns":1},{"damage":7,"enemies":"Jaw Worm","floor":11,"turns":2},{"damage":0,"enemies":"Large Slime","floor":13,"turns":3},{"damage":9,"enemies":"3 Sentries","floor":14,"turns":5},{"damage":0,"enemies":"Slime Boss","floor":16,"turns":5},{"damage":0,"enemies":"Chosen","floor":18,"turns":3},{"damage":0,"enemies":"2 Thieves","floor":21,"turns":2},{"damage":2,"enemies":"Cultist and Chosen","floor":23,"turns":6},{"damage":0,"enemies":"Gremlin Leader","floor":24,"turns":5},{"damage":0,"enemies":"Centurion and Healer","floor":28,"turns":3},{"damage":0,"enemies":"Slavers","floor":29,"turns":4},{"damage":0,"enemies":"Shelled Parasite and Fungi","floor":31,"turns":4},{"damage":41,"enemies":"Automaton","floor":33,"turns":7},{"damage":0,"enemies":"Orb Walker","floor":35,"turns":3},{"damage":0,"enemies":"3 Darklings","floor":36,"turns":4},{"damage":0,"enemies":"4 Shapes","floor":37,"turns":5},{"damage":0,"enemies":"Sphere and 2 Shapes","floor":39,"turns":2},{"damage":0,"enemies":"Reptomancer","floor":40,"turns":5},{"damage":0,"enemies":"Giant Head","floor":42,"turns":5},{"damage":0,"enemies":"Jaw Worm Horde","floor":44,"turns":3},{"damage":0,"enemies":"Nemesis","floor":45,"turns":5},{"damage":0,"enemies":"Writhing Mass","floor":47,"turns":5},{"damage":4,"enemies":"Donu and Deca","floor":50,"turns":7},{"damage":8,"enemies":"Shield and Spear","floor":54,"turns":7},{"damage":56,"enemies":"The Heart","floor":55,"turns":8}],"seed_played":"-8001950731961765525","potions_obtained":[{"floor":13,"key":"EntropicBrew"},{"floor":16,"key":"SkillPotion"},{"floor":21,"key":"Regen Potion"},{"floor":24,"key":"Explosive Potion"},{"floor":31,"key":"ColorlessPotion"},{"floor":36,"key":"Dexterity Potion"},{"floor":42,"key":"PowerPotion"},{"floor":45,"key":"FairyPotion"}],"is_trial":false,"path_per_floor":["M","?","?","M","?","E","?","R","T","R","M","?","M","E","R","B",null,"M","?","?","M","$","M","E","?","T","?","M","E","R","M","R","B",null,"M","M","M","$","M","E","R","E","T","M","E","?","M","$","R","B",null,"R","$","E","B",null],"character_chosen":"DEFECT","items_purchased":["DollysMirror","Darkness","DataDisk","Glacier","Recycle","FocusPotion"],"campfire_rested":0,"item_purchase_floors":[22,22,38,48,48,53],"current_hp_per_floor":[64,53,53,53,53,53,58,58,58,58,51,33,33,24,24,24,63,63,41,40,40,40,38,38,38,38,38,40,40,40,42,42,1,32,34,36,36,36,38,40,40,42,42,42,44,34,36,36,36,32,50,50,50,44,2],"gold":85,"neow_bonus":"THREE_ENEMY_KILL","is_daily":false,"chose_seed":false,"campfire_upgraded":7,"win_rate":0.0,"timestamp":1614071757,"path_taken":["M","?","?","M","?","E","?","R","T","R","M","?","M","E","R","BOSS","M","?","?","?","$","M","E","?","T","?","M","E","R","M","R","BOSS","M","M","M","$","M","E","R","E","T","M","E","?","M","$","R","BOSS","R","$","E","BOSS"],"items_purchased_type":["Relic","Card","Relic","Card","Card","Potion"],"build_version":"2020-12-22","purchased_purges":2,"victory":true,"max_hp_per_floor":[71,71,71,71,71,71,76,76,76,76,76,76,76,76,76,76,76,76,81,40,40,40,40,40,40,40,40,42,42,42,42,42,42,42,44,46,46,46,48,50,50,52,52,52,54,54,56,56,56,56,56,56,56,58,58],"relic_stats":{"Inserter":[27],"Singing Bowl":18,"counters":[27,111],"Mummified Hand":[184],"Dead Branch":[211],"Pantograph":14,"Turnip":[2],"Orichalcum":[114],"obtain_stats":[{"Inserter":34,"NeowsBlessing":0,"Singing Bowl":26,"Dead Branch":6,"Vajra":14,"The Courier":42,"Bottled Tornado":9,"Orichalcum":12,"Nuclear Battery":17,"DataDisk":38,"Bottled Flame":43,"CaptainsWheel":45,"Matryoshka":40,"DollysMirror":22,"Mummified Hand":24,"Pantograph":54,"Turnip":29,"Cracked Core":0},{"Inserter":15,"NeowsBlessing":0,"Singing Bowl":11,"Dead Branch":3,"Vajra":6,"The Courier":21,"Bottled Tornado":3,"Orichalcum":4,"Nuclear Battery":7,"DataDisk":18,"Bottled Flame":21,"CaptainsWheel":23,"Matryoshka":20,"DollysMirror":9,"Mummified Hand":11,"Pantograph":26,"Turnip":13,"Cracked Core":0},{"Inserter":52,"NeowsBlessing":0,"Singing Bowl":34,"Dead Branch":3,"Vajra":13,"The Courier":76,"Bottled Tornado":3,"Orichalcum":5,"Nuclear Battery":18,"DataDisk":64,"Bottled Flame":76,"CaptainsWheel":84,"Matryoshka":71,"DollysMirror":23,"Mummified Hand":34,"Pantograph":103,"Turnip":41,"Cracked Core":0}]},"card_choices":[{"not_picked":["Beam Cell","Storm"],"picked":"Ball Lightning","floor":1},{"not_picked":["Streamline","Go for the Eyes"],"picked":"Barrage","floor":4},{"not_picked":["Core Surge","Streamline"],"picked":"Echo Form","floor":6},{"not_picked":["Blizzard","Redo","Barrage"],"picked":"SKIP","floor":11},{"not_picked":["Blizzard","Redo","Barrage"],"picked":"SKIP","floor":11},{"not_picked":["Blizzard","Redo","Barrage"],"picked":"SKIP","floor":11},{"not_picked":["Blizzard","Redo","Barrage"],"picked":"SKIP","floor":11},{"not_picked":["Gash","Force Field"],"picked":"Turbo","floor":13},{"not_picked":["Turbo","Sunder"],"picked":"Seek","floor":14},{"not_picked":["Creative AI","Multi-Cast"],"picked":"Electrodynamics","floor":16},{"not_picked":["White Noise","Conserve Battery"],"picked":"BootSequence","floor":18},{"not_picked":["Streamline","Reinforced Body","Hello World"],"picked":"SKIP","floor":21},{"not_picked":["Ball Lightning","Lockon","Beam Cell"],"picked":"SKIP","floor":23},{"not_picked":["Turbo","Leap"],"picked":"Fission","floor":24},{"not_picked":["BootSequence","Barrage","Ball Lightning+1"],"picked":"Singing Bowl","floor":28},{"not_picked":["Redo","Go for the Eyes"],"picked":"Hologram+1","floor":29},{"not_picked":["Cold Snap","Streamline"],"picked":"Coolheaded","floor":31},{"not_picked":["Hyperbeam","Biased Cognition"],"picked":"Meteor Strike","floor":33},{"not_picked":["Rip and Tear","Steam","Reprogram"],"picked":"Singing Bowl","floor":35},{"not_picked":["Rebound+1","Static Discharge","Leap"],"picked":"Singing Bowl","floor":36},{"not_picked":["Sunder","Coolheaded+1"],"picked":"Static Discharge+1","floor":37},{"not_picked":["Sweeping Beam","Gash","Beam Cell+1"],"picked":"Singing Bowl","floor":39},{"not_picked":["Hyperbeam","Steam","Stack"],"picked":"Singing Bowl","floor":40},{"not_picked":["Sweeping Beam","Redo","Fission"],"picked":"Singing Bowl","floor":42},{"not_picked":["Barrage","Beam Cell"],"picked":"Reinforced Body","floor":44},{"not_picked":["Conserve Battery","Barrage+1","Thunder Strike"],"picked":"Singing Bowl","floor":45},{"not_picked":["Coolheaded","Rebound","Defragment"],"picked":"Singing Bowl","floor":47},{"not_picked":["Aggregate","Sweeping Beam","Rip and Tear+1"],"picked":"Singing Bowl","floor":54}],"player_experience":1308835,"relics_obtained":[{"floor":6,"key":"Dead Branch"},{"floor":9,"key":"Bottled Tornado"},{"floor":14,"key":"Vajra"},{"floor":24,"key":"Mummified Hand"},{"floor":26,"key":"Singing Bowl"},{"floor":29,"key":"Turnip"},{"floor":40,"key":"Matryoshka"},{"floor":42,"key":"The Courier"},{"floor":43,"key":"Bottled Flame"},{"floor":45,"key":"CaptainsWheel"},{"floor":54,"key":"Pantograph"}],"event_choices":[{"damage_healed":0,"gold_gain":75,"player_choice":"Gather Gold","damage_taken":11,"max_hp_gain":0,"max_hp_loss":0,"event_name":"World of Goop","floor":2,"gold_loss":0},{"cards_removed":["Strike_B"],"damage_healed":0,"gold_gain":0,"player_choice":"Forget","damage_taken":0,"max_hp_gain":0,"max_hp_loss":0,"event_name":"Living Wall","floor":3,"gold_loss":0},{"cards_removed":["Defend_B"],"damage_healed":0,"gold_gain":0,"player_choice":"Card Removal","damage_taken":0,"max_hp_gain":0,"max_hp_loss":0,"event_name":"The Cleric","floor":5,"gold_loss":75},{"damage_healed":0,"gold_gain":0,"player_choice":"Donut","damage_taken":0,"max_hp_gain":5,"max_hp_loss":0,"event_name":"Big Fish","floor":7,"gold_loss":0},{"damage_healed":0,"gold_gain":0,"player_choice":"Success","damage_taken":18,"relics_obtained":["Orichalcum"],"max_hp_gain":0,"max_hp_loss":0,"event_name":"Scrap Ooze","floor":12,"gold_loss":0},{"damage_healed":0,"gold_gain":0,"player_choice":"Shed Blood","damage_taken":27,"max_hp_gain":5,"max_hp_loss":0,"event_name":"Forgotten Altar","floor":19,"gold_loss":0},{"damage_healed":0,"gold_gain":0,"player_choice":"Became a Ghost","damage_taken":0,"max_hp_gain":0,"max_hp_loss":41,"event_name":"Ghosts","floor":20,"gold_loss":0,"cards_obtained":["Ghostly","Ghostly","Ghostly"]},{"damage_healed":0,"gold_gain":0,"cards_transformed":["Strike_B","Defend_B"],"player_choice":"Became Test Subject","damage_taken":0,"max_hp_gain":0,"max_hp_loss":0,"event_name":"Drug Dealer","floor":25,"gold_loss":0,"cards_obtained":["BootSequence","Force Field"]},{"cards_removed":["Strike_B"],"damage_healed":0,"gold_gain":0,"player_choice":"Gave Gold","damage_taken":0,"max_hp_gain":0,"max_hp_loss":0,"event_name":"Beggar","floor":27,"gold_loss":75},{"damage_healed":0,"gold_gain":0,"player_choice":"Embrace Madness","damage_taken":10,"max_hp_gain":0,"max_hp_loss":0,"event_name":"Winding Halls","floor":46,"gold_loss":0,"cards_obtained":["Madness","Madness"]}],"is_beta":false,"boss_relics":[{"not_picked":["Coffee Dripper","Runic Dome"],"picked":"Nuclear Battery"},{"not_picked":["Empty Cage","Fusion Hammer"],"picked":"Inserter"}],"items_purged_floors":[22,38],"is_endless":false,"potions_floor_spawned":[13,16,18,21,24,28,31,35,36,37,42,45],"ascension_level":15}}