{"host":"sgdhw3pdkzxa44vc","time":1614043665,"event":{"mods":["BaseMod","Bestiary","Colored Map","Highlight Path","Minty Spire (QoL Compilation)","Relic Stats"],"gold_per_floor":[12,12,30,48,64,98,98,111,111,145,145,145,159,187,187,282,282,302,402,417,437,456,456,489,233,233,233,258,258,269,4,4,105,105,124,139,139,139,159,185,185,185],"floor_reached":41,"language":"ENG","playtime":2154,"items_purged":["Strike_G"],"score":604,"play_id":"af31f01a-4ff2-4afe-9d2b-05a467dda985","local_time":"20210223032745","is_ascension_mode":true,"campfire_choices":[{"floor":7.0,"key":"REST"},{"floor":11.0,"key":"REST"},{"data":"Neutralize","floor":15.0,"key":"SMITH"},{"floor":23.0,"key":"REST"},{"floor":27.0,"key":"REST"},{"data":"Accuracy","floor":32,"key":"SMITH"}],"circlet_count":0,"master_deck":["Strike_G","Strike_G+1","Strike_G","Strike_G","Defend_G","Defend_G","Defend_G","Defend_G","Survivor","Neutralize+1","Quick Slash+1","Accuracy+1","Blade Dance","Backflip","Cloak And Dagger","Dagger Spray","Dagger Spray","Backflip","Phantasmal Killer","Backstab","Poisoned Stab+1","Backflip","Noxious Fumes","Cloak And Dagger","Blade Dance","Storm of Steel","Flying Knee+1","Slice","Blade Dance+1","PiercingWail+1"],"relics":["Ring of the Snake","Torii","Ancient Tea Set","Pantograph","Kunai","Potion Belt","SacredBark","Omamori","Oddly Smooth Stone","Whetstone","Snake Skull","WristBlade","Toxic Egg 2"],"acts_visited":["Exordium","TheCity","TheBeyond"],"potions_floor_usage":[30,33,33,39,40],"damage_taken":[{"damage":0.0,"enemies":"Cultist","floor":1.0,"turns":5.0},{"damage":7.0,"enemies":"Jaw Worm","floor":3.0,"turns":4.0},{"damage":0.0,"enemies":"2 Louse","floor":4.0,"turns":3.0},{"damage":10.0,"enemies":"Red Slaver","floor":5.0,"turns":6.0},{"damage":32.0,"enemies":"Gremlin Nob","floor":6.0,"turns":5.0},{"damage":0.0,"enemies":"Gremlin Gang","floor":8.0,"turns":6.0},{"damage":13.0,"enemies":"3 Sentries","floor":10.0,"turns":9.0},{"damage":0.0,"enemies":"3 Louse","floor":13.0,"turns":3.0},{"damage":16.0,"enemies":"Gremlin Nob","floor":14.0,"turns":3.0},{"damage":2.0,"enemies":"The Guardian","floor":16.0,"turns":15.0},{"damage":11.0,"enemies":"Spheric Guardian","floor":18.0,"turns":6.0},{"damage":3.0,"enemies":"Shell Parasite","floor":20.0,"turns":4.0},{"damage":26.0,"enemies":"Sentry and Sphere","floor":21.0,"turns":9.0},{"damage":27.0,"enemies":"Snake Plant","floor":22.0,"turns":3.0},{"damage":32.0,"enemies":"Gremlin Leader","floor":24.0,"turns":11.0},{"damage":9.0,"enemies":"Book of Stabbing","floor":28.0,"turns":4.0},{"damage":8,"enemies":"3 Cultists","floor":30,"turns":4},{"damage":31,"enemies":"Champ","floor":33,"turns":10},{"damage":15,"enemies":"Orb Walker","floor":35,"turns":3},{"damage":15,"enemies":"3 Darklings","floor":36,"turns":6},{"damage":1,"enemies":"Spire Growth","floor":39,"turns":4},{"damage":36,"enemies":"Nemesis","floor":40,"turns":7},{"damage":33,"enemies":"Maw","floor":41,"turns":4}],"seed_played":"6292167928229128965","potions_obtained":[{"floor":3.0,"key":"LiquidBronze"},{"floor":6.0,"key":"SteroidPotion"},{"floor":8.0,"key":"SpeedPotion"},{"floor":13.0,"key":"DistilledChaos"},{"floor":14.0,"key":"CunningPotion"},{"floor":18.0,"key":"Regen Potion"},{"floor":28.0,"key":"Ancient Potion"},{"floor":30,"key":"SpeedPotion"},{"floor":36,"key":"SpeedPotion"},{"floor":39,"key":"SteroidPotion"},{"floor":40,"key":"Energy Potion"}],"is_trial":false,"path_per_floor":["M","$","M","M","M","E","R","M","T","E","R","?","M","E","R","B",null,"M","?","M","M","M","R","E","$","T","R","E","?","M","$","R","B",null,"M","M","?","?","M","E","M"],"character_chosen":"THE_SILENT","items_purchased":["Noxious Fumes","AttackPotion","Fire Potion","Blade Dance","Snake Skull","LiquidMemories"],"campfire_rested":4,"item_purchase_floors":[25,25,25,31,31,31],"current_hp_per_floor":[70,70,63,63,53,21,42,42,42,29,50,50,50,34,34,57,67,56,56,53,61,34,55,23,23,23,44,35,35,27,27,27,21,58,43,28,28,46,45,9,0,0],"gold":185,"neow_bonus":"ONE_RARE_RELIC","is_daily":false,"chose_seed":false,"campfire_upgraded":2,"win_rate":0.0,"timestamp":1614043665,"path_taken":["M","$","?","M","M","E","R","M","T","E","R","?","?","E","R","BOSS","M","?","M","?","?","R","E","$","T","R","E","?","M","$","R","BOSS","M","M","?","?","M","E","M"],"items_purchased_type":["Card","Potion","Potion","Card","Relic","Potion"],"build_version":"2020-12-22","purchased_purges":1,"victory":false,"max_hp_per_floor":[70,70,70,70,70,70,70,70,70,70,70,70,70,70,70,70,70,70,70,70,70,70,70,70,70,70,70,70,70,70,70,70,70,70,70,70,70,70,70,70,70,70],"relic_stats":{"Torii":77,"counters":[23,134],"Pantograph":50,"Snake Skull":[15],"Kunai":[75],"Whetstone":["Quick Slash","Strike_G"],"obtain_stats":[{"Potion Belt":14,"Torii":0,"SacredBark":17,"Oddly Smooth Stone":26,"Snake Skull":31,"Omamori":24,"Whetstone":28,"Ancient Tea Set":6,"WristBlade":34,"Pantograph":9,"Kunai":10,"Toxic Egg 2":40,"Ring of the Snake":0},{"Potion Belt":9,"Torii":0,"SacredBark":10,"Oddly Smooth Stone":15,"Snake Skull":17,"Omamori":15,"Whetstone":16,"Ancient Tea Set":5,"WristBlade":18,"Pantograph":6,"Kunai":7,"Toxic Egg 2":22,"Ring of the Snake":0},{"Potion Belt":44,"Torii":0,"SacredBark":59,"Oddly Smooth Stone":92,"Snake Skull":100,"Omamori":92,"Whetstone":96,"Ancient Tea Set":23,"WristBlade":110,"Pantograph":29,"Kunai":38,"Toxic Egg 2":130,"Ring of the Snake":0}],"Ring of the Snake":[46]},"card_choices":[{"not_picked":["Acrobatics","Underhanded Strike"],"picked":"Quick Slash","floor":1.0},{"not_picked":["Backstab","Outmaneuver"],"picked":"Accuracy","floor":3.0},{"not_picked":["Underhanded Strike","Night Terror"],"picked":"Blade Dance","floor":4.0},{"not_picked":["Escape Plan","Quick Slash","Outmaneuver"],"picked":"SKIP","floor":5.0},{"not_picked":["Bane","Masterful Stab"],"picked":"Backflip","floor":6.0},{"not_picked":["Dagger Spray","PiercingWail"],"picked":"Cloak And Dagger","floor":8.0},{"not_picked":["Skewer","PiercingWail"],"picked":"Dagger Spray","floor":10.0},{"not_picked":["Calculated Gamble","Unload"],"picked":"Dagger Spray","floor":13.0},{"not_picked":["Dagger Spray","Venomology"],"picked":"Backflip","floor":14.0},{"not_picked":["Wraith Form v2","Venomology"],"picked":"Phantasmal Killer","floor":16.0},{"not_picked":["Reflex+1","Riddle With Holes","Calculated Gamble"],"picked":"SKIP","floor":18.0},{"not_picked":["Catalyst+1","Backflip"],"picked":"Backstab","floor":20.0},{"not_picked":["Dagger Throw","Riddle With Holes"],"picked":"Poisoned Stab+1","floor":21.0},{"not_picked":["Dash","Deadly Poison","Catalyst+1"],"picked":"SKIP","floor":22.0},{"not_picked":["Skewer","Sucker Punch"],"picked":"Backflip","floor":24.0},{"not_picked":["Deadly Poison","Flying Knee","Bane+1"],"picked":"SKIP","floor":28.0},{"not_picked":["Endless Agony","Infinite Blades"],"picked":"Cloak And Dagger","floor":30},{"not_picked":["Adrenaline","Malaise"],"picked":"Storm of Steel","floor":33},{"not_picked":["Dagger Spray+1","Backflip"],"picked":"Flying Knee+1","floor":35},{"not_picked":["PiercingWail","Acrobatics+1"],"picked":"Slice","floor":36},{"not_picked":["Cloak And Dagger+1","Dash"],"picked":"Blade Dance+1","floor":39},{"not_picked":["Catalyst+1","Grand Finale"],"picked":"PiercingWail+1","floor":40}],"player_experience":564390,"relics_obtained":[{"floor":6.0,"key":"Ancient Tea Set"},{"floor":9.0,"key":"Pantograph"},{"floor":10.0,"key":"Kunai"},{"floor":14.0,"key":"Potion Belt"},{"floor":24.0,"key":"Omamori"},{"floor":26.0,"key":"Oddly Smooth Stone"},{"floor":28.0,"key":"Whetstone"},{"floor":40,"key":"Toxic Egg 2"}],"event_choices":[{"damage_healed":0.0,"max_hp_gain":0.0,"max_hp_loss":0.0,"gold_gain":0.0,"cards_transformed":["Defend_G"],"event_name":"Transmorgrifier","player_choice":"Transformed","floor":12.0,"gold_loss":0.0,"damage_taken":0.0,"cards_obtained":["Poisoned Stab"]},{"damage_healed":0.0,"max_hp_gain":0.0,"max_hp_loss":0.0,"gold_gain":100.0,"event_name":"Golden Shrine","player_choice":"Pray","floor":19.0,"gold_loss":0.0,"damage_taken":0.0},{"damage_healed":0.0,"max_hp_gain":0.0,"max_hp_loss":0.0,"gold_gain":0.0,"event_name":"Vampires","player_choice":"Ignored","floor":29.0,"gold_loss":0.0,"damage_taken":0.0},{"cards_removed":["Poisoned Stab"],"damage_healed":0,"gold_gain":0,"player_choice":"Removed Attack","damage_taken":0,"max_hp_gain":0,"max_hp_loss":0,"event_name":"Falling","floor":37,"gold_loss":0},{"damage_healed":18,"gold_gain":0,"player_choice":"Writhe","damage_taken":0,"max_hp_gain":0,"max_hp_loss":0,"event_name":"Winding Halls","floor":38,"gold_loss":0,"cards_obtained":["Writhe"]}],"is_beta":false,"boss_relics":[{"not_picked":["Ectoplasm","Empty Cage"],"picked":"SacredBark"},{"not_picked":["SlaversCollar","Black Star"],"picked":"WristBlade"}],"items_purged_floors":[25],"is_endless":false,"potions_floor_spawned":[3,6,8,13,14,18,28,30,36,39,40],"killed_by":"Maw","ascension_level":5}}