{"host":"ubrtv1ugg19hk6pr","time":1614046176,"event":{"mods":["Act Like it!","BaseMod","Bestiary","Colored Powertips","Duelist Mod","JesterMod","Minty Spire (QoL Compilation)","Replay The Spire","Robot Space Explorer","Ruina","Shop Mod","StSLib","The Marked","The Senshi"],"gold_per_floor":[117,217,230,25,41,68,68,88,88,106,141,141,316,96,96,199,199,214,228,244,259,3,3,3,33,84,84,84,84,84,84,84],"floor_reached":31,"language":"ENG","playtime":1614,"items_purged":["theMarked:Strike","Doubt"],"score":313,"play_id":"3579f9d8-dd38-441b-a016-bf6c3b757fcd","local_time":"20210222200936","is_ascension_mode":false,"campfire_choices":[{"data":"theMarked:Convert","floor":7,"key":"SMITH"},{"data":"theMarked:Defy","floor":15,"key":"SMITH"},{"floor":23,"key":"REST"},{"data":"theMarked:Defy","floor":28,"key":"SMITH"}],"circlet_count":0,"master_deck":["theMarked:Strike","theMarked:Strike","theMarked:Strike","theMarked:Defend","theMarked:Defend","theMarked:Defend","theMarked:Defend","theMarked:SoldierOfQuellstein","theMarked:SwordAndMagic","theMarked:AttractMetal","Discovery","theMarked:LightningStrikesTwice","theMarked:KeepCalmAndFight+1","theMarked:Electrify","theMarked:HeightenedSenses","theMarked:Heritage","theMarked:EnhanceMovement","theMarked:Convert+1","theMarked:Overcharge","theMarked:Aftermath","theMarked:Defy+1","Midas Touch","Poisoned Strike","Good Instincts","theMarked:Defy+1","theMarked:TakeCover+1","theMarked:TakeCover","theMarked:Overthink","theMarked:TakeOffHeels","theMarked:LightningStrikesTwice+1","Ghostly","Ghostly","Ghostly","Ghostly","Ghostly"],"relics":["theMarked:ArtifactOfAir","NeowsBlessing","BargainBundle","Eternal Feather","Ornamental Fan","Oddly Smooth Stone","ReplayTheSpireMod:ShopPack","Philosopher\u0027s Stone","Bottled Lightning","Replay:Bottled Snecko","Boot"],"acts_visited":["Exordium","TheCity"],"potions_floor_usage":[6,16,16,16,20],"damage_taken":[{"damage":0,"enemies":"Small Slimes","floor":1,"turns":1},{"damage":0,"enemies":"Cultist","floor":3,"turns":1},{"damage":0,"enemies":"2 Louse","floor":5,"turns":1},{"damage":18,"enemies":"Lagavulin","floor":6,"turns":5},{"damage":0,"enemies":"Blue Slaver","floor":8,"turns":3},{"damage":2,"enemies":"2 Fungi Beasts","floor":10,"turns":2},{"damage":9,"enemies":"3 Sentries","floor":11,"turns":6},{"damage":20,"enemies":"Hexaghost","floor":16,"turns":8},{"damage":0,"enemies":"3 Byrds","floor":18,"turns":3},{"damage":7,"enemies":"Spheric Guardian","floor":19,"turns":3},{"damage":55,"enemies":"Shelled Parasite and Fungi","floor":20,"turns":6},{"damage":0,"enemies":"Cultist and Chosen","floor":21,"turns":4},{"damage":10,"enemies":"theDuelist:KaibaA2","floor":25,"turns":2},{"damage":7,"enemies":"Chosen and Byrds","floor":31,"turns":2}],"seed_played":"5115007324280307310","potions_obtained":[{"floor":3,"key":"Death Potion"},{"floor":5,"key":"theMarked:HoverShot"},{"floor":8,"key":"Dexterity Potion"},{"floor":10,"key":"ColorlessPotion"},{"floor":19,"key":"Block Potion"}],"is_trial":false,"path_per_floor":["M","?","M","$","M","E","R","M","T","M","E","$","?","$","R","B",null,"M","M","M","M","$","R","?","E","T","?","R","PTL","PTL","M"],"character_chosen":"THE_DEFAULT","items_purchased":["BargainBundle","Discovery","theMarked:LightningStrikesTwice","theMarked:KeepCalmAndFight+1","theMarked:Electrify","theMarked:HeightenedSenses","theMarked:Heritage","Languid Potion","Languid Potion","ReplayTheSpireMod:ShopPack","Bottled Lightning"],"campfire_rested":1,"item_purchase_floors":[4,4,4,4,4,4,4,4,4,14,22],"current_hp_per_floor":[72,72,72,72,72,54,63,63,63,61,52,52,52,52,67,47,72,72,65,10,10,10,49,49,39,39,36,36,36,36,29,29],"gold":84,"neow_bonus":"THREE_ENEMY_KILL","is_daily":false,"chose_seed":false,"campfire_upgraded":3,"win_rate":0.0,"timestamp":1614046176,"path_taken":["M","?","?","$","M","E","R","M","T","M","E","?","?","$","R","BOSS","M","M","M","M","$","R","?","E","T","?","R","PTL","PTL","M"],"items_purchased_type":["Relic","Card","Card","Card","Card","Card","Card","Potion","Potion","Relic","Relic"],"build_version":"2020-12-22","purchased_purges":2,"victory":false,"max_hp_per_floor":[72,72,72,72,72,72,72,72,72,72,72,72,72,72,72,72,72,72,72,72,72,72,72,72,72,72,36,36,36,36,36,36],"card_choices":[{"not_picked":["theMarked:ElectricStrings","theMarked:BanishingStrike"],"picked":"theMarked:SwordAndMagic","floor":1},{"not_picked":["theMarked:Maelstrom","theMarked:TwofoldDefense"],"picked":"theMarked:AttractMetal","floor":3},{"not_picked":["theMarked:Frustration","theMarked:LightningStrikesTwice"],"picked":"theMarked:EnhanceMovement","floor":5},{"not_picked":["theMarked:TwofoldDefense","theMarked:ResourceFulStrike"],"picked":"theMarked:Convert","floor":6},{"not_picked":["theMarked:ElectricStrings","theMarked:Memento"],"picked":"theMarked:Overcharge","floor":8},{"not_picked":["theMarked:Electrocute","theMarked:WastefulAttack"],"picked":"theMarked:Aftermath","floor":10},{"not_picked":["theMarked:TwofoldDefense","theMarked:TakeCover"],"picked":"theMarked:Defy","floor":11},{"not_picked":["Metamorphosis","The Bomb"],"picked":"Midas Touch","floor":14},{"not_picked":["Deep Breath","Impatience"],"picked":"Poisoned Strike","floor":14},{"not_picked":["ReplayTheSpireMod:Uncanny Aura","Replay:Sssssssssstrike"],"picked":"Good Instincts","floor":14},{"not_picked":["theMarked:ThrowWeapon","theMarked:Toughness"],"picked":"theMarked:Defy","floor":16},{"not_picked":["theMarked:ResourceFulStrike+1","theMarked:Aftermath"],"picked":"theMarked:TakeCover+1","floor":18},{"not_picked":["theMarked:ChainLightning","theMarked:RogueSparks"],"picked":"theMarked:TakeCover","floor":19},{"not_picked":["theMarked:Memento","theMarked:HeightenedSenses"],"picked":"theMarked:Overthink","floor":20},{"not_picked":["theMarked:Aftermath","theMarked:Parry"],"picked":"theMarked:TakeOffHeels","floor":21},{"not_picked":["theMarked:OneWithTheBlade","theMarked:EmpowerWeapon"],"picked":"theMarked:LightningStrikesTwice+1","floor":25}],"player_experience":511451,"relics_obtained":[{"floor":6,"key":"Eternal Feather"},{"floor":9,"key":"Ornamental Fan"},{"floor":11,"key":"Oddly Smooth Stone"},{"floor":25,"key":"Replay:Bottled Snecko"},{"floor":26,"key":"Boot"}],"event_choices":[{"damage_healed":0,"gold_gain":100,"player_choice":"Pray","damage_taken":0,"max_hp_gain":0,"max_hp_loss":0,"event_name":"Golden Shrine","floor":2,"gold_loss":0},{"damage_healed":0,"gold_gain":175,"player_choice":"AGREE","damage_taken":0,"max_hp_gain":0,"max_hp_loss":0,"event_name":"Liars Game","floor":13,"gold_loss":0,"cards_obtained":["Doubt"]},{"cards_removed":["theMarked:Strike"],"damage_healed":0,"gold_gain":0,"player_choice":"Elegance","damage_taken":0,"max_hp_gain":0,"max_hp_loss":0,"event_name":"Back to Basics","floor":24,"gold_loss":0},{"damage_healed":0,"gold_gain":0,"player_choice":"Became a Ghost","damage_taken":0,"max_hp_gain":0,"max_hp_loss":36,"event_name":"Ghosts","floor":27,"gold_loss":0,"cards_obtained":["Ghostly","Ghostly","Ghostly","Ghostly","Ghostly"]}],"is_beta":false,"boss_relics":[{"not_picked":["SacredBark","Replay:Ancient Bell"],"picked":"Philosopher\u0027s Stone"}],"items_purged_floors":[4,14],"is_endless":false,"potions_floor_spawned":[3,5,8,10,11,19],"killed_by":"Chosen and Byrds","ascension_level":0}}