{"host":"4yf2n7l3ni368tvf","time":1614050863,"event":{"mods":["AchievementEnabler","BaseMod","Colored Map","DeckTracker","Minty Spire (QoL Compilation)","SuperFastMode"],"gold_per_floor":[115,134,110,110,125,156,156,231,231,231,231,242,271,290,290,290,290],"floor_reached":16,"language":"KOR","playtime":554,"items_purged":[],"score":110,"play_id":"a6f9bc7a-cde7-4e33-877f-91eb48b2a2bb","local_time":"20210223122743","is_ascension_mode":false,"campfire_choices":[{"floor":7.0,"key":"REST"},{"floor":15.0,"key":"REST"}],"circlet_count":0,"master_deck":["Strike_R","Strike_R","Strike_R","Strike_R","Defend_R","Defend_R","Defend_R","Defend_R","Bash","Panacea","Whirlwind","Twin Strike","Headbutt","Headbutt","Sword Boomerang","Seeing Red"],"relics":["Burning Blood","Kunai","Lantern","White Beast Statue","Nunchaku"],"acts_visited":["Exordium"],"potions_floor_usage":[16,16],"damage_taken":[{"damage":11.0,"enemies":"Jaw Worm","floor":1.0,"turns":2.0},{"damage":1.0,"enemies":"2 Louse","floor":2.0,"turns":3.0},{"damage":0.0,"enemies":"Small Slimes","floor":5.0,"turns":3.0},{"damage":44.0,"enemies":"Lagavulin","floor":6.0,"turns":7.0},{"damage":9.0,"enemies":"Red Slaver","floor":12.0,"turns":4.0},{"damage":28.0,"enemies":"Gremlin Nob","floor":13.0,"turns":4.0},{"damage":12.0,"enemies":"2 Fungi Beasts","floor":14.0,"turns":3.0},{"damage":60,"enemies":"The Guardian","floor":16,"turns":9}],"seed_played":"822882304469593288","potions_obtained":[{"floor":1.0,"key":"EssenceOfSteel"},{"floor":12.0,"key":"Dexterity Potion"},{"floor":13.0,"key":"GamblersBrew"},{"floor":14.0,"key":"BloodPotion"}],"is_trial":false,"path_per_floor":["M","M","$","?","M","E","R","?","T","$","?","M","E","M","R","B"],"character_chosen":"IRONCLAD","items_purchased":["Headbutt"],"campfire_rested":2,"item_purchase_floors":[3],"current_hp_per_floor":[75,80,80,68,74,36,60,49,49,49,49,46,24,18,42,0,0],"gold":290,"neow_bonus":"RANDOM_COLORLESS","is_daily":false,"chose_seed":false,"campfire_upgraded":0,"win_rate":0.0,"timestamp":1614050863,"path_taken":["M","M","$","?","M","E","R","?","T","$","?","M","E","?","R","BOSS"],"items_purchased_type":["Card"],"build_version":"2020-12-22","purchased_purges":0,"victory":false,"max_hp_per_floor":[80,80,80,80,80,80,80,80,80,80,80,80,80,80,80,80,80],"card_choices":[{"not_picked":["Dark Shackles","Flash of Steel"],"picked":"Panacea","floor":0.0},{"not_picked":["Clash","Shrug It Off"],"picked":"Whirlwind","floor":1.0},{"not_picked":["Iron Wave","Rage"],"picked":"Twin Strike","floor":2.0},{"not_picked":["Whirlwind","Flex"],"picked":"Headbutt","floor":5.0},{"not_picked":["Headbutt","Sever Soul","Immolate"],"picked":"SKIP","floor":6.0},{"not_picked":["Body Slam","Headbutt","Iron Wave"],"picked":"SKIP","floor":12.0},{"not_picked":["Wild Strike","Anger"],"picked":"Seeing Red","floor":13.0},{"not_picked":["Entrench","Dual Wield","Reckless Charge"],"picked":"SKIP","floor":14.0}],"player_experience":270154,"relics_obtained":[{"floor":6.0,"key":"Lantern"},{"floor":9.0,"key":"White Beast Statue"},{"floor":13.0,"key":"Nunchaku"}],"event_choices":[{"damage_healed":0.0,"max_hp_gain":0.0,"max_hp_loss":0.0,"gold_gain":0.0,"event_name":"Scrap Ooze","player_choice":"Success","floor":4.0,"gold_loss":0.0,"damage_taken":12.0,"relics_obtained":["Kunai"]},{"damage_healed":0.0,"max_hp_gain":0.0,"max_hp_loss":0.0,"gold_gain":75.0,"event_name":"World of Goop","player_choice":"Gather Gold","floor":8.0,"gold_loss":0.0,"damage_taken":11.0},{"damage_healed":0.0,"max_hp_gain":0.0,"max_hp_loss":0.0,"gold_gain":0.0,"cards_transformed":["Strike_R"],"event_name":"Transmorgrifier","player_choice":"Transformed","floor":11.0,"gold_loss":0.0,"damage_taken":0.0,"cards_obtained":["Sword Boomerang"]}],"is_beta":false,"boss_relics":[],"items_purged_floors":[],"is_endless":false,"potions_floor_spawned":[1,12,13,14],"killed_by":"The Guardian","ascension_level":0}}