{"host":"nv1rw0372aj1kj6e","time":1614099249,"event":{"mods":["AchievementEnabler","BaseMod","Minty Spire (QoL Compilation)","Rare Cards Sparkle","Replay The Spire","StSLib","everything is the same but u backflip on backflip"],"gold_per_floor":[113,38,52,52,127,127,155,171,223,258,258,258,274,26,26,26,26],"floor_reached":16,"language":"ENG","playtime":946,"items_purged":["Strike_B","Strike_B"],"score":166,"play_id":"b7e79c83-c444-4311-859a-3545352c3823","local_time":"20210223175409","is_ascension_mode":true,"campfire_choices":[{"data":"Zap","floor":6,"key":"SMITH"},{"data":"Dualcast","floor":12,"key":"SMITH"},{"data":"Go for the Eyes","floor":15,"key":"SMITH"}],"circlet_count":0,"master_deck":["Strike_B","Defend_B","Defend_B","Defend_B","Defend_B","Zap+1","Dualcast+1","Scrape","Turbo","Go for the Eyes+1","ReplaySolidLightProjector","Static Discharge"],"relics":["Cracked Core","NeowsBlessing","Blood Vial","Replay:Accelerometer","Juzu Bracelet","Singing Bowl","DataDisk"],"acts_visited":["Exordium"],"potions_floor_usage":[10,16],"damage_taken":[{"damage":0,"enemies":"Cultist","floor":1,"turns":1},{"damage":0,"enemies":"Jaw Worm","floor":3,"turns":1},{"damage":0,"enemies":"Lagavulin","floor":7,"turns":1},{"damage":3,"enemies":"2 Louse","floor":8,"turns":3},{"damage":14,"enemies":"Replay:BlueRogue","floor":10,"turns":4},{"damage":7,"enemies":"2 Fungi Beasts","floor":13,"turns":3},{"damage":60,"enemies":"Fading Forest","floor":16,"turns":7}],"seed_played":"-4695559297588685","potions_obtained":[{"floor":7,"key":"Reflective Coating"},{"floor":8,"key":"DistilledChaos"},{"floor":10,"key":"Energy Potion"}],"is_trial":false,"path_per_floor":["M","$","M","?","?","R","E","M","T","E","?","R","M","$","R","B"],"character_chosen":"DEFECT","items_purchased":["DataDisk"],"campfire_rested":0,"item_purchase_floors":[14],"current_hp_per_floor":[75,75,75,72,61,61,63,62,62,52,52,52,47,47,47,0,0],"gold":26,"neow_bonus":"THREE_ENEMY_KILL","is_daily":false,"chose_seed":false,"campfire_upgraded":3,"win_rate":0.0,"timestamp":1614099249,"path_taken":["M","?","M","?","?","R","E","M","T","E","?","R","M","$","R","BOSS"],"items_purchased_type":["Relic"],"build_version":"2020-12-22","purchased_purges":2,"victory":false,"max_hp_per_floor":[75,75,75,75,75,75,75,75,75,77,77,77,77,77,77,77,77],"card_choices":[{"not_picked":["Leap","Coolheaded","Compile Driver"],"picked":"SKIP","floor":1},{"not_picked":["Turbo","Cold Snap"],"picked":"Scrape","floor":3},{"not_picked":["Leap","Mirror Shield"],"picked":"Turbo","floor":7},{"not_picked":["FIFO Queue","Storm"],"picked":"Go for the Eyes","floor":8},{"not_picked":["Darkness","Compile Driver","Go for the Eyes"],"picked":"Singing Bowl","floor":10},{"not_picked":["Darkness","Force Field"],"picked":"Static Discharge","floor":13}],"player_experience":242337,"relics_obtained":[{"floor":7,"key":"Replay:Accelerometer"},{"floor":9,"key":"Juzu Bracelet"},{"floor":10,"key":"Singing Bowl"}],"event_choices":[{"damage_healed":0,"gold_gain":0,"player_choice":"Success","damage_taken":3,"relics_obtained":["Blood Vial"],"max_hp_gain":0,"max_hp_loss":0,"event_name":"Scrap Ooze","floor":4,"gold_loss":0},{"damage_healed":0,"gold_gain":75,"player_choice":"Gather Gold","damage_taken":11,"max_hp_gain":0,"max_hp_loss":0,"event_name":"World of Goop","floor":5,"gold_loss":0},{"damage_healed":0,"gold_gain":0,"cards_transformed":["Strike_B"],"player_choice":"Change","damage_taken":0,"max_hp_gain":0,"max_hp_loss":0,"event_name":"Living Wall","floor":11,"gold_loss":0,"cards_obtained":["ReplaySolidLightProjector"]}],"is_beta":false,"boss_relics":[],"items_purged_floors":[2,14],"is_endless":false,"potions_floor_spawned":[7,8,10],"killed_by":"Fading Forest","ascension_level":5}}