{"host":"00olc56ucl6mk3pv","time":1614103691,"event":{"mods":["AchievementEnabler","BaseMod","Keyboard Shortcuts","Minty Spire (QoL Compilation)","Quick Restart","SuperFastMode"],"gold_per_floor":[118,3,22,172,172,172,201,220,220,2,29,29,29,46,46,120,120,130,143,3,3,3,3,19,19,19,19,29,48,48,48],"floor_reached":30,"language":"KOR","playtime":926,"items_purged":["Strike_B","Doubt"],"score":551,"play_id":"28a7f53b-da0a-4757-95e5-b284de2227d0","local_time":"20210224030811","is_ascension_mode":true,"campfire_choices":[{"data":"Hello World","floor":6,"key":"SMITH"},{"data":"Defragment","floor":13,"key":"SMITH"},{"data":"Strike_B","floor":15,"key":"PURGE"},{"floor":23,"key":"REST"},{"floor":25,"key":"REST"},{"data":"Recycle","floor":27,"key":"SMITH"}],"circlet_count":0,"master_deck":["AscendersBane","Strike_B","Defend_B","Defend_B","Defend_B","Defend_B","Zap","Dualcast","Lockon","Consume","Auto Shields","Hello World+1","Biased Cognition","Hologram","Defragment+1","Recycle+1","Heatsinks","Coolheaded","Reboot","Darkness+1","Glacier","Coolheaded","Blizzard","Turbo"],"relics":["Cracked Core","NeowsBlessing","Peace Pipe","Pear","Strawberry","FaceOfCleric","Runic Pyramid","The Courier","DataDisk","Pantograph"],"acts_visited":["Exordium","TheCity"],"potions_floor_usage":[14,16,29],"damage_taken":[{"damage":0,"enemies":"Small Slimes","floor":1,"turns":1},{"damage":0,"enemies":"Jaw Worm","floor":3,"turns":1},{"damage":0,"enemies":"Gremlin Nob","floor":7,"turns":1},{"damage":6,"enemies":"Cultist","floor":8,"turns":3},{"damage":12,"enemies":"Lagavulin","floor":11,"turns":6},{"damage":9,"enemies":"2 Fungi Beasts","floor":14,"turns":3},{"damage":29,"enemies":"The Guardian","floor":16,"turns":12},{"damage":30,"enemies":"Shell Parasite","floor":18,"turns":6},{"damage":34,"enemies":"3 Byrds","floor":19,"turns":5},{"damage":16,"enemies":"3 Cultists","floor":24,"turns":7},{"damage":22,"enemies":"Snake Plant","floor":28,"turns":5},{"damage":24,"enemies":"Shelled Parasite and Fungi","floor":29,"turns":6},{"damage":21,"enemies":"Cultist and Chosen","floor":30,"turns":6}],"seed_played":"6246498725768378485","potions_obtained":[{"floor":1,"key":"DistilledChaos"},{"floor":3,"key":"Regen Potion"},{"floor":7,"key":"SneckoOil"},{"floor":11,"key":"DistilledChaos"},{"floor":16,"key":"FocusPotion"},{"floor":24,"key":"Ancient Potion"}],"is_trial":false,"path_per_floor":["M","$","M","?","?","R","E","M","T","$","E","?","R","M","R","B",null,"M","M","$","T","?","R","M","R","T","R","M","M","M"],"character_chosen":"DEFECT","items_purchased":["Consume","Defragment","Recycle","Coolheaded","Blizzard"],"campfire_rested":2,"item_purchase_floors":[2,10,10,20,20],"current_hp_per_floor":[64,64,64,64,64,64,64,58,68,68,63,63,63,55,55,27,74,45,12,12,12,12,39,24,51,51,51,30,7,0,0],"gold":48,"neow_bonus":"THREE_ENEMY_KILL","is_daily":false,"chose_seed":false,"campfire_upgraded":3,"win_rate":0.0,"timestamp":1614103691,"path_taken":["M","$","M","?","?","R","E","?","T","$","E","?","R","M","R","BOSS","M","M","$","?","?","R","M","R","T","R","?","M","?"],"items_purchased_type":["Card","Card","Card","Card","Card"],"build_version":"2020-12-22","purchased_purges":2,"victory":false,"max_hp_per_floor":[71,71,71,71,71,71,71,71,81,81,88,88,88,89,89,90,90,91,92,92,92,92,92,93,93,93,93,94,95,95,95],"card_choices":[{"not_picked":["Reinforced Body","Reprogram"],"picked":"Lockon","floor":1},{"not_picked":["Recycle","Gash"],"picked":"Auto Shields","floor":3},{"not_picked":["Leap","Conserve Battery"],"picked":"Biased Cognition","floor":7},{"not_picked":["Aggregate","Melter"],"picked":"Hologram","floor":8},{"not_picked":["Hologram","Beam Cell"],"picked":"Heatsinks","floor":11},{"not_picked":["Stack","Tempest"],"picked":"Coolheaded","floor":14},{"not_picked":["Hyperbeam","Machine Learning"],"picked":"Reboot","floor":16},{"not_picked":["Consume","FTL"],"picked":"Darkness+1","floor":18},{"not_picked":["Reprogram","Scrape"],"picked":"Glacier","floor":19},{"not_picked":["Static Discharge","Sweeping Beam","Leap"],"picked":"SKIP","floor":24},{"not_picked":["Redo","Coolheaded","Rebound"],"picked":"SKIP","floor":28},{"not_picked":["Coolheaded+1","Stack"],"picked":"Turbo","floor":29}],"player_experience":612822,"relics_obtained":[{"floor":7,"key":"Peace Pipe"},{"floor":9,"key":"Pear"},{"floor":11,"key":"Strawberry"},{"floor":21,"key":"The Courier"},{"floor":26,"key":"Pantograph"}],"event_choices":[{"damage_healed":0,"gold_gain":150,"player_choice":"AGREE","damage_taken":0,"max_hp_gain":0,"max_hp_loss":0,"event_name":"Liars Game","floor":4,"gold_loss":0,"cards_obtained":["Doubt"]},{"damage_healed":0,"gold_gain":0,"cards_transformed":["Strike_B"],"player_choice":"Change","damage_taken":0,"max_hp_gain":0,"max_hp_loss":0,"event_name":"Living Wall","floor":5,"gold_loss":0,"cards_obtained":["Hello World"]},{"damage_healed":0,"gold_gain":0,"player_choice":"Trade","damage_taken":0,"relics_obtained":["FaceOfCleric"],"max_hp_gain":0,"max_hp_loss":0,"event_name":"FaceTrader","floor":12,"gold_loss":0},{"damage_healed":0,"gold_gain":0,"player_choice":"Gave Potion","damage_taken":0,"relics_obtained":["DataDisk"],"max_hp_gain":0,"max_hp_loss":0,"event_name":"WeMeetAgain","floor":22,"gold_loss":0}],"is_beta":false,"boss_relics":[{"not_picked":["Calling Bell","Philosopher\u0027s Stone"],"picked":"Runic Pyramid"}],"items_purged_floors":[2,10],"is_endless":false,"potions_floor_spawned":[1,3,7,11,16,24],"killed_by":"Cultist and Chosen","ascension_level":20}}