{"host":"0awa854l6bexpjrv","time":1614055609,"event":{"mods":["BaseMod","Block Reminder","Colored Map","Colored Powertips","Downfall","Highlight Path","Minty Spire (QoL Compilation)","Quick Restart","Rare Cards Sparkle","StSLib","SuperFastMode"],"gold_per_floor":[115,190,11,11,11,11,37,93,119,130,130,130,165,185,185,285,285,297,309,234,149,165,165,178,178,204,204,204,231,241,56,56,159,159,169,169,184,40,51,51,51,51,51,69,69,69,102,120,120,120,120],"floor_reached":50,"language":"ENG","playtime":2358,"items_purged":["Strike_G"],"score":628,"play_id":"ac0dfd53-ab88-4e05-a36f-8fb6c4013a3f","local_time":"20210222204649","is_ascension_mode":true,"campfire_choices":[{"data":"Neutralize","floor":6.0,"key":"SMITH"},{"data":"1","floor":11.0,"key":"LIFT"},{"floor":15.0,"key":"REST"},{"floor":23.0,"key":"REST"},{"floor":25.0,"key":"REST"},{"data":"2","floor":28.0,"key":"LIFT"},{"floor":32.0,"key":"REST"},{"floor":40,"key":"REST"},{"floor":45,"key":"REST"},{"data":"3","floor":49,"key":"LIFT"}],"circlet_count":0,"master_deck":["Defend_G","Defend_G","Defend_G","Defend_G","Survivor","Neutralize+1","Choke","Noxious Fumes","Acrobatics","Phantasmal Killer","Crippling Poison","Backflip","Poisoned Stab","Storm of Steel","Blade Dance","Envenom","Bane","Skewer","Dagger Spray","Footwork","Leg Sweep","Noxious Fumes","Deadly Poison","Storm of Steel","Acrobatics","Finisher+1","Crippling Poison","Terror+1"],"relics":["Ring of the Snake","NeowsBlessing","Singing Bowl","Girya","Ancient Tea Set","Lantern","Busted Crown","HornCleat","Toy Ornithopter","Oddly Smooth Stone","Philosopher\u0027s Stone","Vajra","Ninja Scroll","Unceasing Top"],"acts_visited":["Exordium","TheCity","TheBeyond"],"potions_floor_usage":[47,47,48,50],"damage_taken":[{"damage":0.0,"enemies":"2 Louse","floor":1.0,"turns":1.0},{"damage":0.0,"enemies":"3 Sentries","floor":7.0,"turns":1.0},{"damage":0.0,"enemies":"3 Sentries","floor":8.0,"turns":2.0},{"damage":1.0,"enemies":"Small Slimes","floor":10.0,"turns":3.0},{"damage":22.0,"enemies":"Lagavulin","floor":13.0,"turns":4.0},{"damage":0.0,"enemies":"Cultist","floor":14.0,"turns":3.0},{"damage":9.0,"enemies":"Hexaghost","floor":16.0,"turns":8.0},{"damage":11.0,"enemies":"3 Byrds","floor":18.0,"turns":5.0},{"damage":24.0,"enemies":"2 Thieves","floor":19.0,"turns":5.0},{"damage":9.0,"enemies":"Snake Plant","floor":22.0,"turns":4.0},{"damage":10.0,"enemies":"Centurion and Healer","floor":24.0,"turns":4.0},{"damage":28.0,"enemies":"Gremlin Leader","floor":29.0,"turns":5.0},{"damage":26.0,"enemies":"Sentry and Sphere","floor":30.0,"turns":6.0},{"damage":24.0,"enemies":"Champ","floor":33.0,"turns":10.0},{"damage":34.0,"enemies":"3 Darklings","floor":35.0,"turns":5.0},{"damage":4.0,"enemies":"3 Shapes","floor":37.0,"turns":3.0},{"damage":28.0,"enemies":"Writhing Mass","floor":39.0,"turns":5.0},{"damage":16,"enemies":"Jaw Worm Horde","floor":44,"turns":4},{"damage":0,"enemies":"Giant Head","floor":47,"turns":5},{"damage":0,"enemies":"Sphere and 2 Shapes","floor":48,"turns":2},{"damage":74,"enemies":"Time Eater","floor":50,"turns":9}],"seed_played":"1910031908276646650","potions_obtained":[{"floor":7.0,"key":"SteroidPotion"},{"floor":10.0,"key":"SneckoOil"},{"floor":13.0,"key":"SpeedPotion"},{"floor":14.0,"key":"SpeedPotion"},{"floor":18.0,"key":"LiquidMemories"},{"floor":29.0,"key":"GamblersBrew"},{"floor":35.0,"key":"BlessingOfTheForge"},{"floor":37.0,"key":"Energy Potion"},{"floor":46,"key":"FearPotion"},{"floor":46,"key":"BlessingOfTheForge"},{"floor":46,"key":"GamblersBrew"},{"floor":48,"key":"Weak Potion"}],"is_trial":false,"path_per_floor":["M","?","$","?","?","R","E","?","T","M","R","?","E","M","R","B",null,"M","M","?","?","M","R","M","R","T","?","R","E","M","$","R","B",null,"M","?","M","$","M","R","?","$","T","M","R","?","E","M","R","B"],"character_chosen":"THE_SILENT","items_purchased":["Noxious Fumes","Acrobatics","LiquidBronze","Noxious Fumes","Deadly Poison","Vajra"],"campfire_rested":6,"item_purchase_floors":[3,3,31,31,31,38],"current_hp_per_floor":[70,59,59,52,52,52,52,52,52,51,51,51,29,29,50,41,70,61,39,39,39,30,52,42,64,64,64,64,36,10,10,32,23,74,40,42,43,43,22,45,45,45,45,29,52,52,62,69,69,0,0],"gold":120,"neow_bonus":"THREE_ENEMY_KILL","is_daily":false,"chose_seed":false,"campfire_upgraded":1,"win_rate":0.0,"timestamp":1614055609,"path_taken":["M","?","$","?","?","R","E","?","T","M","R","?","E","?","R","BOSS","M","M","?","?","M","R","M","R","T","?","R","E","?","$","R","BOSS","M","?","M","$","M","R","?","$","T","M","R","?","E","?","R","BOSS"],"items_purchased_type":["Card","Card","Potion","Card","Card","Relic"],"build_version":"2020-12-22","purchased_purges":1,"victory":false,"max_hp_per_floor":[70,70,70,70,70,70,70,70,70,70,70,70,70,70,70,70,70,72,74,74,74,74,74,74,74,74,74,74,74,74,74,74,74,74,74,76,76,76,78,78,78,78,78,78,78,78,78,80,80,80,80],"card_choices":[{"not_picked":["Bane","Reflex"],"picked":"Choke","floor":1.0},{"not_picked":["Deadly Poison","Dodge and Roll"],"picked":"Phantasmal Killer","floor":7.0},{"not_picked":["Slice","Cloak And Dagger"],"picked":"Crippling Poison","floor":8.0},{"not_picked":["Deflect","Dagger Throw"],"picked":"Backflip","floor":10.0},{"not_picked":["Underhanded Strike","Tools of the Trade"],"picked":"Storm of Steel","floor":13.0},{"not_picked":["Expertise","Quick Slash"],"picked":"Blade Dance","floor":14.0},{"not_picked":["Adrenaline","Malaise"],"picked":"Envenom","floor":16.0},{"not_picked":["Slice"],"picked":"Singing Bowl","floor":18.0},{"not_picked":["Deflect"],"picked":"Singing Bowl","floor":19.0},{"not_picked":[],"picked":"Bane","floor":22.0},{"not_picked":[],"picked":"Skewer","floor":24.0},{"not_picked":[],"picked":"Deadly Poison","floor":29.0},{"not_picked":[],"picked":"Leg Sweep","floor":30.0},{"not_picked":[],"picked":"Storm of Steel","floor":33.0},{"not_picked":[],"picked":"Acrobatics","floor":35.0},{"not_picked":["PanicButton"],"picked":"Singing Bowl","floor":36.0},{"not_picked":[],"picked":"Finisher+1","floor":37.0},{"not_picked":["Prepared"],"picked":"Singing Bowl","floor":39.0},{"not_picked":[],"picked":"Crippling Poison","floor":44},{"not_picked":[],"picked":"Terror+1","floor":47},{"not_picked":["Quick Slash"],"picked":"Singing Bowl","floor":48}],"player_experience":803692,"relics_obtained":[{"floor":7.0,"key":"Singing Bowl"},{"floor":8.0,"key":"Girya"},{"floor":9.0,"key":"Ancient Tea Set"},{"floor":13.0,"key":"Lantern"},{"floor":26.0,"key":"Toy Ornithopter"},{"floor":29.0,"key":"Oddly Smooth Stone"},{"floor":43,"key":"Ninja Scroll"},{"floor":47,"key":"Unceasing Top"}],"event_choices":[{"damage_healed":0.0,"max_hp_gain":0.0,"max_hp_loss":0.0,"gold_gain":75.0,"event_name":"World of Goop","player_choice":"Gather Gold","floor":2.0,"gold_loss":0.0,"damage_taken":11.0},{"cards_removed":["Strike_G"],"damage_healed":0.0,"max_hp_gain":0.0,"max_hp_loss":0.0,"gold_gain":0.0,"event_name":"Golden Wing","player_choice":"Card Removal","floor":4.0,"gold_loss":0.0,"damage_taken":7.0},{"damage_healed":0.0,"max_hp_gain":0.0,"max_hp_loss":0.0,"gold_gain":0.0,"event_name":"Liars Game","player_choice":"Ignored","floor":5.0,"gold_loss":0.0,"damage_taken":0.0},{"damage_healed":0.0,"max_hp_gain":0.0,"max_hp_loss":0.0,"gold_gain":0.0,"event_name":"Dead Adventurer","player_choice":"Searched \u00272\u0027 times","floor":8.0,"gold_loss":0.0,"damage_taken":0.0},{"damage_healed":0.0,"max_hp_gain":0.0,"max_hp_loss":0.0,"gold_gain":0.0,"cards_transformed":["Strike_G"],"event_name":"Transmorgrifier","player_choice":"Transformed","floor":12.0,"gold_loss":0.0,"damage_taken":0.0,"cards_obtained":["Poisoned Stab"]},{"cards_removed":["Strike_G"],"damage_healed":0.0,"max_hp_gain":0.0,"max_hp_loss":0.0,"gold_gain":0.0,"event_name":"Beggar","player_choice":"Gave Gold","floor":20.0,"gold_loss":75.0,"damage_taken":0.0},{"damage_healed":0.0,"max_hp_gain":0.0,"max_hp_loss":0.0,"gold_gain":0.0,"event_name":"Addict","player_choice":"Obtained Relic","floor":21.0,"gold_loss":85.0,"damage_taken":0.0,"relics_obtained":["HornCleat"]},{"damage_healed":0.0,"max_hp_gain":0.0,"max_hp_loss":0.0,"gold_gain":0.0,"cards_transformed":["Strike_G","Defend_G"],"event_name":"Drug Dealer","player_choice":"Became Test Subject","floor":27.0,"gold_loss":0.0,"damage_taken":0.0,"cards_obtained":["Dagger Spray","Footwork"]},{"damage_healed":0.0,"max_hp_gain":0.0,"max_hp_loss":0.0,"gold_gain":0.0,"event_name":"SensoryStone","player_choice":"Memory 1","floor":36.0,"gold_loss":0.0,"damage_taken":0.0},{"cards_removed":["Deadly Poison"],"damage_healed":0,"gold_gain":0,"player_choice":"Removed Skill","damage_taken":0,"max_hp_gain":0,"max_hp_loss":0,"event_name":"Falling","floor":41,"gold_loss":0},{"damage_healed":0,"gold_gain":0,"player_choice":"Got Potions","damage_taken":0,"max_hp_gain":0,"max_hp_loss":0,"event_name":"Lab","floor":46,"gold_loss":0}],"is_beta":false,"boss_relics":[{"not_picked":["Pandora\u0027s Box","Runic Dome"],"picked":"Busted Crown"},{"not_picked":["Fusion Hammer","Sozu"],"picked":"Philosopher\u0027s Stone"}],"items_purged_floors":[3],"is_endless":false,"potions_floor_spawned":[7,10,13,14,18,29,30,35,37,48],"killed_by":"Time Eater","ascension_level":3}}