{"host":"jfbo3eu2ui08ej1u","time":1614124705,"event":{"mods":["2.2 Compatiblity","AchievementEnabler","Act Like it!","Aspiration","BaseMod","Better Altar","Better Match","Better Note","Better Sensory Stone","Better Skull","Better Third Choice","Block Reminder","Colored Map","Colored Powertips","Conspire","DeckTracker","Displayed Cursed Tome","Energized Spire","Fox Events","GifTheSpireLib","Hermit","Hubris","Infinite Spire","Marked Mod","Minty Spire (QoL Compilation)","Monster B Gone","Pale of the Ancients","Poor People Problems","Quick Restart","Relic Filter","Reliquary","Reorder Act Four","Replay The Spire","Shop Mod","Spicy Shops","Spire Arcade","StSLib","Stuff the Spire","The Blue Laboratory","The Disciple","The Forsaken","The Hierophant","The Marked","Uncapped","Unceasing Turn Reminder","Wandering Minibosses"],"gold_per_floor":[16,16,29,47,59,85,85,116,116,116,151,151,166,181,181,258,258,274,291,45,59,71,71,105,121,145,145,145],"floor_reached":27,"language":"ENG","playtime":1327,"items_purged":["Strike_P"],"score":664,"play_id":"48b429b5-1c3c-4b48-83f3-d9ccfdebea3a","local_time":"20210223185825","is_ascension_mode":true,"campfire_choices":[{"data":"EmptyFist","floor":7.0,"key":"SMITH"},{"floor":12.0,"key":"REST"},{"data":"BattleHymn","floor":15.0,"key":"SMITH"},{"floor":23,"key":"REST"}],"circlet_count":0,"master_deck":["AscendersBane","Strike_P+1","Strike_P","Defend_P","Defend_P","Defend_P+1","Eruption","Vigilance","Consecrate","Perseverance","CutThroughFate","Protect","FlurryOfBlows","BattleHymn+1","EmptyFist+1","WheelKick","EmptyBody","Replay:AllIn","Study","SpiritShield","BowlingBash","wanderingMiniBosses:FinaleOfPromise","Vengeance+1","Wallop","ClearTheMind","FollowUp","FlurryOfBlows","FollowUp"],"relics":["PureWater","Ring of Misfortune","Ring of Peace","hubris:SlimyHat","hubris:Zylophone","PreservedInsect","aspiration:ChemicalBlood","ReplayTheSpireMod:DimensionalGlitch","wanderingMiniBosses:Blackblade","Omamori","Simple Rune"],"acts_visited":["TheCity"],"potions_floor_usage":[19,24],"damage_taken":[{"damage":0.0,"enemies":"2 Louse","floor":1.0,"turns":2.0},{"damage":10.0,"enemies":"Small Slimes","floor":3.0,"turns":7.0},{"damage":0.0,"enemies":"Cultist","floor":4.0,"turns":4.0},{"damage":0.0,"enemies":"3 Louse","floor":5.0,"turns":4.0},{"damage":0.0,"enemies":"Lagavulin","floor":6.0,"turns":5.0},{"damage":35.0,"enemies":"Gremlin Nob","floor":8.0,"turns":5.0},{"damage":7.0,"enemies":"3 Sentries","floor":11.0,"turns":6.0},{"damage":0.0,"enemies":"2 Fungi Beasts","floor":13.0,"turns":3.0},{"damage":0.0,"enemies":"Exordium Wildlife","floor":14.0,"turns":5.0},{"damage":0,"enemies":"Slime Boss","floor":16,"turns":6},{"damage":0,"enemies":"3 Byrds","floor":18,"turns":6},{"damage":51,"enemies":"2 Thieves","floor":19,"turns":6},{"damage":0,"enemies":"Chosen and Byrds","floor":21,"turns":7},{"damage":0,"enemies":"Centurion and Healer","floor":22,"turns":3},{"damage":3,"enemies":"Slavers","floor":24,"turns":4},{"damage":0,"enemies":"Cultist and Chosen","floor":25,"turns":5}],"seed_played":"1832326670726848180","potions_obtained":[{"floor":3.0,"key":"Milkshake"},{"floor":5.0,"key":"blueLaboratory:BottledHope"},{"floor":11.0,"key":"SteroidPotion"},{"floor":19,"key":"blueLaboratory:NullPotion"},{"floor":22,"key":"Adrenaline Potion"},{"floor":24,"key":"blueLaboratory:TrueEctoplasm"}],"is_trial":false,"path_per_floor":["M","?","M","M","M","E","R","E","T","?","E","R","M","M","R","B",null,"M","M","$","M","M","R","E","M","T","?"],"character_chosen":"WATCHER","items_purchased":["Wallop","ClearTheMind"],"campfire_rested":2,"item_purchase_floors":[20,20],"current_hp_per_floor":[61,61,51,51,51,51,51,16,16,16,9,29,29,29,29,29,58,58,7,7,7,7,27,24,24,24,0,0],"gold":145,"neow_bonus":"TRANSFORM_TWO_CARDS","is_daily":false,"chose_seed":false,"campfire_upgraded":2,"win_rate":0.0,"timestamp":1614124705,"path_taken":["M","?","M","M","M","E","R","E","T","?","E","R","M","M","R","BOSS","M","M","$","?","M","R","E","M","T","?"],"items_purchased_type":["Card","Card"],"build_version":"2020-12-22","purchased_purges":1,"victory":false,"max_hp_per_floor":[68,68,68,68,68,68,68,68,68,68,68,68,68,68,68,68,68,68,68,68,68,68,68,68,68,68,68,68],"card_choices":[{"not_picked":["Prostrate","Protect"],"picked":"CutThroughFate","floor":1.0},{"not_picked":["Replay:BluntJabs","SashWhip"],"picked":"Protect","floor":3.0},{"not_picked":["Pray","ForeignInfluence"],"picked":"FlurryOfBlows","floor":4.0},{"not_picked":["JustLucky","FlurryOfBlows"],"picked":"BattleHymn","floor":5.0},{"not_picked":["CrushJoints","Prostrate"],"picked":"EmptyFist","floor":6.0},{"not_picked":["Replay:AtTheReady","MarkedMod:GentlePulse"],"picked":"WheelKick","floor":8.0},{"not_picked":["Vengeance","Halt"],"picked":"EmptyBody","floor":11.0},{"not_picked":["Protect","ReachHeaven"],"picked":"Replay:AllIn","floor":13.0},{"not_picked":["Prostrate","Replay:Vibes"],"picked":"Study","floor":14.0},{"not_picked":["DevaForm","LessonLearned"],"picked":"SpiritShield","floor":16},{"not_picked":["JustLucky","SashWhip"],"picked":"BowlingBash","floor":18},{"not_picked":[],"picked":"wanderingMiniBosses:FinaleOfPromise","floor":19},{"not_picked":["EmptyFist","ClearTheMind"],"picked":"Vengeance+1","floor":19},{"not_picked":["PathToVictory","ClearTheMind"],"picked":"FollowUp","floor":21},{"not_picked":["MarkedMod:GentlePulse","SashWhip"],"picked":"FlurryOfBlows","floor":22},{"not_picked":["Replay:AllIn","Replay:ManipulateFuture","Blasphemy"],"picked":"SKIP","floor":24},{"not_picked":["Fasting2+1","FlyingSleeves"],"picked":"FollowUp","floor":25}],"player_experience":1368762,"relics_obtained":[{"floor":2.0,"key":"Ring of Misfortune"},{"floor":2.0,"key":"Ring of Peace"},{"floor":6.0,"key":"hubris:SlimyHat"},{"floor":8.0,"key":"hubris:Zylophone"},{"floor":9.0,"key":"PreservedInsect"},{"floor":11.0,"key":"aspiration:ChemicalBlood"},{"floor":19,"key":"wanderingMiniBosses:Blackblade"},{"floor":24,"key":"Omamori"},{"floor":26,"key":"Simple Rune"}],"event_choices":[{"cards_removed":["Sickly"],"damage_healed":0.0,"max_hp_gain":0.0,"max_hp_loss":0.0,"gold_gain":0.0,"event_name":"Purifier","player_choice":"Purged","floor":10.0,"gold_loss":0.0,"damage_taken":0.0}],"is_beta":false,"boss_relics":[{"not_picked":["Replay:Bronze Core","reliquary:KinkedSpring"],"picked":"ReplayTheSpireMod:DimensionalGlitch"}],"items_purged_floors":[20],"is_endless":false,"potions_floor_spawned":[3,5,11,19,22,24],"ascension_level":20}}