{"host":"lly094a91h6n5nv5","time":1614064123,"event":{"mods":["AchievementEnabler","BaseMod","Block Reminder","Colored Map","Minty Spire (QoL Compilation)","Permanent Neow"],"gold_per_floor":[114,48,59,69,69,69,89,89,137,10,10,72,97,97,97,193,193,208,233,15,36,36,36,36,79,79,113,113,134,134,168,168,168,168],"floor_reached":33,"language":"ENG","playtime":2018,"items_purged":["Strike_G","Strike_G"],"score":579,"play_id":"bb1cc909-6383-4464-b3e1-84cf4a86589b","local_time":"20210223010843","is_ascension_mode":true,"campfire_choices":[{"data":"Terror","floor":6.0,"key":"SMITH"},{"data":"Footwork","floor":8.0,"key":"SMITH"},{"data":"After Image","floor":11.0,"key":"SMITH"},{"data":"Adrenaline","floor":15.0,"key":"SMITH"},{"data":"Cloak And Dagger","floor":23.0,"key":"SMITH"},{"data":"Bullet Time","floor":28,"key":"SMITH"},{"data":"Cloak And Dagger","floor":32,"key":"SMITH"}],"circlet_count":0,"master_deck":["AscendersBane","Strike_G","Defend_G","Defend_G","Defend_G","Defend_G","Defend_G","Survivor","Neutralize","After Image+1","Blade Dance","Crippling Poison","Terror+1","Footwork+1","Blade Dance","Cloak And Dagger+1","Adrenaline+1","Bullet Time+1","Blade Dance","PiercingWail+1","Footwork","Dagger Spray","Acrobatics","Cloak And Dagger+1"],"relics":["Ring of the Snake","PreservedInsect","Sundial","Strawberry","StoneCalendar","Omamori","Golden Idol","Empty Cage","Gremlin Horn","HornCleat","Meat on the Bone","Red Mask"],"acts_visited":["Exordium","TheCity"],"potions_floor_usage":[25,31,33],"damage_taken":[{"damage":0.0,"enemies":"Small Slimes","floor":1.0,"turns":6.0},{"damage":0.0,"enemies":"Cultist","floor":3.0,"turns":4.0},{"damage":0.0,"enemies":"2 Louse","floor":4.0,"turns":4.0},{"damage":6.0,"enemies":"Blue Slaver","floor":7.0,"turns":4.0},{"damage":11.0,"enemies":"3 Sentries","floor":12.0,"turns":9.0},{"damage":0.0,"enemies":"3 Sentries","floor":13.0,"turns":7.0},{"damage":17.0,"enemies":"Slime Boss","floor":16.0,"turns":7.0},{"damage":12.0,"enemies":"Chosen","floor":18.0,"turns":7.0},{"damage":0.0,"enemies":"3 Byrds","floor":19.0,"turns":5.0},{"damage":5.0,"enemies":"Snake Plant","floor":21.0,"turns":7.0},{"damage":8,"enemies":"Gremlin Leader","floor":25,"turns":6},{"damage":17,"enemies":"Slavers","floor":27,"turns":7},{"damage":5,"enemies":"Cultist and Chosen","floor":29,"turns":7},{"damage":1,"enemies":"Masked Bandits","floor":31,"turns":7},{"damage":53,"enemies":"Automaton","floor":33,"turns":12}],"seed_played":"7641785338096350530","potions_obtained":[{"floor":4.0,"key":"Dexterity Potion"},{"floor":7.0,"key":"Weak Potion"},{"floor":16.0,"key":"Regen Potion"},{"floor":29,"key":"Regen Potion"}],"is_trial":false,"path_per_floor":["M","?","M","M","?","R","M","R","T","$","R","?","E","?","R","B",null,"M","M","$","M","?","R","$","E","T","E","R","M","?","?","R","B"],"character_chosen":"THE_SILENT","items_purchased":["Blade Dance","Footwork","Dagger Spray"],"campfire_rested":0,"item_purchase_floors":[10,20,20],"current_hp_per_floor":[59,59,59,59,48,48,42,42,49,49,49,38,38,38,38,21,55,43,43,43,38,38,38,38,45,45,28,28,35,35,49,49,0,0],"gold":168,"neow_bonus":"ONE_RANDOM_RARE_CARD","is_daily":false,"chose_seed":false,"campfire_upgraded":7,"win_rate":0.0,"timestamp":1614064123,"path_taken":["M","?","M","?","?","R","M","R","T","$","R","?","E","?","R","BOSS","M","M","$","M","?","R","?","E","T","E","R","M","?","?","R","BOSS"],"items_purchased_type":["Card","Card","Card"],"build_version":"2020-12-22","purchased_purges":2,"victory":false,"max_hp_per_floor":[66,66,66,66,66,66,66,66,73,73,73,73,73,66,66,66,66,66,66,66,66,66,66,66,66,66,66,66,66,66,66,66,66,66],"card_choices":[{"not_picked":["Slice","Poisoned Stab"],"picked":"Blade Dance","floor":1.0},{"not_picked":["Dagger Throw","Underhanded Strike"],"picked":"Crippling Poison","floor":3.0},{"not_picked":["Predator","Acrobatics"],"picked":"Terror","floor":4.0},{"not_picked":["Bane","Finisher"],"picked":"Footwork","floor":7.0},{"not_picked":["Catalyst","Underhanded Strike"],"picked":"Cloak And Dagger","floor":12.0},{"not_picked":["Blade Dance","Blur"],"picked":"Adrenaline","floor":13.0},{"not_picked":["Wraith Form v2","Doppelganger"],"picked":"Bullet Time","floor":16.0},{"not_picked":["Dagger Throw","Prepared"],"picked":"Blade Dance","floor":18.0},{"not_picked":["Masterful Stab","Backstab"],"picked":"PiercingWail+1","floor":19.0},{"not_picked":["Bane","Poisoned Stab","Tactician"],"picked":"SKIP","floor":21.0},{"not_picked":["Bullet Time","Reflex","Expertise"],"picked":"SKIP","floor":25},{"not_picked":["All Out Attack+1","Venomology"],"picked":"Acrobatics","floor":27},{"not_picked":["Sucker Punch","Bouncing Flask"],"picked":"Cloak And Dagger","floor":29}],"player_experience":289477,"relics_obtained":[{"floor":9.0,"key":"Strawberry"},{"floor":12.0,"key":"StoneCalendar"},{"floor":13.0,"key":"Omamori"},{"floor":25,"key":"Gremlin Horn"},{"floor":26,"key":"HornCleat"},{"floor":27,"key":"Meat on the Bone"},{"floor":31,"key":"Red Mask"}],"event_choices":[{"damage_healed":0.0,"max_hp_gain":0.0,"max_hp_loss":0.0,"gold_gain":0.0,"event_name":"WeMeetAgain","player_choice":"Paid Gold","floor":2.0,"gold_loss":66.0,"damage_taken":0.0,"relics_obtained":["PreservedInsect"]},{"damage_healed":0.0,"max_hp_gain":0.0,"max_hp_loss":0.0,"gold_gain":0.0,"event_name":"Scrap Ooze","player_choice":"Success","floor":5.0,"gold_loss":0.0,"damage_taken":11.0,"relics_obtained":["Sundial"]},{"damage_healed":0.0,"max_hp_gain":0.0,"max_hp_loss":0.0,"gold_gain":0.0,"event_name":"Dead Adventurer","player_choice":"Searched \u00271\u0027 times","floor":12.0,"gold_loss":0.0,"damage_taken":0.0},{"damage_healed":0.0,"max_hp_gain":0.0,"max_hp_loss":7.0,"gold_gain":0.0,"event_name":"Golden Idol","player_choice":"Lose Max HP","floor":14.0,"gold_loss":0.0,"damage_taken":0.0,"relics_obtained":["Golden Idol"]},{"damage_healed":0,"gold_gain":0,"player_choice":"Ignored","damage_taken":0,"max_hp_gain":0,"max_hp_loss":0,"event_name":"The Mausoleum","floor":30,"gold_loss":0},{"damage_healed":0,"gold_gain":0,"player_choice":"Fought Bandits","damage_taken":0,"max_hp_gain":0,"max_hp_loss":0,"event_name":"Masked Bandits","floor":31,"gold_loss":0}],"is_beta":false,"boss_relics":[{"not_picked":["Ectoplasm","Calling Bell"],"picked":"Empty Cage"}],"items_purged_floors":[10,20],"is_endless":false,"potions_floor_spawned":[4,7,16,18,21,29],"killed_by":"Automaton","ascension_level":15}}