{"host":"kaame4qwxxqnygv7","time":1614069446,"event":{"mods":["AchievementEnabler","BaseMod","Better Match","Better Skull","Better Third Choice","BetterRewards","Block Reminder","Bossed Relics","DeckTracker","Energized Spire","GungeonMod","Minty Spire (QoL Compilation)","Quick Restart","Red Circlet Mod","StSLib","SuperFastMode","The Blue Laboratory"],"gold_per_floor":[109,284,284,304,372,372,382,382,382,415,74,91,109,172,172,275,275,290,139,149,3,53,53,114,164,164,164,176,191,203,221,234,234,234,234,234],"floor_reached":35,"language":"KOR","playtime":1235,"items_purged":["Doubt"],"score":398,"play_id":"f2b3c916-bbae-4730-93be-0aa6fee94ac3","local_time":"20210223173726","is_ascension_mode":true,"campfire_choices":[{"data":"Neutralize","floor":6,"key":"SMITH"},{"floor":8,"key":"REST"},{"floor":15,"key":"REST"},{"floor":23,"key":"REST"},{"data":"Cloak And Dagger","floor":27,"key":"SMITH"},{"data":"Escape Plan","floor":33,"key":"SMITH"}],"circlet_count":0,"master_deck":["AscendersBane","Strike_G","Strike_G","Strike_G","Strike_G","Strike_G","Defend_G","Defend_G","Defend_G","Defend_G","Defend_G","Survivor","Neutralize+1","Dagger Throw","Prepared","Cloak And Dagger+1","Adrenaline+1","Escape Plan+1","Burst","Riddle With Holes+1","Die Die Die","Endless Agony+1","Cloak And Dagger+1","Cloak And Dagger+1","Dagger Spray+1","Backstab","Calculated Gamble+1"],"relics":["Ring of the Snake","DemoMod:AgedBell","DemoMod:ResourcefulSack","DemoMod:MeltedRock","Gremlin Horn","SsserpentHead","StrikeDummy","Happy Flower","energizedSpire:NeverEndingSparkler","Potion Belt"],"acts_visited":["Exordium","TheCity","DemoMod:Maze"],"potions_floor_usage":[16,30,34,34,34,34,35],"damage_taken":[{"damage":0,"enemies":"Jaw Worm","floor":1,"turns":6},{"damage":0,"enemies":"Small Slimes","floor":4,"turns":3},{"damage":0,"enemies":"Cultist","floor":5,"turns":5},{"damage":0,"enemies":"Gremlin Gang","floor":7,"turns":1},{"damage":12,"enemies":"3 Sentries","floor":10,"turns":9},{"damage":0,"enemies":"Blue Slaver","floor":12,"turns":4},{"damage":0,"enemies":"2 Fungi Beasts","floor":13,"turns":2},{"damage":0,"enemies":"Lots of Slimes","floor":14,"turns":1},{"damage":31,"enemies":"The Guardian","floor":16,"turns":12},{"damage":16,"enemies":"Shell Parasite","floor":18,"turns":6},{"damage":3,"enemies":"Spheric Guardian","floor":20,"turns":3},{"damage":0,"enemies":"3 Cultists","floor":24,"turns":3},{"damage":0,"enemies":"DemoMod:Veteran_shot_gun_kin_and_bullet_kin","floor":28,"turns":1},{"damage":0,"enemies":"DemoMod:4_Bullet_Kins","floor":29,"turns":1},{"damage":6,"enemies":"DemoMod:Red_and_blue_shotgun_kin_with_gunsinger","floor":30,"turns":4},{"damage":0,"enemies":"DemoMod:Veteran_shot_gun_kin_and_blue_shotgun_kin_with_gunsinger","floor":31,"turns":3},{"damage":4,"enemies":"DemoMod:Veteran_shot_gun_kin_and_red_shotgun_kin_with_gunsinger","floor":32,"turns":2},{"damage":50,"enemies":"DemoMod:ResourcefulRat","floor":34,"turns":15},{"damage":15,"enemies":"DemoMod:ResourcefulRat","floor":35,"turns":6}],"seed_played":"2065560186496652139","potions_obtained":[{"floor":1,"key":"blueLaboratory:BubblePotion"},{"floor":5,"key":"blueLaboratory:CorrosionFlask"},{"floor":10,"key":"blueLaboratory:HorrorPotion"},{"floor":16,"key":"blueLaboratory:ExaltedPotion"},{"floor":18,"key":"PowerPotion"},{"floor":28,"key":"EssenceOfSteel"},{"floor":30,"key":"blueLaboratory:FrostheartPotion"},{"floor":32,"key":"blueLaboratory:HummingbirdPotion"}],"is_trial":false,"path_per_floor":["M","?","?","M","M","R","M","R","T","E","$","M","M","M","R","B",null,"M","$","M","$","?","R","M","?","T","R","M","M","M","M","M","R","B","B"],"character_chosen":"THE_SILENT","items_purchased":["DemoMod:AgedBell","DemoMod:MeltedRock","Gremlin Horn","DemoMod:GnawedKey","Adrenaline","Die Die Die","Potion Belt"],"campfire_rested":3,"item_purchase_floors":[0,0,0,11,11,19,21],"current_hp_per_floor":[31,31,31,31,31,31,31,52,52,40,40,40,40,40,61,30,60,44,44,41,41,41,62,62,49,69,69,69,69,63,63,59,59,9,0,0],"gold":234,"neow_bonus":"","is_daily":false,"chose_seed":false,"campfire_upgraded":3,"win_rate":0.0,"timestamp":1614069446,"path_taken":["M","?","?","M","?","R","M","R","T","E","$","M","M","?","R","BOSS","M","$","M","$","?","R","?","?","T","R","M","M","M","M","M","R","BOSS","BOSS"],"items_purchased_type":["Relic","Relic","Relic","Relic","Card","Card","Relic"],"build_version":"2020-12-22","purchased_purges":1,"victory":false,"max_hp_per_floor":[70,70,70,70,70,70,70,70,70,70,70,70,70,70,70,70,70,70,70,70,70,70,70,70,75,75,75,75,75,75,75,75,75,75,75,75],"card_choices":[{"not_picked":["Predator","Well Laid Plans","Deflect"],"picked":"SKIP","floor":1},{"not_picked":["Bouncing Flask","Caltrops"],"picked":"Dagger Throw","floor":4},{"not_picked":["Tactician","Endless Agony"],"picked":"Prepared","floor":5},{"not_picked":["Slice","Underhanded Strike","Masterful Stab"],"picked":"SKIP","floor":7},{"not_picked":["Well Laid Plans","Tactician"],"picked":"Cloak And Dagger","floor":10},{"not_picked":["Dagger Throw","PiercingWail","Slice"],"picked":"SKIP","floor":12},{"not_picked":["Leg Sweep","Acrobatics"],"picked":"Escape Plan","floor":13},{"not_picked":["Slice","Underhanded Strike","Quick Slash"],"picked":"SKIP","floor":14},{"not_picked":["Tools of the Trade","Night Terror"],"picked":"Burst","floor":16},{"not_picked":["Backflip","Acrobatics"],"picked":"Riddle With Holes+1","floor":18},{"not_picked":["Caltrops","Tactician"],"picked":"Endless Agony+1","floor":20},{"not_picked":["Deflect+1","Riddle With Holes+1"],"picked":"Cloak And Dagger+1","floor":24},{"not_picked":["Underhanded Strike+1","Slice+1","Malaise"],"picked":"SKIP","floor":28},{"not_picked":["Prepared","Bane"],"picked":"Cloak And Dagger+1","floor":29},{"not_picked":["Dash","Bouncing Flask+1"],"picked":"Dagger Spray+1","floor":30},{"not_picked":["Deflect","Sucker Punch+1"],"picked":"Backstab","floor":31},{"not_picked":["Finisher","Well Laid Plans"],"picked":"Calculated Gamble+1","floor":32}],"player_experience":324480,"relics_obtained":[{"floor":9,"key":"StrikeDummy"},{"floor":10,"key":"Happy Flower"}],"event_choices":[{"damage_healed":0,"gold_gain":175,"player_choice":"AGREE","damage_taken":109,"max_hp_gain":0,"max_hp_loss":0,"event_name":"betterThird:BetterSerpent","floor":2,"gold_loss":0},{"damage_healed":0,"gold_gain":0,"player_choice":"Trade","damage_taken":0,"relics_obtained":["SsserpentHead"],"max_hp_gain":0,"max_hp_loss":0,"event_name":"FaceTrader","floor":3,"gold_loss":0},{"damage_healed":0,"gold_gain":0,"player_choice":"Forge","damage_taken":0,"max_hp_gain":0,"max_hp_loss":0,"event_name":"Accursed Blacksmith","floor":22,"gold_loss":0,"cards_upgraded":["Adrenaline"]},{"damage_healed":0,"gold_gain":0,"player_choice":"Shed Blood","damage_taken":18,"max_hp_gain":5,"max_hp_loss":0,"event_name":"Forgotten Altar","floor":25,"gold_loss":0}],"is_beta":false,"boss_relics":[{"not_picked":["Coffee Dripper","Calling Bell"],"picked":"energizedSpire:NeverEndingSparkler"}],"items_purged_floors":[11],"is_endless":false,"potions_floor_spawned":[1,5,10,13,16,18,20,28,30,32],"killed_by":"DemoMod:ResourcefulRat","ascension_level":10}}