{"host":"u9xtr94typ21duox","time":1614048792,"event":{"mods":["Act Like it!","BaseMod","Downfall","Key Reminder","KinomotoSakuraMod(木之本樱)","LagranYue(拉格朗・月)","Luminous","Marisa（F雨　魔理沙）","Minty Spire (QoL Compilation)","Quick Restart","READ ME - Guardian Mod","Reimu（博丽灵梦）","Remilia（蕾米莉亚）","Replay The Spire","SIMod","SOS（斯巴达之子）","Shop Mod","StSLib","Td1madao Mod","The Administrix","The Bladedancer","The Bug Knight","The Construct","The Cursed","The Gatherer","The Runesmith","The Senshi","The Servant 0.9.4","WarShipGirlsR/战舰少女R mod","Warlord Emblem","Youmu（魂魄妖梦）","[GremlinLeader]The Maniac"],"gold_per_floor":[113,388,403,13,28,28,46,74,100,125,125,139,154,180,180,284,284,296,296,308,327,327,361,361,374,398,221,221,240,275,190,190,265,265,279,279,298,346,346,346,380,380,404,404,437,148,148,158,158,158,158,158,10,35,35],"floor_reached":56,"language":"ZHS","playtime":3789,"items_purged":["Regret","theSenshi:SailorKick+1","theSenshi:SailorBlock+1"],"score":1365,"play_id":"7f438d96-e074-4b07-ab8d-45e24ee4a925","local_time":"20210223105312","is_ascension_mode":true,"campfire_choices":[{"data":"theSenshi:RoseThrow","floor":6,"key":"SMITH"},{"data":"theSenshi:MoonPrincessHalation","floor":15,"key":"SMITH"},{"data":"Apotheosis","floor":24,"key":"SMITH"},{"data":"theSenshi:MoonCrisisMakeUp","floor":28,"key":"SMITH"},{"data":"theSenshi:SailorKick+1","floor":32,"key":"PURGE"},{"data":"theSenshi:SailorChibiMoonAssists","floor":40,"key":"PURGE"},{"floor":42,"key":"RECALL"},{"floor":44,"key":"DIG"},{"floor":49,"key":"DIG"},{"floor":52,"key":"DIG"}],"circlet_count":0,"master_deck":["theSenshi:SailorKick+1","theSenshi:SailorKick+1","theSenshi:SailorBlock+1","theSenshi:SailorBlock+1","theSenshi:SailorBlock+1","theSenshi:RoseThrow+1","theSenshi:MoonPrismPowerMakeUp","theSenshi:MoonPunch","theSenshi:SchoolBag+1","theSenshi:MoonPrincessHalation+1","theSenshi:MoonTwilightFlash","theSenshi:MoonCosmicPowerMakeUp","theSenshi:StudyParty","theSenshi:MoonCrisisMakeUp+1","theSenshi:CrisisMakeUp+1","Apotheosis+1","theSenshi:MoonHealingEscalation","theSenshi:JupitersPower","theSenshi:MoonPrincessHalation","theSenshi:RainbowMoonHeartAche","theSenshi:MoonCrystalPowerMakeUp+1","theSenshi:MoonGorgeousMeditation","theSenshi:GlimpseOfThePast"],"relics":["theSenshi:TransformationBroochRelic","LagranYue:RandomDrawCardRelic","NeowsBlessing","TungstenRod","Regal Pillow","Replay:Baseball","Divine Protection","Replay:Bronze Core","Boot","Peace Pipe","ReplayTheSpireMod:Lightbulb","Coffee Dripper","CatCart","Shovel","Mastiff:ReiMu","Orichalcum","PureWhite:ReiMu","theSenshi:HolyGrailRelic","CrazyTorch:ReiMu","Medical Kit","ScarletDevilRocket"],"acts_visited":["Exordium","TheCity","TheBeyond","TheEnding"],"potions_floor_usage":[10,13,23,29,55,55,55],"damage_taken":[{"damage":0,"enemies":"2 Louse","floor":1,"turns":1},{"damage":0,"enemies":"Cultist","floor":3,"turns":1},{"damage":0,"enemies":"Small Slimes","floor":5,"turns":1},{"damage":0,"enemies":"2 Fungi Beasts","floor":7,"turns":4},{"damage":14,"enemies":"Lagavulin","floor":8,"turns":9},{"damage":11,"enemies":"Gremlin Nob","floor":10,"turns":4},{"damage":3,"enemies":"Large Slime","floor":12,"turns":4},{"damage":0,"enemies":"3 Louse","floor":13,"turns":1},{"damage":3,"enemies":"Replay:BlueRogue","floor":14,"turns":5},{"damage":0,"enemies":"Slime Boss","floor":16,"turns":5},{"damage":0,"enemies":"3 Byrds","floor":18,"turns":8},{"damage":0,"enemies":"Shell Parasite","floor":20,"turns":4},{"damage":0,"enemies":"Cultist and Chosen","floor":21,"turns":5},{"damage":25,"enemies":"Slavers","floor":23,"turns":5},{"damage":0,"enemies":"Chosen and Byrds","floor":25,"turns":4},{"damage":2,"enemies":"Snecko","floor":29,"turns":6},{"damage":11,"enemies":"Replay:Snechameleon","floor":30,"turns":7},{"damage":15,"enemies":"Pondfish","floor":33,"turns":18},{"damage":0,"enemies":"Orb Walker","floor":35,"turns":4},{"damage":0,"enemies":"3 Darklings","floor":37,"turns":6},{"damage":0,"enemies":"Orin","floor":38,"turns":7},{"damage":0,"enemies":"Giant Head","floor":41,"turns":5},{"damage":12,"enemies":"HollowMod:StalkingDevout","floor":45,"turns":5},{"damage":0,"enemies":"Sphere and 2 Shapes","floor":48,"turns":4},{"damage":0,"enemies":"Replay:Hell Engine","floor":50,"turns":7},{"damage":19,"enemies":"Shield and Spear","floor":54,"turns":6},{"damage":45,"enemies":"The Heart","floor":55,"turns":12}],"seed_played":"-3737978311481960540","potions_obtained":[{"floor":1,"key":"Explosive Potion"},{"floor":7,"key":"SteroidPotion"},{"floor":8,"key":"CultistPotion"},{"floor":10,"key":"Swift Potion"},{"floor":13,"key":"Fire Potion"},{"floor":23,"key":"champ:CounterPotion"},{"floor":33,"key":"Fire Potion"},{"floor":37,"key":"AttackPotion"}],"is_trial":false,"path_per_floor":["M","?","M","$","M","R","M","E","T","E","?","M","M","E","R","B",null,"M","?","M","M","?","E","R","M","T","$","R","M","E","?","R","B",null,"M","?","M","?","?","R","E","R","T","R","E","$","?","M","R","B",null,"R","$","E","B",null],"character_chosen":"THE_SENSHI","items_purchased":["TungstenRod","theSenshi:MoonHealingEscalation","theSenshi:MoonGorgeousMeditation","Medical Kit"],"campfire_rested":0,"item_purchase_floors":[4,27,46,53],"current_hp_per_floor":[75,75,75,75,75,75,75,61,61,50,50,47,47,44,44,44,75,75,75,75,75,75,50,50,50,50,50,50,68,74,74,74,75,75,75,75,75,75,75,75,75,75,75,75,73,73,73,75,75,75,75,75,75,75,75],"gold":35,"neow_bonus":"THREE_ENEMY_KILL","is_daily":false,"chose_seed":false,"campfire_upgraded":4,"win_rate":0.0,"timestamp":1614048792,"path_taken":["M","?","M","$","?","R","M","E","T","E","?","M","?","E","R","BOSS","M","?","M","M","?","E","R","M","T","$","R","M","E","?","R","BOSS","M","?","M","?","?","R","E","R","T","R","E","$","?","M","R","BOSS","R","$","E","BOSS"],"items_purchased_type":["Relic","Card","Card","Relic"],"build_version":"2020-12-22","purchased_purges":3,"victory":true,"max_hp_per_floor":[75,75,75,75,75,75,75,75,75,75,75,75,75,75,75,75,75,75,75,75,75,75,75,75,75,75,75,75,75,75,75,75,75,75,75,75,75,75,75,75,75,75,75,75,75,75,75,75,75,75,75,75,75,75,75],"card_choices":[{"not_picked":["theSenshi:CrisisMakeUp","theSenshi:MoonPrincessHalation"],"picked":"theSenshi:SailorChibiMoonAssists","floor":1},{"not_picked":["theSenshi:MoonPrincessHalation","theSenshi:SupersonicWaves"],"picked":"theSenshi:MoonPunch","floor":3},{"not_picked":["theSenshi:Sidestep","theSenshi:SailorVenusAssists","theSenshi:MoonTiaraMagic"],"picked":"SKIP","floor":5},{"not_picked":["theSenshi:LunaSensingAllies","theSenshi:LateForSchool"],"picked":"theSenshi:SchoolBag","floor":7},{"not_picked":["theSenshi:Sidestep","theSenshi:SchoolBag","theSenshi:LunaWiseMentor"],"picked":"SKIP","floor":8},{"not_picked":["theSenshi:DramaticEntrance","theSenshi:SchoolBag","theSenshi:MoonTiaraMagic"],"picked":"SKIP","floor":10},{"not_picked":["theSenshi:YouCanTalk","theSenshi:SteeledNerves"],"picked":"theSenshi:MoonPrincessHalation","floor":12},{"not_picked":["theSenshi:MoonPunch","theSenshi:SailorStarFighterAssists"],"picked":"theSenshi:MoonTwilightFlash","floor":13},{"not_picked":["theSenshi:TuxedoSmokingBomber","theSenshi:SailorVenusAssists"],"picked":"theSenshi:MoonCosmicPowerMakeUp","floor":14},{"not_picked":["theSenshi:SailorCosmosAssists","theSenshi:SailorPlutoAssists"],"picked":"theSenshi:StudyParty","floor":16},{"not_picked":["theSenshi:SaturnsMystery","theSenshi:VenusGlamour"],"picked":"theSenshi:MoonCrisisMakeUp","floor":18},{"not_picked":["theSenshi:TuxedoSmokingBomber","theSenshi:SailorV"],"picked":"theSenshi:CrisisMakeUp+1","floor":20},{"not_picked":["theSenshi:SailorStarFighterAssists","theSenshi:MoonTiaraMagic","theSenshi:TallSilhouette"],"picked":"SKIP","floor":21},{"not_picked":["theSenshi:EncouragingSpeech+1","theSenshi:SailorStarMakerAssists","theSenshi:KlutzyLuck"],"picked":"SKIP","floor":23},{"not_picked":["theSenshi:MoonCrystalPowerMakeUp","theSenshi:SupersonicWaves+1","theSenshi:OdangoHead"],"picked":"SKIP","floor":25},{"not_picked":["theSenshi:PlutosSolemnity","theSenshi:Sidestep","theSenshi:SailorStarMakerAssists"],"picked":"SKIP","floor":29},{"not_picked":["theSenshi:SailorChibiMoonAssists+1","theSenshi:LateForSchool+1","theSenshi:TuxedoMaskAssists"],"picked":"SKIP","floor":30},{"not_picked":["theSenshi:SailorStarHealerAssists","theSenshi:StudyParty"],"picked":"theSenshi:JupitersPower","floor":33},{"not_picked":["theSenshi:MoonHealingEscalation+1","theSenshi:Sidestep+1","theSenshi:MoonSpiralHeartAttack+1"],"picked":"SKIP","floor":35},{"not_picked":["theSenshi:EncouragingSpeech","theSenshi:MoonCosmicPowerMakeUp"],"picked":"theSenshi:MoonPrincessHalation","floor":37},{"not_picked":["theSenshi:SailorMercuryAssists+1","theSenshi:MoonTwilightFlash+1"],"picked":"theSenshi:RainbowMoonHeartAche","floor":41},{"not_picked":["theSenshi:SailorPlanetPower","theSenshi:YouCanTalk"],"picked":"theSenshi:MoonCrystalPowerMakeUp+1","floor":45},{"not_picked":[],"picked":"theSenshi:GlimpseOfThePast","floor":47},{"not_picked":["theSenshi:SailorUranusAssists","theSenshi:MoonCrisisMakeUp","theSenshi:MoonTiaraMagic+1"],"picked":"SKIP","floor":48},{"not_picked":["theSenshi:LateForSchool+1","theSenshi:CrisisMakeUp","theSenshi:MoonCrisisMakeUp"],"picked":"SKIP","floor":54}],"player_experience":402263,"relics_obtained":[{"floor":8,"key":"Regal Pillow"},{"floor":10,"key":"Replay:Baseball"},{"floor":14,"key":"Divine Protection"},{"floor":26,"key":"Boot"},{"floor":30,"key":"Peace Pipe"},{"floor":38,"key":"CatCart"},{"floor":41,"key":"Shovel"},{"floor":43,"key":"Mastiff:ReiMu"},{"floor":44,"key":"Orichalcum"},{"floor":45,"key":"PureWhite:ReiMu"},{"floor":49,"key":"theSenshi:HolyGrailRelic"},{"floor":52,"key":"CrazyTorch:ReiMu"},{"floor":54,"key":"ScarletDevilRocket"}],"event_choices":[{"damage_healed":0,"gold_gain":275,"player_choice":"Desecrate","damage_taken":0,"max_hp_gain":0,"max_hp_loss":0,"event_name":"Golden Shrine","floor":2,"gold_loss":0,"cards_obtained":["Regret"]},{"damage_healed":0,"gold_gain":0,"player_choice":"Upgraded","damage_taken":0,"max_hp_gain":0,"max_hp_loss":0,"event_name":"Upgrade Shrine","floor":11,"gold_loss":0,"cards_upgraded":["theSenshi:SchoolBag"]},{"damage_healed":0,"gold_gain":0,"player_choice":"Simplicity","damage_taken":0,"max_hp_gain":0,"max_hp_loss":0,"event_name":"Back to Basics","floor":19,"gold_loss":0,"cards_upgraded":["theSenshi:SailorKick","theSenshi:SailorKick","theSenshi:SailorKick","theSenshi:SailorKick","theSenshi:SailorBlock","theSenshi:SailorBlock","theSenshi:SailorBlock","theSenshi:SailorBlock"]},{"damage_healed":0,"gold_gain":0,"player_choice":"Obtained Relic","damage_taken":0,"relics_obtained":["ReplayTheSpireMod:Lightbulb"],"max_hp_gain":0,"max_hp_loss":0,"event_name":"Addict","floor":31,"gold_loss":85},{"damage_healed":0,"gold_gain":0,"player_choice":"Ignored","damage_taken":0,"max_hp_gain":0,"max_hp_loss":0,"event_name":"Tomb of Lord Red Mask","floor":36,"gold_loss":0},{"damage_healed":0,"gold_gain":0,"player_choice":"Fight","damage_taken":0,"max_hp_gain":0,"max_hp_loss":0,"event_name":"OrinTheCat","floor":38,"gold_loss":0}],"is_beta":false,"boss_relics":[{"not_picked":["RedLine:ReiMu","Calling Bell"],"picked":"Replay:Bronze Core"},{"not_picked":["construct:ClawGrip","Ring of Chaos"],"picked":"Coffee Dripper"}],"items_purged_floors":[4,27,46],"is_endless":false,"potions_floor_spawned":[1,7,8,10,13,21,23,33,35,37,45],"ascension_level":1}}