{"host":"dwyzfvnzfcqffr30","time":1614087191,"event":{"mods":["2.2 Compatiblity","Act Like it!","Aspiration","BaseMod","Beaked The Cultist","Better Altar","Better Match","Better Note","Better Sensory Stone","Better Skull","Better Third Choice","Clockwork Mod","Colored Map","Colored Powertips","Conspire","Downfall","Elementarium","GifTheSpireLib","Halation","Hermit","Hubris","Infinite Spire","Ironclad Rager","Jedi Mod","Menagerie","Mimic Mod","Minty Spire (QoL Compilation)","Permanent Neow","Random Character Button","Relic Filter Mod","Reliquary","Replay The Spire","Shapeshifter Mod","Spicy Shops","Spikes Relics","StSLib","Stuff the Spire","The Construct","The Disciple","The Druid","The Marked","TheFirefly","Trackpad","Wandering Minibosses"],"gold_per_floor":[123,123,141,167,186,223,252,282,282,87,112,152,152,181,181,266,266,266,266],"floor_reached":18,"language":"ENG","playtime":1210,"items_purged":["Bash+1"],"score":334,"play_id":"a837f8ca-05c5-432d-ab9f-b14f1ed73a72","local_time":"20210223053311","is_ascension_mode":true,"campfire_choices":[{"floor":13,"key":"REST"},{"floor":15,"key":"REST"}],"circlet_count":0,"master_deck":["AscendersBane","Reforge+1","Strike_R+1","Strike_R+1","Strike_R+1","Strike_R+1","Strike_R+1","Defend_R+1","Defend_R+1","Defend_R+1","Defend_R+1","MasterReality+1","Apotheosis+1","Disarm+1","Ghostly Armor+1","Uppercut+1","Heavy Blade+1","Cleave+1","Armaments+1","ReplayTheSpireMod:Muscle Training+1","ReplayTheSpireMod:Corrosion Curse+1","Seeing Red+1","Demon Form+1","PlatinumSkin+1"],"relics":["Burning Blood","aspiration:Nostalgia","Cracked Core","Bottled Tornado","hubris:TinFlute","halation:Prosthetics","SacredBark","conspire:InfiniteJournal","infinitespire:EvilPickle","Quantum Egg","Molten Egg 2","Toxic Egg 2","Frozen Egg 2","Frozen Egg 2","Snack Pack","reliquary:RoseTintedGlasses","beaked:SacredDeck"],"acts_visited":["Exordium","TheCity"],"potions_floor_usage":[11,16,16],"damage_taken":[{"damage":12,"enemies":"Jaw Worm","floor":1,"turns":2},{"damage":0,"enemies":"Cultist","floor":3,"turns":3},{"damage":0,"enemies":"Small Slimes","floor":4,"turns":3},{"damage":7,"enemies":"Looter","floor":5,"turns":3},{"damage":9,"enemies":"Gremlin Nob","floor":6,"turns":5},{"damage":9,"enemies":"Blue Slaver","floor":7,"turns":3},{"damage":11,"enemies":"3 Louse","floor":8,"turns":4},{"damage":20,"enemies":"Gremlin Gang","floor":11,"turns":4},{"damage":15,"enemies":"Replay:BlueRogue","floor":12,"turns":5},{"damage":0,"enemies":"Lots of Slimes","floor":14,"turns":2},{"damage":5,"enemies":"Fading Forest","floor":16,"turns":11},{"damage":41,"enemies":"Shell Parasite","floor":18,"turns":5}],"seed_played":"-5518108684308802851","potions_obtained":[{"floor":1,"key":"AttackPotion"},{"floor":8,"key":"FearPotion"},{"floor":11,"key":"Energy Potion"},{"floor":12,"key":"Venom Potion"}],"is_trial":false,"path_per_floor":["M","?","M","M","M","E","M","M","T","$","M","E","R","M","R","B",null,"M"],"character_chosen":"IRONCLAD","items_purchased":["ReplayTheSpireMod:Muscle Training+1","ReplayTheSpireMod:Corrosion Curse+1"],"campfire_rested":2,"item_purchase_floors":[10,10],"current_hp_per_floor":[34,34,40,40,39,36,33,28,28,28,16,9,21,27,39,40,40,0,0],"gold":266,"neow_bonus":"NOSTALGIA","is_daily":false,"chose_seed":false,"campfire_upgraded":0,"win_rate":0.0,"timestamp":1614087191,"path_taken":["M","?","M","M","?","E","M","M","T","$","M","E","R","M","R","BOSS","M"],"items_purchased_type":["Card","Card"],"build_version":"2020-12-22","purchased_purges":1,"victory":false,"max_hp_per_floor":[40,40,40,40,40,40,40,40,40,40,40,40,40,40,40,40,40,40,40],"card_choices":[{"not_picked":["Replay:Undeath\u0027s Touch+1","Body Slam+1"],"picked":"Disarm+1","floor":1},{"not_picked":["jedi:suffering+1","Cleave+1"],"picked":"Ghostly Armor+1","floor":3},{"not_picked":["ReplayTheSpireMod:Limb From Limb+1","StuffTheSpire:RockThrow+1"],"picked":"Uppercut+1","floor":4},{"not_picked":["Eclipse+1","Perfected Strike+1"],"picked":"Heavy Blade+1","floor":5},{"not_picked":["Warcry+1","True Grit+1"],"picked":"Cleave+1","floor":6},{"not_picked":["Wild Strike+1","Sword Boomerang+1","Replay:Undeath\u0027s Touch+1"],"picked":"SKIP","floor":7},{"not_picked":["Iron Wave+1","jedi:fear+1"],"picked":"Armaments+1","floor":8},{"not_picked":["Heavy Blade+1","Sword Boomerang+1"],"picked":"Seeing Red+1","floor":11},{"not_picked":["Havoc+1","jedi:fear+1","Clothesline+1"],"picked":"SKIP","floor":12},{"not_picked":["Dark Embrace+1","Shrug It Off+1","Immolate+1"],"picked":"SKIP","floor":14},{"not_picked":["Brutality+1","Hemogenesis+1"],"picked":"Demon Form+1","floor":16}],"player_experience":3524759,"relics_obtained":[{"floor":6,"key":"Snack Pack"},{"floor":12,"key":"reliquary:RoseTintedGlasses"}],"event_choices":[{"damage_healed":0,"gold_gain":0,"player_choice":"Simplicity","damage_taken":0,"max_hp_gain":0,"max_hp_loss":9,"event_name":"betterThird:BetterWriting","floor":0,"gold_loss":0},{"damage_healed":0,"gold_gain":0,"player_choice":"Gave Potion","damage_taken":0,"relics_obtained":["Frozen Egg 2"],"max_hp_gain":0,"max_hp_loss":0,"event_name":"WeMeetAgain","floor":2,"gold_loss":0}],"is_beta":false,"boss_relics":[{"not_picked":["ChewingGum","expansioncontent:StudyCardRelic"],"picked":"beaked:SacredDeck"}],"items_purged_floors":[10],"is_endless":false,"potions_floor_spawned":[1,7,8,11,12],"killed_by":"Shell Parasite","ascension_level":18}}