{"host":"ta9jukzngm5b813r","time":1614104729,"event":{"mods":["BaseMod","Colored Map","Conspire","Hubris","Infinite Spire","Marisa????????","Minty Spire (QoL Compilation)","Permanent Neow","Relic Sorter","Relic Stats","Replay The Spire","StSLib","The Mystic","The Servant 0.9.4"],"gold_per_floor":[361,361,361,376,376,409,75,75,75,75,91,108,29,41,41,145,145,160,180,180,180,180,212,227,227,227,23,35,35,35,67,67,167,167,180,30,76,93,157,168,181,200,200,212,79,98,98,150,150,150],"floor_reached":51,"language":"ENG","playtime":5541,"items_purged":["mysticmod:Strike_Mystic+1"],"score":737,"play_id":"9d61ade6-8ff8-4b5e-ba5a-13d5d1f928ff","local_time":"20210223102529","is_ascension_mode":false,"campfire_choices":[{"data":"mysticmod:ArcaneAccuracy","floor":8,"key":"SMITH"},{"data":"mysticmod:HeavyStrike","floor":15,"key":"SMITH"},{"data":"mysticmod:Strike_Mystic+1","floor":32,"key":"PURGE"},{"data":"mysticmod:Strike_Mystic+1","floor":47,"key":"PURGE"},{"data":"mysticmod:Strike_Mystic+1","floor":49,"key":"PURGE"}],"circlet_count":0,"master_deck":["mysticmod:Defend_Mystic+1","mysticmod:Defend_Mystic+1","mysticmod:Defend_Mystic+1","mysticmod:Defend_Mystic+1","mysticmod:ArcaneDodge","mysticmod:ShockingGrasp","mysticmod:ArcaneAccuracy+1","mysticmod:Daze","mysticmod:Feint","mysticmod:Shield","mysticmod:Flurry","mysticmod:Sideswipe","mysticmod:HeavyStrike+1","mysticmod:LightningBolt","mysticmod:MightyMagic","mysticmod:Discipline","mysticmod:Doublecast","mysticmod:Disengage+1","mysticmod:TomeOfSpells+1","mysticmod:ComponentsPouch","mysticmod:TomeOfSpells","mysticmod:Flourish","mysticmod:Snowball+1","mysticmod:Disengage","mysticmod:ArcaneAccuracy","mysticmod:SpellCombat+1","mysticmod:Probe","mysticmod:Alacrity","mysticmod:GeminiForm","mysticmod:IllusionOfCalm","mysticmod:ComboCaster","mysticmod:FloatingDisk","mysticmod:KnowledgePool","mysticmod:Disengage+1","mysticmod:Shield","mysticmod:DiviningBlow+1","mysticmod:MysticalShield","mysticmod:MirrorStrike","mysticmod:KnowledgePool"],"relics":["mysticmod:SpellBook","hubris:Icosahedron","hubris:Towel","Peace Pipe","Anchor","Blue Doll","infinitespire:Broken Mirror","Coffee Dripper","Mummified Hand","Pantograph","hubris:Spice","Orrery","CatCart","Counterbalance"],"acts_visited":["Exordium","TheCity","TheBeyond"],"potions_floor_usage":[6,16,23,40,44,50,50,50],"damage_taken":[{"damage":0,"enemies":"Small Slimes","floor":1,"turns":3},{"damage":2,"enemies":"2 Louse","floor":4,"turns":3},{"damage":0,"enemies":"Replay:BlueRogue","floor":6,"turns":8},{"damage":0,"enemies":"conspire:RoseBush","floor":11,"turns":3},{"damage":0,"enemies":"2 Fungi Beasts","floor":12,"turns":4},{"damage":8,"enemies":"conspire:2 RoseBushes","floor":14,"turns":5},{"damage":31,"enemies":"The Guardian","floor":16,"turns":14},{"damage":6,"enemies":"Shell Parasite","floor":18,"turns":6},{"damage":12,"enemies":"3 Byrds","floor":19,"turns":5},{"damage":30,"enemies":"Slavers","floor":23,"turns":6},{"damage":2,"enemies":"Centurion and Healer","floor":24,"turns":7},{"damage":7,"enemies":"Chosen and Byrds","floor":28,"turns":6},{"damage":13,"enemies":"conspire:SneckoGhost","floor":31,"turns":5},{"damage":51,"enemies":"Champ","floor":33,"turns":10},{"damage":0,"enemies":"3 Shapes","floor":35,"turns":3},{"damage":47,"enemies":"Orin","floor":37,"turns":13},{"damage":0,"enemies":"Orb Walker","floor":38,"turns":1},{"damage":0,"enemies":"Transient","floor":40,"turns":4},{"damage":2,"enemies":"Jaw Worm Horde","floor":41,"turns":4},{"damage":0,"enemies":"Writhing Mass","floor":42,"turns":4},{"damage":0,"enemies":"Sphere and 2 Shapes","floor":44,"turns":4},{"damage":25,"enemies":"3 Darklings","floor":46,"turns":7},{"damage":11,"enemies":"2 Orb Walkers","floor":48,"turns":4},{"damage":26,"enemies":"Time Eater","floor":50,"turns":9}],"seed_played":"-4308649985117454222","potions_obtained":[{"floor":1,"key":"conspire:TimeTravelPotion"},{"floor":4,"key":"Dexterity Potion"},{"floor":14,"key":"SpeedPotion"},{"floor":16,"key":"BlessingOfTheForge"},{"floor":18,"key":"conspire:TimeTravelPotion"},{"floor":33,"key":"Venom Potion"},{"floor":35,"key":"FairyPotion"},{"floor":39,"key":"SmokeBomb"},{"floor":44,"key":"Fruit Juice"},{"floor":46,"key":"CultistPotion"},{"floor":48,"key":"mysticmod:EssenceOfMagic"}],"is_trial":false,"path_per_floor":["M","?","?","M","T","E","$","R","T","?","M","M","$","M","R","B",null,"M","M","?","?","T","E","M","?","T","$","M","$","?","E","R","B",null,"M","$","?","M","?","M","M","M","T","M","$","M","R","?","R","B",null],"character_chosen":"MYSTIC_CLASS","items_purchased":["Blue Doll","mysticmod:Shield","mysticmod:Flurry","mysticmod:Sideswipe","mysticmod:MightyMagic","Orrery","mysticmod:Alacrity","mysticmod:ComboCaster","mysticmod:MysticalShield","mysticmod:MirrorStrike"],"campfire_rested":0,"item_purchase_floors":[7,7,7,7,13,27,27,36,45,45],"current_hp_per_floor":[70,70,70,68,68,68,68,68,68,68,68,68,68,60,60,29,70,64,52,52,52,52,47,45,45,53,53,46,46,46,41,41,15,78,78,78,31,31,12,12,10,10,10,15,15,22,22,11,11,10],"gold":150,"neow_bonus":"TWO_FIFTY_GOLD","is_daily":false,"chose_seed":false,"campfire_upgraded":2,"win_rate":0.0,"timestamp":1614104729,"path_taken":["M","?","?","M","?","E","$","R","T","?","M","M","$","?","R","BOSS","M","M","?","?","?","E","M","?","T","$","?","?","?","E","R","BOSS","M","$","?","M","?","M","M","M","T","?","?","?","R","?","R","BOSS"],"items_purchased_type":["Relic","Card","Card","Card","Card","Relic","Card","Card","Card","Card"],"build_version":"2020-12-22","purchased_purges":1,"victory":true,"max_hp_per_floor":[70,70,70,70,70,70,70,70,70,70,70,70,70,70,70,70,70,70,70,70,70,70,70,70,70,78,78,78,78,78,86,86,86,78,78,78,78,78,70,70,70,70,70,75,75,75,75,75,75,75],"relic_stats":{"Peace Pipe":3,"counters":[24,138],"Mummified Hand":[61],"Pantograph":50,"obtain_stats":[{"Counterbalance":48,"mysticmod:SpellBook":0,"Blue Doll":7,"hubris:Towel":2,"Peace Pipe":5,"Anchor":6,"hubris:Icosahedron":10,"infinitespire:Broken Mirror":9,"Mummified Hand":22,"hubris:Spice":26,"Pantograph":23,"Orrery":27,"Coffee Dripper":17,"CatCart":37},{"Counterbalance":23,"mysticmod:SpellBook":0,"Blue Doll":3,"hubris:Towel":1,"Peace Pipe":2,"Anchor":3,"hubris:Icosahedron":3,"infinitespire:Broken Mirror":3,"Mummified Hand":9,"hubris:Spice":11,"Pantograph":10,"Orrery":11,"Coffee Dripper":7,"CatCart":16},{"Counterbalance":129,"mysticmod:SpellBook":0,"Blue Doll":14,"hubris:Towel":3,"Peace Pipe":6,"Anchor":14,"hubris:Icosahedron":14,"infinitespire:Broken Mirror":14,"Mummified Hand":51,"hubris:Spice":64,"Pantograph":57,"Orrery":64,"Coffee Dripper":40,"CatCart":101}]},"card_choices":[{"not_picked":["mysticmod:Riposte","mysticmod:BulkUp"],"picked":"mysticmod:ArcaneAccuracy","floor":1},{"not_picked":["mysticmod:ChargedParry","mysticmod:Sideswipe"],"picked":"mysticmod:Daze","floor":4},{"not_picked":["mysticmod:Grease","mysticmod:Probe"],"picked":"mysticmod:Feint","floor":6},{"not_picked":["mysticmod:BulkUp","mysticmod:KeenEdge"],"picked":"mysticmod:HeavyStrike","floor":11},{"not_picked":["mysticmod:EbbAndFlow","mysticmod:Fireball"],"picked":"mysticmod:LightningBolt","floor":12},{"not_picked":["mysticmod:Snowball","mysticmod:MightyMagic"],"picked":"mysticmod:Discipline","floor":14},{"not_picked":["mysticmod:Lunge","mysticmod:KnowledgePool"],"picked":"mysticmod:Doublecast","floor":16},{"not_picked":["mysticmod:BulkUp+1","mysticmod:LightningBolt"],"picked":"mysticmod:Disengage+1","floor":18},{"not_picked":["mysticmod:Probe","mysticmod:Riposte"],"picked":"mysticmod:TomeOfSpells+1","floor":19},{"not_picked":["mysticmod:Daze","mysticmod:EnergizedRift"],"picked":"mysticmod:ComponentsPouch","floor":23},{"not_picked":["mysticmod:PowerSlash","mysticmod:MysticalShield"],"picked":"mysticmod:TomeOfSpells","floor":24},{"not_picked":["mysticmod:Probe","mysticmod:Haste"],"picked":"mysticmod:Snowball+1","floor":27},{"not_picked":["mysticmod:PowerSlash+1","mysticmod:Probe"],"picked":"mysticmod:Disengage","floor":27},{"not_picked":["mysticmod:Disengage","mysticmod:ChargedParry"],"picked":"mysticmod:ArcaneAccuracy","floor":27},{"not_picked":["mysticmod:Fireball+1","mysticmod:PunishingArmor+1"],"picked":"mysticmod:SpellCombat","floor":27},{"not_picked":["mysticmod:HeavyStrike+1","mysticmod:LightningBolt"],"picked":"mysticmod:Probe","floor":27},{"not_picked":["mysticmod:Daze","mysticmod:Shield","mysticmod:Fireball"],"picked":"SKIP","floor":28},{"not_picked":["mysticmod:BulkUp","mysticmod:MightyMagic+1","mysticmod:Probe"],"picked":"SKIP","floor":31},{"not_picked":["mysticmod:SpontaneousCaster","mysticmod:EnchantedMoulinet"],"picked":"mysticmod:GeminiForm","floor":33},{"not_picked":["hubris:SpiceAddiction","mysticmod:SuddenClarity+1"],"picked":"mysticmod:IllusionOfCalm","floor":35},{"not_picked":["mysticmod:CorrosiveTouch+1","mysticmod:MightyMagic"],"picked":"mysticmod:FloatingDisk","floor":37},{"not_picked":["mysticmod:CureLightWounds+1","hubris:SpiceAddiction"],"picked":"mysticmod:KnowledgePool","floor":38},{"not_picked":["mysticmod:Snowball+1","mysticmod:SpellCombat+1"],"picked":"mysticmod:Disengage+1","floor":39},{"not_picked":["mysticmod:HeavyStrike","mysticmod:Sideswipe+1"],"picked":"mysticmod:Shield","floor":40},{"not_picked":["mysticmod:ComponentsPouch+1","mysticmod:PowerAttack"],"picked":"mysticmod:DiviningBlow+1","floor":41},{"not_picked":["mysticmod:Probe","mysticmod:MagicMissile","hubris:SpiceAddiction"],"picked":"SKIP","floor":42},{"not_picked":["hubris:SpiceAddiction","hubris:SpiceAddiction","hubris:SpiceAddiction"],"picked":"SKIP","floor":44},{"not_picked":["hubris:SpiceAddiction","mysticmod:Snowball"],"picked":"mysticmod:KnowledgePool","floor":46}],"player_experience":247304,"relics_obtained":[{"floor":5,"key":"Peace Pipe"},{"floor":6,"key":"Anchor"},{"floor":9,"key":"infinitespire:Broken Mirror"},{"floor":22,"key":"Mummified Hand"},{"floor":23,"key":"Pantograph"},{"floor":26,"key":"hubris:Spice"},{"floor":31,"key":"hubris:Spice"},{"floor":37,"key":"CatCart"},{"floor":39,"key":"hubris:Spice"},{"floor":48,"key":"Counterbalance"}],"event_choices":[{"damage_healed":0,"gold_gain":0,"player_choice":"Leave","damage_taken":0,"max_hp_gain":0,"max_hp_loss":0,"event_name":"conspire:Investor","floor":20,"gold_loss":0},{"damage_healed":0,"gold_gain":0,"player_choice":"Simplicity","damage_taken":0,"max_hp_gain":0,"max_hp_loss":0,"event_name":"Back to Basics","floor":21,"gold_loss":0,"cards_upgraded":["mysticmod:Strike_Mystic","mysticmod:Strike_Mystic","mysticmod:Strike_Mystic","mysticmod:Strike_Mystic","mysticmod:Defend_Mystic","mysticmod:Defend_Mystic","mysticmod:Defend_Mystic","mysticmod:Defend_Mystic"]},{"damage_healed":0,"gold_gain":0,"player_choice":"Read","damage_taken":0,"max_hp_gain":0,"max_hp_loss":0,"event_name":"The Library","floor":25,"gold_loss":0,"cards_obtained":["mysticmod:Flourish"]},{"damage_healed":0,"gold_gain":0,"player_choice":"Forge","damage_taken":0,"max_hp_gain":0,"max_hp_loss":0,"event_name":"Accursed Blacksmith","floor":30,"gold_loss":0,"cards_upgraded":["mysticmod:SpellCombat"]},{"damage_healed":0,"gold_gain":0,"player_choice":"Fight","damage_taken":0,"max_hp_gain":0,"max_hp_loss":0,"event_name":"OrinTheCat","floor":37,"gold_loss":0},{"damage_healed":0,"gold_gain":0,"player_choice":"Fight","damage_taken":0,"max_hp_gain":0,"max_hp_loss":0,"event_name":"Mysterious Sphere","floor":48,"gold_loss":0}],"is_beta":false,"boss_relics":[{"not_picked":["hubris:Stopwatch","hubris:VirtuousBlindfold"],"picked":"Coffee Dripper"},{"not_picked":["Philosopher\u0027s Stone","hubris:BlackHole"],"picked":"hubris:Spice"}],"items_purged_floors":[36],"is_endless":false,"potions_floor_spawned":[1,4,14,16,18,31,33,35,44,46,48],"ascension_level":0}}