{"host":"skr63qsdfgeey3it","time":1614063202,"event":{"mods":["BaseMod","Colored Map","Hubris","Minty Spire (QoL Compilation)","Monster B Gone","Reliquary","Replay The Spire","Spicy Shops","StSLib"],"gold_per_floor":[113,295,306,322,384,384,411,15,62,83,83,97,109,25,25,100,100,113,163,182,16,16,44,44,44],"floor_reached":24,"language":"ENG","playtime":751,"items_purged":["ReplayTheSpireMod:Doomed"],"score":385,"play_id":"2ae46029-85a9-4ca7-afc6-49f034d526ae","local_time":"20210223005322","is_ascension_mode":true,"campfire_choices":[{"floor":6,"key":"REST"},{"floor":11,"key":"REST"},{"floor":15,"key":"REST"}],"circlet_count":0,"master_deck":["AscendersBane","Strike_B+1","Strike_B+1","Defend_B","Defend_B","Defend_B","Zap","Dualcast","Conserve Battery","Defragment","Sunder","White Noise","Skim","Defragment+1","Scrape","Good Instincts","ReplayTheSpireMod:Calculation Training","Fusion","Cold Snap","Core Surge","BasicCrystalCard+1","Biased Cognition+1","Static Discharge+1","Hologram","Cold Snap","ReplayUltimateDefense","Panic Button","Rainbow"],"relics":["Cracked Core","NeowsBlessing","Whetstone","Replay:Wax Seal","Membership Card","ReplayTheSpireMod:CursedCoin","Symbiotic Virus","hubris:BallOfYels","Odd Mushroom","reliquary:PartyBalloon","Astrolabe","ReplayTheSpireMod:Lightbulb"],"acts_visited":["Exordium","TheCity"],"potions_floor_usage":[10,13,16,23,24],"damage_taken":[{"damage":0,"enemies":"Jaw Worm","floor":1,"turns":1},{"damage":0,"enemies":"2 Louse","floor":3,"turns":1},{"damage":0,"enemies":"Cultist","floor":4,"turns":1},{"damage":34,"enemies":"Gremlin Nob","floor":7,"turns":5},{"damage":11,"enemies":"The Mushroom Lair","floor":10,"turns":4},{"damage":11,"enemies":"Looter","floor":12,"turns":2},{"damage":1,"enemies":"Blue Slaver","floor":13,"turns":2},{"damage":11,"enemies":"The Guardian","floor":16,"turns":8},{"damage":16,"enemies":"3 Byrds","floor":18,"turns":2},{"damage":3,"enemies":"Chosen","floor":20,"turns":4},{"damage":9,"enemies":"Gremlin Leader","floor":23,"turns":5},{"damage":18,"enemies":"Shelled Parasite and Fungi","floor":24,"turns":2}],"seed_played":"799205347331661339","potions_obtained":[{"floor":3,"key":"PotionOfCapacity"},{"floor":7,"key":"LiquidMemories"},{"floor":12,"key":"Block Potion"},{"floor":13,"key":"Explosive Potion"},{"floor":23,"key":"Weak Potion"}],"is_trial":false,"path_per_floor":["M","?","M","M","?","R","E","$","T","?","R","M","M","$","R","B",null,"M","?","M","$","?","E","M"],"character_chosen":"DEFECT","items_purchased":["Replay:Wax Seal","Membership Card","ReplayTheSpireMod:CursedCoin","Symbiotic Virus","Defragment+1","Scrape","Good Instincts","reliquary:PartyBalloon","ReplayUltimateDefense","Panic Button"],"campfire_rested":3,"item_purchase_floors":[8,8,8,8,8,8,8,14,21,21],"current_hp_per_floor":[64,36,36,36,36,57,23,23,23,12,33,22,21,21,42,31,61,45,45,42,42,22,13,0,0],"gold":44,"neow_bonus":"THREE_ENEMY_KILL","is_daily":false,"chose_seed":false,"campfire_upgraded":0,"win_rate":0.0,"timestamp":1614063202,"path_taken":["M","?","M","?","?","R","E","$","T","?","R","M","?","?","R","BOSS","M","?","M","$","?","E","M"],"items_purchased_type":["Relic","Relic","Relic","Relic","Card","Card","Card","Relic","Card","Card"],"build_version":"2020-12-22","purchased_purges":1,"victory":false,"max_hp_per_floor":[71,71,71,71,71,71,71,71,71,71,71,71,71,71,71,71,71,71,71,71,71,76,76,76,76],"card_choices":[{"not_picked":["Barrage","Cold Snap"],"picked":"Conserve Battery","floor":1},{"not_picked":["Self Repair","Scrape"],"picked":"Defragment","floor":2},{"not_picked":["Compile Driver","Consume"],"picked":"Sunder","floor":3},{"not_picked":["ReplayGash","Steam"],"picked":"White Noise","floor":4},{"not_picked":["Meteor Strike","Reprogram"],"picked":"Skim","floor":7},{"not_picked":["Conserve Battery","Crystallizer"],"picked":"ReplayTheSpireMod:Calculation Training","floor":10},{"not_picked":["Barrage","Force Field"],"picked":"Fusion","floor":12},{"not_picked":["Gash","Time Bomb"],"picked":"Cold Snap","floor":13},{"not_picked":["All For One","Biased Cognition"],"picked":"Core Surge","floor":16},{"not_picked":["Beam Cell","Go for the Eyes"],"picked":"Hologram","floor":18},{"not_picked":["Reprogram","Barrage"],"picked":"Cold Snap","floor":20},{"not_picked":["Coolheaded","Time Bomb"],"picked":"Rainbow","floor":23}],"player_experience":999727,"relics_obtained":[{"floor":7,"key":"Whetstone"},{"floor":9,"key":"hubris:BallOfYels"},{"floor":10,"key":"Odd Mushroom"},{"floor":23,"key":"ReplayTheSpireMod:Lightbulb"}],"event_choices":[{"damage_healed":0,"gold_gain":62,"player_choice":"Gained Gold","damage_taken":0,"max_hp_gain":0,"max_hp_loss":0,"event_name":"Golden Wing","floor":5,"gold_loss":0},{"damage_healed":0,"gold_gain":0,"player_choice":"Fought Mushrooms","damage_taken":0,"max_hp_gain":0,"max_hp_loss":0,"event_name":"Mushrooms","floor":10,"gold_loss":0},{"damage_healed":0,"gold_gain":50,"player_choice":"Stole From Cult","damage_taken":0,"max_hp_gain":0,"max_hp_loss":0,"event_name":"Nest","floor":19,"gold_loss":0},{"damage_healed":0,"gold_gain":0,"player_choice":"Shed Blood","damage_taken":25,"max_hp_gain":5,"max_hp_loss":0,"event_name":"Forgotten Altar","floor":22,"gold_loss":0}],"is_beta":false,"boss_relics":[{"not_picked":["hubris:VirtuousBlindfold","hubris:Stopwatch"],"picked":"Astrolabe"}],"items_purged_floors":[8],"is_endless":false,"potions_floor_spawned":[3,7,12,13,23],"killed_by":"Shelled Parasite and Fungi","ascension_level":16}}