{"host":"8ztb9kwpjc2zof9s","time":1614055707,"event":{"mods":["BaseMod","Block Reminder","Curses Come First","Minty Spire (QoL Compilation)","Relic Stats","StSLib"],"gold_per_floor":[112,131,45,195,195,229,304,304,304,304,331,331,331,340,340,427,436,431,15,15,42,67,67,67,67,67,86,86,112,162,177,177,259,259,278,287,187,206,127,156,156,156,156],"floor_reached":42,"language":"ENG","playtime":1375,"items_purged":["Doubt","Writhe"],"score":819,"play_id":"f19b4429-3b00-49b2-bf37-bc1f3bd58cbc","local_time":"20210222204827","is_ascension_mode":true,"campfire_choices":[{"floor":8,"key":"REST"},{"data":"Noxious Fumes","floor":10,"key":"SMITH"},{"data":"Infinite Blades","floor":13,"key":"SMITH"},{"floor":15,"key":"REST"},{"floor":23,"key":"REST"},{"data":"After Image","floor":25,"key":"SMITH"},{"data":"Infinite Blades","floor":28,"key":"SMITH"},{"floor":32,"key":"REST"}],"circlet_count":0,"master_deck":["AscendersBane","Strike_G+1","Strike_G","Strike_G","Strike_G","Strike_G","Defend_G","Defend_G","Defend_G","Defend_G","Defend_G","Survivor","Neutralize","Acrobatics","Accuracy+1","Noxious Fumes+1","Infinite Blades+1","PiercingWail","Neutralize","After Image+1","CurseOfTheBell","Riddle With Holes","Accuracy","Blade Dance","Prepared+1","Infinite Blades+1","Outmaneuver","Wraith Form v2","Cloak And Dagger","Tactician"],"relics":["Ring of the Snake","NeowsBlessing","Boot","Letter Opener","Juzu Bracelet","CeramicFish","Calling Bell","Centennial Puzzle","Matryoshka","Thread and Needle","Paper Crane","Molten Egg 2","Pocketwatch","HoveringKite","Blood Vial"],"acts_visited":["Exordium","TheCity","TheBeyond"],"potions_floor_usage":[29,31,33,35],"damage_taken":[{"damage":0,"enemies":"Jaw Worm","floor":1,"turns":1},{"damage":0,"enemies":"2 Louse","floor":2,"turns":1},{"damage":0,"enemies":"Gremlin Nob","floor":6,"turns":1},{"damage":10,"enemies":"Lagavulin","floor":11,"turns":7},{"damage":26,"enemies":"Slime Boss","floor":16,"turns":9},{"damage":26,"enemies":"2 Thieves","floor":18,"turns":4},{"damage":14,"enemies":"Spheric Guardian","floor":21,"turns":7},{"damage":0,"enemies":"Centurion and Healer","floor":22,"turns":5},{"damage":2,"enemies":"Shelled Parasite and Fungi","floor":27,"turns":5},{"damage":8,"enemies":"Sentry and Sphere","floor":29,"turns":4},{"damage":6,"enemies":"Snake Plant","floor":31,"turns":5},{"damage":39,"enemies":"Automaton","floor":33,"turns":9},{"damage":20,"enemies":"3 Darklings","floor":35,"turns":5},{"damage":2,"enemies":"Orb Walker","floor":38,"turns":4},{"damage":28,"enemies":"Nemesis","floor":40,"turns":7},{"damage":24,"enemies":"3 Darklings","floor":42,"turns":5}],"seed_played":"-9181109767470957415","potions_obtained":[{"floor":18,"key":"GamblersBrew"},{"floor":27,"key":"SteroidPotion"},{"floor":29,"key":"Regen Potion"},{"floor":33,"key":"Block Potion"}],"is_trial":false,"path_per_floor":["M","M","$","?","?","E","?","R","T","R","E","T","R","?","R","B",null,"M","$","?","M","M","R","?","R","T","M","R","M","?","M","R","B",null,"M","?","$","M","$","E","?","M"],"character_chosen":"THE_SILENT","items_purchased":["Noxious Fumes","Accuracy","Paper Crane","Tactician"],"campfire_rested":4,"item_purchase_floors":[3,19,19,39],"current_hp_per_floor":[59,59,59,59,39,39,28,47,47,47,37,37,37,37,56,30,57,31,31,31,17,17,36,36,36,36,34,34,26,26,29,48,9,52,32,45,45,43,43,15,15,0,0],"gold":156,"neow_bonus":"THREE_ENEMY_KILL","is_daily":false,"chose_seed":false,"campfire_upgraded":4,"win_rate":0.0,"timestamp":1614055707,"path_taken":["M","M","$","?","?","E","?","R","T","R","E","?","R","?","R","BOSS","M","$","?","M","M","R","?","R","T","M","R","M","?","M","R","BOSS","M","?","$","M","$","E","?","M"],"items_purchased_type":["Card","Card","Relic","Card"],"build_version":"2020-12-22","purchased_purges":2,"victory":false,"max_hp_per_floor":[66,66,66,66,66,66,66,66,66,66,66,66,66,66,66,66,66,66,66,66,66,66,66,66,66,66,66,66,66,66,66,66,66,66,66,66,66,66,66,66,66,66,66],"relic_stats":{"Blood Vial":2,"Centennial Puzzle":[30],"counters":[16,79],"CeramicFish":117,"HoveringKite":[10],"Juzu Bracelet":1,"Letter Opener":[83],"Boot":[187],"obtain_stats":[{"NeowsBlessing":0,"CeramicFish":12,"HoveringKite":34,"Thread and Needle":17,"Juzu Bracelet":11,"Letter Opener":9,"Paper Crane":19,"Boot":6,"Calling Bell":17,"Blood Vial":40,"Centennial Puzzle":17,"Matryoshka":17,"Molten Egg 2":26,"Ring of the Snake":0,"Pocketwatch":26},{"NeowsBlessing":0,"CeramicFish":4,"HoveringKite":12,"Thread and Needle":5,"Juzu Bracelet":4,"Letter Opener":3,"Paper Crane":6,"Boot":3,"Calling Bell":5,"Blood Vial":15,"Centennial Puzzle":5,"Matryoshka":5,"Molten Egg 2":8,"Ring of the Snake":0,"Pocketwatch":8},{"NeowsBlessing":0,"CeramicFish":10,"HoveringKite":58,"Thread and Needle":19,"Juzu Bracelet":10,"Letter Opener":3,"Paper Crane":23,"Boot":3,"Calling Bell":19,"Blood Vial":74,"Centennial Puzzle":19,"Matryoshka":19,"Molten Egg 2":35,"Ring of the Snake":0,"Pocketwatch":35}],"Ring of the Snake":[32],"Pocketwatch":[10]},"card_choices":[{"not_picked":["Quick Slash","Dodge and Roll"],"picked":"Acrobatics","floor":1},{"not_picked":["Dagger Spray","Blur"],"picked":"Accuracy","floor":2},{"not_picked":["Cloak And Dagger","Dagger Throw"],"picked":"Infinite Blades","floor":6},{"not_picked":["Dagger Throw","Deadly Poison"],"picked":"PiercingWail","floor":11},{"not_picked":["Bullet Time","Die Die Die"],"picked":"After Image","floor":16},{"not_picked":["Quick Slash+1","Deadly Poison"],"picked":"Riddle With Holes","floor":18},{"not_picked":["Prepared","Setup"],"picked":"Blade Dance","floor":21},{"not_picked":["Quick Slash","Skewer+1"],"picked":"Prepared+1","floor":22},{"not_picked":["Quick Slash+1","Poisoned Stab+1"],"picked":"Infinite Blades","floor":27},{"not_picked":["Reflex","Burst"],"picked":"Outmaneuver","floor":29},{"not_picked":["Terror","Expertise","Dagger Spray+1"],"picked":"SKIP","floor":31},{"not_picked":["Tools of the Trade","A Thousand Cuts"],"picked":"Wraith Form v2","floor":33},{"not_picked":["Dagger Throw+1","Flying Knee+1"],"picked":"Cloak And Dagger","floor":35},{"not_picked":["Slice+1","Catalyst","Choke+1"],"picked":"SKIP","floor":38},{"not_picked":["Bouncing Flask","Blade Dance","Eviscerate+1"],"picked":"SKIP","floor":40}],"player_experience":384358,"relics_obtained":[{"floor":6,"key":"Boot"},{"floor":9,"key":"Letter Opener"},{"floor":11,"key":"Juzu Bracelet"},{"floor":12,"key":"CeramicFish"},{"floor":17,"key":"Centennial Puzzle"},{"floor":17,"key":"Matryoshka"},{"floor":17,"key":"Thread and Needle"},{"floor":26,"key":"Molten Egg 2"},{"floor":26,"key":"Pocketwatch"},{"floor":40,"key":"Blood Vial"}],"event_choices":[{"damage_healed":0,"gold_gain":150,"player_choice":"AGREE","damage_taken":0,"max_hp_gain":0,"max_hp_loss":0,"event_name":"Liars Game","floor":4,"gold_loss":0,"cards_obtained":["Doubt"]},{"damage_healed":0,"gold_gain":0,"player_choice":"Entered Light","damage_taken":20,"max_hp_gain":0,"max_hp_loss":0,"event_name":"Shining Light","floor":5,"gold_loss":0,"cards_upgraded":["Strike_G","Accuracy"]},{"damage_healed":0,"gold_gain":75,"player_choice":"Gather Gold","damage_taken":11,"max_hp_gain":0,"max_hp_loss":0,"event_name":"World of Goop","floor":7,"gold_loss":0},{"damage_healed":0,"gold_gain":0,"player_choice":"1 cards matched","damage_taken":0,"max_hp_gain":0,"max_hp_loss":0,"event_name":"Match and Keep!","floor":14,"gold_loss":0,"cards_obtained":["Neutralize"]},{"damage_healed":0,"gold_gain":0,"player_choice":"Ignored","damage_taken":0,"max_hp_gain":0,"max_hp_loss":0,"event_name":"Ghosts","floor":20,"gold_loss":0},{"damage_healed":0,"gold_gain":0,"player_choice":"Ignored","damage_taken":0,"max_hp_gain":0,"max_hp_loss":0,"event_name":"Vampires","floor":24,"gold_loss":0},{"damage_healed":0,"gold_gain":50,"player_choice":"Stole From Cult","damage_taken":0,"max_hp_gain":0,"max_hp_loss":0,"event_name":"Nest","floor":30,"gold_loss":0},{"damage_healed":13,"gold_gain":0,"player_choice":"Writhe","damage_taken":0,"max_hp_gain":0,"max_hp_loss":0,"event_name":"Winding Halls","floor":36,"gold_loss":0,"cards_obtained":["Writhe"]},{"damage_healed":0,"gold_gain":0,"player_choice":"Ignored","damage_taken":0,"max_hp_gain":0,"max_hp_loss":0,"event_name":"Mysterious Sphere","floor":41,"gold_loss":0}],"is_beta":false,"boss_relics":[{"not_picked":["Ectoplasm","Snecko Eye"],"picked":"Calling Bell"},{"not_picked":["Runic Pyramid","Coffee Dripper"],"picked":"HoveringKite"}],"items_purged_floors":[19,37],"is_endless":false,"potions_floor_spawned":[18,27,29,33],"killed_by":"3 Darklings","ascension_level":16}}