{"host":"ju1b3c4x8n2jtjm7","time":1614107731,"event":{"mods":["AchievementEnabler","BaseMod","Colored Map","Colored Powertips","DeckTracker","Highlight Path","Minty Spire (QoL Compilation)","Quick Restart","Rare Cards Sparkle","Relic Stats","StSLib"],"gold_per_floor":[118,43,56,72,91,91,122,122,167,167,199,199,210,235,235,335,385,398,414,8,20,20,20],"floor_reached":22,"language":"ENG","playtime":1882,"items_purged":["Shame","Strike_R"],"score":330,"play_id":"8312a279-bc94-4fc9-96ac-b683592334a3","local_time":"20210223201531","is_ascension_mode":true,"campfire_choices":[{"data":"Thinking Ahead","floor":6.0,"key":"SMITH"},{"data":"Uppercut","floor":8.0,"key":"SMITH"},{"data":"Power Through","floor":10.0,"key":"SMITH"},{"data":"Evolve","floor":15,"key":"SMITH"}],"circlet_count":0,"master_deck":["AscendersBane","Strike_R+1","Strike_R+1","Strike_R","Strike_R+1","Defend_R","Defend_R","Defend_R","Defend_R","Bash","Thinking Ahead+1","Anger","Second Wind","Power Through+1","Uppercut+1","Juggernaut","Evolve+1","Dark Embrace","Offering","Thunderclap","True Grit","Shrug It Off","Offering","True Grit+1"],"relics":["Burning Blood","Kunai","Bag of Preparation","Anchor","Whetstone","Tiny House","Potion Belt"],"acts_visited":["Exordium","TheCity"],"potions_floor_usage":[14,18,21,21],"damage_taken":[{"damage":10.0,"enemies":"2 Louse","floor":1.0,"turns":3.0},{"damage":13.0,"enemies":"Jaw Worm","floor":3.0,"turns":5.0},{"damage":0.0,"enemies":"Small Slimes","floor":4.0,"turns":3.0},{"damage":11.0,"enemies":"Blue Slaver","floor":5.0,"turns":4.0},{"damage":20.0,"enemies":"Lagavulin","floor":7.0,"turns":6.0},{"damage":20.0,"enemies":"3 Sentries","floor":11.0,"turns":8.0},{"damage":0,"enemies":"Gremlin Gang","floor":13,"turns":5},{"damage":10,"enemies":"Lagavulin","floor":14,"turns":8},{"damage":32,"enemies":"Slime Boss","floor":16,"turns":8},{"damage":43,"enemies":"Spheric Guardian","floor":18,"turns":6},{"damage":21,"enemies":"Shell Parasite","floor":19,"turns":7},{"damage":24,"enemies":"Cultist and Chosen","floor":21,"turns":8},{"damage":25,"enemies":"Shelled Parasite and Fungi","floor":22,"turns":7}],"seed_played":"1957907812210605049","potions_obtained":[{"floor":1.0,"key":"Swift Potion"},{"floor":5.0,"key":"Weak Potion"},{"floor":11.0,"key":"BloodPotion"},{"floor":17,"key":"SneckoOil"},{"floor":19,"key":"Fruit Juice"}],"is_trial":false,"path_per_floor":["M","$","M","M","M","R","E","R","T","R","E","?","M","E","R","B",null,"M","M","$","M","M"],"character_chosen":"IRONCLAD","items_purchased":["Shrug It Off","Offering","Potion Belt"],"campfire_rested":0,"item_purchase_floors":[20,20,20],"current_hp_per_floor":[68,68,61,67,62,62,48,48,48,48,34,34,40,36,36,10,68,31,16,16,21,0,0],"gold":20,"neow_bonus":"RANDOM_COLORLESS_2","is_daily":false,"chose_seed":false,"campfire_upgraded":4,"win_rate":0.0,"timestamp":1614107731,"path_taken":["M","$","M","M","M","R","E","R","T","R","E","?","M","E","R","BOSS","M","M","$","M","M"],"items_purchased_type":["Card","Card","Relic"],"build_version":"2020-12-22","purchased_purges":2,"victory":false,"max_hp_per_floor":[80,80,80,80,80,80,80,80,80,80,80,80,80,80,80,80,85,85,85,85,90,90,90],"relic_stats":{"counters":[13,78],"Bag of Preparation":[16],"Kunai":[9],"Whetstone":["Strike_R","Strike_R"],"obtain_stats":[{"Potion Belt":20,"Anchor":11,"Tiny House":17,"Bag of Preparation":9,"Kunai":7,"Whetstone":14,"Burning Blood":0},{"Potion Belt":11,"Anchor":6,"Tiny House":9,"Bag of Preparation":5,"Kunai":5,"Whetstone":8,"Burning Blood":0},{"Potion Belt":63,"Anchor":29,"Tiny House":50,"Bag of Preparation":21,"Kunai":21,"Whetstone":42,"Burning Blood":0}],"Burning Blood":72},"card_choices":[{"not_picked":["Sadistic Nature","Panache"],"picked":"Thinking Ahead","floor":0.0},{"not_picked":["Warcry","Ghostly Armor"],"picked":"Anger","floor":1.0},{"not_picked":["Warcry","Anger"],"picked":"Second Wind","floor":3.0},{"not_picked":["Second Wind","Uppercut"],"picked":"Power Through","floor":4.0},{"not_picked":["Dual Wield","Anger"],"picked":"Uppercut","floor":5.0},{"not_picked":["Corruption","Anger"],"picked":"Juggernaut","floor":7.0},{"not_picked":["Dual Wield","Sword Boomerang","Flex"],"picked":"SKIP","floor":11.0},{"not_picked":["Reckless Charge","Carnage"],"picked":"Evolve","floor":13},{"not_picked":["Clothesline","Cleave"],"picked":"Dark Embrace","floor":14},{"not_picked":["Berserk","Bludgeon"],"picked":"Offering","floor":16},{"not_picked":["Hemokinesis","Sword Boomerang"],"picked":"Thunderclap","floor":17},{"not_picked":["Dropkick","Sever Soul","Cleave"],"picked":"SKIP","floor":18},{"not_picked":["Headbutt","Warcry"],"picked":"True Grit","floor":19},{"not_picked":["Clothesline","Reckless Charge"],"picked":"True Grit+1","floor":21}],"player_experience":497758,"relics_obtained":[{"floor":7.0,"key":"Kunai"},{"floor":9.0,"key":"Bag of Preparation"},{"floor":11.0,"key":"Anchor"},{"floor":14,"key":"Whetstone"}],"event_choices":[{"damage_healed":0.0,"max_hp_gain":0.0,"max_hp_loss":0.0,"gold_gain":0.0,"event_name":"Liars Game","player_choice":"Ignored","floor":12.0,"gold_loss":0.0,"damage_taken":0.0}],"is_beta":false,"boss_relics":[{"not_picked":["Coffee Dripper","Sozu"],"picked":"Tiny House"}],"items_purged_floors":[2,20],"is_endless":false,"potions_floor_spawned":[1,5,11,19],"killed_by":"Shelled Parasite and Fungi","ascension_level":12}}