{"host":"fbdlh90rovbiajun","time":1614055592,"event":{"mods":["AchievementEnabler","BaseMod","Colored Map","Keyboard Shortcuts","Minty Spire (QoL Compilation)","SuperFastMode"],"gold_per_floor":[113,113,38,55,55,55,70,70,70,97,97,97,97,116,116,116,116],"floor_reached":16,"language":"KOR","playtime":288,"items_purged":["Defend_P"],"score":192,"play_id":"05bf82e9-5b61-4001-bb48-a5aa9695f361","local_time":"20210223134632","is_ascension_mode":true,"campfire_choices":[{"data":"Eruption","floor":6.0,"key":"SMITH"},{"data":"WheelKick","floor":8.0,"key":"SMITH"},{"floor":15,"key":"REST"}],"circlet_count":0,"master_deck":["Strike_P","Strike_P","Strike_P","Defend_P","Defend_P","Eruption+1","Vigilance","WheelKick+1","Halt+1"],"relics":["PureWater","Toxic Egg 2","Akabeko"],"acts_visited":["Exordium"],"potions_floor_usage":[16,16,16],"damage_taken":[{"damage":1.0,"enemies":"Small Slimes","floor":1.0,"turns":4.0},{"damage":11.0,"enemies":"Jaw Worm","floor":4.0,"turns":3.0},{"damage":0.0,"enemies":"Cultist","floor":7.0,"turns":2.0},{"damage":30.0,"enemies":"3 Sentries","floor":10.0,"turns":6.0},{"damage":0,"enemies":"Exordium Wildlife","floor":14,"turns":2}],"seed_played":"-8961356630205608329","potions_obtained":[{"floor":1.0,"key":"DuplicationPotion"},{"floor":4.0,"key":"Fire Potion"},{"floor":7.0,"key":"DuplicationPotion"},{"floor":13,"key":"Ambrosia"}],"is_trial":false,"path_per_floor":["M","?","$","M","$","R","M","R","T","E","?","$","?","M","R","B"],"character_chosen":"WATCHER","items_purchased":[],"campfire_rested":1,"item_purchase_floors":[],"current_hp_per_floor":[64,57,57,46,46,46,46,46,46,16,16,16,16,16,37,0,0],"gold":116,"neow_bonus":"REMOVE_CARD","is_daily":false,"chose_seed":false,"campfire_upgraded":2,"win_rate":0.0,"timestamp":1614055592,"path_taken":["M","?","$","M","$","R","M","R","T","E","?","?","?","?","R","BOSS"],"items_purchased_type":[],"build_version":"2020-12-22","purchased_purges":1,"victory":false,"max_hp_per_floor":[72,72,72,72,72,72,72,72,72,72,72,72,72,72,72,72,72],"card_choices":[{"not_picked":["WindmillStrike","SashWhip","FollowUp"],"picked":"SKIP","floor":1.0},{"not_picked":["EmptyBody","EmptyFist"],"picked":"WheelKick","floor":4.0},{"not_picked":["Wish","Study","Crescendo"],"picked":"SKIP","floor":7.0},{"not_picked":["Prostrate+1","JustLucky"],"picked":"Halt+1","floor":10.0},{"not_picked":["ThirdEye+1","JustLucky","Crescendo+1"],"picked":"SKIP","floor":14}],"player_experience":120278,"relics_obtained":[{"floor":9.0,"key":"Toxic Egg 2"},{"floor":10.0,"key":"Akabeko"}],"event_choices":[{"cards_removed":["Strike_P"],"damage_healed":0.0,"max_hp_gain":0.0,"max_hp_loss":0.0,"gold_gain":0.0,"event_name":"Golden Wing","player_choice":"Card Removal","floor":2.0,"gold_loss":0.0,"damage_taken":7.0},{"damage_healed":0,"gold_gain":0,"player_choice":"Searched \u00270\u0027 times","damage_taken":0,"max_hp_gain":0,"max_hp_loss":0,"event_name":"Dead Adventurer","floor":11,"gold_loss":0},{"damage_healed":0,"gold_gain":0,"player_choice":"Got Potions","damage_taken":0,"max_hp_gain":0,"max_hp_loss":0,"event_name":"Lab","floor":13,"gold_loss":0}],"is_beta":false,"boss_relics":[],"items_purged_floors":[3],"is_endless":false,"potions_floor_spawned":[1,4,7],"killed_by":"The Guardian","ascension_level":6}}