{"host":"w05x4i13f2m9joq1","time":1614060928,"event":{"mods":["100% Spire Juice","Act Like it!","BaseMod","Better Altar","Better Match","Better Note","Better Sensory Stone","Better Skull","Better Third Choice","BetterRewards","CapriCore","Colored Map","Colored Powertips","Defective Defect","Duelist Mod","Gensokyo","GifTheSpireLib","Googly Eyes","Infinite Spire","Ironclad Rager","Lobotomy","LobotomyExtend","Marisa????????","Melee Mod","Minty Spire (QoL Compilation)","Morshu Shopkeeper - ENHANCED","MostiFishMod","Quick Restart","Rare Cards Sparkle","Reliquary","Replay The Spire","Ruina","Shop Mod","Spicy Shops","Spire Birthday Party","StSLib","The Animator","The IronCluck","Uncapped","everything is the same but u backflip on backflip","slay the spire mod where everything is the same but ironclad has a cowboy hat"],"gold_per_floor":[111,11,31,47,47,93,123,180,60,104,104,104,131,182,62,193,243,276,305,332,369,399,444,444,369,395,442,442,502,502,527,527,692,692,723,760,760,760,790,847,83,161,215,256,256,292,372,407,407,507,507],"floor_reached":52,"language":"ENG","playtime":1738,"items_purged":[],"score":1646,"play_id":"b3c7b465-dff8-4386-8645-0cee0cc92a34","local_time":"20210223011528","daily_mods":["Hoarder","Specialized","Heirloom"],"is_ascension_mode":true,"campfire_choices":[{"floor":11.0,"key":"REST"},{"data":"Moonworks:LongDistanceShot","floor":15.0,"key":"SMITH"},{"floor":30,"key":"REST"},{"data":"Moonworks:Ambush","floor":32,"key":"SMITH"},{"data":"Moonworks:ForcedRevival","floor":45,"key":"SMITH"},{"data":"Moonworks:ForcedRevival","floor":49,"key":"SMITH"}],"circlet_count":0,"master_deck":["Moonworks:Strike","Moonworks:Strike","Moonworks:Defend","Moonworks:Defend","Moonworks:Defend","Moonworks:Defend","Moonworks:Ambush+1","Moonworks:LongDistanceShot+1","Moonworks:FullSpeedAlicianrone","Moonworks:FullSpeedAlicianrone","Moonworks:FullSpeedAlicianrone","Moonworks:FullSpeedAlicianrone","Moonworks:FullSpeedAlicianrone","Moonworks:FullSpeedAlicianrone","Moonworks:FullSpeedAlicianrone","Moonworks:FullSpeedAlicianrone","Moonworks:FullSpeedAlicianrone","Moonworks:FullSpeedAlicianrone+1","Moonworks:FullSpeedAlicianrone","Moonworks:FullSpeedAlicianrone","Moonworks:FullSpeedAlicianrone","Moonworks:FullSpeedAlicianrone","Moonworks:FullSpeedAlicianrone","Moonworks:NicePresent","Moonworks:NicePresent","Moonworks:NicePresent","Moonworks:JonathanRush","Moonworks:JonathanRush","Moonworks:JonathanRush","Moonworks:JonathanRush","Moonworks:JonathanRush","Moonworks:JonathanRush","Moonworks:FullSpeedAlicianrone","Moonworks:FullSpeedAlicianrone","Moonworks:FullSpeedAlicianrone","Moonworks:JonathanRush","Moonworks:JonathanRush","Moonworks:JonathanRush","Moonworks:Bloodlust","Moonworks:Bloodlust","Moonworks:Bloodlust","Moonworks:ForcedRevival+1","Moonworks:ForcedRevival+1","Moonworks:ForcedRevival","Moonworks:JonathanRush","Moonworks:JonathanRush","Moonworks:JonathanRush","Moonworks:NicePresent","Moonworks:NicePresent","Moonworks:NicePresent","Moonworks:JonathanRush","Moonworks:JonathanRush","Moonworks:JonathanRush","Moonworks:NicePresent","Moonworks:NicePresent","Moonworks:NicePresent","Moonworks:CloudOfSeagulls","Moonworks:CloudOfSeagulls","Moonworks:CloudOfSeagulls","Moonworks:PlushieMaster","Moonworks:PlushieMaster","Moonworks:PlushieMaster","Moonworks:JonathanRush+1","Moonworks:JonathanRush+1","Moonworks:JonathanRush+1","Moonworks:JonathanRush","Moonworks:JonathanRush","Moonworks:JonathanRush","Moonworks:Bloodlust+1","Moonworks:Bloodlust+1","Moonworks:Bloodlust+1"],"relics":["Moonworks:BrokenBomb","Moonworks:Homemark","DaveBox","CombinedTypeHook","Civilization","SynthV:TestCard","LetterFromLob","Replay:Bandana","Meat on the Bone","Strawberry","reliquary:Spinner","Matryoshka","Replay:Ringing Soul","Tiny House","reliquary:OuijaBoard","Membership Card","Moonworks:SBBomb","Chameleon Ring","infinitespire:Lucky Rock","reliquary:WeakTea","Strawberry","GreenFoldingFan","infinitespire:Midas Blood","Bag of Marbles","BirthdayGift-Tetrahedron","HornCleat","Blood Vial","Kunai","Toy Ornithopter","Centennial Puzzle"],"acts_visited":["Exordium","TheCity","TheBeyond"],"potions_floor_usage":[42],"damage_taken":[{"damage":10.0,"enemies":"Small Slimes","floor":1.0,"turns":2.0},{"damage":5.0,"enemies":"Jaw Worm","floor":2.0,"turns":2.0},{"damage":0.0,"enemies":"2 Louse","floor":3.0,"turns":2.0},{"damage":0.0,"enemies":"Looter","floor":4.0,"turns":2.0},{"damage":0.0,"enemies":"Gremlin Nob","floor":6.0,"turns":2.0},{"damage":7.0,"enemies":"3 Louse","floor":7.0,"turns":2.0},{"damage":20.0,"enemies":"3 Sentries","floor":8.0,"turns":3.0},{"damage":0.0,"enemies":"Gremlin Nob","floor":10.0,"turns":2.0},{"damage":8.0,"enemies":"Blue Slaver","floor":13.0,"turns":2.0},{"damage":16.0,"enemies":"3 Sentries","floor":14.0,"turns":2.0},{"damage":78.0,"enemies":"The Guardian","floor":16.0,"turns":4.0},{"damage":8,"enemies":"Spheric Guardian","floor":18,"turns":2},{"damage":6,"enemies":"3 Byrds","floor":19,"turns":2},{"damage":0,"enemies":"Snecko","floor":20,"turns":2},{"damage":0,"enemies":"3 Cultists","floor":21,"turns":2},{"damage":20,"enemies":"Shelled Parasite and Fungi","floor":22,"turns":2},{"damage":21,"enemies":"theDuelist:KaibaA2","floor":23,"turns":2},{"damage":31,"enemies":"Replay:Snechameleon","floor":27,"turns":2},{"damage":16,"enemies":"Gremlin Leader","floor":29,"turns":2},{"damage":2,"enemies":"Centurion and Healer","floor":31,"turns":2},{"damage":31,"enemies":"Automaton","floor":33,"turns":4},{"damage":4,"enemies":"Orb Walker","floor":35,"turns":2},{"damage":27,"enemies":"3 Darklings","floor":36,"turns":2},{"damage":43,"enemies":"4 Shapes","floor":39,"turns":2},{"damage":34,"enemies":"Reptomancer","floor":40,"turns":3},{"damage":2,"enemies":"Nemesis","floor":42,"turns":3},{"damage":5,"enemies":"Sphere and 2 Shapes","floor":44,"turns":1},{"damage":6,"enemies":"3 Darklings","floor":46,"turns":1},{"damage":6,"enemies":"Giant Head","floor":47,"turns":3},{"damage":2,"enemies":"Jaw Worm Horde","floor":48,"turns":1},{"damage":54,"enemies":"infinitespire:MassOfShapes","floor":50,"turns":4}],"seed_played":"-5198056844575755238","potions_obtained":[{"floor":3.0,"key":"SkillPotion"},{"floor":4.0,"key":"Adrenaline Potion"},{"floor":6.0,"key":"Adrenaline Potion"},{"floor":22,"key":"AttackPotion"},{"floor":47,"key":"Toxic Potion"}],"is_trial":true,"path_per_floor":["M","M","M","M","?","E","M","E","T","E","R","$","M","E","R","B",null,"M","M","M","M","M","E","AVR","?","T","E","?","E","R","M","R","B",null,"M","M","?","?","M","E","$","E","T","M","R","M","E","M","R_BF","B",null,null],"character_chosen":"THE_STARBREAKER","items_purchased":["Bag of Marbles","BirthdayGift-Tetrahedron","HornCleat"],"campfire_rested":2,"item_purchase_floors":[41,41,41],"current_hp_per_floor":[46,44,49,54,36,41,51,55,55,60,90,90,87,80,80,61,111,122,121,129,137,125,118,118,118,118,124,127,126,183,186,186,186,197,205,193,193,193,174,155,155,204,204,216,216,237,246,254,254,259,259],"gold":507,"neow_bonus":"","is_daily":false,"chose_seed":false,"campfire_upgraded":4,"win_rate":0.0,"timestamp":1614060928,"path_taken":["M","M","M","M","?","E","M","E","T","E","R","$","M","E","R","BOSS","M","M","M","M","M","E","AVR","?","T","E","?","E","R","M","R","BOSS","M","M","?","?","M","E","$","E","T","M","R","M","E","M","R_BF","BOSS"],"items_purchased_type":["Relic","Relic","Relic"],"build_version":"2020-12-22","purchased_purges":0,"victory":true,"max_hp_per_floor":[62,65,70,75,75,80,85,97,97,102,102,102,107,112,112,117,125,130,135,143,151,159,167,167,167,167,172,175,190,190,195,195,200,200,205,210,210,210,218,223,223,231,231,236,236,241,246,254,254,259,259],"card_choices":[{"not_picked":["Moonworks:JonathanRush","Moonworks:SakisCookie","Moonworks:BigBangBell"],"picked":"SKIP","floor":1.0},{"not_picked":["Moonworks:TreasureThief","Moonworks:MiracleRedBeanIceCream","Moonworks:DeployBits","Moonworks:AwakeningOfTalent"],"picked":"Moonworks:NicePresent","floor":2.0},{"not_picked":["Moonworks:DevilHand","Moonworks:SakisCookie","Moonworks:LulusLuckyEgg","Moonworks:BigMagnum","Moonworks:TacticalRetreat"],"picked":"SKIP","floor":3.0},{"not_picked":["Moonworks:EvilSpyWorkPreparation","Moonworks:ImOnFire","Moonworks:SakisCookie","Moonworks:AngelHand"],"picked":"Moonworks:JonathanRush","floor":4.0},{"not_picked":["Moonworks:SubspaceTunnel","Moonworks:WindyEnchantment","Moonworks:NicePresent","Moonworks:IndiscriminateFireSupport"],"picked":"Moonworks:JonathanRush","floor":6.0},{"not_picked":["Moonworks:RedAndBlue","Moonworks:ImOnFire","Moonworks:TreasureThief","Moonworks:EvilSpyWorkPreparation","Moonworks:Flamethrower"],"picked":"SKIP","floor":7.0},{"not_picked":["Moonworks:RedAndBlue","Moonworks:BigMagnum","Moonworks:ImOnFire","Moonworks:ForcedRevival"],"picked":"Moonworks:FullSpeedAlicianrone","floor":8.0},{"not_picked":["Moonworks:CompletionReward","Moonworks:CookingTime","Moonworks:SakisCookie","Moonworks:BindingChains"],"picked":"Moonworks:JonathanRush","floor":10.0},{"not_picked":["Moonworks:SakisCookie","Moonworks:LulusLuckyEgg","Moonworks:NicePresent","Moonworks:CloudOfSeagulls"],"picked":"Moonworks:Bloodlust","floor":13.0},{"not_picked":["Moonworks:BigMagnum","Moonworks:IndiscriminateFireSupport","Moonworks:Assault","Moonworks:NicePresent","Moonworks:AngelHand"],"picked":"SKIP","floor":14.0},{"not_picked":["Moonworks:DeployBits","Moonworks:CloudOfSeagulls","Moonworks:EvilSpyWorkPreparation","Moonworks:IndiscriminateFireSupport"],"picked":"Moonworks:ForcedRevival","floor":17.0},{"not_picked":["Moonworks:DevilHand","Moonworks:BigMagnum","Moonworks:ReproductionOfRecords","Moonworks:SakisCookie","Moonworks:EvilSpyWorkPreparation"],"picked":"SKIP","floor":18},{"not_picked":["Moonworks:LulusLuckyEgg","Moonworks:CookingTime+1","Moonworks:SakisCookie","Moonworks:EvilSpyWorkPreparation+1","Moonworks:RagingMadness"],"picked":"SKIP","floor":19},{"not_picked":["Moonworks:WindyEnchantment","Moonworks:CloudOfSeagulls","Moonworks:EvilSpyWorkPreparation","Moonworks:DeployBits"],"picked":"Moonworks:JonathanRush","floor":20},{"not_picked":["Moonworks:LulusLuckyEgg","Moonworks:PlushieMaster","Moonworks:SakisCookie","Moonworks:UnluckyCharm"],"picked":"Moonworks:NicePresent","floor":21},{"not_picked":["Moonworks:EvilSpyWorkPreparation","Moonworks:LulusLuckyEgg+1","Moonworks:SakisCookie","Moonworks:DeployBits"],"picked":"Moonworks:JonathanRush","floor":22},{"not_picked":["Moonworks:ImmovableObject","Moonworks:ImOnFire","Moonworks:TreasureThief","Moonworks:CloudOfSeagulls+1"],"picked":"Moonworks:NicePresent","floor":23},{"not_picked":["Moonworks:LulusLuckyEgg","Moonworks:BigMagnum+1","Moonworks:CastOff","Moonworks:SubspaceTunnel","Moonworks:ExtendedPhotonRifle"],"picked":"SKIP","floor":27},{"not_picked":["Moonworks:SinkOrSwim","Moonworks:CloudOfSeagulls","Moonworks:LulusLuckyEgg","Moonworks:BigMagnum"],"picked":"Moonworks:PlushieMaster","floor":29},{"not_picked":["Moonworks:NicePresent+1","Moonworks:Dinner","Moonworks:LulusLuckyEgg","Moonworks:EvilSpyWorkPreparation","Moonworks:BigMagnum"],"picked":"SKIP","floor":31},{"not_picked":["Moonworks:Assault","Moonworks:StiffCrystal","Moonworks:DeployBits","Moonworks:Dinner","Moonworks:SakisCookie"],"picked":"SKIP","floor":35},{"not_picked":["Moonworks:x16BigRocket+1","Moonworks:ImOnFire+1","Moonworks:StiffCrystal","Moonworks:CloudOfSeagulls","Moonworks:NicePresent+1"],"picked":"SKIP","floor":36},{"not_picked":["Moonworks:EvilSpyWorkPreparation+1","Moonworks:CookingTime","Moonworks:NicePresent+1","Moonworks:ImOnFire"],"picked":"Moonworks:JonathanRush+1","floor":39},{"not_picked":["Moonworks:SakisCookie","Moonworks:ImOnFire+1","Moonworks:MetallicMonocoque","Moonworks:CookingTime+1","Moonworks:x16BigRocket+1"],"picked":"SKIP","floor":40},{"not_picked":["Moonworks:BindingChains","Moonworks:Assault","Moonworks:SinkOrSwim","Moonworks:ForcedRevival+1"],"picked":"Moonworks:JonathanRush","floor":42},{"not_picked":["Moonworks:SakisCookie+1","Moonworks:AngelHand+1","Moonworks:DeployBits+1","Moonworks:ImmovableObject","Moonworks:EvilSpyWorkPreparation+1"],"picked":"SKIP","floor":44},{"not_picked":["Moonworks:IndiscriminateFireSupport","Moonworks:RagingMadness+1","Moonworks:BigMagnum","Moonworks:Flamethrower+1","Moonworks:DeployBits"],"picked":"SKIP","floor":46},{"not_picked":["Moonworks:ImOnFire+1","Moonworks:Flamethrower","Moonworks:BackdoorTrade+1","Moonworks:BigMagnum+1","Moonworks:Assault"],"picked":"SKIP","floor":47},{"not_picked":["Moonworks:SakisCookie","Moonworks:CloudOfSeagulls+1","Moonworks:ImOnFire","Moonworks:Assault+1"],"picked":"Moonworks:Bloodlust+1","floor":48}],"player_experience":217013,"relics_obtained":[{"floor":1.0,"key":"SynthV:TestCard"},{"floor":1.0,"key":"LetterFromLob"},{"floor":6.0,"key":"Meat on the Bone"},{"floor":8.0,"key":"Strawberry"},{"floor":9.0,"key":"reliquary:Spinner"},{"floor":10.0,"key":"Matryoshka"},{"floor":14.0,"key":"Replay:Ringing Soul"},{"floor":23,"key":"reliquary:OuijaBoard"},{"floor":26,"key":"Chameleon Ring"},{"floor":26,"key":"infinitespire:Lucky Rock"},{"floor":27,"key":"reliquary:WeakTea"},{"floor":29,"key":"reliquary:SculptingSteel"},{"floor":40,"key":"infinitespire:Midas Blood"},{"floor":42,"key":"Blood Vial"},{"floor":43,"key":"Kunai"},{"floor":43,"key":"Toy Ornithopter"},{"floor":47,"key":"Centennial Puzzle"}],"event_choices":[{"damage_healed":0.0,"max_hp_gain":0.0,"max_hp_loss":0.0,"gold_gain":0.0,"event_name":"betterThird:BetterScrap","player_choice":"Relic ","floor":5.0,"gold_loss":0.0,"damage_taken":18.0,"cards_obtained":["MostiFishMod:Speedup"]},{"cards_removed":["Moonworks:Strike"],"damage_healed":0,"gold_gain":0,"player_choice":"Gave Gold","damage_taken":0,"max_hp_gain":0,"max_hp_loss":0,"event_name":"Beggar","floor":25,"gold_loss":75},{"damage_healed":0,"gold_gain":2,"player_choice":"4","damage_taken":0,"max_hp_gain":0,"max_hp_loss":0,"event_name":"betterStone:BetterStone","floor":28,"gold_loss":0,"cards_obtained":["Moonworks:CloudOfSeagulls"]},{"cards_removed":["Moonworks:Strike"],"damage_healed":0,"gold_gain":0,"player_choice":"Removed Attack","damage_taken":0,"max_hp_gain":0,"max_hp_loss":0,"event_name":"Falling","floor":37,"gold_loss":0}],"is_beta":false,"boss_relics":[{"not_picked":["reliquary:RedPaperclip","OneHitWonderSystem"],"picked":"Tiny House"},{"not_picked":["Pandora\u0027s Box","Replay:Drink Me"],"picked":"GreenFoldingFan"}],"items_purged_floors":[],"is_endless":false,"potions_floor_spawned":[3,4,6,8,10,19,21,22,29,31,35,36,47,48],"ascension_level":9}}