{"host":"d744ndivyohnro60","time":1614048635,"event":{"mods":["BaseMod","Bestiary","Colored Powertips","Minty Spire (QoL Compilation)","Relic Stats"],"gold_per_floor":[115,115,126,126,98,98,124,137,187,197,207,207,207,19,19,122,122,139,159,159,176,91,123,123,157,209,308,235,235,235],"floor_reached":29,"language":"ENG","playtime":1312,"items_purged":[],"score":435,"play_id":"e46caffc-a9fb-44a0-b2d2-7b0ff2a32f31","local_time":"20210222215035","is_ascension_mode":true,"campfire_choices":[{"floor":6,"key":"REST"},{"data":"Turbo","floor":13,"key":"SMITH"},{"data":"Zap","floor":15,"key":"SMITH"},{"data":"Fusion","floor":24,"key":"SMITH"}],"circlet_count":0,"master_deck":["Zap+1","Dualcast","Stack","Sunder","Turbo+1","Tempest","Hello World","Electrodynamics","Hyperbeam","FTL+1","Beam Cell","Compile Driver+1","Go for the Eyes","Coolheaded","Steam+1","Conserve Battery","Fusion+1","Chaos","Leap","Coolheaded","Loop+1"],"relics":["Busted Crown","Toy Ornithopter","Anchor","Membership Card","Pandora\u0027s Box","Mercury Hourglass","Akabeko","Ornamental Fan","Whetstone","Toolbox"],"acts_visited":["Exordium","TheCity"],"potions_floor_usage":[11,16,19,21],"damage_taken":[{"damage":12,"enemies":"Small Slimes","floor":1,"turns":3},{"damage":0,"enemies":"2 Louse","floor":3,"turns":2},{"damage":15,"enemies":"3 Sentries","floor":7,"turns":8},{"damage":1,"enemies":"Cultist","floor":8,"turns":3},{"damage":0,"enemies":"Exordium Thugs","floor":10,"turns":3},{"damage":0,"enemies":"Blue Slaver","floor":11,"turns":1},{"damage":0,"enemies":"Slime Boss","floor":16,"turns":5},{"damage":9,"enemies":"Spheric Guardian","floor":18,"turns":3},{"damage":5,"enemies":"3 Byrds","floor":19,"turns":3},{"damage":3,"enemies":"Sentry and Sphere","floor":21,"turns":3},{"damage":29,"enemies":"Book of Stabbing","floor":23,"turns":5},{"damage":27,"enemies":"Slavers","floor":25,"turns":3},{"damage":20,"enemies":"Snake Plant","floor":29,"turns":2}],"seed_played":"-8485248230641596731","potions_obtained":[{"floor":3,"key":"PowerPotion"},{"floor":8,"key":"FocusPotion"},{"floor":10,"key":"Fire Potion"},{"floor":11,"key":"Swift Potion"},{"floor":18,"key":"LiquidMemories"},{"floor":19,"key":"FearPotion"}],"is_trial":false,"path_per_floor":["M","?","M","?","?","R","E","M","T","M","M","?","R","$","R","B",null,"M","M","?","M","?","E","R","E","T","?","$","M"],"character_chosen":"DEFECT","items_purchased":["Membership Card","Electrodynamics","Toolbox"],"campfire_rested":1,"item_purchase_floors":[14,14,28],"current_hp_per_floor":[56,41,41,46,46,70,55,54,54,54,59,59,59,59,59,64,76,67,67,67,69,69,40,40,13,13,13,13,0,0],"gold":235,"neow_bonus":"BOSS_RELIC","is_daily":false,"chose_seed":false,"campfire_upgraded":3,"win_rate":0.0,"timestamp":1614048635,"path_taken":["M","?","M","?","?","R","E","M","T","M","M","?","R","$","R","BOSS","M","?","?","M","?","E","R","E","T","?","?","?"],"items_purchased_type":["Relic","Card","Relic"],"build_version":"2020-12-22","purchased_purges":0,"victory":false,"max_hp_per_floor":[75,75,75,80,80,80,80,80,80,80,80,80,80,80,80,80,80,80,80,80,80,80,80,80,80,80,80,80,80,80],"relic_stats":{"Busted Crown":24,"counters":[13,44],"Ornamental Fan":[4],"Pandora\u0027s Box":["FTL","Beam Cell","Compile Driver","Go for the Eyes","Blizzard","Recycle","Coolheaded"],"Whetstone":["FTL","Compile Driver"],"obtain_stats":[{"Anchor":9,"Busted Crown":0,"Ornamental Fan":25,"Toolbox":28,"Pandora\u0027s Box":17,"Membership Card":14,"Whetstone":26,"Cracked Core":0,"Toy Ornithopter":7,"Akabeko":23,"Mercury Hourglass":22},{"Anchor":4,"Busted Crown":0,"Ornamental Fan":12,"Toolbox":12,"Pandora\u0027s Box":7,"Membership Card":6,"Whetstone":12,"Cracked Core":0,"Toy Ornithopter":3,"Akabeko":11,"Mercury Hourglass":10},{"Anchor":16,"Busted Crown":0,"Ornamental Fan":42,"Toolbox":42,"Pandora\u0027s Box":25,"Membership Card":20,"Whetstone":42,"Cracked Core":0,"Toy Ornithopter":13,"Akabeko":39,"Mercury Hourglass":34}],"Toy Ornithopter":20,"Mercury Hourglass":[45]},"card_choices":[{"not_picked":[],"picked":"Stack","floor":1},{"not_picked":[],"picked":"Sunder","floor":3},{"not_picked":[],"picked":"Turbo","floor":7},{"not_picked":[],"picked":"Tempest","floor":8},{"not_picked":["Fusion"],"picked":"SKIP","floor":10},{"not_picked":[],"picked":"Hello World","floor":11},{"not_picked":[],"picked":"Hyperbeam","floor":16},{"not_picked":[],"picked":"Steam+1","floor":18},{"not_picked":[],"picked":"Conserve Battery","floor":19},{"not_picked":[],"picked":"Leap","floor":21},{"not_picked":[],"picked":"Coolheaded","floor":23},{"not_picked":[],"picked":"Loop+1","floor":25}],"player_experience":269982,"relics_obtained":[{"floor":7,"key":"Toy Ornithopter"},{"floor":9,"key":"Anchor"},{"floor":23,"key":"Akabeko"},{"floor":25,"key":"Ornamental Fan"},{"floor":26,"key":"Whetstone"}],"event_choices":[{"damage_healed":0,"gold_gain":0,"player_choice":"Entered Light","damage_taken":15,"max_hp_gain":0,"max_hp_loss":0,"event_name":"Shining Light","floor":2,"gold_loss":0,"cards_upgraded":["Defend_B","Strike_B"]},{"damage_healed":0,"gold_gain":0,"player_choice":"Donut","damage_taken":0,"max_hp_gain":5,"max_hp_loss":0,"event_name":"Big Fish","floor":4,"gold_loss":0},{"damage_healed":0,"gold_gain":0,"player_choice":"Left Gold","damage_taken":0,"max_hp_gain":0,"max_hp_loss":0,"event_name":"World of Goop","floor":5,"gold_loss":28},{"cards_removed":["Strike_B"],"damage_healed":0,"gold_gain":0,"player_choice":"Offered Basic","damage_taken":0,"max_hp_gain":0,"max_hp_loss":0,"event_name":"Bonfire Elementals","floor":12,"gold_loss":0},{"damage_healed":0,"gold_gain":0,"cards_transformed":["Blizzard","Recycle"],"player_choice":"Became Test Subject","damage_taken":0,"max_hp_gain":0,"max_hp_loss":0,"event_name":"Drug Dealer","floor":20,"gold_loss":0,"cards_obtained":["Fusion","Chaos"]},{"damage_healed":0,"gold_gain":0,"player_choice":"Obtained Relic","damage_taken":0,"relics_obtained":["Mercury Hourglass"],"max_hp_gain":0,"max_hp_loss":0,"event_name":"Addict","floor":22,"gold_loss":85},{"damage_healed":0,"gold_gain":99,"player_choice":"Stole From Cult","damage_taken":0,"max_hp_gain":0,"max_hp_loss":0,"event_name":"Nest","floor":27,"gold_loss":0}],"is_beta":false,"boss_relics":[{"not_picked":["Snecko Eye","SlaversCollar"],"picked":"Pandora\u0027s Box"}],"items_purged_floors":[],"is_endless":false,"potions_floor_spawned":[3,8,10,11,18,19],"killed_by":"Snake Plant","ascension_level":8}}