{"host":"mi0eibewekhugwl1","time":1614061443,"event":{"mods":["AchievementEnabler","BaseMod","Colored Map","Colored Powertips","DeckTracker","Keyboard Shortcuts","Minty Spire (QoL Compilation)","Quick Restart","Rare Cards Sparkle","Relic Stats","StSLib","SuperFastMode","everything is the same but u backflip on backflip"],"gold_per_floor":[112,131,281,70,70,99,174,174,174,11,28,60,60,60,60,135,135,152,163,223,273,323,323,343,376,399,364,87,87,148,198,198,198,198],"floor_reached":33,"language":"KOR","playtime":561,"items_purged":["Doubt"],"score":542,"play_id":"ccb5eebb-3c65-440f-a604-656b8bb2dd52","local_time":"20210223152403","is_ascension_mode":true,"campfire_choices":[{"data":"Wild Strike","floor":8.0,"key":"SMITH"},{"data":"Evolve","floor":13.0,"key":"SMITH"},{"data":"Fire Breathing","floor":15.0,"key":"SMITH"},{"floor":23,"key":"REST"},{"floor":29,"key":"REST"},{"floor":32,"key":"REST"}],"circlet_count":0,"master_deck":["AscendersBane","Strike_R+1","Strike_R+1","Defend_R+1","Defend_R+1","Defend_R+1","Defend_R+1","Bash","Clothesline","Fire Breathing+1","Wild Strike+1","Second Wind","Feel No Pain","Impervious","Evolve+1","Twin Strike","Cleave","Corruption","Inflame+1","Fiend Fire+1","Pommel Strike+1","Feel No Pain","Disarm+1","Body Slam+1","Blood for Blood"],"relics":["Burning Blood","Strawberry","MealTicket","Omamori","Thread and Needle","SsserpentHead","Astrolabe","Bottled Lightning","Happy Flower","Pen Nib","Singing Bowl"],"acts_visited":["Exordium","TheCity"],"potions_floor_usage":[16,24,25,25],"damage_taken":[{"damage":13.0,"enemies":"Cultist","floor":1.0,"turns":5.0},{"damage":3.0,"enemies":"Small Slimes","floor":2.0,"turns":4.0},{"damage":10.0,"enemies":"Lagavulin","floor":6.0,"turns":7.0},{"damage":6.0,"enemies":"2 Louse","floor":11.0,"turns":4.0},{"damage":20.0,"enemies":"3 Sentries","floor":12.0,"turns":5.0},{"damage":28,"enemies":"The Guardian","floor":16,"turns":12},{"damage":11,"enemies":"Chosen","floor":18,"turns":4},{"damage":40,"enemies":"Shell Parasite","floor":19,"turns":8},{"damage":0,"enemies":"Centurion and Healer","floor":20,"turns":6},{"damage":34,"enemies":"Snake Plant","floor":24,"turns":5},{"damage":26,"enemies":"Book of Stabbing","floor":25,"turns":5},{"damage":19,"enemies":"3 Cultists","floor":30,"turns":6},{"damage":71,"enemies":"Collector","floor":33,"turns":6}],"seed_played":"-6259255175929202546","potions_obtained":[{"floor":1.0,"key":"LiquidMemories"},{"floor":2.0,"key":"EssenceOfSteel"},{"floor":16,"key":"LiquidBronze"},{"floor":20,"key":"Energy Potion"},{"floor":24,"key":"PowerPotion"},{"floor":25,"key":"SpeedPotion"}],"is_trial":false,"path_per_floor":["M","M","?","$","?","E","?","R","T","$","M","E","R","?","R","B",null,"M","M","M","?","?","R","M","E","T","?","$","R","M","?","R","B"],"character_chosen":"IRONCLAD","items_purchased":["Wild Strike","Second Wind","Feel No Pain","Evolve","Singing Bowl"],"campfire_rested":3,"item_purchase_floors":[4,4,4,10,28],"current_hp_per_floor":[68,71,71,71,71,67,56,56,56,71,71,57,57,57,57,35,70,65,31,37,37,37,61,33,13,13,13,28,52,39,39,63,0,0],"gold":198,"neow_bonus":"RANDOM_COMMON_RELIC","is_daily":false,"chose_seed":false,"campfire_upgraded":3,"win_rate":0.0,"timestamp":1614061443,"path_taken":["M","M","?","$","?","E","?","R","T","$","M","E","R","?","R","BOSS","M","M","?","?","?","R","M","E","T","?","$","R","?","?","R","BOSS"],"items_purchased_type":["Card","Card","Card","Card","Relic"],"build_version":"2020-12-22","purchased_purges":1,"victory":false,"max_hp_per_floor":[82,82,82,82,82,82,82,82,82,82,82,82,82,82,82,82,82,82,82,82,82,82,82,82,82,82,82,82,82,82,82,82,82,82],"relic_stats":{"SsserpentHead":300,"Happy Flower":[4],"Singing Bowl":0,"counters":[13,77],"Astrolabe":["Combust","Inflame","Fiend Fire"],"MealTicket":30,"Pen Nib":[1],"obtain_stats":[{"SsserpentHead":14,"Happy Flower":26,"Singing Bowl":28,"Strawberry":0,"Astrolabe":17,"MealTicket":6,"Thread and Needle":12,"Pen Nib":27,"Omamori":9,"Bottled Lightning":25,"Burning Blood":0},{"SsserpentHead":5,"Happy Flower":11,"Singing Bowl":11,"Strawberry":0,"Astrolabe":6,"MealTicket":3,"Thread and Needle":5,"Pen Nib":11,"Omamori":3,"Bottled Lightning":11,"Burning Blood":0},{"SsserpentHead":25,"Happy Flower":65,"Singing Bowl":65,"Strawberry":0,"Astrolabe":37,"MealTicket":16,"Thread and Needle":25,"Pen Nib":65,"Omamori":16,"Bottled Lightning":65,"Burning Blood":0}],"Burning Blood":72},"card_choices":[{"not_picked":["True Grit","Body Slam","Clothesline"],"picked":"SKIP","floor":1.0},{"not_picked":["True Grit","Body Slam"],"picked":"Clothesline","floor":1.0},{"not_picked":["Bloodletting","Clash"],"picked":"Fire Breathing","floor":2.0},{"not_picked":["Rage","Blood for Blood"],"picked":"Impervious","floor":6.0},{"not_picked":["Armaments","Body Slam"],"picked":"Twin Strike","floor":11.0},{"not_picked":["Sentinel","Rampage"],"picked":"Cleave","floor":12.0},{"not_picked":["Brutality","Fiend Fire"],"picked":"Corruption","floor":16},{"not_picked":["Anger","Twin Strike"],"picked":"Pommel Strike+1","floor":18},{"not_picked":["Sever Soul","Clothesline+1"],"picked":"Feel No Pain","floor":19},{"not_picked":["Headbutt","Havoc","Evolve"],"picked":"SKIP","floor":20},{"not_picked":["Combust","Sentinel"],"picked":"Disarm+1","floor":24},{"not_picked":["Cleave","True Grit","Perfected Strike"],"picked":"SKIP","floor":25},{"not_picked":["Berserk","Armaments"],"picked":"Body Slam+1","floor":30}],"player_experience":1818328,"relics_obtained":[{"floor":6.0,"key":"MealTicket"},{"floor":9.0,"key":"Omamori"},{"floor":12.0,"key":"Thread and Needle"},{"floor":25,"key":"Bottled Lightning"},{"floor":26,"key":"Happy Flower"}],"event_choices":[{"damage_healed":0.0,"max_hp_gain":0.0,"max_hp_loss":0.0,"gold_gain":150.0,"event_name":"Liars Game","player_choice":"AGREE","floor":3.0,"gold_loss":0.0,"damage_taken":0.0,"cards_obtained":["Doubt"]},{"damage_healed":0.0,"max_hp_gain":0.0,"max_hp_loss":0.0,"gold_gain":0.0,"event_name":"The Cleric","player_choice":"Leave","floor":5.0,"gold_loss":0.0,"damage_taken":0.0},{"damage_healed":0.0,"max_hp_gain":0.0,"max_hp_loss":0.0,"gold_gain":75.0,"event_name":"World of Goop","player_choice":"Gather Gold","floor":7.0,"gold_loss":0.0,"damage_taken":11.0},{"damage_healed":0.0,"max_hp_gain":0.0,"max_hp_loss":0.0,"gold_gain":0.0,"event_name":"FaceTrader","player_choice":"Trade","floor":14.0,"gold_loss":0.0,"damage_taken":0.0,"relics_obtained":["SsserpentHead"]},{"damage_healed":0,"gold_gain":0,"player_choice":"Ignored","damage_taken":0,"max_hp_gain":0,"max_hp_loss":0,"event_name":"Vampires","floor":21,"gold_loss":0},{"damage_healed":0,"gold_gain":0,"player_choice":"Simplicity","damage_taken":0,"max_hp_gain":0,"max_hp_loss":0,"event_name":"Back to Basics","floor":22,"gold_loss":0,"cards_upgraded":["Strike_R","Strike_R","Defend_R","Defend_R","Defend_R","Defend_R"]},{"damage_healed":0,"gold_gain":0,"player_choice":"Obtained Relic","damage_taken":0,"relics_obtained":["Pen Nib"],"max_hp_gain":0,"max_hp_loss":0,"event_name":"Addict","floor":27,"gold_loss":85},{"damage_healed":0,"gold_gain":0,"cards_transformed":["Combust"],"player_choice":"Transformed","damage_taken":0,"max_hp_gain":0,"max_hp_loss":0,"event_name":"Transmorgrifier","floor":31,"gold_loss":0,"cards_obtained":["Blood for Blood"]}],"is_beta":false,"boss_relics":[{"not_picked":["Fusion Hammer","Runic Dome"],"picked":"Astrolabe"}],"items_purged_floors":[10],"is_endless":false,"potions_floor_spawned":[1,2,16,20,24,25],"killed_by":"Collector","ascension_level":20}}