{"host":"yaxsefyig1et0yi2","time":1614065608,"event":{"mods":["Aspiration","BaseMod","BetterRewards","Colored Powertips","Conspire","Displayed Cursed Tome","Downfall","Halation","Hubris","Infinite Spire","Jorbs\u0027s Wanderer Trilogy","Minty Spire (QoL Compilation)","Quick Restart","RatMod","Replay The Spire","Reworked Bosses","Spikes Relics","StSLib","The Jungle","The Marked"],"gold_per_floor":[117,132,207,207,227,227,240,240,240,240,252,252,269,269,269],"floor_reached":14,"language":"ENG","playtime":691,"items_purged":[],"score":82,"play_id":"5da73e48-0c75-4cdd-bf4e-9d607b9c74eb","local_time":"20210223023328","is_ascension_mode":false,"campfire_choices":[{"data":"theMarked:Standoff","floor":6,"key":"SMITH"},{"data":"theMarked:ResourceFulStrike","floor":8,"key":"SMITH"}],"circlet_count":0,"master_deck":["theMarked:Strike","theMarked:Strike","theMarked:Strike","theMarked:Strike","theMarked:Strike","theMarked:Defend","theMarked:Defend","theMarked:Defend","theMarked:Defend","theMarked:SoldierOfQuellstein","theMarked:LightningStrikesTwice","theMarked:Standoff+1","theMarked:BanishingStrike","theMarked:ResourceFulStrike+1","infinitespire:Punishment"],"relics":["theMarked:ArtifactOfAir","NeowsBlessing","SpikesRelics:DaevaFist","infinitespire:ShieldingShard"],"acts_visited":["Exordium"],"potions_floor_usage":[],"damage_taken":[{"damage":0,"enemies":"Small Slimes","floor":1,"turns":1},{"damage":0,"enemies":"2 Louse","floor":2,"turns":1},{"damage":0,"enemies":"Cultist","floor":5,"turns":1},{"damage":15,"enemies":"Red Slaver","floor":7,"turns":4},{"damage":4,"enemies":"2 Fungi Beasts","floor":11,"turns":3},{"damage":16,"enemies":"Blue Slaver","floor":13,"turns":3},{"damage":23,"enemies":"Lagavulin","floor":14,"turns":3}],"seed_played":"-9138343382085428033","potions_obtained":[{"floor":1,"key":"ColorlessPotion"},{"floor":13,"key":"Elixir"}],"is_trial":false,"path_per_floor":["M","M","?","?","M","R","M","R","T","?","M","T","M","E"],"character_chosen":"THE_DEFAULT","items_purchased":[],"campfire_rested":0,"item_purchase_floors":[],"current_hp_per_floor":[72,72,72,72,72,72,57,57,57,39,35,35,19,0,0],"gold":269,"neow_bonus":"THREE_ENEMY_KILL","is_daily":false,"chose_seed":false,"campfire_upgraded":2,"win_rate":0.0,"timestamp":1614065608,"path_taken":["M","M","?","?","M","R","M","R","T","?","M","?","M","E"],"items_purchased_type":[],"build_version":"2020-12-22","purchased_purges":0,"victory":false,"max_hp_per_floor":[72,72,72,72,72,72,72,72,72,72,72,72,72,72,72],"card_choices":[{"not_picked":["theMarked:Indomitable","theMarked:Seal"],"picked":"theMarked:LightningStrikesTwice","floor":1},{"not_picked":["theMarked:ElectricStrings","theMarked:EmpowerWeapon"],"picked":"theMarked:Standoff","floor":2},{"not_picked":["theMarked:WardOff","theMarked:TwofoldDefense"],"picked":"theMarked:BanishingStrike","floor":5},{"not_picked":["theMarked:Parry","theMarked:RepellingDischarge"],"picked":"theMarked:ResourceFulStrike","floor":7},{"not_picked":["ReplayTheSpireMod:Haul","hubris:Rewind"],"picked":"infinitespire:Punishment","floor":10},{"not_picked":["theMarked:WardOff","theMarked:Standoff","theMarked:RepellingDischarge"],"picked":"SKIP","floor":11},{"not_picked":["theMarked:RepellingDischarge","theMarked:TheMission","theMarked:TakeCover"],"picked":"SKIP","floor":13}],"player_experience":271434,"relics_obtained":[{"floor":9,"key":"SpikesRelics:DaevaFist"},{"floor":12,"key":"infinitespire:ShieldingShard"}],"event_choices":[{"damage_healed":0,"gold_gain":75,"player_choice":"Gained Gold","damage_taken":0,"max_hp_gain":0,"max_hp_loss":0,"event_name":"Golden Wing","floor":3,"gold_loss":0},{"damage_healed":0,"gold_gain":0,"player_choice":"Leave","damage_taken":0,"max_hp_gain":0,"max_hp_loss":0,"event_name":"conspire:Investor","floor":4,"gold_loss":0}],"is_beta":false,"boss_relics":[],"items_purged_floors":[],"is_endless":false,"potions_floor_spawned":[1,13],"killed_by":"Lagavulin","ascension_level":0}}