{"host":"ox77rn1xcurm2t5a","time":1614113521,"event":{"mods":["2.2 Compatiblity","AchievementEnabler","Act Like it!","Aspiration","BaseMod","Best Route Mod","Better Match","Better Note","Better Sensory Stone","Block Reminder","Colored Map","Colored Powertips","Conjunction","Conspire","Custom Start","Energized Spire","GifTheSpireLib","Gold Saver","Gremlin Skip","Halation","Highlight Path","Hubris","Infinite Spire","Minty Spire (QoL Compilation)","Pale of the Ancients","Quick Restart","Reliquary","Replay The Spire","Reworked Bosses","ShortenTheSpire","Spire Exporter","StSLib","Stuff the Spire","Wandering Minibosses"],"gold_per_floor":[472,61,75,75,75,110,110,122,122,152,152,184,198,89,89,187,187,201,211,211,222,9,9,36,36,61,93,93,93,93,128,128,230,230,179,179,191,271,271,271,297,297,348,383,383,383,383,399,399,399,399,399,1,30,30],"floor_reached":56,"language":"ENG","playtime":8933,"items_purged":["Defend_R","Strike_R","Strike_R","Strike_R"],"score":1703,"play_id":"78b6205d-913f-4a23-a524-cd5b2620aac0","local_time":"20210223225201","is_ascension_mode":true,"campfire_choices":[{"floor":7,"key":"RECALL"},{"data":"Twin Strike","floor":11,"key":"SMITH"},{"data":"Clash","floor":15,"key":"SMITH"},{"data":"Limit Break","floor":23,"key":"SMITH"},{"floor":29,"key":"REST"},{"data":"Anger","floor":29,"key":"SMITH"},{"data":"Uppercut","floor":32,"key":"SMITH"},{"floor":40,"key":"REST"},{"data":"Metallicize","floor":40,"key":"SMITH"},{"data":"infinitespire:NeuralNetwork","floor":47,"key":"SMITH"},{"data":"StuffTheSpire:BrainWave","floor":49,"key":"SMITH"},{"data":"Clash","floor":52,"key":"SMITH"}],"circlet_count":0,"master_deck":["Strike_R","Strike_R","Defend_R+1","Defend_R+1","Bash+1","Clash+1","Twin Strike+1","Clash+1","Limit Break+1","Battle Trance+1","Clash","Metallicize+1","Uppercut+1","Anger+1","Thunderclap","Blood for Blood+1","Heavy Blade+1","Perfected Strike+1","StuffTheSpire:BrainWave+1","infinitespire:NeuralNetwork+1","Clothesline+1","Cleave"],"relics":["Burning Blood","NeowsBlessing","Chameleon Ring","aspiration:ChemicalBlood","StuffTheSpire:ForceGauntlet","halation:LettersToHer","MealTicket","conspire:Boomerang","halation:Trompette","Coffee Dripper","King of Hearts","reliquary:TuningFork","infinitespire:BottledMercury","CaptainsWheel","wanderingMiniBosses:ThiefScarf","infinitespire:Magic Flask","Lantern","Anchor","reliquary:Buckler","hubris:ChampionShield","Nunchaku"],"acts_visited":["Exordium","TheCity","TheBeyond","TheEnding"],"potions_floor_usage":[10,10,13,16,21,24,27,33,33,33,35,35,38,44,50,50,50,50,54,54,55,55,55],"damage_taken":[{"damage":0,"enemies":"Jaw Worm","floor":1,"turns":1},{"damage":0,"enemies":"conspire:RoseBush","floor":3,"turns":1},{"damage":0,"enemies":"Gremlin Nob","floor":6,"turns":1},{"damage":0,"enemies":"Cultist","floor":8,"turns":2},{"damage":18,"enemies":"3 Sentries","floor":10,"turns":7},{"damage":8,"enemies":"Gremlin Nob","floor":12,"turns":3},{"damage":0,"enemies":"Looter","floor":13,"turns":2},{"damage":21,"enemies":"Slime Boss","floor":16,"turns":6},{"damage":6,"enemies":"Spheric Guardian","floor":18,"turns":3},{"damage":2,"enemies":"Chosen","floor":19,"turns":2},{"damage":13,"enemies":"Snecko","floor":21,"turns":3},{"damage":26,"enemies":"Replay:Snechameleon","floor":24,"turns":5},{"damage":1,"enemies":"Book of Stabbing","floor":27,"turns":2},{"damage":19,"enemies":"Gremlin Leader","floor":31,"turns":4},{"damage":33,"enemies":"Automaton","floor":33,"turns":5},{"damage":22,"enemies":"3 Darklings","floor":35,"turns":5},{"damage":9,"enemies":"Orb Walker","floor":37,"turns":3},{"damage":10,"enemies":"Transient","floor":38,"turns":7},{"damage":7,"enemies":"Giant Head","floor":41,"turns":4},{"damage":17,"enemies":"Nemesis","floor":44,"turns":5},{"damage":6,"enemies":"3 Darklings","floor":48,"turns":3},{"damage":56,"enemies":"infinitespire:MassOfShapes","floor":50,"turns":7},{"damage":15,"enemies":"Shield and Spear","floor":54,"turns":5},{"damage":42,"enemies":"The Heart","floor":55,"turns":5}],"seed_played":"-1822686954204331783","potions_obtained":[{"floor":3,"key":"PowerPotion"},{"floor":6,"key":"Fire Potion"},{"floor":16,"key":"SmokeBomb"},{"floor":19,"key":"SpeedPotion"},{"floor":21,"key":"SteroidPotion"},{"floor":24,"key":"Toxic Potion"},{"floor":27,"key":"Swift Potion"},{"floor":30,"key":"Regen Potion"},{"floor":31,"key":"PowerPotion"},{"floor":37,"key":"infinitespire:BlackPotion"},{"floor":44,"key":"Energy Potion"}],"is_trial":false,"path_per_floor":["M","$","M","?","?","E","R","M","T","E","R","E","M","?","R","B",null,"M","M","?","M","$","R","E","AVR","T","E","T","R","?","E","R","B",null,"M","?","M","M","?","R","E","?","T","E","?","AVR","R","M","R","B",null,"R","$","E","B",null],"character_chosen":"IRONCLAD","items_purchased":["Chameleon Ring","aspiration:ChemicalBlood","Metallicize","Uppercut","Cleave","hubris:ChampionShield","Block Potion","SkillPotion"],"campfire_rested":2,"item_purchase_floors":[2,2,22,22,53,53,53,53],"current_hp_per_floor":[78,78,80,80,80,80,80,80,80,68,68,66,72,72,72,57,74,74,78,78,71,80,80,60,60,60,65,65,80,80,67,67,58,75,59,59,56,52,52,76,75,72,72,72,72,72,72,72,72,22,60,60,72,63,27],"gold":30,"neow_bonus":"THREE_ENEMY_KILL","is_daily":false,"chose_seed":false,"campfire_upgraded":9,"win_rate":0.0,"timestamp":1614113521,"path_taken":["M","$","M","?","?","E","R","M","T","E","R","E","?","?","R","BOSS","M","?","?","M","$","R","E","AVR","T","E","?","R","?","E","R","BOSS","M","?","M","M","?","R","E","?","T","E","?","AVR","R","M","R","BOSS","R","$","E","BOSS"],"items_purchased_type":["Relic","Relic","Card","Card","Card","Relic","Potion","Potion"],"build_version":"2020-12-22","purchased_purges":4,"victory":true,"max_hp_per_floor":[80,80,80,80,80,80,80,80,80,80,80,80,80,80,80,80,80,80,80,80,80,80,80,80,80,80,80,80,80,80,80,80,80,80,80,80,80,80,80,80,80,72,72,72,72,72,72,72,72,72,72,72,72,72,72],"card_choices":[{"not_picked":["Sever Soul","Armaments","Entrench"],"picked":"SKIP","floor":1},{"not_picked":["Heavy Blade","True Grit"],"picked":"Clash","floor":3},{"not_picked":["Replay:Undeath\u0027s Touch","Intimidate"],"picked":"Twin Strike","floor":6},{"not_picked":["Life Link","infinitespire:OneForAll","Dark Embrace"],"picked":"SKIP","floor":8},{"not_picked":["Shrug It Off","Sever Soul"],"picked":"Clash","floor":10},{"not_picked":["ReplayTheSpireMod:Strike From Hell","StuffTheSpire:BloodClot","Iron Wave"],"picked":"SKIP","floor":12},{"not_picked":["Flame Barrier","conspire:ExplosiveBarrier","Sentinel"],"picked":"SKIP","floor":13},{"not_picked":["Feed","Fiend Fire"],"picked":"Limit Break","floor":16},{"not_picked":["StuffTheSpire:RockThrow","Replay:Undeath\u0027s Touch","Warcry"],"picked":"SKIP","floor":18},{"not_picked":["Fire Breathing","Heavy Blade"],"picked":"Battle Trance+1","floor":19},{"not_picked":["Iron Wave","Anger+1"],"picked":"Clash","floor":21},{"not_picked":["Shockwave","Run Through"],"picked":"Anger","floor":24},{"not_picked":["StuffTheSpire:Resist","Heavy Blade"],"picked":"Thunderclap","floor":27},{"not_picked":["hubris:SharpeningStone","StuffTheSpire:RockThrow","Sentinel"],"picked":"SKIP","floor":31},{"not_picked":["Burning Pact+1","hubris:CleavingFinish"],"picked":"Blood for Blood+1","floor":35},{"not_picked":["Searing Blow","Body Slam+1","ReplayTheSpireMod:Strike From Hell+1"],"picked":"SKIP","floor":37},{"not_picked":["Headbutt+1","Perfected Strike+1"],"picked":"Heavy Blade+1","floor":38},{"not_picked":["Feel No Pain+1","StuffTheSpire:Incineration"],"picked":"Perfected Strike+1","floor":41},{"not_picked":["Wild Strike+1","Shockwave","ReplayTheSpireMod:Stacked"],"picked":"SKIP","floor":44},{"not_picked":["Iron Wave","ReplayTheSpireMod:Limb From Limb+1"],"picked":"Clothesline+1","floor":48},{"not_picked":["ReplayTheSpireMod:Strike From Hell","Clothesline+1","ReplayTheSpireMod:Corrosion Curse"],"picked":"SKIP","floor":54}],"player_experience":3226245,"relics_obtained":[{"floor":6,"key":"StuffTheSpire:ForceGauntlet"},{"floor":9,"key":"halation:LettersToHer"},{"floor":10,"key":"MealTicket"},{"floor":12,"key":"conspire:Boomerang"},{"floor":24,"key":"infinitespire:Magic Flask"},{"floor":26,"key":"halation:LettersToHer"},{"floor":27,"key":"reliquary:TuningFork"},{"floor":28,"key":"halation:LettersToHer"},{"floor":28,"key":"infinitespire:BottledMercury"},{"floor":31,"key":"CaptainsWheel"},{"floor":38,"key":"wanderingMiniBosses:ThiefScarf"},{"floor":38,"key":"infinitespire:Magic Flask"},{"floor":41,"key":"Lantern"},{"floor":43,"key":"halation:LettersToHer"},{"floor":43,"key":"Anchor"},{"floor":54,"key":"Nunchaku"}],"event_choices":[{"damage_healed":0,"gold_gain":0,"player_choice":"Forge","damage_taken":0,"max_hp_gain":0,"max_hp_loss":0,"event_name":"Accursed Blacksmith","floor":5,"gold_loss":0,"cards_upgraded":["Bash"]},{"damage_healed":0,"gold_gain":0,"player_choice":"Paid Gold","damage_taken":0,"relics_obtained":["halation:Trompette"],"max_hp_gain":0,"max_hp_loss":0,"event_name":"WeMeetAgain","floor":14,"gold_loss":109},{"cards_removed":["Defend_R"],"damage_healed":0,"gold_gain":0,"player_choice":"Card Removal","damage_taken":0,"max_hp_gain":0,"max_hp_loss":0,"event_name":"Wheel of Change","floor":20,"gold_loss":0},{"damage_healed":0,"gold_gain":0,"player_choice":"Got Potions","damage_taken":0,"max_hp_gain":0,"max_hp_loss":0,"event_name":"Lab","floor":30,"gold_loss":0},{"damage_healed":0,"gold_gain":0,"player_choice":"Leave","damage_taken":0,"max_hp_gain":0,"max_hp_loss":0,"event_name":"conspire:Investor","floor":36,"gold_loss":0},{"damage_healed":0,"gold_gain":0,"player_choice":"Ignored","damage_taken":0,"max_hp_gain":0,"max_hp_loss":0,"event_name":"Tomb of Lord Red Mask","floor":45,"gold_loss":0}],"is_beta":false,"boss_relics":[{"not_picked":["energizedSpire:StickyHand","reliquary:KinkedSpring"],"picked":"Coffee Dripper"},{"not_picked":["energizedSpire:DecayingSkull","energizedSpire:EnergizedDie","hubris:HollowSoul"]}],"items_purged_floors":[22,25,46,53],"is_endless":false,"potions_floor_spawned":[3,6,16,19,21,27,37,44,48],"ascension_level":9}}