{"host":"szp1d6dso4pv7ddl","time":1614053460,"event":{"mods":["AchievementEnabler","Alarm Clock","BaseMod","Bestiary","Block Reminder","Colored Map","Colored Powertips","Curses Come First","Dark Map","Displayed Cursed Tome","Highlight Path","Minty Spire (QoL Compilation)","Permanent Neow","Quick Restart","Relic Sorter","Relic Stats","StSLib","Synergy Search"],"gold_per_floor":[118,43,53,53,117,152,132,157,157,157,170,185,197,121,121,197,197,208,164,6,6,25,25,45,45,68,94,19,19,19,19,19,91,91,110,110,110,110,121,121,121,138,138,138,138,38,52,65,65,65,65],"floor_reached":50,"language":"ENG","playtime":3053,"items_purged":["Defend_R","Doubt"],"score":996,"play_id":"2633c68c-1f75-4cc1-8040-c2f2d029ae51","local_time":"20210222201100","is_ascension_mode":true,"campfire_choices":[{"data":"Uppercut","floor":10.0,"key":"SMITH"},{"floor":15.0,"key":"REST"},{"data":"Impervious","floor":23.0,"key":"SMITH"},{"floor":25.0,"key":"REST"},{"floor":29.0,"key":"REST"},{"data":"True Grit","floor":32.0,"key":"SMITH"},{"data":"Dual Wield","floor":40.0,"key":"SMITH"},{"data":"Feel No Pain","floor":45.0,"key":"SMITH"},{"floor":49.0,"key":"REST"}],"circlet_count":0,"master_deck":["AscendersBane","Strike_R+1","Strike_R+1","Defend_R+1","Defend_R+1","Defend_R+1","Bash+1","Uppercut+1","Spot Weakness","True Grit+1","Exhume","Headbutt","Impervious+1","Cleave+1","Feel No Pain+1","Barricade","Havoc","Headbutt+1","Juggernaut","Dual Wield+1","Flame Barrier","Warcry+1"],"relics":["Burning Blood","Bag of Marbles","Bottled Lightning","StrikeDummy","Centennial Puzzle","Snecko Eye","Lee\u0027s Waffle","Strawberry","MealTicket","Mark of Pain","Whetstone"],"acts_visited":["Exordium","TheCity","TheBeyond"],"potions_floor_usage":[50,50],"damage_taken":[{"damage":14.0,"enemies":"Jaw Worm","floor":1.0,"turns":4.0},{"damage":3.0,"enemies":"2 Louse","floor":3.0,"turns":3.0},{"damage":35.0,"enemies":"Lagavulin","floor":6.0,"turns":5.0},{"damage":8.0,"enemies":"Gremlin Nob","floor":8.0,"turns":3.0},{"damage":5.0,"enemies":"Small Slimes","floor":11.0,"turns":3.0},{"damage":9.0,"enemies":"Red Slaver","floor":12.0,"turns":2.0},{"damage":7.0,"enemies":"2 Fungi Beasts","floor":13.0,"turns":3.0},{"damage":49.0,"enemies":"The Guardian","floor":16.0,"turns":16.0},{"damage":22.0,"enemies":"Shell Parasite","floor":18.0,"turns":6.0},{"damage":23.0,"enemies":"2 Thieves","floor":19.0,"turns":5.0},{"damage":37.0,"enemies":"Shelled Parasite and Fungi","floor":22.0,"turns":7.0},{"damage":22.0,"enemies":"3 Cultists","floor":24.0,"turns":5.0},{"damage":44.0,"enemies":"Slavers","floor":27.0,"turns":7.0},{"damage":8.0,"enemies":"Automaton","floor":33.0,"turns":10.0},{"damage":20.0,"enemies":"3 Darklings","floor":35.0,"turns":5.0},{"damage":10.0,"enemies":"3 Shapes","floor":39.0,"turns":3.0},{"damage":0.0,"enemies":"Reptomancer","floor":41.0,"turns":2.0},{"damage":54.0,"enemies":"3 Darklings","floor":42.0,"turns":9.0},{"damage":46.0,"enemies":"Jaw Worm Horde","floor":47.0,"turns":4.0},{"damage":10.0,"enemies":"Writhing Mass","floor":48.0,"turns":9.0},{"damage":79,"enemies":"Donu and Deca","floor":50,"turns":8}],"seed_played":"-8889957332288523407","potions_obtained":[{"floor":1.0,"key":"SpeedPotion"},{"floor":3.0,"key":"Dexterity Potion"},{"floor":7.0,"key":"AttackPotion"},{"floor":11.0,"key":"Regen Potion"},{"floor":18.0,"key":"Dexterity Potion"},{"floor":19.0,"key":"Energy Potion"},{"floor":27.0,"key":"SmokeBomb"},{"floor":39.0,"key":"ElixirPotion"},{"floor":48.0,"key":"CultistPotion"}],"is_trial":false,"path_per_floor":["M","$","M","?","?","E","?","E","T","R","M","M","M","$","R","B",null,"M","M","$","?","M","R","M","R","T","E","?","R","$","?","R","B",null,"M","?","?","?","M","R","E","M","T","?","R","$","M","M","R","B"],"character_chosen":"IRONCLAD","items_purchased":["Feel No Pain","Lee\u0027s Waffle"],"campfire_rested":4,"item_purchase_floors":[14,20],"current_hp_per_floor":[60,60,63,63,63,34,34,32,32,32,33,35,34,34,56,13,60,44,27,82,82,51,51,35,59,66,28,28,54,69,69,69,67,84,70,70,65,65,61,61,67,19,19,89,89,89,49,45,71,0,0],"gold":65,"neow_bonus":"RANDOM_COMMON_RELIC","is_daily":false,"chose_seed":false,"campfire_upgraded":5,"win_rate":0.0,"timestamp":1614053460,"path_taken":["M","$","M","?","?","E","?","E","T","R","M","M","?","?","R","BOSS","M","M","$","?","M","R","M","R","T","E","?","R","$","?","R","BOSS","M","?","?","?","M","R","E","M","T","?","R","$","M","M","R","BOSS"],"items_purchased_type":["Card","Relic"],"build_version":"2020-12-22","purchased_purges":2,"victory":false,"max_hp_per_floor":[75,75,75,75,75,75,75,75,75,75,75,75,75,75,75,75,75,75,75,82,82,82,82,82,82,89,89,89,89,89,89,89,89,89,89,89,89,89,89,89,89,89,89,89,89,89,89,89,89,89,89],"relic_stats":{"Centennial Puzzle":[48],"Lee\u0027s Waffle":55,"counters":[21,119],"Snecko Eye":[147,126,128,137],"MealTicket":15,"Whetstone":["Bash","Cleave"],"obtain_stats":[{"Centennial Puzzle":9,"Lee\u0027s Waffle":20,"Strawberry":26,"Snecko Eye":17,"MealTicket":27,"Mark of Pain":34,"Bag of Marbles":0,"Bottled Lightning":6,"Whetstone":43,"StrikeDummy":8,"Burning Blood":0},{"Centennial Puzzle":4,"Lee\u0027s Waffle":10,"Strawberry":12,"Snecko Eye":8,"MealTicket":13,"Mark of Pain":14,"Bag of Marbles":0,"Bottled Lightning":3,"Whetstone":18,"StrikeDummy":4,"Burning Blood":0},{"Centennial Puzzle":15,"Lee\u0027s Waffle":50,"Strawberry":62,"Snecko Eye":39,"MealTicket":69,"Mark of Pain":79,"Bag of Marbles":0,"Bottled Lightning":12,"Whetstone":98,"StrikeDummy":15,"Burning Blood":0}],"Burning Blood":120},"card_choices":[{"not_picked":["Intimidate","Sentinel"],"picked":"Uppercut","floor":1.0},{"not_picked":["Clothesline","Fire Breathing"],"picked":"Spot Weakness","floor":3.0},{"not_picked":["Armaments","Rage","Exhume"],"picked":"SKIP","floor":6.0},{"not_picked":["Armaments","Rage"],"picked":"Exhume","floor":6.0},{"not_picked":["Whirlwind","Rage"],"picked":"Headbutt","floor":8.0},{"not_picked":["Warcry","Flex","True Grit"],"picked":"SKIP","floor":11.0},{"not_picked":["Dropkick","Power Through"],"picked":"Impervious","floor":12.0},{"not_picked":["Wild Strike","Flex"],"picked":"Cleave","floor":13.0},{"not_picked":["Fiend Fire","Exhume"],"picked":"Barricade","floor":16.0},{"not_picked":["Flex","Warcry","Clash+1"],"picked":"SKIP","floor":18.0},{"not_picked":["Rage","Rupture"],"picked":"Havoc","floor":19.0},{"not_picked":["Cleave","Thunderclap"],"picked":"Headbutt+1","floor":22.0},{"not_picked":["Combust","Fire Breathing","Wild Strike"],"picked":"SKIP","floor":24.0},{"not_picked":["Twin Strike","Body Slam+1","Pummel"],"picked":"SKIP","floor":27.0},{"not_picked":["Barricade","Berserk"],"picked":"Juggernaut","floor":33.0},{"not_picked":["Rampage+1","Shrug It Off"],"picked":"Dual Wield","floor":35.0},{"not_picked":["Body Slam","Bloodletting"],"picked":"Flame Barrier","floor":39.0},{"not_picked":["Rupture","True Grit","Anger+1"],"picked":"SKIP","floor":42.0},{"not_picked":["Heavy Blade+1","Wild Strike","Iron Wave"],"picked":"SKIP","floor":47.0},{"not_picked":["Perfected Strike","Wild Strike"],"picked":"Warcry+1","floor":48.0}],"player_experience":1642864,"relics_obtained":[{"floor":6.0,"key":"Bottled Lightning"},{"floor":8.0,"key":"StrikeDummy"},{"floor":9.0,"key":"Centennial Puzzle"},{"floor":26.0,"key":"Strawberry"},{"floor":27.0,"key":"MealTicket"},{"floor":43.0,"key":"Whetstone"}],"event_choices":[{"damage_healed":0.0,"max_hp_gain":0.0,"max_hp_loss":0.0,"gold_gain":0.0,"cards_transformed":["Strike_R"],"event_name":"Living Wall","player_choice":"Change","floor":4.0,"gold_loss":0.0,"damage_taken":0.0,"cards_obtained":["True Grit"]},{"damage_healed":0.0,"max_hp_gain":0.0,"max_hp_loss":0.0,"gold_gain":64.0,"event_name":"Golden Wing","player_choice":"Gained Gold","floor":5.0,"gold_loss":0.0,"damage_taken":0.0},{"damage_healed":0.0,"max_hp_gain":0.0,"max_hp_loss":0.0,"gold_gain":0.0,"event_name":"The Woman in Blue","player_choice":"Bought 1 Potion","floor":7.0,"gold_loss":0.0,"damage_taken":0.0},{"damage_healed":0.0,"max_hp_gain":0.0,"max_hp_loss":0.0,"gold_gain":0.0,"event_name":"Ghosts","player_choice":"Ignored","floor":21.0,"gold_loss":0.0,"damage_taken":0.0},{"cards_removed":["Strike_R"],"damage_healed":0.0,"max_hp_gain":0.0,"max_hp_loss":0.0,"gold_gain":0.0,"event_name":"Beggar","player_choice":"Gave Gold","floor":28.0,"gold_loss":75.0,"damage_taken":0.0},{"damage_healed":0.0,"max_hp_gain":0.0,"max_hp_loss":0.0,"gold_gain":0.0,"event_name":"Back to Basics","player_choice":"Simplicity","floor":31.0,"gold_loss":0.0,"damage_taken":0.0,"cards_upgraded":["Strike_R","Strike_R","Strike_R","Defend_R","Defend_R","Defend_R"]},{"damage_healed":0.0,"max_hp_gain":0.0,"max_hp_loss":0.0,"gold_gain":0.0,"event_name":"Mysterious Sphere","player_choice":"Ignored","floor":36.0,"gold_loss":0.0,"damage_taken":0.0},{"damage_healed":0.0,"max_hp_gain":0.0,"max_hp_loss":0.0,"gold_gain":0.0,"event_name":"SensoryStone","player_choice":"Memory 2","floor":37.0,"gold_loss":0.0,"damage_taken":5.0},{"cards_removed":["Strike_R"],"damage_healed":0.0,"max_hp_gain":0.0,"max_hp_loss":0.0,"gold_gain":0.0,"event_name":"Falling","player_choice":"Removed Attack","floor":38.0,"gold_loss":0.0,"damage_taken":0.0},{"damage_healed":70.0,"max_hp_gain":0.0,"max_hp_loss":0.0,"gold_gain":0.0,"event_name":"MindBloom","player_choice":"Heal","floor":44.0,"gold_loss":0.0,"damage_taken":0.0,"cards_obtained":["Doubt"]}],"is_beta":false,"boss_relics":[{"not_picked":["Pandora\u0027s Box","Runic Dome"],"picked":"Snecko Eye"},{"not_picked":["Astrolabe","Empty Cage"],"picked":"Mark of Pain"}],"items_purged_floors":[2,46],"is_endless":false,"potions_floor_spawned":[1,3,11,18,19,27,39,48],"killed_by":"Donu and Deca","ascension_level":20}}