{"host":"lufzn74xe9ct3rkf","time":1614047276,"event":{"mods":["AchievementEnabler","BaseMod","Evolution","Minty Spire (QoL Compilation)","StSLib"],"gold_per_floor":[118,131,53,64,64,64,79,111,134,154,164,164,184,213,213,309,309,327,347,32,32,43,43,56,67,67,86,86,86,86,106,106,106,106],"floor_reached":33,"language":"ENG","playtime":1674,"items_purged":[],"score":313,"play_id":"6ccd010b-0089-40eb-8100-b2228703bb5c","local_time":"20210222182756","is_ascension_mode":false,"campfire_choices":[{"data":"Havoc","floor":6,"key":"SMITH"},{"data":"Rampage","floor":12,"key":"SMITH"},{"floor":15,"key":"REST"},{"data":"Flash of Steel","floor":23,"key":"SMITH"},{"floor":30,"key":"REST"},{"floor":32,"key":"REST"}],"circlet_count":0,"master_deck":["Pommel Strike","Pommel Strike","Pommel Strike","Pommel Strike","Pommel Strike","Shrug It Off","Shrug It Off","Shrug It Off","Defend_R","Bash","Iron Wave","Burning Pact","Heavy Blade","Havoc+1","Iron Wave","Twin Strike","Bloodletting","Thunderclap","Rampage+1","Heavy Blade","Clothesline","Bloodletting","Exhume","Twin Strike+1","Anger","Flash of Steel+1","Immolate","Infernal Blade","Cleave+1","Flex","Headbutt","RitualDagger","Pommel Strike","Spot Weakness+1","Shockwave"],"relics":["Burning Blood","EVO:Axolotl","StoneCalendar","Dream Catcher","Oddly Smooth Stone","Red Skull","Sozu","Medical Kit","Mango"],"acts_visited":["Exordium","TheCity"],"potions_floor_usage":[16,16],"damage_taken":[{"damage":0,"enemies":"2 Louse","floor":1,"turns":2},{"damage":0,"enemies":"Small Slimes","floor":2,"turns":2},{"damage":0,"enemies":"Jaw Worm","floor":4,"turns":3},{"damage":11,"enemies":"Red Slaver","floor":7,"turns":3},{"damage":16,"enemies":"3 Sentries","floor":8,"turns":6},{"damage":6,"enemies":"Lots of Slimes","floor":10,"turns":4},{"damage":6,"enemies":"Large Slime","floor":11,"turns":4},{"damage":3,"enemies":"2 Fungi Beasts","floor":13,"turns":2},{"damage":12,"enemies":"Gremlin Nob","floor":14,"turns":3},{"damage":51,"enemies":"The Guardian","floor":16,"turns":6},{"damage":9,"enemies":"3 Byrds","floor":18,"turns":5},{"damage":7,"enemies":"2 Thieves","floor":19,"turns":4},{"damage":17,"enemies":"Cultist and Chosen","floor":22,"turns":5},{"damage":33,"enemies":"Snake Plant","floor":24,"turns":5},{"damage":23,"enemies":"Centurion and Healer","floor":25,"turns":2},{"damage":1,"enemies":"Cultist and Chosen","floor":27,"turns":2},{"damage":12,"enemies":"3 Cultists","floor":31,"turns":4},{"damage":58,"enemies":"Collector","floor":33,"turns":7}],"seed_played":"4658957968465530120","potions_obtained":[{"floor":4,"key":"SmokeBomb"},{"floor":8,"key":"SteroidPotion"},{"floor":14,"key":"Swift Potion"},{"floor":16,"key":"GamblersBrew"}],"is_trial":false,"path_per_floor":["M","M","$","M","?","R","M","E","T","M","M","R","M","E","R","B",null,"M","M","$","?","M","R","M","M","T","M","?","$","R","M","R","B"],"character_chosen":"IRONCLAD","items_purchased":["Heavy Blade","Havoc","Flash of Steel","Immolate","Medical Kit"],"campfire_rested":3,"item_purchase_floors":[3,3,20,20,20],"current_hp_per_floor":[62,68,68,74,74,74,69,59,59,59,59,59,62,56,80,35,80,77,76,76,76,65,65,38,21,35,40,34,34,62,56,84,26,26],"gold":106,"neow_bonus":"ONE_RARE_RELIC","is_daily":false,"chose_seed":false,"campfire_upgraded":3,"win_rate":0.0,"timestamp":1614047276,"path_taken":["M","M","$","M","?","R","M","E","T","M","M","R","M","E","R","BOSS","M","M","$","?","M","R","M","M","T","M","?","$","R","M","R","BOSS"],"items_purchased_type":["Card","Card","Card","Card","Relic"],"build_version":"2020-12-22","purchased_purges":0,"victory":false,"max_hp_per_floor":[80,80,80,80,80,80,80,80,80,80,80,80,80,80,80,80,80,80,80,80,80,80,80,80,80,94,94,94,94,94,94,94,94,94],"card_choices":[{"not_picked":["Sword Boomerang","Intimidate"],"picked":"Iron Wave","floor":1},{"not_picked":["Body Slam","Sword Boomerang"],"picked":"Burning Pact","floor":2},{"not_picked":["True Grit","Cleave"],"picked":"Iron Wave","floor":4},{"not_picked":["Fire Breathing","Sword Boomerang"],"picked":"Twin Strike","floor":7},{"not_picked":["Reaper","Wild Strike"],"picked":"Bloodletting","floor":8},{"not_picked":["Sever Soul","Havoc"],"picked":"Thunderclap","floor":10},{"not_picked":["Pommel Strike","Body Slam"],"picked":"Rampage","floor":11},{"not_picked":["Reckless Charge","Shrug It Off"],"picked":"Heavy Blade","floor":13},{"not_picked":["Wild Strike","Dark Embrace"],"picked":"Clothesline","floor":14},{"not_picked":["Twin Strike","Intimidate"],"picked":"Bloodletting","floor":15},{"not_picked":["Feed","Barricade"],"picked":"Exhume","floor":16},{"not_picked":["Clash","Clothesline"],"picked":"Twin Strike+1","floor":18},{"not_picked":["Twin Strike","Dropkick"],"picked":"Anger","floor":19},{"not_picked":["Flame Barrier","Twin Strike"],"picked":"Infernal Blade","floor":22},{"not_picked":["Shrug It Off","Pummel"],"picked":"Cleave+1","floor":24},{"not_picked":["Flame Barrier","Combust"],"picked":"Flex","floor":25},{"not_picked":["Heavy Blade","Havoc+1"],"picked":"Headbutt","floor":27},{"not_picked":["Perfected Strike","Shrug It Off"],"picked":"Pommel Strike","floor":30},{"not_picked":["Pommel Strike","Clash"],"picked":"Spot Weakness+1","floor":31},{"not_picked":["Clash+1","Combust"],"picked":"Shockwave","floor":32}],"player_experience":21072,"relics_obtained":[{"floor":8,"key":"Dream Catcher"},{"floor":9,"key":"Oddly Smooth Stone"},{"floor":14,"key":"Red Skull"},{"floor":26,"key":"Mango"}],"event_choices":[{"damage_healed":0,"gold_gain":0,"player_choice":"Ignored","damage_taken":0,"max_hp_gain":0,"max_hp_loss":0,"event_name":"Liars Game","floor":5,"gold_loss":0},{"damage_healed":0,"gold_gain":0,"player_choice":"Ignored","damage_taken":0,"max_hp_gain":0,"max_hp_loss":0,"event_name":"Ghosts","floor":21,"gold_loss":0},{"damage_healed":0,"gold_gain":0,"player_choice":"Joined the Cult","damage_taken":6,"max_hp_gain":0,"max_hp_loss":0,"event_name":"Nest","floor":28,"gold_loss":0,"cards_obtained":["RitualDagger"]}],"is_beta":false,"boss_relics":[{"not_picked":["Velvet Choker","Busted Crown"],"picked":"Sozu"}],"items_purged_floors":[],"is_endless":false,"potions_floor_spawned":[4,8,14,16,18,22,27],"killed_by":"Collector","ascension_level":0}}