{"host":"lsq35p0sdkx2xifo","time":1614062387,"event":{"mods":["AchievementEnabler","BaseMod","Highlight Path","Minty Spire (QoL Compilation)","StSLib"],"gold_per_floor":[109,121,136,62,76,106,106,132,132,132,6,6,20,45,45,124,124,143,159,32,43,43,43],"floor_reached":22,"language":"ENG","playtime":1233,"items_purged":["Strike_R","Strike_R"],"score":462,"play_id":"8ccb38ad-9008-4e46-a193-b336df4dbe25","local_time":"20210222223947","is_ascension_mode":true,"campfire_choices":[{"floor":7,"key":"REST"},{"data":"Inflame","floor":10,"key":"SMITH"},{"data":"Inflame","floor":15,"key":"SMITH"}],"circlet_count":0,"master_deck":["AscendersBane","Strike_R","Strike_R","Defend_R","Defend_R","Defend_R","Defend_R","Bash","Rage","Uppercut","Headbutt","Reckless Charge","Inflame+1","Headbutt","Rage","Dropkick","Feel No Pain","Inflame+1","Limit Break","Dropkick+1","Inflame","Fire Breathing"],"relics":["Burning Blood","Pocketwatch","Smiling Mask","Happy Flower","Molten Egg 2"],"acts_visited":["Exordium","TheCity"],"potions_floor_usage":[6,13,16,19,21],"damage_taken":[{"damage":1,"enemies":"Cultist","floor":1,"turns":4},{"damage":9,"enemies":"2 Louse","floor":2,"turns":4},{"damage":5,"enemies":"Jaw Worm","floor":3,"turns":4},{"damage":18,"enemies":"Lots of Slimes","floor":5,"turns":5},{"damage":20,"enemies":"Gremlin Nob","floor":6,"turns":4},{"damage":22,"enemies":"3 Sentries","floor":8,"turns":7},{"damage":0,"enemies":"Looter","floor":13,"turns":3},{"damage":0,"enemies":"Lagavulin","floor":14,"turns":5},{"damage":48,"enemies":"The Guardian","floor":16,"turns":8},{"damage":0,"enemies":"Spheric Guardian","floor":18,"turns":3},{"damage":22,"enemies":"2 Thieves","floor":19,"turns":4},{"damage":41,"enemies":"Shelled Parasite and Fungi","floor":21,"turns":4},{"damage":18,"enemies":"Snake Plant","floor":22,"turns":2}],"seed_played":"1363869589250295375","potions_obtained":[{"floor":1,"key":"CultistPotion"},{"floor":3,"key":"HeartOfIron"},{"floor":8,"key":"Energy Potion"},{"floor":16,"key":"DuplicationPotion"},{"floor":19,"key":"DuplicationPotion"}],"is_trial":false,"path_per_floor":["M","M","M","$","M","E","R","E","T","R","$","T","M","E","R","B",null,"M","M","$","M","M"],"character_chosen":"IRONCLAD","items_purchased":["Inflame","Dropkick","Fire Breathing"],"campfire_rested":1,"item_purchase_floors":[4,11,20],"current_hp_per_floor":[73,70,71,71,59,45,67,51,51,51,51,51,57,63,63,21,62,68,52,52,17,0,0],"gold":43,"neow_bonus":"TRANSFORM_CARD","is_daily":false,"chose_seed":false,"campfire_upgraded":2,"win_rate":0.0,"timestamp":1614062387,"path_taken":["M","M","M","$","M","E","R","E","T","R","$","?","M","E","R","BOSS","M","M","$","M","M"],"items_purchased_type":["Card","Card","Card"],"build_version":"2020-12-22","purchased_purges":2,"victory":false,"max_hp_per_floor":[75,75,75,75,75,75,75,75,75,75,75,75,75,75,75,75,75,75,75,75,75,75,75],"card_choices":[{"not_picked":["Twin Strike","Ghostly Armor"],"picked":"Uppercut","floor":1},{"not_picked":["Rupture","Clash"],"picked":"Headbutt","floor":2},{"not_picked":["Perfected Strike","Twin Strike"],"picked":"Reckless Charge","floor":3},{"not_picked":["Body Slam","Flex"],"picked":"Headbutt","floor":5},{"not_picked":["Headbutt","Dark Embrace"],"picked":"Rage","floor":6},{"not_picked":["Hemokinesis","Warcry","Pommel Strike"],"picked":"SKIP","floor":8},{"not_picked":["Shockwave","Flame Barrier"],"picked":"Feel No Pain","floor":13},{"not_picked":["Dual Wield","Blood for Blood+1"],"picked":"Inflame","floor":14},{"not_picked":["Immolate+1","Barricade"],"picked":"Limit Break","floor":16},{"not_picked":["Pommel Strike+1","Havoc"],"picked":"Dropkick+1","floor":18},{"not_picked":["Sever Soul+1","Headbutt+1"],"picked":"Inflame","floor":19},{"not_picked":["Combust","Clothesline+1","Cleave+1"],"picked":"SKIP","floor":21}],"player_experience":1301791,"relics_obtained":[{"floor":6,"key":"Pocketwatch"},{"floor":8,"key":"Smiling Mask"},{"floor":9,"key":"Happy Flower"},{"floor":14,"key":"Molten Egg 2"}],"event_choices":[],"is_beta":false,"boss_relics":[{"not_picked":["Runic Dome","Pandora\u0027s Box","Philosopher\u0027s Stone"]}],"items_purged_floors":[11,20],"is_endless":false,"potions_floor_spawned":[1,3,8,16,19],"killed_by":"Snake Plant","ascension_level":20}}