{"host":"w1eyl4ffrc0ktwlp","time":1614110518,"event":{"mods":["AchievementEnabler","BaseMod","Colored Map","Colored Powertips","Minty Spire (QoL Compilation)","The Disciple","The Servant 0.9.4"],"gold_per_floor":[112,130,130,130,130,150,175,175,175,175,175],"floor_reached":10,"language":"ENG","playtime":691,"items_purged":[],"score":66,"play_id":"dbd3be2d-743a-40b9-83a7-fa72f3ffa21b","local_time":"20210223210158","is_ascension_mode":false,"campfire_choices":[{"data":"BeatsPerMinute","floor":8,"key":"SMITH"}],"circlet_count":0,"master_deck":["Strike_Br","Strike_Br","Strike_Br","Strike_Br","Defend_Br","Defend_Br","Defend_Br","Defend_Br","SecondHand","PatternShift+1","WindUp","LockedThread+1","VestedLegacy","BeatsPerMinute+1"],"relics":["Chronometer","NeowsBlessing","Nitrogen?","Cryopreserver","Bird Faced Urn"],"acts_visited":[],"potions_floor_usage":[10],"damage_taken":[{"damage":0,"enemies":"Small Slimes","floor":1,"turns":2},{"damage":0,"enemies":"Jaw Worm","floor":2,"turns":1},{"damage":0,"enemies":"2 Louse","floor":6,"turns":2},{"damage":6,"enemies":"3 Sentries","floor":7,"turns":17},{"damage":54,"enemies":"Gremlin Nob","floor":10,"turns":4}],"seed_played":"-654912358902279209","potions_obtained":[{"floor":6,"key":"WardPotion"},{"floor":7,"key":"EssenceOfSteel"}],"is_trial":false,"path_per_floor":["M","M","?","?","$","M","E","R","T","E"],"character_chosen":"CHRONO_CLASS","items_purchased":[],"campfire_rested":0,"item_purchase_floors":[],"current_hp_per_floor":[65,65,65,52,52,52,46,46,46,0,0],"gold":175,"neow_bonus":"THREE_ENEMY_KILL","is_daily":false,"chose_seed":false,"campfire_upgraded":1,"win_rate":0.0,"timestamp":1614110518,"path_taken":["M","M","?","?","$","M","E","R","T","E"],"items_purchased_type":[],"build_version":"2020-12-22","purchased_purges":0,"victory":false,"max_hp_per_floor":[65,65,65,65,65,65,65,65,65,65,65],"card_choices":[{"not_picked":["LockedMedicine","AlternateTimeline"],"picked":"WindUp","floor":1},{"not_picked":["LockedPlans","Parity"],"picked":"LockedThread","floor":2},{"not_picked":["TiringSlam","PrimeTime"],"picked":"VestedLegacy","floor":6},{"not_picked":["Goo","VestedLegacy"],"picked":"BeatsPerMinute","floor":7}],"player_experience":12608,"relics_obtained":[{"floor":7,"key":"Cryopreserver"},{"floor":9,"key":"Bird Faced Urn"}],"event_choices":[{"damage_healed":0,"gold_gain":0,"player_choice":"Entered Light","damage_taken":13,"max_hp_gain":0,"max_hp_loss":0,"event_name":"Shining Light","floor":4,"gold_loss":0,"cards_upgraded":["LockedThread","PatternShift"]}],"is_beta":false,"boss_relics":[],"items_purged_floors":[],"is_endless":false,"potions_floor_spawned":[6,7],"killed_by":"Gremlin Nob","ascension_level":0}}