{"host":"skr63qsdfgeey3it","time":1614051539,"event":{"mods":["BaseMod","Colored Map","Hubris","Minty Spire (QoL Compilation)","Monster B Gone","Reliquary","Replay The Spire","Spicy Shops","StSLib"],"gold_per_floor":[112,132,132,152,8,39,39,57,80,93,93,93,93,107,107,205,205,218,218,218],"floor_reached":19,"language":"ENG","playtime":1280,"items_purged":[],"score":295,"play_id":"c7500915-4fff-4aa1-9592-3542835dc506","local_time":"20210222213859","is_ascension_mode":true,"campfire_choices":[{"floor":12,"key":"REST"}],"circlet_count":0,"master_deck":["AscendersBane","Strike_B","Strike_B","Strike_B","Defend_B","Defend_B","Defend_B","Defend_B","Zap","Dualcast","Coolheaded","Melter","Crystallizer","Ball Lightning","Leap","Echo Form","Doom and Gloom","Auto Shields","Injury","Aggregate","Panic Button","ReplayRNGCard"],"relics":["Cracked Core","Emotion Chip","Spirit Poop","Boot","Replay:Mystery Machine","Smiling Mask","Golden Idol","CultistMask","Inserter"],"acts_visited":["Exordium","TheCity"],"potions_floor_usage":[6,14,14,18],"damage_taken":[{"damage":1,"enemies":"Cultist","floor":1,"turns":3},{"damage":5,"enemies":"Jaw Worm","floor":2,"turns":4},{"damage":0,"enemies":"2 Louse","floor":4,"turns":3},{"damage":11,"enemies":"Gremlin Nob","floor":6,"turns":3},{"damage":10,"enemies":"Exordium Wildlife","floor":8,"turns":5},{"damage":8,"enemies":"Blue Slaver","floor":10,"turns":3},{"damage":0,"enemies":"Gremlin Gang","floor":14,"turns":4},{"damage":42,"enemies":"Hexaghost","floor":16,"turns":10},{"damage":23,"enemies":"3 Byrds","floor":18,"turns":4},{"damage":33,"enemies":"Shell Parasite","floor":19,"turns":7}],"seed_played":"3217069639191467740","potions_obtained":[{"floor":1,"key":"AttackPotion"},{"floor":2,"key":"Swift Potion"},{"floor":8,"key":"LifebloodPotion"},{"floor":16,"key":"PowerPotion"}],"is_trial":false,"path_per_floor":["M","M","?","M","$","E","?","M","T","M","?","R","?","M","R_BF","B",null,"M","M"],"character_chosen":"DEFECT","items_purchased":["Ball Lightning","Leap"],"campfire_rested":1,"item_purchase_floors":[5,5],"current_hp_per_floor":[63,58,58,58,58,47,42,32,32,24,24,45,45,45,45,3,54,31,0,0],"gold":218,"neow_bonus":"ONE_RARE_RELIC","is_daily":false,"chose_seed":false,"campfire_upgraded":0,"win_rate":0.0,"timestamp":1614051539,"path_taken":["M","M","?","M","?","E","?","?","T","M","?","R","?","M","R_BF","BOSS","M","M"],"items_purchased_type":["Card","Card"],"build_version":"2020-12-22","purchased_purges":0,"victory":false,"max_hp_per_floor":[71,71,71,71,71,71,71,71,71,71,71,71,71,71,71,71,71,71,71,71],"card_choices":[{"not_picked":["Sweeping Beam","Hello World"],"picked":"Coolheaded","floor":1},{"not_picked":["Sweeping Beam","Stack"],"picked":"Melter","floor":2},{"not_picked":["Redo","ReplayGash"],"picked":"Crystallizer","floor":4},{"not_picked":["Hologram","Stack"],"picked":"Echo Form","floor":6},{"not_picked":["Steam","Go for the Eyes"],"picked":"Doom and Gloom","floor":8},{"not_picked":["BasicCrystalCard","ReplayGash"],"picked":"Auto Shields","floor":10},{"not_picked":["Beam Cell","Go for the Eyes"],"picked":"Aggregate","floor":14},{"not_picked":["ReplayTheSpireMod:Fabricate Wheel","Echo Form"],"picked":"ReplayRNGCard","floor":16},{"not_picked":["Compile Driver","Reprogram","Barrage"],"picked":"SKIP","floor":18}],"player_experience":991396,"relics_obtained":[{"floor":6,"key":"Boot"},{"floor":9,"key":"Smiling Mask"}],"event_choices":[{"cards_removed":["Injury"],"damage_healed":0,"gold_gain":0,"player_choice":"Offered Curse","damage_taken":0,"relics_obtained":["Spirit Poop"],"max_hp_gain":0,"max_hp_loss":0,"event_name":"Bonfire Elementals","floor":3,"gold_loss":0},{"damage_healed":0,"gold_gain":0,"player_choice":"Success","damage_taken":5,"relics_obtained":["Replay:Mystery Machine"],"max_hp_gain":0,"max_hp_loss":0,"event_name":"Scrap Ooze","floor":7,"gold_loss":0},{"damage_healed":0,"gold_gain":0,"player_choice":"Take Wound","damage_taken":0,"relics_obtained":["Golden Idol"],"max_hp_gain":0,"max_hp_loss":0,"event_name":"Golden Idol","floor":11,"gold_loss":0,"cards_obtained":["Injury"]},{"damage_healed":0,"gold_gain":0,"player_choice":"Trade","damage_taken":0,"relics_obtained":["CultistMask"],"max_hp_gain":0,"max_hp_loss":0,"event_name":"FaceTrader","floor":13,"gold_loss":0}],"is_beta":false,"boss_relics":[{"not_picked":["reliquary:KinkedSpring","hubris:TerracottaHorce"],"picked":"Inserter"}],"items_purged_floors":[],"is_endless":false,"potions_floor_spawned":[1,2,8,16],"killed_by":"Shell Parasite","ascension_level":15}}