{"host":"qfskrnw3pl1q86j0","time":1614100465,"event":{"mods":["BaseMod","Block Reminder","Hermit","Marisa????????","Minty Spire (QoL Compilation)","Quick Restart","Random Character Button","Relic Stats","StSLib","The Poker Player","slay the spire mod where everything is the same but ironclad has a cowboy hat"],"gold_per_floor":[115,132,57,72,72,72,72,72,72,72,72,84,95,108,108,205,205,222,122,136,147,72,72,72,84,110,110,127,127,127,127,127,222,222,222],"floor_reached":34,"language":"ENG","playtime":1123,"items_purged":["Strike_G","Strike_G"],"score":392,"play_id":"082cf9c9-6030-4975-9458-37a288eeb3e4","local_time":"20210223181425","is_ascension_mode":false,"campfire_choices":[{"data":"Neutralize","floor":6,"key":"SMITH"},{"data":"Night Terror","floor":8,"key":"SMITH"},{"data":"Blade Dance","floor":11,"key":"SMITH"},{"data":"After Image","floor":15,"key":"SMITH"},{"data":"After Image","floor":23,"key":"SMITH"},{"data":"Noxious Fumes","floor":27,"key":"SMITH"},{"data":"Blade Dance","floor":29,"key":"SMITH"},{"data":"Flying Knee","floor":32,"key":"SMITH"}],"circlet_count":0,"master_deck":["Defend_G","Survivor","Neutralize+1","Night Terror+1","Flying Knee+1","Blade Dance+1","After Image+1","Noxious Fumes+1","After Image+1","Blade Dance+1","Bane+1","Blade Dance+1","Leg Sweep+1","Unload+1","Blur+1"],"relics":["Ring of the Snake","Darkstone Periapt","Anchor","Runic Dome","Tiny Chest","Kunai","Astrolabe"],"acts_visited":["Exordium","TheCity","TheBeyond"],"potions_floor_usage":[16],"damage_taken":[{"damage":2,"enemies":"Cultist","floor":1,"turns":6},{"damage":2,"enemies":"2 Louse","floor":2,"turns":3},{"damage":0,"enemies":"Jaw Worm","floor":4,"turns":4},{"damage":0,"enemies":"2 Fungi Beasts","floor":12,"turns":3},{"damage":0,"enemies":"Gremlin Gang","floor":13,"turns":5},{"damage":1,"enemies":"Looter","floor":14,"turns":3},{"damage":18,"enemies":"Hexaghost","floor":16,"turns":9},{"damage":6,"enemies":"Chosen","floor":18,"turns":6},{"damage":0,"enemies":"Spheric Guardian","floor":20,"turns":5},{"damage":2,"enemies":"Snake Plant","floor":21,"turns":6},{"damage":0,"enemies":"Centurion and Healer","floor":25,"turns":5},{"damage":7,"enemies":"Shelled Parasite and Fungi","floor":28,"turns":5},{"damage":0,"enemies":"Automaton","floor":33,"turns":13}],"seed_played":"-158875109888920721","potions_obtained":[{"floor":2,"key":"SkillPotion"},{"floor":12,"key":"Fire Potion"},{"floor":25,"key":"Swift Potion"},{"floor":28,"key":"Poison Potion"}],"is_trial":false,"path_per_floor":["M","M","$","M","?","R","?","R","T","?","R","M","M","M","R","B",null,"M","$","M","M","?","R","$","M","T","R","M","R","T","?","R","B",null],"character_chosen":"THE_SILENT","items_purchased":[],"campfire_rested":0,"item_purchase_floors":[],"current_hp_per_floor":[68,66,66,66,63,63,56,56,56,56,56,56,56,55,55,37,70,64,64,64,62,62,62,62,62,62,62,55,55,55,55,55,55,70,70],"gold":222,"neow_bonus":"TRANSFORM_CARD","is_daily":false,"chose_seed":false,"campfire_upgraded":8,"win_rate":0.0,"timestamp":1614100465,"path_taken":["M","?","$","M","?","R","?","R","T","?","R","?","M","M","R","BOSS","M","$","M","M","?","R","$","M","T","R","M","R","?","?","R","BOSS"],"items_purchased_type":[],"build_version":"2020-12-22","purchased_purges":2,"victory":false,"max_hp_per_floor":[70,70,70,70,70,70,70,70,70,70,70,70,70,70,70,70,70,70,70,70,70,70,70,70,70,70,70,70,70,70,70,70,70,70,70],"relic_stats":{"Darkstone Periapt":0,"counters":[13,73],"Astrolabe":["Leg Sweep","Unload","Blur"],"Tiny Chest":0,"Kunai":[24],"obtain_stats":[{"Darkstone Periapt":5,"Runic Dome":17,"Anchor":9,"Astrolabe":34,"Tiny Chest":26,"Kunai":30,"Ring of the Snake":0},{"Darkstone Periapt":3,"Runic Dome":7,"Anchor":3,"Astrolabe":13,"Tiny Chest":11,"Kunai":12,"Ring of the Snake":0},{"Darkstone Periapt":13,"Runic Dome":33,"Anchor":13,"Astrolabe":73,"Tiny Chest":55,"Kunai":60,"Ring of the Snake":0}],"Ring of the Snake":[26]},"card_choices":[{"not_picked":["Deflect","All Out Attack"],"picked":"Flying Knee","floor":1},{"not_picked":["PiercingWail","Quick Slash"],"picked":"Blade Dance","floor":2},{"not_picked":["Slice","Acrobatics","Outmaneuver"],"picked":"SKIP","floor":4},{"not_picked":["Dodge and Roll","Quick Slash","Dagger Spray"],"picked":"SKIP","floor":12},{"not_picked":["Blur","Sucker Punch"],"picked":"After Image","floor":13},{"not_picked":["Backstab","Dagger Throw"],"picked":"Noxious Fumes","floor":14},{"not_picked":["Doppelganger","Wraith Form v2"],"picked":"After Image","floor":16},{"not_picked":["Bane","Deadly Poison"],"picked":"Blade Dance","floor":18},{"not_picked":["Flying Knee+1","Dagger Throw","Slice"],"picked":"SKIP","floor":20},{"not_picked":["Deadly Poison","Skewer+1","Caltrops"],"picked":"SKIP","floor":21},{"not_picked":["PiercingWail","Dagger Spray"],"picked":"Bane+1","floor":25},{"not_picked":["All Out Attack","Underhanded Strike"],"picked":"Blade Dance+1","floor":28}],"player_experience":1110616,"relics_obtained":[{"floor":9,"key":"Anchor"},{"floor":26,"key":"Tiny Chest"},{"floor":30,"key":"Kunai"}],"event_choices":[{"damage_healed":0,"gold_gain":0,"player_choice":"Success","damage_taken":3,"relics_obtained":["Darkstone Periapt"],"max_hp_gain":0,"max_hp_loss":0,"event_name":"Scrap Ooze","floor":5,"gold_loss":0},{"cards_removed":["Defend_G"],"damage_healed":0,"gold_gain":0,"player_choice":"Card Removal","damage_taken":7,"max_hp_gain":0,"max_hp_loss":0,"event_name":"Golden Wing","floor":7,"gold_loss":0},{"damage_healed":0,"gold_gain":0,"player_choice":"0 cards matched","damage_taken":0,"max_hp_gain":0,"max_hp_loss":0,"event_name":"Match and Keep!","floor":10,"gold_loss":0,"cards_obtained":[]},{"cards_removed":["Defend_G"],"damage_healed":0,"gold_gain":0,"player_choice":"Gave Gold","damage_taken":0,"max_hp_gain":0,"max_hp_loss":0,"event_name":"Beggar","floor":22,"gold_loss":75},{"cards_removed":["Strike_G"],"damage_healed":0,"gold_gain":0,"player_choice":"Elegance","damage_taken":0,"max_hp_gain":0,"max_hp_loss":0,"event_name":"Back to Basics","floor":31,"gold_loss":0}],"is_beta":false,"boss_relics":[{"not_picked":["Black Star","Empty Cage"],"picked":"Runic Dome"},{"not_picked":["Snecko Eye","Philosopher\u0027s Stone"],"picked":"Astrolabe"}],"items_purged_floors":[3,19],"is_endless":false,"potions_floor_spawned":[2,12,25,28],"ascension_level":0}}