{"host":"a5lz0e76zb3fcwkm","time":1614091094,"event":{"mods":["AchievementEnabler","BaseMod","Colored Map","Colored Powertips","Minty Spire (QoL Compilation)","StSLib","SuperFastMode"],"gold_per_floor":[117,137,287,297,57,83,83,423,423,423,464,464,503,526,526,622,622,635,5,5,55,94,135,135,173,173,209,252,276,319,444,444,543,543,559,892,101,101,101,136,136,170,196,223,241,268,268,285,285,285,285,285,285,34,69,69],"floor_reached":57,"language":"KOR","playtime":2085,"items_purged":["Doubt","Defend_G","Strike_G"],"score":4041,"play_id":"55621364-a292-4143-a705-a443dce81c66","local_time":"20210223233814","is_ascension_mode":true,"campfire_choices":[{"floor":12,"key":"DIG"},{"floor":15,"key":"DIG"},{"floor":32,"key":"DIG"},{"floor":41,"key":"DIG"},{"floor":49,"key":"RECALL"},{"floor":53,"key":"DIG"}],"circlet_count":0,"master_deck":["AscendersBane","Strike_G","Strike_G","Survivor","Neutralize","Corruption+1","After Image","Acrobatics","Cloak And Dagger+1","Deflect+1","Backstab","Blur","Night Terror","PiercingWail","Backflip","Backflip","Blade Dance","Finisher","Footwork","Burst","Blade Dance","A Thousand Cuts","Escape Plan","Outmaneuver","Panacea","Finesse","Secret Technique","PiercingWail+1"],"relics":["Ring of the Snake","Bottled Tornado","Dead Branch","Paper Crane","Old Coin","WingedGreaves","Shovel","StoneCalendar","InkBottle","StrikeDummy","Busted Crown","Ancient Tea Set","Happy Flower","Sling","Red Mask","Potion Belt","Molten Egg 2","Tiny Chest","Kunai","Lizard Tail","Bag of Marbles","Unceasing Top","Matryoshka","Bottled Flame","Empty Cage","Gambling Chip","Toolbox","Toy Ornithopter","Art of War","Sundial","Nunchaku","Question Card","PreservedInsect","CeramicFish","Oddly Smooth Stone","Snake Skull","Eternal Feather","ClockworkSouvenir","Vajra"],"acts_visited":["Exordium","TheCity","TheBeyond","TheEnding"],"potions_floor_usage":[11,22,55,56,56,56],"damage_taken":[{"damage":0,"enemies":"2 Louse","floor":1,"turns":2},{"damage":0,"enemies":"Jaw Worm","floor":2,"turns":3},{"damage":0,"enemies":"Small Slimes","floor":4,"turns":3},{"damage":0,"enemies":"Gremlin Nob","floor":6,"turns":1},{"damage":0,"enemies":"3 Sentries","floor":8,"turns":3},{"damage":0,"enemies":"Gremlin Nob","floor":11,"turns":4},{"damage":0,"enemies":"3 Sentries","floor":13,"turns":3},{"damage":0,"enemies":"Looter","floor":14,"turns":2},{"damage":0,"enemies":"The Guardian","floor":16,"turns":4},{"damage":7,"enemies":"Shell Parasite","floor":18,"turns":4},{"damage":0,"enemies":"Masked Bandits","floor":22,"turns":3},{"damage":0,"enemies":"Book of Stabbing","floor":23,"turns":2},{"damage":0,"enemies":"Slavers","floor":25,"turns":2},{"damage":0,"enemies":"Gremlin Leader","floor":27,"turns":3},{"damage":0,"enemies":"Book of Stabbing","floor":28,"turns":1},{"damage":0,"enemies":"Spheric Guardian","floor":29,"turns":2},{"damage":0,"enemies":"Gremlin Leader","floor":30,"turns":2},{"damage":0,"enemies":"Colosseum Slavers","floor":31,"turns":1},{"damage":0,"enemies":"Colosseum Nobs","floor":31,"turns":2},{"damage":0,"enemies":"Champ","floor":33,"turns":3},{"damage":0,"enemies":"Orb Walker","floor":35,"turns":2},{"damage":0,"enemies":"Nemesis","floor":40,"turns":3},{"damage":0,"enemies":"Reptomancer","floor":42,"turns":2},{"damage":0,"enemies":"3 Shapes","floor":45,"turns":1},{"damage":0,"enemies":"Giant Head","floor":46,"turns":2},{"damage":0,"enemies":"3 Darklings","floor":48,"turns":1},{"damage":0,"enemies":"Donu and Deca","floor":50,"turns":1},{"damage":0,"enemies":"Awakened One","floor":51,"turns":5},{"damage":0,"enemies":"Shield and Spear","floor":55,"turns":1},{"damage":21,"enemies":"The Heart","floor":56,"turns":5}],"seed_played":"-2591448518245930294","potions_obtained":[{"floor":2,"key":"PowerPotion"},{"floor":6,"key":"Block Potion"},{"floor":13,"key":"Fire Potion"},{"floor":14,"key":"Swift Potion"},{"floor":22,"key":"SmokeBomb"},{"floor":30,"key":"Regen Potion"},{"floor":31,"key":"Swift Potion"},{"floor":42,"key":"ColorlessPotion"},{"floor":55,"key":"PowerPotion"}],"is_trial":false,"path_per_floor":["M","M","?","M","$","E","?","E","T","?","E","R","E","M","R","B",null,"M","$","?","?","?","E","T","E","T","E","E","M","E","?","R","B",null,"M","?","$","?","T","E","R","E","T","?","M","E","?","M","R","B","B",null,"R","$","E","B",null],"character_chosen":"THE_SILENT","items_purchased":["Backstab","Blur","Blade Dance","Ancient Tea Set","Happy Flower","Sling","Gambling Chip","Toolbox","Toy Ornithopter","ClockworkSouvenir","Ancient Potion"],"campfire_rested":0,"item_purchase_floors":[5,5,19,19,19,19,37,37,37,54,54],"current_hp_per_floor":[59,59,59,59,59,59,38,38,38,20,20,20,20,20,20,20,50,43,43,43,43,43,43,43,43,43,43,43,43,43,43,43,43,56,56,56,56,56,56,56,56,56,56,46,46,46,46,46,46,46,46,54,54,54,57,36],"gold":69,"neow_bonus":"TRANSFORM_TWO_CARDS","is_daily":false,"chose_seed":false,"campfire_upgraded":0,"win_rate":0.0,"timestamp":1614091094,"path_taken":["M","M","?","M","$","E","?","E","T","?","E","R","E","M","R","BOSS","M","$","?","?","?","E","?","E","T","E","E","M","E","?","R","BOSS","M","?","$","?","?","E","R","E","T","?","M","E","?","M","R","BOSS","BOSS","R","$","E","BOSS"],"items_purchased_type":["Card","Card","Card","Relic","Relic","Relic","Relic","Relic","Relic","Relic","Potion"],"build_version":"2020-12-22","purchased_purges":3,"victory":true,"max_hp_per_floor":[60,60,60,60,60,60,60,60,60,60,60,60,60,60,60,60,60,60,60,60,60,60,60,60,60,60,60,60,60,60,60,60,60,60,60,60,60,60,60,60,60,60,60,60,60,60,57,57,57,57,57,57,57,57,57,57],"card_choices":[{"not_picked":["Outmaneuver","Underhanded Strike"],"picked":"Cloak And Dagger","floor":1},{"not_picked":["Reflex","Quick Slash"],"picked":"Deflect","floor":2},{"not_picked":["All Out Attack","Tactician","Riddle With Holes"],"picked":"SKIP","floor":4},{"not_picked":["Dagger Spray","Flying Knee"],"picked":"Night Terror","floor":6},{"not_picked":["Heel Hook","Catalyst"],"picked":"PiercingWail","floor":8},{"not_picked":["Dodge and Roll","Caltrops"],"picked":"Backflip","floor":11},{"not_picked":["Prepared","Sucker Punch","Dagger Throw"],"picked":"SKIP","floor":13},{"not_picked":["Prepared","Flying Knee"],"picked":"Backflip","floor":14},{"not_picked":["Bane"],"picked":"SKIP","floor":18},{"not_picked":["Distraction"],"picked":"SKIP","floor":23},{"not_picked":[],"picked":"Footwork","floor":25},{"not_picked":["Bane+1"],"picked":"SKIP","floor":27},{"not_picked":["Backflip"],"picked":"SKIP","floor":28},{"not_picked":[],"picked":"Burst","floor":29},{"not_picked":[],"picked":"Blade Dance","floor":30},{"not_picked":[],"picked":"A Thousand Cuts","floor":33},{"not_picked":["Expertise"],"picked":"SKIP","floor":35},{"not_picked":[],"picked":"Escape Plan","floor":40},{"not_picked":["Footwork","Outmaneuver"],"picked":"SKIP","floor":42},{"not_picked":["Footwork"],"picked":"Outmaneuver","floor":42},{"not_picked":["Deep Breath"],"picked":"Panacea","floor":44},{"not_picked":["Jack Of All Trades"],"picked":"Finesse","floor":44},{"not_picked":["Impatience"],"picked":"Secret Technique","floor":44},{"not_picked":["Cloak And Dagger","Flying Knee+1"],"picked":"SKIP","floor":45},{"not_picked":["Dagger Spray+1","Backflip+1"],"picked":"SKIP","floor":46},{"not_picked":["Riddle With Holes+1","Well Laid Plans"],"picked":"SKIP","floor":48},{"not_picked":["Outmaneuver+1"],"picked":"PiercingWail+1","floor":55}],"player_experience":1915899,"relics_obtained":[{"floor":6,"key":"Paper Crane"},{"floor":8,"key":"Old Coin"},{"floor":9,"key":"WingedGreaves"},{"floor":11,"key":"Shovel"},{"floor":12,"key":"StoneCalendar"},{"floor":13,"key":"InkBottle"},{"floor":15,"key":"StrikeDummy"},{"floor":22,"key":"Red Mask"},{"floor":23,"key":"Potion Belt"},{"floor":25,"key":"Molten Egg 2"},{"floor":26,"key":"Tiny Chest"},{"floor":27,"key":"Kunai"},{"floor":28,"key":"Lizard Tail"},{"floor":30,"key":"Bag of Marbles"},{"floor":31,"key":"Unceasing Top"},{"floor":31,"key":"Matryoshka"},{"floor":32,"key":"Bottled Flame"},{"floor":39,"key":"Art of War"},{"floor":39,"key":"Sundial"},{"floor":40,"key":"Nunchaku"},{"floor":41,"key":"Question Card"},{"floor":42,"key":"PreservedInsect"},{"floor":43,"key":"CeramicFish"},{"floor":43,"key":"Oddly Smooth Stone"},{"floor":46,"key":"Snake Skull"},{"floor":53,"key":"Eternal Feather"},{"floor":55,"key":"Vajra"}],"event_choices":[{"damage_healed":0,"gold_gain":150,"player_choice":"AGREE","damage_taken":0,"max_hp_gain":0,"max_hp_loss":0,"event_name":"Liars Game","floor":3,"gold_loss":0,"cards_obtained":["Doubt"]},{"damage_healed":0,"gold_gain":0,"player_choice":"Take Damage","damage_taken":21,"relics_obtained":["Golden Idol"],"max_hp_gain":0,"max_hp_loss":0,"event_name":"Golden Idol","floor":7,"gold_loss":0},{"damage_healed":0,"gold_gain":0,"player_choice":"Entered Light","damage_taken":18,"max_hp_gain":0,"max_hp_loss":0,"event_name":"Shining Light","floor":10,"gold_loss":0,"cards_upgraded":["Deflect","Cloak And Dagger"]},{"damage_healed":0,"gold_gain":0,"cards_transformed":["Defend_G","Defend_G"],"player_choice":"Became Test Subject","damage_taken":0,"max_hp_gain":0,"max_hp_loss":0,"event_name":"Drug Dealer","floor":20,"gold_loss":0,"cards_obtained":["Finisher","Heel Hook"]},{"damage_healed":0,"gold_gain":50,"player_choice":"Stole From Cult","damage_taken":0,"max_hp_gain":0,"max_hp_loss":0,"event_name":"Nest","floor":21,"gold_loss":0},{"damage_healed":0,"gold_gain":0,"player_choice":"Fought Bandits","damage_taken":0,"max_hp_gain":0,"max_hp_loss":0,"event_name":"Masked Bandits","floor":22,"gold_loss":0},{"damage_healed":0,"gold_gain":0,"player_choice":"Fight","damage_taken":0,"max_hp_gain":0,"max_hp_loss":0,"event_name":"Colosseum","floor":31,"gold_loss":0},{"damage_healed":0,"gold_gain":0,"player_choice":"Fought Nobs","damage_taken":0,"max_hp_gain":0,"max_hp_loss":0,"event_name":"Colosseum","floor":31,"gold_loss":0},{"damage_healed":0,"gold_gain":333,"player_choice":"Gave Idol","damage_taken":0,"max_hp_gain":0,"max_hp_loss":0,"event_name":"The Moai Head","floor":36,"relics_lost":["Golden Idol"],"gold_loss":0},{"cards_removed":["Heel Hook"],"damage_healed":0,"gold_gain":0,"player_choice":"Removed Attack","damage_taken":0,"max_hp_gain":0,"max_hp_loss":0,"event_name":"Falling","floor":38,"gold_loss":0},{"damage_healed":0,"gold_gain":0,"player_choice":"Memory 3","damage_taken":10,"max_hp_gain":0,"max_hp_loss":0,"event_name":"SensoryStone","floor":44,"gold_loss":0},{"damage_healed":0,"gold_gain":0,"player_choice":"Max HP","damage_taken":0,"max_hp_gain":0,"max_hp_loss":3,"event_name":"Winding Halls","floor":47,"gold_loss":0}],"is_beta":false,"boss_relics":[{"not_picked":["Snecko Eye","HoveringKite"],"picked":"Busted Crown"},{"not_picked":["SlaversCollar","Runic Pyramid"],"picked":"Empty Cage"}],"items_purged_floors":[5,19,37],"is_endless":false,"potions_floor_spawned":[2,6,8,13,14,16,18,22,30,31,31,42,45,48,55],"ascension_level":20}}