{"host":"x73jdofm2fk9hsud","time":1614047641,"event":{"mods":["BaseMod","Bestiary","Minty Spire (QoL Compilation)","Relic Stats","ojb\u0027s Better Paths Mod","ojb\u0027s Info Mod"],"gold_per_floor":[119,44,44,62,62,62,97,118,169,194,217,217,217],"floor_reached":12,"language":"ENG","playtime":266,"items_purged":[],"score":226,"play_id":"cb21e4f3-2b22-4b35-9ec6-0784064ecda3","local_time":"20210222213401","is_ascension_mode":true,"campfire_choices":[{"data":"Neutralize","floor":6,"key":"SMITH"}],"circlet_count":0,"master_deck":["AscendersBane","Strike_G","Strike_G","Strike_G","Strike_G","Defend_G","Defend_G","Defend_G","Defend_G","Defend_G","Survivor","Neutralize+1","Flying Knee","Dodge and Roll","Skewer","Noxious Fumes","PiercingWail"],"relics":["Ring of the Snake","NeowsBlessing","CeramicFish","Toy Ornithopter","Kunai"],"acts_visited":["Exordium"],"potions_floor_usage":[10,12],"damage_taken":[{"damage":0,"enemies":"Jaw Worm","floor":1,"turns":1},{"damage":0,"enemies":"2 Louse","floor":4,"turns":1},{"damage":0,"enemies":"Lagavulin","floor":7,"turns":1},{"damage":0,"enemies":"Cultist","floor":8,"turns":4},{"damage":13,"enemies":"3 Sentries","floor":10,"turns":7},{"damage":7,"enemies":"2 Fungi Beasts","floor":11,"turns":4},{"damage":61,"enemies":"Gremlin Nob","floor":12,"turns":5}],"seed_played":"-5304760463863301002","potions_obtained":[{"floor":4,"key":"BlessingOfTheForge"},{"floor":11,"key":"Swift Potion"}],"is_trial":false,"path_per_floor":["M","?","$","M","?","R","E","M","T","E","M","E"],"character_chosen":"THE_SILENT","items_purchased":[],"campfire_rested":0,"item_purchase_floors":[],"current_hp_per_floor":[59,59,59,59,64,64,64,64,64,56,49,0,0],"gold":217,"neow_bonus":"THREE_ENEMY_KILL","is_daily":false,"chose_seed":false,"campfire_upgraded":1,"win_rate":0.0,"timestamp":1614047641,"path_taken":["M","?","$","M","?","R","E","M","T","E","M","E"],"items_purchased_type":[],"build_version":"2020-12-22","purchased_purges":0,"victory":false,"max_hp_per_floor":[66,66,66,66,71,71,71,71,71,71,71,71,71],"relic_stats":{"counters":[7,23],"CeramicFish":27,"Kunai":[1],"obtain_stats":[{"NeowsBlessing":0,"CeramicFish":7,"Kunai":10,"Toy Ornithopter":9,"Ring of the Snake":0},{"NeowsBlessing":0,"CeramicFish":3,"Kunai":5,"Toy Ornithopter":4,"Ring of the Snake":0},{"NeowsBlessing":0,"CeramicFish":3,"Kunai":14,"Toy Ornithopter":7,"Ring of the Snake":0}],"Toy Ornithopter":10,"Ring of the Snake":[14]},"card_choices":[{"not_picked":["Quick Slash","Dodge and Roll"],"picked":"Flying Knee","floor":1},{"not_picked":["Bane","PiercingWail"],"picked":"Dodge and Roll","floor":4},{"not_picked":["Deflect","Storm of Steel"],"picked":"Skewer","floor":7},{"not_picked":["Poisoned Stab","Catalyst"],"picked":"Noxious Fumes","floor":8},{"not_picked":["Grand Finale","Outmaneuver","Poisoned Stab"],"picked":"SKIP","floor":10},{"not_picked":["Dodge and Roll","Eviscerate"],"picked":"PiercingWail","floor":11}],"player_experience":5402902,"relics_obtained":[{"floor":7,"key":"CeramicFish"},{"floor":9,"key":"Toy Ornithopter"},{"floor":10,"key":"Kunai"}],"event_choices":[{"cards_removed":["Strike_G"],"damage_healed":0,"gold_gain":0,"player_choice":"Card Removal","damage_taken":0,"max_hp_gain":0,"max_hp_loss":0,"event_name":"The Cleric","floor":2,"gold_loss":75},{"damage_healed":0,"gold_gain":0,"player_choice":"Donut","damage_taken":0,"max_hp_gain":5,"max_hp_loss":0,"event_name":"Big Fish","floor":5,"gold_loss":0}],"is_beta":false,"boss_relics":[],"items_purged_floors":[],"is_endless":false,"potions_floor_spawned":[4,11],"killed_by":"Gremlin Nob","ascension_level":20}}