{"host":"1bzbl1adcbkdzqlf","time":1614114966,"event":{"mods":["BaseMod","Minty Spire (QoL Compilation)","Slay the Relics Exporter"],"gold_per_floor":[111,121,134,144,159,159,189,189,189,217,217,248,248,248,248,321,321,331,98,98,98,125,125,159,159,159,193,193,108,120,132,132,210,210,224,224,236,248,267,267,296,313,313,348,365,35,54,73,73,73],"floor_reached":51,"language":"ENG","playtime":5862,"items_purged":["Strike_R"],"score":1521,"play_id":"47001682-ad7d-4ea0-9056-9eb5655d23ae","local_time":"20210223151606","is_ascension_mode":true,"campfire_choices":[{"data":"Intimidate","floor":6,"key":"SMITH"},{"floor":13,"key":"REST"},{"data":"Demon Form","floor":15,"key":"SMITH"},{"floor":23,"key":"REST"},{"floor":28,"key":"REST"},{"data":"Fiend Fire","floor":32,"key":"SMITH"},{"data":"Exhume","floor":40,"key":"SMITH"},{"data":"Battle Trance","floor":49,"key":"SMITH"}],"circlet_count":0,"master_deck":["AscendersBane","Strike_R","Strike_R","Strike_R","Strike_R","Defend_R","Defend_R","Defend_R","Defend_R","Bash","Thunderclap","Battle Trance+1","Dropkick+1","Intimidate+1","Demon Form+1","Fiend Fire+1","CurseOfTheBell","Fire Breathing+1","Reaper","Decay","Exhume+1","Pommel Strike","RitualDagger+1","Shrug It Off+1","Flame Barrier+1","Armaments+1","Double Tap+1","Inflame","Writhe","Seeing Red+1","Evolve+1","Warcry+1","Power Through+1","Twin Strike","Second Wind+1","Seeing Red+1"],"relics":["Burning Blood","Lantern","Turnip","StrikeDummy","Matryoshka","Darkstone Periapt","Calling Bell","Anchor","Gremlin Horn","Du-Vu Doll","Centennial Puzzle","Red Mask","Bottled Tornado","Whetstone","Toxic Egg 2","Question Card","Coffee Dripper","Art of War","Mercury Hourglass","Ancient Tea Set","Bottled Lightning","Dead Branch"],"acts_visited":["Exordium","TheCity","TheBeyond"],"potions_floor_usage":[7,10,16,16,18,22,33,41,42,50],"damage_taken":[{"damage":1,"enemies":"Cultist","floor":1,"turns":3},{"damage":8,"enemies":"2 Louse","floor":2,"turns":2},{"damage":2,"enemies":"Jaw Worm","floor":3,"turns":3},{"damage":7,"enemies":"Looter","floor":4,"turns":3},{"damage":26,"enemies":"Large Slime","floor":5,"turns":4},{"damage":30,"enemies":"Lagavulin","floor":7,"turns":6},{"damage":27,"enemies":"Gremlin Nob","floor":10,"turns":4},{"damage":20,"enemies":"Lagavulin","floor":12,"turns":5},{"damage":0,"enemies":"Slime Boss","floor":16,"turns":6},{"damage":15,"enemies":"Shell Parasite","floor":18,"turns":4},{"damage":17,"enemies":"Masked Bandits","floor":22,"turns":3},{"damage":14,"enemies":"Slavers","floor":24,"turns":2},{"damage":70,"enemies":"Book of Stabbing","floor":27,"turns":5},{"damage":24,"enemies":"2 Thieves","floor":30,"turns":3},{"damage":6,"enemies":"Centurion and Healer","floor":31,"turns":2},{"damage":76,"enemies":"Automaton","floor":33,"turns":8},{"damage":65,"enemies":"3 Darklings","floor":35,"turns":5},{"damage":25,"enemies":"3 Shapes","floor":37,"turns":6},{"damage":25,"enemies":"Spire Growth","floor":38,"turns":4},{"damage":22,"enemies":"3 Darklings","floor":39,"turns":4},{"damage":75,"enemies":"Nemesis","floor":41,"turns":7},{"damage":28,"enemies":"Maw","floor":42,"turns":7},{"damage":1,"enemies":"Reptomancer","floor":44,"turns":6},{"damage":11,"enemies":"Jaw Worm Horde","floor":45,"turns":3},{"damage":6,"enemies":"Writhing Mass","floor":47,"turns":2},{"damage":12,"enemies":"Spire Growth","floor":48,"turns":3},{"damage":9,"enemies":"Donu and Deca","floor":50,"turns":3}],"seed_played":"-6239798501774892273","potions_obtained":[{"floor":4,"key":"DuplicationPotion"},{"floor":5,"key":"LiquidMemories"},{"floor":10,"key":"Fire Potion"},{"floor":12,"key":"Ancient Potion"},{"floor":16,"key":"Block Potion"},{"floor":18,"key":"Weak Potion"},{"floor":22,"key":"BloodPotion"},{"floor":33,"key":"EssenceOfSteel"},{"floor":35,"key":"SpeedPotion"},{"floor":44,"key":"PowerPotion"},{"floor":47,"key":"BloodPotion"}],"is_trial":false,"path_per_floor":["M","M","M","M","M","R","E","$","T","E","?","E","R","$","R","B",null,"M","$","?","?","?","R","E","?","T","E","R","$","M","M","R","B",null,"M","?","M","M","M","R","E","M","T","E","M","$","M","M","R","B",null],"character_chosen":"IRONCLAD","items_purchased":["Centennial Puzzle","Flame Barrier+1","Dead Branch"],"campfire_rested":3,"item_purchase_floors":[19,29,46],"current_hp_per_floor":[73,71,75,74,54,54,30,30,30,9,34,20,42,42,42,48,74,65,65,65,71,60,86,78,72,72,27,53,53,65,65,65,49,78,58,81,93,74,58,58,50,58,58,93,88,88,88,82,82,93],"gold":73,"neow_bonus":"RANDOM_COMMON_RELIC","is_daily":false,"chose_seed":false,"campfire_upgraded":5,"win_rate":0.0,"timestamp":1614114966,"path_taken":["M","M","M","M","?","R","E","$","T","E","?","E","R","$","R","BOSS","M","$","?","?","?","R","E","?","T","E","R","$","M","M","R","BOSS","M","?","M","M","M","R","E","M","T","E","M","$","M","M","R","BOSS"],"items_purchased_type":["Relic","Card","Relic"],"build_version":"2020-12-22","purchased_purges":1,"victory":true,"max_hp_per_floor":[75,75,75,75,75,75,75,75,75,75,75,75,75,75,75,75,81,81,81,81,87,87,87,87,87,87,87,87,87,87,87,87,87,87,87,93,93,93,93,93,93,93,93,93,93,93,93,93,93,93],"card_choices":[{"not_picked":["True Grit","Wild Strike"],"picked":"Thunderclap","floor":1},{"not_picked":["Perfected Strike","Havoc"],"picked":"Battle Trance","floor":2},{"not_picked":["Entrench","Heavy Blade"],"picked":"Dropkick","floor":3},{"not_picked":["Barricade","Hemokinesis","Evolve"],"picked":"SKIP","floor":4},{"not_picked":["Blood for Blood","Body Slam"],"picked":"Intimidate","floor":5},{"not_picked":["Perfected Strike","Dual Wield","Power Through"],"picked":"SKIP","floor":7},{"not_picked":["Warcry","True Grit","Infernal Blade"],"picked":"SKIP","floor":10},{"not_picked":["Shrug It Off","Armaments"],"picked":"Demon Form","floor":12},{"not_picked":["Juggernaut","Berserk"],"picked":"Fiend Fire","floor":16},{"not_picked":["Body Slam+1","True Grit"],"picked":"Fire Breathing+1","floor":18},{"not_picked":["Thunderclap","Anger+1"],"picked":"Exhume","floor":22},{"not_picked":["Brutality","Warcry"],"picked":"Pommel Strike","floor":24},{"not_picked":["Fire Breathing+1","True Grit+1"],"picked":"Shrug It Off+1","floor":27},{"not_picked":["Cleave","Clash","Perfected Strike","Hemokinesis"],"picked":"SKIP","floor":30},{"not_picked":["Perfected Strike","Battle Trance+1","Clash"],"picked":"Armaments+1","floor":31},{"not_picked":["Exhume+1","Feed","Immolate"],"picked":"Double Tap+1","floor":33},{"not_picked":["Anger","Clothesline","Thunderclap"],"picked":"Inflame","floor":35},{"not_picked":["Pommel Strike","Fire Breathing","Wild Strike"],"picked":"Seeing Red+1","floor":37},{"not_picked":["Pummel+1","Wild Strike+1","Rampage"],"picked":"Evolve+1","floor":38},{"not_picked":["Sword Boomerang","Anger","Iron Wave+1"],"picked":"Warcry+1","floor":39},{"not_picked":["Wild Strike","Perfected Strike","Dropkick","Fire Breathing"],"picked":"SKIP","floor":41},{"not_picked":["Headbutt+1","Thunderclap","Metallicize"],"picked":"Power Through+1","floor":42},{"not_picked":["Iron Wave","Pummel","Sword Boomerang+1"],"picked":"Twin Strike","floor":44},{"not_picked":["Impervious+1","Cleave","Hemokinesis"],"picked":"Second Wind+1","floor":45},{"not_picked":["Whirlwind","Perfected Strike","Clash","Reckless Charge+1"],"picked":"SKIP","floor":47},{"not_picked":["Anger","Intimidate+1","Perfected Strike+1"],"picked":"Seeing Red+1","floor":48}],"player_experience":514758,"relics_obtained":[{"floor":7,"key":"Turnip"},{"floor":9,"key":"StrikeDummy"},{"floor":10,"key":"Matryoshka"},{"floor":12,"key":"Darkstone Periapt"},{"floor":17,"key":"Anchor"},{"floor":17,"key":"Gremlin Horn"},{"floor":17,"key":"Du-Vu Doll"},{"floor":22,"key":"Red Mask"},{"floor":24,"key":"Bottled Tornado"},{"floor":26,"key":"Whetstone"},{"floor":26,"key":"Toxic Egg 2"},{"floor":27,"key":"Question Card"},{"floor":41,"key":"Art of War"},{"floor":43,"key":"Mercury Hourglass"},{"floor":43,"key":"Ancient Tea Set"},{"floor":44,"key":"Bottled Lightning"}],"event_choices":[{"damage_healed":25,"gold_gain":0,"player_choice":"Banana","damage_taken":0,"max_hp_gain":0,"max_hp_loss":0,"event_name":"Big Fish","floor":11,"gold_loss":0},{"damage_healed":0,"gold_gain":0,"player_choice":"Read","damage_taken":0,"max_hp_gain":0,"max_hp_loss":0,"event_name":"The Library","floor":20,"gold_loss":0,"cards_obtained":["Reaper"]},{"damage_healed":0,"gold_gain":0,"player_choice":"Smashed Altar","damage_taken":0,"max_hp_gain":0,"max_hp_loss":0,"event_name":"Forgotten Altar","floor":21,"gold_loss":0,"cards_obtained":["Decay"]},{"damage_healed":0,"gold_gain":0,"player_choice":"Fought Bandits","damage_taken":0,"max_hp_gain":0,"max_hp_loss":0,"event_name":"Masked Bandits","floor":22,"gold_loss":0},{"damage_healed":0,"gold_gain":0,"player_choice":"Joined the Cult","damage_taken":6,"max_hp_gain":0,"max_hp_loss":0,"event_name":"Nest","floor":25,"gold_loss":0,"cards_obtained":["RitualDagger"]},{"damage_healed":17,"gold_gain":0,"player_choice":"Writhe","damage_taken":0,"max_hp_gain":0,"max_hp_loss":0,"event_name":"Winding Halls","floor":36,"gold_loss":0,"cards_obtained":["Writhe"]}],"is_beta":false,"boss_relics":[{"not_picked":["SacredBark","SlaversCollar"],"picked":"Calling Bell"},{"not_picked":["Philosopher\u0027s Stone","Snecko Eye"],"picked":"Coffee Dripper"}],"items_purged_floors":[19],"is_endless":false,"potions_floor_spawned":[4,5,10,12,16,18,22,33,35,37,44,47],"ascension_level":19}}