{"host":"jjunaul04msmo6r1","time":1614054138,"event":{"mods":["BaseMod","Better Third Choice","Booster Modes","Colored Map","Downfall","Minty Spire (QoL Compilation)","Relic Stats","StSLib","UnlockEverythingMod","everything is the same but u backflip on backflip"],"gold_per_floor":[99,118,136,136,154,182,182,82,100,120,180,191,91,124,139,139,139,139],"floor_reached":16,"language":"ENG","playtime":1569,"items_purged":[],"score":146,"play_id":"5e54b119-788b-49f1-8e12-4bf3c8aac458","local_time":"20210222212218","is_ascension_mode":true,"campfire_choices":[{"floor":1,"key":"RECALL"},{"data":"champ:PerfectedStrike","floor":8,"key":"SMITH"},{"data":"champ:DefensiveShout","floor":13,"key":"SMITH"}],"circlet_count":0,"master_deck":["champ:Strike","champ:Strike","champ:Strike","champ:Strike","champ:Defend","champ:Defend","champ:Defend","champ:Execute","champ:Taunt+1","champ:GutPunch","champ:PerfectedStrike+1","sneckomod:Strike","champ:RapidStrikes","champ:DefensiveStyle","champ:DefensiveShout+1","champ:FanOfKnives","champ:AdrenalArmor","champ:FlashCut","champ:BladeFlurry"],"relics":["champ:ChampionCrown","Ice Cream","hexamod:Sixitude","downfall:HeartBlessingRed","FossilizedHelix","downfall:HeartBlessingGreen","HornCleat"],"acts_visited":["Exordium"],"potions_floor_usage":[6,14,14,15],"damage_taken":[{"damage":24,"enemies":"Jaw Worm","floor":2,"turns":4},{"damage":12,"enemies":"Cultist","floor":3,"turns":4},{"damage":0,"enemies":"Small Slimes","floor":5,"turns":2},{"damage":41,"enemies":"3 Sentries","floor":6,"turns":7},{"damage":12,"enemies":"Exordium Thugs","floor":9,"turns":3},{"damage":3,"enemies":"Gremlin Gang","floor":10,"turns":3},{"damage":30,"enemies":"Lagavulin Event","floor":11,"turns":4},{"damage":0,"enemies":"Blue Slaver","floor":12,"turns":2},{"damage":10,"enemies":"Gremlin Nob","floor":14,"turns":3},{"damage":7,"enemies":"downfall:LooterAlt","floor":15,"turns":2},{"damage":47,"enemies":"WA_ARCHETYPE_RETAIN","floor":16,"turns":5}],"seed_played":"8172242424362886469","potions_obtained":[{"floor":3,"key":"EssenceOfSteel"},{"floor":10,"key":"SpeedPotion"},{"floor":11,"key":"BlessingOfTheForge"},{"floor":12,"key":"EssenceOfSteel"},{"floor":14,"key":"PowerPotion"}],"is_trial":false,"path_per_floor":["R","M","M","?","M","E","T","R","M","M","?","M","R","E","M","B"],"character_chosen":"THE_CHAMP","items_purchased":[],"campfire_rested":0,"item_purchase_floors":[],"current_hp_per_floor":[90,86,84,84,84,53,53,53,46,43,28,28,28,28,26,0,0,0],"gold":139,"neow_bonus":"UPGRADE_CARD","is_daily":false,"chose_seed":false,"campfire_upgraded":2,"win_rate":0.0,"timestamp":1614054138,"path_taken":["R","M","M","?","?","E","T","R","M","M","?","M","R","E","M","BOSS"],"items_purchased_type":[],"build_version":"2020-12-22","purchased_purges":0,"victory":false,"max_hp_per_floor":[90,90,90,90,90,90,90,90,90,90,90,90,90,90,90,90,90,90],"relic_stats":{"counters":[11,39],"obtain_stats":[{"Ice Cream":6,"HornCleat":14,"downfall:HeartBlessingRed":8,"hexamod:Sixitude":7,"champ:ChampionCrown":0,"downfall:HeartBlessingGreen":13,"FossilizedHelix":11},{"Ice Cream":4,"HornCleat":9,"downfall:HeartBlessingRed":4,"hexamod:Sixitude":4,"champ:ChampionCrown":0,"downfall:HeartBlessingGreen":8,"FossilizedHelix":7},{"Ice Cream":17,"HornCleat":32,"downfall:HeartBlessingRed":17,"hexamod:Sixitude":17,"champ:ChampionCrown":0,"downfall:HeartBlessingGreen":29,"FossilizedHelix":27}]},"card_choices":[{"not_picked":["champ:PreemptiveStrike","champ:Backstep"],"picked":"champ:GutPunch","floor":2},{"not_picked":["champ:Haymaker","champ:TornadoPunch"],"picked":"champ:PerfectedStrike","floor":3},{"not_picked":["champ:Duel","champ:PerfectedStrike"],"picked":"champ:RapidStrikes","floor":5},{"not_picked":["champ:DeathBlow","champ:RapidStrikes"],"picked":"champ:DefensiveStyle","floor":6},{"not_picked":["champ:SetATrap","champ:Haymaker"],"picked":"champ:DefensiveShout","floor":9},{"not_picked":["champ:LastStand","champ:SwordSigil"],"picked":"champ:FanOfKnives","floor":10},{"not_picked":["champ:FlashCut","champ:Parry"],"picked":"champ:AdrenalArmor","floor":11},{"not_picked":["champ:AdrenalArmor","champ:EnGarde"],"picked":"champ:FlashCut","floor":12},{"not_picked":["champ:Encircle","champ:HeartStrike"],"picked":"champ:BladeFlurry","floor":14},{"not_picked":["champ:BladeFlurry","champ:PerfectedStrike","champ:Backstep"],"picked":"SKIP","floor":15}],"player_experience":603291,"relics_obtained":[{"floor":6,"key":"Ice Cream"},{"floor":7,"key":"hexamod:Sixitude"},{"floor":11,"key":"FossilizedHelix"},{"floor":14,"key":"HornCleat"}],"event_choices":[{"cards_removed":["champ:Defend"],"damage_healed":0,"gold_gain":0,"player_choice":"Took Card","damage_taken":0,"max_hp_gain":0,"max_hp_loss":0,"event_name":"NoteForYourself","floor":4,"gold_loss":0,"cards_obtained":["sneckomod:Strike"]}],"is_beta":false,"boss_relics":[],"items_purged_floors":[],"is_endless":false,"potions_floor_spawned":[3,10,11,12,14],"killed_by":"WA_ARCHETYPE_RETAIN","ascension_level":1}}