{"host":"w8xisjf5mgmfjvmt","time":1614039827,"event":{"mods":["BaseMod","BetterRewards","Challenge The Spire","Conspire","Energized Spire","Filter the Spire","Minty Spire (QoL Compilation)","Quarter Circle Forward PUNCH!","Quick Restart","Relic Filter Mod","Relic Stats","Reliquary","Replay The Spire","Say the Spire","Shop Mod","Spicy Shops","StSLib","¡¾ÒÅÎï¿¨ÅÆ¡¿REMEMod","óô»ðÖ¸ÄÏ"],"gold_per_floor":[360,77,87,107,118,118,118],"floor_reached":6,"language":"ZHS","playtime":178,"items_purged":["Parasite"],"score":76,"play_id":"78e9babf-fd91-49a6-b369-37c3bb3f8753","local_time":"20210223082347","is_ascension_mode":true,"campfire_choices":[],"circlet_count":0,"master_deck":["AscendersBane","Strike_R","Strike_R","Strike_R","Strike_R","Strike_R","Defend_R","Defend_R","Defend_R","Defend_R","Bash","Limit Break","Seeing Red","Pommel Strike","ReplayTheSpireMod:Limb From Limb","Sword Boomerang"],"relics":["Burning Blood","REME_ComplimentaryCards","conspire:TreasureMap"],"acts_visited":["Exordium"],"potions_floor_usage":[],"damage_taken":[{"damage":2,"enemies":"2 Louse","floor":1,"turns":3},{"damage":7,"enemies":"Jaw Worm","floor":3,"turns":2},{"damage":14,"enemies":"Small Slimes","floor":4,"turns":3},{"damage":8,"enemies":"Blue Slaver","floor":5,"turns":2},{"damage":32,"enemies":"Gremlin Nob","floor":6,"turns":4}],"seed_played":"377821792398180202","potions_obtained":[{"floor":4,"key":"LiquidBronze"}],"is_trial":false,"path_per_floor":["M","$","M","M","M","E"],"character_chosen":"IRONCLAD","items_purchased":["conspire:TreasureMap","Pommel Strike","ReplayTheSpireMod:Limb From Limb"],"campfire_rested":0,"item_purchase_floors":[2,2,2],"current_hp_per_floor":[68,65,64,56,54,22,22],"gold":118,"neow_bonus":"TWO_FIFTY_GOLD","is_daily":false,"chose_seed":false,"campfire_upgraded":0,"win_rate":0.0,"timestamp":1614039827,"path_taken":["M","$","M","M","M","E"],"items_purchased_type":["Relic","Card","Card"],"build_version":"2020-12-22","purchased_purges":1,"victory":false,"max_hp_per_floor":[68,65,65,65,65,65,65],"relic_stats":{"counters":[5,14],"obtain_stats":[{"conspire:TreasureMap":2,"Burning Blood":0,"REME_ComplimentaryCards":0},{"conspire:TreasureMap":1,"Burning Blood":0,"REME_ComplimentaryCards":0},{"conspire:TreasureMap":3,"Burning Blood":0,"REME_ComplimentaryCards":0}],"Burning Blood":20},"card_choices":[{"not_picked":["Warcry","ReplayReversal"],"picked":"Seeing Red","floor":1},{"not_picked":["conspire:ExplosiveBarrier","True Grit","Dark Embrace"],"picked":"SKIP","floor":3},{"not_picked":["Body Slam","Searing Blow"],"picked":"Sword Boomerang","floor":4},{"not_picked":["Thunderclap","Anger","True Grit"],"picked":"SKIP","floor":5}],"player_experience":1394901,"relics_obtained":[],"event_choices":[],"is_beta":false,"boss_relics":[],"items_purged_floors":[2],"is_endless":false,"potions_floor_spawned":[4],"killed_by":"Gremlin Nob","ascension_level":20}}