{"host":"ga4s3hj9m6nkn6gp","time":1614109375,"event":{"mods":["AchievementEnabler","BaseMod","Bestiary","Colored Powertips","Highlight Path","Minty Spire (QoL Compilation)","Relic Stats","everything is the same but u backflip on backflip"],"gold_per_floor":[12,12,24,41,41,41,66,87,87,87,12,38,47,76,76,162,162,177,186,186,205,81,81,94,122,147,180,180,210,228,245,245,245,245],"floor_reached":33,"language":"ENG","playtime":2151,"items_purged":["Strike_G","Strike_G"],"score":696,"play_id":"a9e685af-fc63-4918-a4a9-f52708f73879","local_time":"20210223204255","is_ascension_mode":true,"campfire_choices":[{"data":"Apotheosis","floor":6.0,"key":"SMITH"},{"data":"Backstab","floor":10.0,"key":"SMITH"},{"data":"Neutralize","floor":15,"key":"SMITH"},{"data":"Footwork","floor":23,"key":"SMITH"},{"floor":28,"key":"REST"},{"floor":32,"key":"REST"}],"circlet_count":0,"master_deck":["AscendersBane","Strike_G","Strike_G","Defend_G","Defend_G","Defend_G","Defend_G","Defend_G","Survivor","Neutralize+1","Apotheosis+1","Blade Dance","Quick Slash","Endless Agony","Backstab+1","Riddle With Holes","Tools of the Trade","Footwork+1","Backflip","Dodge and Roll+1","Leg Sweep","Backflip"],"relics":["Ring of the Snake","Anchor","Pantograph","Ice Cream","Pen Nib","HoveringKite","Nloth\u0027s Gift","Tingsha","Eternal Feather","Bag of Marbles"],"acts_visited":["Exordium","TheCity"],"potions_floor_usage":[25,27,27,29,33,33],"damage_taken":[{"damage":4.0,"enemies":"Cultist","floor":1.0,"turns":4.0},{"damage":1.0,"enemies":"Jaw Worm","floor":3.0,"turns":4.0},{"damage":0.0,"enemies":"2 Louse","floor":4.0,"turns":2.0},{"damage":18.0,"enemies":"Lagavulin","floor":7.0,"turns":8.0},{"damage":0.0,"enemies":"Blue Slaver","floor":8.0,"turns":4.0},{"damage":0.0,"enemies":"Gremlin Nob","floor":12.0,"turns":3.0},{"damage":4,"enemies":"3 Sentries","floor":14,"turns":8},{"damage":21,"enemies":"Slime Boss","floor":16,"turns":9},{"damage":8,"enemies":"Shell Parasite","floor":18,"turns":4},{"damage":4,"enemies":"Spheric Guardian","floor":21,"turns":4},{"damage":13,"enemies":"3 Cultists","floor":24,"turns":5},{"damage":14,"enemies":"Slavers","floor":25,"turns":7},{"damage":11,"enemies":"Book of Stabbing","floor":27,"turns":6},{"damage":18,"enemies":"Slavers","floor":29,"turns":7},{"damage":1,"enemies":"Centurion and Healer","floor":30,"turns":6},{"damage":8,"enemies":"Snecko","floor":31,"turns":4},{"damage":97,"enemies":"Champ","floor":33,"turns":23}],"seed_played":"-8405035279470653395","potions_obtained":[{"floor":3.0,"key":"DuplicationPotion"},{"floor":7.0,"key":"EntropicBrew"},{"floor":29,"key":"PowerPotion"},{"floor":31,"key":"Weak Potion"}],"is_trial":false,"path_per_floor":["M","T","M","M","?","R","E","M","T","R","$","E","?","E","R","B",null,"M","?","?","M","$","R","M","E","T","E","R","E","M","M","R","B"],"character_chosen":"THE_SILENT","items_purchased":["Backflip"],"campfire_rested":2,"item_purchase_floors":[22],"current_hp_per_floor":[55,55,54,54,59,59,41,41,41,41,41,41,41,37,37,41,64,56,56,56,52,52,52,39,25,25,14,47,29,28,20,53,0,0],"gold":245,"neow_bonus":"RANDOM_COLORLESS_2","is_daily":false,"chose_seed":false,"campfire_upgraded":4,"win_rate":0.0,"timestamp":1614109375,"path_taken":["M","?","M","M","?","R","E","M","T","R","$","E","?","E","R","BOSS","M","?","?","M","$","R","M","E","T","E","R","E","?","M","R","BOSS"],"items_purchased_type":["Card"],"build_version":"2020-12-22","purchased_purges":2,"victory":false,"max_hp_per_floor":[66,66,66,66,71,71,71,71,71,71,71,71,71,71,71,71,71,71,71,71,71,71,71,71,71,71,71,71,71,71,71,71,71,71],"relic_stats":{"counters":[17,108],"Pantograph":43,"HoveringKite":[47],"Tingsha":[57],"Eternal Feather":24,"Pen Nib":[22],"Nloth\u0027s Gift":3,"obtain_stats":[{"Ice Cream":12,"Anchor":2,"CeramicFish":7,"Pantograph":9,"HoveringKite":17,"Tingsha":25,"Eternal Feather":27,"Pen Nib":14,"Nloth\u0027s Gift":20,"Bag of Marbles":29,"Ring of the Snake":0},{"Ice Cream":6,"Anchor":1,"CeramicFish":4,"Pantograph":5,"HoveringKite":8,"Tingsha":12,"Eternal Feather":13,"Pen Nib":7,"Nloth\u0027s Gift":9,"Bag of Marbles":14,"Ring of the Snake":0},{"Ice Cream":25,"Anchor":4,"CeramicFish":18,"Pantograph":22,"HoveringKite":42,"Tingsha":62,"Eternal Feather":68,"Pen Nib":33,"Nloth\u0027s Gift":46,"Bag of Marbles":75,"Ring of the Snake":0}],"Ring of the Snake":[34]},"card_choices":[{"not_picked":["Thinking Ahead","Secret Technique"],"picked":"Apotheosis","floor":0.0},{"not_picked":["Sucker Punch","Bane"],"picked":"Blade Dance","floor":1.0},{"not_picked":["Deflect","Malaise"],"picked":"Quick Slash","floor":3.0},{"not_picked":["Cloak And Dagger","Bane"],"picked":"Endless Agony","floor":4.0},{"not_picked":["Infinite Blades","Eviscerate","Underhanded Strike"],"picked":"SKIP","floor":7.0},{"not_picked":["Slice","Poisoned Stab"],"picked":"Backstab","floor":8.0},{"not_picked":["Bouncing Flask","Predator","Deflect"],"picked":"SKIP","floor":12.0},{"not_picked":["Deadly Poison","Caltrops","Acrobatics"],"picked":"SKIP","floor":14},{"not_picked":["Wraith Form v2","Storm of Steel"],"picked":"Tools of the Trade","floor":16},{"not_picked":["Outmaneuver","Dagger Throw","Deflect"],"picked":"SKIP","floor":18},{"not_picked":["Dagger Throw","Bane","Outmaneuver"],"picked":"SKIP","floor":21},{"not_picked":["PiercingWail","Riddle With Holes"],"picked":"Dodge and Roll+1","floor":24},{"not_picked":["Predator","Glass Knife"],"picked":"Leg Sweep","floor":25},{"not_picked":["Doppelganger","Choke"],"picked":"Backflip","floor":27},{"not_picked":["Quick Slash+1","Deadly Poison","Unload"],"picked":"SKIP","floor":29},{"not_picked":["Footwork","Bullet Time","Dagger Spray"],"picked":"SKIP","floor":30},{"not_picked":["Footwork","Bullet Time","Dagger Spray"],"picked":"SKIP","floor":30},{"not_picked":["Underhanded Strike","Flying Knee","Dagger Spray+1"],"picked":"SKIP","floor":31}],"player_experience":798940,"relics_obtained":[{"floor":2.0,"key":"Anchor"},{"floor":7.0,"key":"CeramicFish"},{"floor":9.0,"key":"Pantograph"},{"floor":12.0,"key":"Ice Cream"},{"floor":14,"key":"Pen Nib"},{"floor":25,"key":"Tingsha"},{"floor":27,"key":"Eternal Feather"},{"floor":29,"key":"Bag of Marbles"}],"event_choices":[{"damage_healed":0.0,"max_hp_gain":5.0,"max_hp_loss":0.0,"gold_gain":0.0,"event_name":"Big Fish","player_choice":"Donut","floor":5.0,"gold_loss":0.0,"damage_taken":0.0},{"damage_healed":0.0,"max_hp_gain":0.0,"max_hp_loss":0.0,"gold_gain":0.0,"cards_transformed":["Strike_G"],"event_name":"Living Wall","player_choice":"Change","floor":13.0,"gold_loss":0.0,"damage_taken":0.0,"cards_obtained":["Riddle With Holes"]},{"damage_healed":0,"gold_gain":0,"player_choice":"Read","damage_taken":0,"max_hp_gain":0,"max_hp_loss":0,"event_name":"The Library","floor":19,"gold_loss":0,"cards_obtained":["Footwork"]},{"damage_healed":0,"gold_gain":0,"player_choice":"Traded Relic","damage_taken":0,"relics_obtained":["Nloth\u0027s Gift"],"max_hp_gain":0,"max_hp_loss":0,"event_name":"N\u0027loth","floor":20,"relics_lost":["CeramicFish"],"gold_loss":0}],"is_beta":false,"boss_relics":[{"not_picked":["Velvet Choker","Calling Bell"],"picked":"HoveringKite"}],"items_purged_floors":[11,22],"is_endless":false,"potions_floor_spawned":[3,7,12,24,29,31],"killed_by":"Champ","ascension_level":20}}