{"host":"yq9izw6r1wt570l5","time":1614052939,"event":{"mods":["AchievementEnabler","BaseMod","BetterRewards","Colored Powertips","Downfall","Hermit","Infinite Spire","Jorbs\u0027s Wanderer Trilogy","Minty Spire (QoL Compilation)","Replay The Spire","StSLib","The Bladedancer","The Cursed","The Runesmith"],"gold_per_floor":[110,110,35,51,51,51,94,108,158,158,178,213,237,237,237,362,362,375,388,401,401,417,450,450,466,466,507,507,548,587,600,600,600,600],"floor_reached":33,"language":"ENG","playtime":1290,"items_purged":["Defend_R"],"score":417,"play_id":"c842df54-480a-486e-8cb5-542fa6ee2b3b","local_time":"20210223010219","is_ascension_mode":true,"campfire_choices":[{"data":"Heavy Blade","floor":6,"key":"SMITH"},{"data":"ReplayTheSpireMod:LeadingStrike","floor":10,"key":"SMITH"},{"data":"Cleave","floor":15,"key":"SMITH"},{"floor":24,"key":"REST"},{"floor":32,"key":"REST"}],"circlet_count":0,"master_deck":["Strike_R","Strike_R","Strike_R","Strike_R","Strike_R","Defend_R+1","Bash","Cleave+1","Heavy Blade+1","Dual Wield+1","ReplayTheSpireMod:LeadingStrike+1","Clash","Clash","Corruption","Doubt","Offering","Bandage Up","infinitespire:Collect","sneckomod:TailWhip","ReplayTheSpireMod:Stacked","Twin Strike","Cleave+1","Uppercut","Sever Soul+1","Clash+1","Pummel+1","infinitespire:OneForAll","ReplayTheSpireMod:Corrosion Curse","Feel No Pain","Pummel"],"relics":["Burning Blood","Brimstone","Golden Idol","infinitespire:Lucky Rock","War Paint","Bottled Flame","GremlinMask","ReplayTheSpireMod:SealedPack","Torii","Red Mask","Ancient Tea Set","infinitespire:Lychee Nut"],"acts_visited":["Exordium","TheCity"],"potions_floor_usage":[16,22,23,23,27,31,33],"damage_taken":[{"damage":0,"enemies":"Small Slimes","floor":1,"turns":2},{"damage":2,"enemies":"Jaw Worm","floor":4,"turns":3},{"damage":16,"enemies":"Gremlin Nob","floor":7,"turns":3},{"damage":0,"enemies":"Cultist","floor":8,"turns":2},{"damage":0,"enemies":"3 Louse","floor":11,"turns":2},{"damage":10,"enemies":"3 Sentries","floor":12,"turns":3},{"damage":11,"enemies":"Red Slaver","floor":13,"turns":3},{"damage":38,"enemies":"Hexaghost","floor":16,"turns":4},{"damage":10,"enemies":"Chosen","floor":18,"turns":3},{"damage":6,"enemies":"Shell Parasite","floor":19,"turns":2},{"damage":6,"enemies":"Snecko","floor":20,"turns":3},{"damage":25,"enemies":"Centurion and Healer","floor":22,"turns":3},{"damage":55,"enemies":"Slavers","floor":23,"turns":4},{"damage":18,"enemies":"Cultist and Chosen","floor":25,"turns":4},{"damage":12,"enemies":"Masked Bandits","floor":27,"turns":3},{"damage":8,"enemies":"Book of Stabbing","floor":29,"turns":2},{"damage":27,"enemies":"Snake Plant","floor":31,"turns":3},{"damage":45,"enemies":"Champ","floor":33,"turns":5}],"seed_played":"-2045759488503621061","potions_obtained":[{"floor":4,"key":"Regen Potion"},{"floor":7,"key":"ColorlessPotion"},{"floor":13,"key":"Ancient Potion"},{"floor":18,"key":"hexamod:SoulburnPotion"},{"floor":22,"key":"LiquidBronze"},{"floor":25,"key":"hexamod:SoulburnPotion"},{"floor":27,"key":"Energy Potion"}],"is_trial":false,"path_per_floor":["M","?","$","M","$","R","E","M","T","R","M","E","M","?","R","B",null,"M","M","M","?","M","E","R","M","T","?","?","E","?","M","R","B"],"character_chosen":"IRONCLAD","items_purchased":["Brimstone","Cleave"],"campfire_rested":2,"item_purchase_floors":[0,0],"current_hp_per_floor":[80,60,60,64,64,64,54,60,60,60,66,62,57,57,57,34,80,80,80,80,80,65,20,44,36,36,34,34,32,32,17,35,0,0],"gold":600,"neow_bonus":"","is_daily":false,"chose_seed":false,"campfire_upgraded":3,"win_rate":0.0,"timestamp":1614052939,"path_taken":["M","?","?","M","$","R","E","M","T","R","M","E","?","?","R","BOSS","M","M","M","?","M","E","R","M","T","?","?","E","?","?","R","BOSS"],"items_purchased_type":["Relic","Card"],"build_version":"2020-12-22","purchased_purges":1,"victory":false,"max_hp_per_floor":[80,80,80,80,80,80,80,80,80,80,80,80,80,80,80,80,80,80,80,80,80,80,80,80,80,80,80,80,80,60,60,60,60,60],"card_choices":[{"not_picked":["True Grit","Wild Strike","Replay:Undeath\u0027s Touch"],"picked":"SKIP","floor":1},{"not_picked":["Thunderclap","Spot Weakness"],"picked":"Heavy Blade","floor":4},{"not_picked":["Reckless Charge","Iron Wave"],"picked":"Dual Wield","floor":7},{"not_picked":["Clash","Anger"],"picked":"ReplayTheSpireMod:LeadingStrike","floor":8},{"not_picked":["ReplayTheSpireMod:Strike From Hell","Battle Trance"],"picked":"Clash","floor":11},{"not_picked":["Clothesline","Carnage","Sword Boomerang"],"picked":"SKIP","floor":12},{"not_picked":["Demonic Infusion","Thunderclap"],"picked":"Clash","floor":13},{"not_picked":["Brutality","Eclipse"],"picked":"Corruption","floor":16},{"not_picked":["Feed","Bludgeon"],"picked":"Offering","floor":17},{"not_picked":["Forethought","Flash of Steel"],"picked":"Bandage Up","floor":17},{"not_picked":["ReplayTheSpireMod:Chaos Vortex","infinitespire:Menacing"],"picked":"infinitespire:Collect","floor":17},{"not_picked":["m_Survivalism","Runesmith:Fortify"],"picked":"sneckomod:TailWhip","floor":17},{"not_picked":["Warcry","ReplayTheSpireMod:LeadingStrike"],"picked":"ReplayTheSpireMod:Stacked","floor":18},{"not_picked":["Rampage","Defy Death"],"picked":"Twin Strike","floor":19},{"not_picked":["Power Through+1","Impervious"],"picked":"Cleave+1","floor":20},{"not_picked":["Massacre","Pommel Strike+1"],"picked":"Uppercut","floor":22},{"not_picked":["Spot Weakness","Run Through"],"picked":"Sever Soul+1","floor":23},{"not_picked":["ReplayTheSpireMod:Corrosion Curse","Pommel Strike+1"],"picked":"Clash+1","floor":25},{"not_picked":["Wild Strike","Offering"],"picked":"Pummel+1","floor":27},{"not_picked":["True Grit+1","Intimidate","Warcry"],"picked":"SKIP","floor":29},{"not_picked":["Warcry","ReplayTheSpireMod:Strike From Hell+1"],"picked":"Feel No Pain","floor":30},{"not_picked":["Shrug It Off","Body Slam"],"picked":"Pummel","floor":31}],"player_experience":92424,"relics_obtained":[{"floor":7,"key":"infinitespire:Lucky Rock"},{"floor":9,"key":"War Paint"},{"floor":12,"key":"Bottled Flame"},{"floor":23,"key":"Torii"},{"floor":27,"key":"Red Mask"},{"floor":29,"key":"Ancient Tea Set"},{"floor":30,"key":"infinitespire:Lychee Nut"}],"event_choices":[{"damage_healed":0,"gold_gain":0,"player_choice":"Take Damage","damage_taken":20,"relics_obtained":["Golden Idol"],"max_hp_gain":0,"max_hp_loss":0,"event_name":"Golden Idol","floor":2,"gold_loss":0},{"damage_healed":0,"gold_gain":0,"player_choice":"Trade","damage_taken":0,"relics_obtained":["GremlinMask"],"max_hp_gain":0,"max_hp_loss":0,"event_name":"FaceTrader","floor":14,"gold_loss":0},{"damage_healed":0,"gold_gain":0,"player_choice":"Ignored","damage_taken":0,"max_hp_gain":0,"max_hp_loss":0,"event_name":"Vampires","floor":21,"gold_loss":0},{"damage_healed":0,"gold_gain":0,"player_choice":"Fought Bandits","damage_taken":0,"max_hp_gain":0,"max_hp_loss":0,"event_name":"Masked Bandits","floor":27,"gold_loss":0},{"damage_healed":0,"gold_gain":0,"cards_transformed":["Defend_R","Defend_R"],"player_choice":"Became Test Subject","damage_taken":0,"max_hp_gain":0,"max_hp_loss":0,"event_name":"Drug Dealer","floor":28,"gold_loss":0,"cards_obtained":["infinitespire:OneForAll","ReplayTheSpireMod:Corrosion Curse"]}],"is_beta":false,"boss_relics":[{"not_picked":["Ring of Chaos","Ectoplasm"],"picked":"ReplayTheSpireMod:SealedPack"}],"items_purged_floors":[3],"is_endless":false,"potions_floor_spawned":[4,7,13,18,22,25,27],"killed_by":"Champ","ascension_level":1}}