{"host":"e7lukfaxcy5kn7np","time":1614097998,"event":{"mods":["Act Like it!","BaseMod","Bestiary","Colored Map","Colored Powertips","Curses Come First","Downfall","Minty Spire (QoL Compilation)","Reliquary","Ruina","StSLib"],"gold_per_floor":[99,110,134,134,148,175,199,199,234,251,267,267,167,167,179,179,179,179],"floor_reached":16,"language":"ENG","playtime":593,"items_purged":[],"score":116,"play_id":"41f60494-5e86-46a1-8849-f51fae793cc3","local_time":"20210223173318","is_ascension_mode":true,"campfire_choices":[{"floor":1,"key":"RECALL"},{"data":"bronze:Format","floor":13,"key":"SMITH"}],"circlet_count":0,"master_deck":["bronze:Strike","bronze:Strike","bronze:Strike","bronze:Strike","bronze:Defend","bronze:Defend","bronze:Defend","bronze:Defend","bronze:Replicate","bronze:Goto","bronze:Frontload","bronze:Format+1","bronze:ForLoop","bronze:DelayedGuard"],"relics":["bronze:BronzeCore","Calipers","reliquary:Stiletto","Unceasing Top","PreservedInsect","Dream Catcher","Blue Candle","downfall:HeartBlessingRed","Shuriken"],"acts_visited":["Exordium"],"potions_floor_usage":[],"damage_taken":[{"damage":0,"enemies":"Cultist","floor":2,"turns":4},{"damage":5,"enemies":"2 Louse","floor":5,"turns":3},{"damage":19,"enemies":"Lagavulin","floor":6,"turns":10},{"damage":4,"enemies":"Gremlin Nob","floor":9,"turns":4},{"damage":0,"enemies":"Jaw Worm","floor":10,"turns":4},{"damage":0,"enemies":"Blue Slaver","floor":11,"turns":5},{"damage":0,"enemies":"downfall:LooterAlt","floor":15,"turns":4},{"damage":44,"enemies":"IC_STATUS_ARCHETYPE","floor":16,"turns":10}],"seed_played":"6302877855418082414","potions_obtained":[{"floor":5,"key":"Weak Potion"},{"floor":10,"key":"ColorlessPotion"},{"floor":15,"key":"Regen Potion"}],"is_trial":false,"path_per_floor":["R","M","T","?","M","E","T","?","E","M","M","?","R","T","M","B"],"character_chosen":"THE_AUTOMATON","items_purchased":[],"campfire_rested":0,"item_purchase_floors":[],"current_hp_per_floor":[70,70,70,75,70,51,51,51,47,47,47,42,42,42,42,0,0,0],"gold":179,"neow_bonus":"ONE_RARE_RELIC","is_daily":false,"chose_seed":false,"campfire_upgraded":1,"win_rate":0.0,"timestamp":1614097998,"path_taken":["R","M","?","?","M","E","T","?","E","M","?","?","R","?","M","BOSS"],"items_purchased_type":[],"build_version":"2020-12-22","purchased_purges":0,"victory":false,"max_hp_per_floor":[70,70,70,75,75,75,75,75,75,75,75,75,75,75,75,75,75,75],"card_choices":[{"not_picked":["bronze:BronzeArmor","bronze:DelayedSlice","bronze:Overheat"],"picked":"SKIP","floor":2},{"not_picked":["bronze:BitShift","bronze:BugBarrage"],"picked":"bronze:Frontload","floor":5},{"not_picked":["bronze:Terminator","bronze:Deprecate","bronze:CutThrough"],"picked":"SKIP","floor":6},{"not_picked":["bronze:DigitalCarnage","bronze:WhirlingStrike"],"picked":"bronze:Format","floor":9},{"not_picked":["bronze:Iterate","bronze:Separator"],"picked":"bronze:ForLoop","floor":10},{"not_picked":["bronze:WildBeam","bronze:Turbo","bronze:MaxOutput"],"picked":"SKIP","floor":11},{"not_picked":["bronze:Turbo","bronze:Repulsor"],"picked":"bronze:DelayedGuard","floor":15}],"player_experience":465612,"relics_obtained":[{"floor":3,"key":"reliquary:Stiletto"},{"floor":6,"key":"Unceasing Top"},{"floor":7,"key":"PreservedInsect"},{"floor":9,"key":"Dream Catcher"},{"floor":14,"key":"Shuriken"}],"event_choices":[{"damage_healed":0,"gold_gain":0,"player_choice":"Donut","damage_taken":0,"max_hp_gain":5,"max_hp_loss":0,"event_name":"Big Fish","floor":4,"gold_loss":0},{"cards_removed":["downfall:Haunted"],"damage_healed":0,"gold_gain":0,"player_choice":"Card Removal","damage_taken":0,"max_hp_gain":0,"max_hp_loss":0,"event_name":"Wheel of Change","floor":8,"gold_loss":0}],"is_beta":false,"boss_relics":[],"items_purged_floors":[],"is_endless":false,"potions_floor_spawned":[5,10,15],"killed_by":"IC_STATUS_ARCHETYPE","ascension_level":1}}