{"host":"nnxvcju6x1qybncj","time":1614116456,"event":{"mods":["BaseMod","Block Reminder","Curses Come First","Custom Start","Dark Map","Displayed Cursed Tome","Downfall","Evolution","Jorbs\u0027s Wanderer Trilogy","Minty Spire (QoL Compilation)","Quick Restart","Relic Stats","StSLib"],"gold_per_floor":[110,110,123,15,29,64,64,64,64,95,106,106,119,149,149,226,226,226,146,66,66],"floor_reached":20,"language":"ENG","playtime":696,"items_purged":[],"score":384,"play_id":"d2e55909-4dd5-4ca2-b4ea-e81b1bf2aa93","local_time":"20210223224056","is_ascension_mode":true,"campfire_choices":[{"data":"Capacitor","floor":7,"key":"SMITH"},{"data":"Loop","floor":12,"key":"SMITH"},{"data":"Darkness","floor":15,"key":"SMITH"}],"circlet_count":0,"master_deck":["AscendersBane","Ball Lightning","Barrage","Ball Lightning","Barrage","Defend_B","Defend_B","Defend_B","Defend_B","Zap+1","Dualcast","Electrodynamics","Reinforced Body","Conserve Battery","Capacitor+1","Gash","Gash","Genetic Algorithm","Cold Snap+1","Loop+1","Capacitor","Darkness+1","All For One+1","Skim","Defragment"],"relics":["Cracked Core","EVO:Axolotl","Meat on the Bone","Molten Egg 2","Art of War","Kunai","Ectoplasm"],"acts_visited":["Exordium","TheCity"],"potions_floor_usage":[6,10],"damage_taken":[{"damage":0,"enemies":"Cultist","floor":1,"turns":2},{"damage":4,"enemies":"Small Slimes","floor":3,"turns":3},{"damage":0,"enemies":"2 Louse","floor":5,"turns":1},{"damage":8,"enemies":"Gremlin Nob","floor":6,"turns":3},{"damage":10,"enemies":"Lagavulin","floor":10,"turns":5},{"damage":5,"enemies":"Looter","floor":11,"turns":3},{"damage":20,"enemies":"Exordium Thugs","floor":13,"turns":4},{"damage":17,"enemies":"3 Sentries","floor":14,"turns":4},{"damage":18,"enemies":"Hexaghost","floor":16,"turns":9},{"damage":38,"enemies":"Chosen","floor":18,"turns":6},{"damage":27,"enemies":"2 Thieves","floor":20,"turns":2}],"seed_played":"-8253061440670653062","potions_obtained":[{"floor":1,"key":"Dexterity Potion"},{"floor":3,"key":"SpeedPotion"},{"floor":5,"key":"Fire Potion"}],"is_trial":false,"path_per_floor":["M","?","M","$","M","E","R","$","T","E","M","R","M","E","R","B",null,"M","$","M"],"character_chosen":"DEFECT","items_purchased":["Capacitor","Gash","Defragment"],"campfire_rested":0,"item_purchase_floors":[4,4,19],"current_hp_per_floor":[64,64,60,60,60,52,52,52,52,42,37,37,29,24,24,18,53,27,27,0,0],"gold":66,"neow_bonus":"THREE_RARE_CARDS","is_daily":false,"chose_seed":false,"campfire_upgraded":3,"win_rate":0.0,"timestamp":1614116456,"path_taken":["M","?","M","$","M","E","R","$","T","E","?","R","M","E","R","BOSS","M","$","M"],"items_purchased_type":["Card","Card","Card"],"build_version":"2020-12-22","purchased_purges":0,"victory":false,"max_hp_per_floor":[64,64,64,64,64,64,64,64,64,64,64,64,64,64,64,64,64,64,64,64,64],"relic_stats":{"counters":[11,41],"Ectoplasm":13,"Art of War":[7],"Kunai":[3],"obtain_stats":[{"Molten Egg 2":9,"Ectoplasm":17,"Art of War":10,"EVO:Axolotl":0,"Kunai":14,"Cracked Core":0,"Meat on the Bone":6},{"Molten Egg 2":4,"Ectoplasm":9,"Art of War":5,"EVO:Axolotl":0,"Kunai":8,"Cracked Core":0,"Meat on the Bone":4},{"Molten Egg 2":9,"Ectoplasm":33,"Art of War":14,"EVO:Axolotl":0,"Kunai":24,"Cracked Core":0,"Meat on the Bone":9}],"Meat on the Bone":48},"card_choices":[{"not_picked":["Amplify","Creative AI"],"picked":"Electrodynamics","floor":0},{"not_picked":["Fusion","Stack"],"picked":"Reinforced Body","floor":1},{"not_picked":["Storm","Leap"],"picked":"Conserve Battery","floor":3},{"not_picked":["Coolheaded","Turbo"],"picked":"Gash","floor":5},{"not_picked":["Chill","Recycle"],"picked":"Genetic Algorithm","floor":6},{"not_picked":["Rainbow","Storm"],"picked":"Cold Snap+1","floor":10},{"not_picked":["Tempest","Cold Snap+1"],"picked":"Loop","floor":11},{"not_picked":["Cold Snap+1","Stack"],"picked":"Capacitor","floor":13},{"not_picked":["Sweeping Beam+1","Chaos"],"picked":"Darkness","floor":14},{"not_picked":["Meteor Strike+1","Hyperbeam+1"],"picked":"All For One+1","floor":16},{"not_picked":["Beam Cell+1","Sweeping Beam+1"],"picked":"Skim","floor":18}],"player_experience":722057,"relics_obtained":[{"floor":6,"key":"Meat on the Bone"},{"floor":9,"key":"Molten Egg 2"},{"floor":10,"key":"Art of War"},{"floor":14,"key":"Kunai"}],"event_choices":[{"damage_healed":0,"gold_gain":0,"player_choice":"Upgraded","damage_taken":0,"max_hp_gain":0,"max_hp_loss":0,"event_name":"Upgrade Shrine","floor":2,"gold_loss":0,"cards_upgraded":["Zap"]}],"is_beta":false,"boss_relics":[{"not_picked":["Pandora\u0027s Box","Coffee Dripper"],"picked":"Ectoplasm"}],"items_purged_floors":[],"is_endless":false,"potions_floor_spawned":[1,3,5],"killed_by":"2 Thieves","ascension_level":20}}