{"host":"ymmeoa1x24ihslbm","time":1614049582,"event":{"mods":["AchievementEnabler","BaseMod","Colored Map","Colored Powertips","Defuse TimeMaze Blight","Hermit","Highlight Path","Minty Spire (QoL Compilation)","Permanent Neow","Quick Restart","StSLib","Unceasing Turn Reminder"],"gold_per_floor":[117,192,210,229,504,504,537,556,556,556,586,586,601,601,601,601,601],"floor_reached":16,"language":"ENG","playtime":960,"items_purged":[],"score":116,"play_id":"b1b6d6df-2c7a-405f-ac44-a191c37cc7a4","local_time":"20210223040622","is_ascension_mode":true,"campfire_choices":[{"data":"hermit:Maintenance","floor":6,"key":"SMITH"},{"data":"hermit:HighCaliber","floor":10,"key":"SMITH"},{"data":"hermit:EyeOfTheStorm","floor":12,"key":"SMITH"},{"data":"hermit:Dissolve","floor":15,"key":"SMITH"}],"circlet_count":0,"master_deck":["hermit:Strike_Hermit","hermit:Strike_Hermit","hermit:Strike_Hermit","hermit:Strike_Hermit","hermit:Defend_Hermit","hermit:Defend_Hermit","hermit:Defend_Hermit+1","hermit:Defend_Hermit","hermit:Snapshot+1","hermit:Covet+1","hermit:Dissolve+1","hermit:Glare","hermit:Maintenance+1","Regret","hermit:HighCaliber+1","hermit:EyeOfTheStorm+1","hermit:Horror+1","hermit:GhostlyPresence+1"],"relics":["hermit:Momento","Blood Vial","War Paint","Toxic Egg 2"],"acts_visited":["Exordium"],"potions_floor_usage":[16],"damage_taken":[{"damage":0,"enemies":"Small Slimes","floor":1,"turns":4},{"damage":1,"enemies":"Jaw Worm","floor":3,"turns":4},{"damage":0,"enemies":"Cultist","floor":4,"turns":3},{"damage":13,"enemies":"3 Sentries","floor":7,"turns":12},{"damage":0,"enemies":"Looter","floor":8,"turns":3},{"damage":12,"enemies":"Lagavulin","floor":11,"turns":5},{"damage":0,"enemies":"2 Fungi Beasts","floor":13,"turns":3},{"damage":48,"enemies":"Slime Boss","floor":16,"turns":7}],"seed_played":"-8388342503514120117","potions_obtained":[{"floor":8,"key":"Strength Potion"},{"floor":11,"key":"Swift Potion"}],"is_trial":false,"path_per_floor":["M","?","M","M","?","R","E","M","T","R","E","R","M","?","R","B"],"character_chosen":"HERMIT","items_purchased":[],"campfire_rested":0,"item_purchase_floors":[],"current_hp_per_floor":[75,64,63,63,63,63,50,52,52,52,42,42,44,44,44,0,0],"gold":601,"neow_bonus":"ONE_RANDOM_RARE_CARD","is_daily":false,"chose_seed":false,"campfire_upgraded":4,"win_rate":0.0,"timestamp":1614049582,"path_taken":["M","?","M","M","?","R","E","M","T","R","E","R","?","?","R","BOSS"],"items_purchased_type":[],"build_version":"2020-12-22","purchased_purges":0,"victory":false,"max_hp_per_floor":[75,75,75,75,75,75,75,75,75,75,75,75,75,75,75,75,75],"card_choices":[{"not_picked":["hermit:ItchyTrigger","hermit:Malice"],"picked":"hermit:Glare","floor":1},{"not_picked":["hermit:Deadeye","hermit:Manifest"],"picked":"hermit:Maintenance","floor":3},{"not_picked":["hermit:NoHoldsBarred","hermit:HoleUp","hermit:Midnight"],"picked":"SKIP","floor":4},{"not_picked":["hermit:Ricochet","hermit:Coalescence"],"picked":"hermit:HighCaliber","floor":7},{"not_picked":["hermit:Manifest","hermit:Enervate"],"picked":"hermit:EyeOfTheStorm","floor":8},{"not_picked":["hermit:Adapt","hermit:DeadMansHand+1"],"picked":"hermit:Horror+1","floor":11},{"not_picked":["hermit:BodyArmor+1","hermit:Vantage+1"],"picked":"hermit:GhostlyPresence+1","floor":13}],"player_experience":693024,"relics_obtained":[{"floor":7,"key":"Blood Vial"},{"floor":9,"key":"War Paint"},{"floor":11,"key":"Toxic Egg 2"}],"event_choices":[{"damage_healed":0,"gold_gain":75,"player_choice":"Gather Gold","damage_taken":11,"max_hp_gain":0,"max_hp_loss":0,"event_name":"World of Goop","floor":2,"gold_loss":0},{"damage_healed":0,"gold_gain":275,"player_choice":"Desecrate","damage_taken":0,"max_hp_gain":0,"max_hp_loss":0,"event_name":"Golden Shrine","floor":5,"gold_loss":0,"cards_obtained":["Regret"]},{"damage_healed":0,"gold_gain":0,"player_choice":"Grow","damage_taken":0,"max_hp_gain":0,"max_hp_loss":0,"event_name":"Living Wall","floor":14,"gold_loss":0,"cards_upgraded":["hermit:Snapshot"]}],"is_beta":false,"boss_relics":[],"items_purged_floors":[],"is_endless":false,"potions_floor_spawned":[8,11],"killed_by":"Slime Boss","ascension_level":1}}