{"host":"wugyjexek1po53fc","time":1614065463,"event":{"mods":["Act Like it!","BaseMod","Challenge The Spire","Colored Powertips","Downfall","Gensokyo","Good Game Mod","Infinite Spire","Lobotomy","LobotomyExtend","Minty Spire (QoL Compilation)","Quick Restart","Replay The Spire","Spicy Shops","StSLib","SuperFastMode","The Administrix","The Construct","The Marked","Yakumo Yukari mod"],"gold_per_floor":[99,114,129,129,144,144,144,144,159,69,69,49,64,691,718,830,842,854,881,908,920,932,944,956,293,305,342,369,381,708,735,762,874,886,898,925,937,949,976,134,134,134,149,179,372,387,402,417,432,432],"floor_reached":51,"language":"ZHS","playtime":4226,"items_purged":["Delirium","Defend_R","Defend_R"],"score":875,"play_id":"593a2b61-d0f7-4a9c-93e0-d08605684741","local_time":"20210223153103","daily_mods":["Heirloom","Vintage","Elite Swarm"],"is_ascension_mode":false,"campfire_choices":[{"data":"Bash","floor":1,"key":"SMITH"},{"data":"Auto Shields","floor":8,"key":"SMITH"},{"data":"Inflame","floor":18,"key":"SMITH"},{"data":"Defend_R+1","floor":29,"key":"SMITH"},{"floor":35,"key":"REST"},{"data":"Defend_R","floor":42,"key":"SMITH"}],"circlet_count":0,"master_deck":["Strike_R+1","Strike_R+1","Strike_R+1","Strike_R+2","Defend_R+1","Defend_R+2","Bash+1","Auto Shields+1","Inflame+1","Warcry+1","Replay:Undeath\u0027s Touch+1","Replay:Many Hands+1","Gensokyo:LochNessMonster+1","Corruption+1","Replay:Undeath\u0027s Touch+1","Dark Shackles+1","Dark Embrace+1","Exhume+1","Havoc"],"relics":["Burning Blood","REME:ComplimentaryCards","Dead Branch","ReplayFunnel","LetterFromLob","Golden Egg","Garlic","Ancient Tea Set","Lizard Tail","ReplayTheSpireMod:CursedCoin","ReplayTheSpireMod:Spearhead","MawBank","Old Coin","infinitespire:Satchel","construct:WeddingRing","PreservedInsect","infinitespire:CheckeredPen","Simple Rune","Gensokyo:SongOfSouls","Divine Protection","Chemical X","ClockworkSouvenir","Guide Book","Replay:Rubber Ducky","hexamod:Sixitude","infinitespire:Lucky Rock","Replay:Bottled Flurry","Iron Hammer","Snecko Heart","Art of War","Replay:Mystery Machine","Replay:Bottled Eggs","Guardian:GemstoneGun","DollysMirror","Replay:Kaleidoscope","infinitespire:EmpoweringShard","TungstenRod","Boot","Vajra","Replay:Baseball","infinitespire:Midas Blood","Mummified Hand"],"acts_visited":["Gensokyo:Gensokyo","Gensokyo:Gensokyoer","TheBeyond"],"potions_floor_usage":[16,16,16,33,50],"damage_taken":[{"damage":1,"enemies":"Gensokyo:Python","floor":2,"turns":3},{"damage":4,"enemies":"Gensokyo:Gryphon","floor":3,"turns":4},{"damage":2,"enemies":"Gensokyo:3_Fairies","floor":5,"turns":4},{"damage":0,"enemies":"Gensokyo:LivingMonolith","floor":9,"turns":2},{"damage":0,"enemies":"downfall:FleeingMerchant","floor":10,"turns":4},{"damage":15,"enemies":"Gensokyo:3_Kodama","floor":13,"turns":7},{"damage":6,"enemies":"Gensokyo:VengefulSpirit","floor":14,"turns":5},{"damage":5,"enemies":"Gensokyo:Kitsune","floor":15,"turns":3},{"damage":21,"enemies":"WA_ARCHETYPE_RETAIN","floor":16,"turns":8},{"damage":8,"enemies":"Gensokyo:3_Dogs","floor":19,"turns":6},{"damage":0,"enemies":"Gensokyo:CosmicMonolith","floor":20,"turns":3},{"damage":0,"enemies":"Gensokyo:Wraith","floor":28,"turns":4},{"damage":0,"enemies":"Gensokyo:Chomper_and_Gloop","floor":30,"turns":3},{"damage":0,"enemies":"Gensokyo:Slime_Group","floor":31,"turns":3},{"damage":0,"enemies":"Gensokyo:Mirror_and_Dog","floor":32,"turns":2},{"damage":0,"enemies":"SI_MIRROR_ARCHETYPE","floor":33,"turns":4},{"damage":0,"enemies":"3 Shapes","floor":36,"turns":2},{"damage":0,"enemies":"Orb Walker","floor":39,"turns":1},{"damage":0,"enemies":"downfall:FleeingMerchant","floor":40,"turns":4},{"damage":0,"enemies":"Writhing Mass","floor":43,"turns":1},{"damage":0,"enemies":"R_Hoarder","floor":44,"turns":3},{"damage":0,"enemies":"3 Darklings","floor":46,"turns":2},{"damage":0,"enemies":"Sphere and 2 Shapes","floor":47,"turns":1},{"damage":0,"enemies":"Spire Growth","floor":48,"turns":2},{"damage":0,"enemies":"3 Darklings","floor":49,"turns":2},{"damage":0,"enemies":"DF_ARCHETYPE_ORBS","floor":50,"turns":2}],"seed_played":"-7386017133472573341","potions_obtained":[{"floor":2,"key":"Venom Potion"},{"floor":3,"key":"Dexterity Potion"},{"floor":14,"key":"ElixirPotion"},{"floor":20,"key":"FearPotion"},{"floor":31,"key":"Guardian:BlockOnCardUsePotion"},{"floor":33,"key":"Energy Potion"},{"floor":36,"key":"Block Potion"}],"is_trial":false,"path_per_floor":["R","M","M","?","M","?","T","R","M","$","M","COS","M","M","M","B",null,"R","M","M","?","?","?","T","COS","?","T","M","R","M","M","M","B",null,"R","M","?","AVR","M","$","T","R","M","E","?","M","M","M","M","B",null],"character_chosen":"IRONCLAD","items_purchased":["ReplayTheSpireMod:CursedCoin","ReplayTheSpireMod:Spearhead","Replay:Bottled Eggs","Guardian:GemstoneGun","DollysMirror","Dark Shackles","Dark Embrace","Replay:Kaleidoscope"],"campfire_rested":1,"item_purchase_floors":[10,10,40,40,40,40,40,40],"current_hp_per_floor":[80,80,80,80,80,80,80,80,80,80,80,80,71,71,72,57,80,80,78,80,74,74,74,74,74,74,74,74,74,74,74,74,74,74,74,74,74,74,74,74,74,74,74,74,74,74,74,74,74,74],"gold":432,"neow_bonus":"","is_daily":true,"chose_seed":false,"campfire_upgraded":5,"win_rate":0.0,"timestamp":1614065463,"path_taken":["R","M","M","?","?","?","T","R","M","$","M","COS","M","M","M","BOSS","R","M","M","?","?","?","T","COS","?","?","M","R","M","M","M","BOSS","R","M","?","AVR","M","$","T","R","?","E","?","M","M","?","M","BOSS"],"items_purchased_type":["Relic","Relic","Relic","Relic","Relic","Card","Card","Relic"],"build_version":"2020-12-22","purchased_purges":3,"victory":true,"max_hp_per_floor":[80,80,80,80,80,80,80,80,80,80,80,80,80,80,80,80,80,80,80,80,74,74,74,74,74,74,74,74,74,74,74,74,74,74,74,74,74,74,74,74,74,74,74,74,74,74,74,74,74,74],"card_choices":[{"not_picked":["Spot Weakness","Perfected Strike"],"picked":"Inflame","floor":4},{"not_picked":["Disarm","Spot Weakness"],"picked":"Warcry","floor":4},{"not_picked":["Demonic Infusion","Feel No Pain"],"picked":"Replay:Undeath\u0027s Touch","floor":10},{"not_picked":["Bludgeon","Impervious"],"picked":"Replay:Many Hands","floor":16},{"not_picked":["Fiend Fire","Bludgeon"],"picked":"Corruption","floor":33},{"not_picked":["Thunderclap","Hemokinesis","Entrench"],"picked":"SKIP","floor":40},{"not_picked":["Berserk","Impervious"],"picked":"Exhume","floor":44},{"not_picked":["Body Slam","Clash"],"picked":"Havoc","floor":45}],"player_experience":58647,"relics_obtained":[{"floor":2,"key":"ReplayFunnel"},{"floor":2,"key":"LetterFromLob"},{"floor":3,"key":"Golden Egg"},{"floor":5,"key":"Garlic"},{"floor":7,"key":"Ancient Tea Set"},{"floor":9,"key":"Lizard Tail"},{"floor":13,"key":"MawBank"},{"floor":14,"key":"Old Coin"},{"floor":15,"key":"infinitespire:Satchel"},{"floor":19,"key":"PreservedInsect"},{"floor":20,"key":"infinitespire:CheckeredPen"},{"floor":24,"key":"Divine Protection"},{"floor":27,"key":"Replay:Rubber Ducky"},{"floor":28,"key":"hexamod:Sixitude"},{"floor":30,"key":"infinitespire:Lucky Rock"},{"floor":31,"key":"Replay:Bottled Flurry"},{"floor":32,"key":"Iron Hammer"},{"floor":36,"key":"Art of War"},{"floor":39,"key":"Replay:Mystery Machine"},{"floor":41,"key":"infinitespire:EmpoweringShard"},{"floor":43,"key":"TungstenRod"},{"floor":44,"key":"Boot"},{"floor":46,"key":"Vajra"},{"floor":47,"key":"Replay:Baseball"},{"floor":48,"key":"infinitespire:Midas Blood"},{"floor":49,"key":"Mummified Hand"}],"event_choices":[],"is_beta":false,"boss_relics":[{"not_picked":["Ooze Armor","Runic Pyramid"],"picked":"construct:WeddingRing"},{"not_picked":["Kintsugi","Replay:Ancient Bell"],"picked":"Snecko Heart"}],"items_purged_floors":[10,38,40],"is_endless":false,"potions_floor_spawned":[2,3,14,15,20,31,33,36,44,46,47,48],"ascension_level":0}}