{"host":"i29s15dsg0c43zmx","time":1614105753,"event":{"mods":["AchievementEnabler","BaseMod","Colored Map","Minty Spire (QoL Compilation)","StSLib"],"gold_per_floor":[111,111,128,144,162,196,213,213,213,213,225,225,255,219,219,323,323,334,433,433,447,461,461,461,461],"floor_reached":24,"language":"ENG","playtime":1064,"items_purged":[],"score":208,"play_id":"993456f5-7d41-40f8-a012-18cc2081eb92","local_time":"20210223194233","is_ascension_mode":false,"campfire_choices":[{"data":"Zap","floor":8,"key":"SMITH"},{"floor":10,"key":"REST"},{"floor":15,"key":"REST"},{"data":"Darkness","floor":23,"key":"SMITH"}],"circlet_count":0,"master_deck":["Strike_B","Defend_B","Defend_B","Defend_B","Defend_B","Zap+1","Dualcast","Machine Learning","Heatsinks","Leap","Loop","Seek","Darkness+1","Redo","Electrodynamics","Doom and Gloom+1","Storm+1","Chill+1","Leap","Undo+1"],"relics":["Cracked Core","NeowsBlessing","Pen Nib","The Courier","Nunchaku","Pocketwatch","Astrolabe"],"acts_visited":["Exordium","TheCity"],"potions_floor_usage":[6,24],"damage_taken":[{"damage":0,"enemies":"Jaw Worm","floor":1,"turns":1},{"damage":0,"enemies":"Cultist","floor":3,"turns":1},{"damage":0,"enemies":"Small Slimes","floor":4,"turns":1},{"damage":16,"enemies":"2 Fungi Beasts","floor":5,"turns":4},{"damage":29,"enemies":"Lagavulin","floor":6,"turns":8},{"damage":28,"enemies":"Lots of Slimes","floor":7,"turns":6},{"damage":1,"enemies":"Looter","floor":11,"turns":3},{"damage":17,"enemies":"3 Sentries","floor":13,"turns":8},{"damage":25,"enemies":"Slime Boss","floor":16,"turns":8},{"damage":14,"enemies":"2 Thieves","floor":18,"turns":3},{"damage":17,"enemies":"Chosen","floor":21,"turns":5},{"damage":18,"enemies":"Shelled Parasite and Fungi","floor":22,"turns":6},{"damage":26,"enemies":"Slavers","floor":24,"turns":4}],"seed_played":"2231854227021116906","potions_obtained":[{"floor":1,"key":"Regen Potion"},{"floor":3,"key":"BlessingOfTheForge"},{"floor":4,"key":"PotionOfCapacity"},{"floor":6,"key":"LiquidBronze"},{"floor":20,"key":"EssenceOfSteel"},{"floor":20,"key":"SmokeBomb"}],"is_trial":false,"path_per_floor":["M","?","M","M","M","E","M","R","T","R","M","?","E","?","R","B",null,"M","?","?","M","M","R","E"],"character_chosen":"DEFECT","items_purchased":[],"campfire_rested":2,"item_purchase_floors":[],"current_hp_per_floor":[75,75,75,75,59,39,11,11,11,33,32,25,8,8,30,5,75,61,61,61,44,26,26,0,0],"gold":461,"neow_bonus":"THREE_ENEMY_KILL","is_daily":false,"chose_seed":false,"campfire_upgraded":2,"win_rate":0.0,"timestamp":1614105753,"path_taken":["M","?","M","?","M","E","M","R","T","R","M","?","E","?","R","BOSS","M","?","?","M","M","R","E"],"items_purchased_type":[],"build_version":"2020-12-22","purchased_purges":0,"victory":false,"max_hp_per_floor":[75,75,75,75,75,75,75,75,75,75,75,75,75,75,75,75,75,75,75,75,75,75,75,75,75],"card_choices":[{"not_picked":["Recycle","Compile Driver","FTL"],"picked":"SKIP","floor":1},{"not_picked":["Sweeping Beam","Go for the Eyes","Stack"],"picked":"SKIP","floor":3},{"not_picked":["Recycle","Reprogram"],"picked":"Heatsinks","floor":4},{"not_picked":["Reinforced Body","Hologram"],"picked":"Leap","floor":5},{"not_picked":["Compile Driver","Skim"],"picked":"Loop","floor":6},{"not_picked":["Streamline","Sweeping Beam"],"picked":"Seek","floor":7},{"not_picked":["Gash","Conserve Battery"],"picked":"Darkness","floor":11},{"not_picked":["Biased Cognition","Meteor Strike"],"picked":"Redo","floor":13},{"not_picked":["Fission","Biased Cognition"],"picked":"Electrodynamics","floor":16},{"not_picked":["Gash+1","Steam"],"picked":"Leap","floor":18},{"not_picked":["Streamline","Reinforced Body","Go for the Eyes"],"picked":"SKIP","floor":21},{"not_picked":["Barrage","Hologram"],"picked":"Undo+1","floor":22}],"player_experience":125792,"relics_obtained":[{"floor":6,"key":"Pen Nib"},{"floor":9,"key":"The Courier"},{"floor":13,"key":"Pocketwatch"}],"event_choices":[{"damage_healed":0,"gold_gain":0,"player_choice":"1 cards matched","damage_taken":0,"max_hp_gain":0,"max_hp_loss":0,"event_name":"Match and Keep!","floor":2,"gold_loss":0,"cards_obtained":["Machine Learning"]},{"damage_healed":0,"gold_gain":0,"player_choice":"Success","damage_taken":7,"relics_obtained":["Nunchaku"],"max_hp_gain":0,"max_hp_loss":0,"event_name":"Scrap Ooze","floor":12,"gold_loss":0},{"damage_healed":0,"gold_gain":0,"player_choice":"Left Gold","damage_taken":0,"max_hp_gain":0,"max_hp_loss":0,"event_name":"World of Goop","floor":14,"gold_loss":36},{"damage_healed":0,"gold_gain":99,"player_choice":"Stole From Cult","damage_taken":0,"max_hp_gain":0,"max_hp_loss":0,"event_name":"Nest","floor":19,"gold_loss":0},{"damage_healed":0,"gold_gain":0,"player_choice":"Got Potions","damage_taken":0,"max_hp_gain":0,"max_hp_loss":0,"event_name":"Lab","floor":20,"gold_loss":0}],"is_beta":false,"boss_relics":[{"not_picked":["Sozu","FrozenCore"],"picked":"Astrolabe"}],"items_purged_floors":[],"is_endless":false,"potions_floor_spawned":[1,3,4,6,16,18,22],"killed_by":"Slavers","ascension_level":0}}