{"host":"j2lclbvdfoh0nnbr","time":1614091527,"event":{"mods":["ATMod(∞¢Ë™Mod)","Aspiration","BaseMod","Downfall","Library of Ruina","Lobotomy","LobotomyExtend","Minty Spire (QoL Compilation)","Reimu£®≤©¿ˆ¡È√Œ£©","Replay The Spire","StSLib","The Animator","The Bug Knight","Waifu the Spire"],"gold_per_floor":[111,111,121,132,152,152,152,152,152,163,163,190,190,222,222,317,317,337,337,436,284,298,324,324,353,353,353,364,376,376,49,49,148,148,159,159,177,227,240,265,265,265,319,355,392,404,404,40,40,62],"floor_reached":51,"language":"ZHS","playtime":2024,"items_purged":["LightAttack","LightAttack"],"score":978,"play_id":"25a87292-7de3-485b-a8ba-4aa2ffe81b78","local_time":"20210223224527","is_ascension_mode":false,"campfire_choices":[{"data":"AT_FamilyPortrait","floor":6,"key":"SMITH"},{"data":"VenomousFangs","floor":8,"key":"SMITH"},{"data":"FeatherShield","floor":11,"key":"SMITH"},{"data":"Unlock1","floor":15,"key":"SMITH"},{"data":"Parry2","floor":24,"key":"SMITH"},{"data":"Concentration","floor":27,"key":"SMITH"},{"data":"AT_EmpoweredMortalDraw","floor":30,"key":"SMITH"},{"floor":32,"key":"REST"},{"data":"SomberProcuration","floor":41,"key":"SMITH"},{"floor":49,"key":"REST"}],"circlet_count":0,"master_deck":["AT_FamilyPortrait+1","StrikeDown+1","VenomousFangs+1","FeatherShield+1","Unlock1+1","SavageMode","AT_EmpoweredMortalDraw+1","SmokingPipe+1","Concentration+1","QuickSuppression+1","Parry2+1","BulkyImpact+1","Eradication+1","BattleCommand+1","Tailoring+1","SomberProcuration+1","Choke","m_BronzeAgony","Atom Bomb","Decapitation","BizarreAttack+1","GrazeTheGrass+1"],"relics":["PageOfLibrarian","AT_ATBox","LetterFromLob","Strawberry","Blue Candle","ReplayTheSpireMod:Ring of Addiction","White Beast Statue","SacredBark","Ring of Searing","PreservedInsect","AT_MortalBlade","aspiration:Lifesprig","Vajra","Singing Bowl","Membership Card","Bag of Marbles","Honey Jar","Replay:Bandana","BranchBurnRelic","Omamori","Pear","Bottled Tornado","Medical Kit","Calipers"],"acts_visited":["Exordium","TheCity","TheBeyond"],"potions_floor_usage":[16,22,25,33,39,44,45,50,50,50],"damage_taken":[{"damage":0,"enemies":"2 Louse","floor":1,"turns":2},{"damage":2,"enemies":"Small Slimes","floor":3,"turns":4},{"damage":0,"enemies":"Jaw Worm","floor":4,"turns":2},{"damage":12,"enemies":"Blue Slaver","floor":5,"turns":2},{"damage":2,"enemies":"Large Slime","floor":10,"turns":4},{"damage":0,"enemies":"Gremlin Nob","floor":12,"turns":2},{"damage":10,"enemies":"3 Sentries","floor":14,"turns":4},{"damage":6,"enemies":"Hexaghost","floor":16,"turns":4},{"damage":5,"enemies":"2 Thieves","floor":18,"turns":2},{"damage":5,"enemies":"Shell Parasite","floor":22,"turns":2},{"damage":19,"enemies":"Slavers","floor":23,"turns":3},{"damage":12,"enemies":"Gremlin Leader","floor":25,"turns":3},{"damage":0,"enemies":"3 Cultists","floor":28,"turns":2},{"damage":0,"enemies":"Centurion and Healer","floor":29,"turns":2},{"damage":16,"enemies":"Automaton","floor":33,"turns":4},{"damage":0,"enemies":"3 Shapes","floor":35,"turns":1},{"damage":0,"enemies":"3 Darklings","floor":37,"turns":1},{"damage":0,"enemies":"2 Orb Walkers","floor":38,"turns":1},{"damage":13,"enemies":"4 Shapes","floor":39,"turns":3},{"damage":16,"enemies":"Reptomancer","floor":40,"turns":3},{"damage":5,"enemies":"Transient","floor":44,"turns":5},{"damage":14,"enemies":"HollowMod:StalkingDevout","floor":45,"turns":2},{"damage":0,"enemies":"Sphere and 2 Shapes","floor":46,"turns":1},{"damage":18,"enemies":"Donu and Deca","floor":50,"turns":4},{"damage":40,"enemies":"Malkuth","floor":51,"turns":4},{"damage":94,"enemies":"Hod","floor":51,"turns":9}],"seed_played":"-5541641814321787732","potions_obtained":[{"floor":3,"key":"Weak Potion"},{"floor":13,"key":"Milkshake"},{"floor":13,"key":"SpeedPotion"},{"floor":16,"key":"FairyPotion"},{"floor":18,"key":"Energy Potion"},{"floor":22,"key":"Venom Potion"},{"floor":25,"key":"LiquidBronze"},{"floor":28,"key":"CultistPotion"},{"floor":33,"key":"Doom Potion"},{"floor":35,"key":"Energy Potion"},{"floor":37,"key":"ZuzhouPotion:ReiMu"},{"floor":38,"key":"ZuzhouPotion:ReiMu"},{"floor":39,"key":"LiquidBronze"},{"floor":40,"key":"ZuzhouPotion:ReiMu"},{"floor":44,"key":"SpeedPotion"},{"floor":45,"key":"EssenceOfSteel"},{"floor":46,"key":"MagicPotion:ReiMu"}],"is_trial":false,"path_per_floor":["M","?","M","M","M","R","?","R","T","M","R","E","?","E","R","B",null,"M","?","?","$","M","E","R","E","T","R","M","M","R","$","R","B",null,"M","?","M","?","M","E","R","?","T","M","E","M","?","$","R","B",null],"character_chosen":"Librarian","items_purchased":["Concentration","Membership Card","Bag of Marbles","Bottled Tornado","Medical Kit","Calipers"],"campfire_rested":2,"item_purchase_floors":[21,31,31,48,48,48],"current_hp_per_floor":[60,84,82,82,70,70,70,70,77,75,75,75,75,65,65,59,90,85,85,85,85,80,61,61,49,49,49,49,51,51,51,76,60,86,67,67,67,69,56,40,40,40,40,50,46,46,46,46,74,68],"gold":110,"neow_bonus":"ONE_RANDOM_RARE_CARD","is_daily":false,"chose_seed":false,"campfire_upgraded":8,"win_rate":0.0,"timestamp":1614091527,"path_taken":["M","?","M","M","M","R","?","R","T","M","R","E","?","E","R","BOSS","M","?","?","$","M","E","R","E","T","R","M","M","R","$","R","BOSS","M","?","?","?","M","E","R","?","T","M","E","?","?","$","R","BOSS"],"items_purchased_type":["Card","Relic","Relic","Relic","Relic","Relic"],"build_version":"2020-12-22","purchased_purges":2,"victory":true,"max_hp_per_floor":[84,84,84,84,84,84,84,84,91,91,91,91,91,90,90,90,90,90,90,88,88,88,88,88,88,88,88,88,88,88,88,86,86,86,67,67,73,69,75,70,70,70,68,68,93,80,80,80,96,96],"card_choices":[{"not_picked":["DarkCloud","Laceration","Eliminate"],"picked":"Reload","floor":1},{"not_picked":["Clone","PinpointShot","QuickAttack"],"picked":"StrikeDown","floor":3},{"not_picked":["HandleRequest","GutHarvesting","MultiHit"],"picked":"VenomousFangs","floor":4},{"not_picked":["Reload","GreatSerpentsImpact","PinpointShot"],"picked":"FeatherShield","floor":5},{"not_picked":["BizarreAttack","MultiBlock","Feast","ConcentratedFire"],"picked":"SKIP","floor":10},{"not_picked":["Pound","ButterflySlash","SnakesPrey","Feast"],"picked":"SKIP","floor":12},{"not_picked":["SharpenedBlade","GreatSerpentsImpact","MultiBlock"],"picked":"Unlock1","floor":14},{"not_picked":["ChargeUp","GutHarvesting"],"picked":"SavageMode","floor":16},{"not_picked":["EnergyStrike","UnforgettableMelody","Duel_lor"],"picked":"SmokingPipe","floor":18},{"not_picked":["ShockRound+1","BizarreAttack","FeatherShield"],"picked":"QuickSuppression+1","floor":22},{"not_picked":["FeatherShield+1","GrazeTheGrass","BindingChains"],"picked":"Parry2","floor":23},{"not_picked":["StrikeDown","InhaleSmoke","HandleRequest"],"picked":"BulkyImpact+1","floor":25},{"not_picked":["MultiHit","StrikeDown","FeatherShield"],"picked":"HiddenBlade+1","floor":28},{"not_picked":["StrongStrike+1","GreatSerpentsImpact+1","SmokingPipe+1","SerpentSwordTechnique"],"picked":"Singing Bowl","floor":29},{"not_picked":["SavageMode","ChargeUp"],"picked":"Eradication","floor":33},{"not_picked":["Laceration+1","SnakesPrey+1","QuickSuppression","FierceCharge+1","ViolentFlame+1"],"picked":"Singing Bowl","floor":35},{"not_picked":["MindCrush","SearingSword+1","BattleCommand+1","Unlock1","SerpentineBarrier"],"picked":"Singing Bowl","floor":37},{"not_picked":["BackstreetsDash","Concentration","AsThePrescriptOrders+1","StrikeDown","BulkyImpact+1"],"picked":"Singing Bowl","floor":38},{"not_picked":["SummaryJudgment","Eject","Laceration+1","MindWhip"],"picked":"Tailoring+1","floor":39},{"not_picked":["WillBeTasty","MultiBlock","SunsetBlade+1","StrongStrike"],"picked":"SomberProcuration","floor":40},{"not_picked":["Unlock1+1","ForTheFamily","FaintMemories+1","SharpenedBlade"],"picked":"Decapitation","floor":44},{"not_picked":["MultiBlock+1","TendonChords+1","SilentMist","HeavyPeaks"],"picked":"BizarreAttack+1","floor":45},{"not_picked":["DirtyBlow","Pound+1","SilentMist","Reload"],"picked":"GrazeTheGrass+1","floor":46}],"player_experience":353599,"relics_obtained":[{"floor":1,"key":"LetterFromLob"},{"floor":9,"key":"Strawberry"},{"floor":12,"key":"Blue Candle"},{"floor":13,"key":"ReplayTheSpireMod:Ring of Addiction"},{"floor":13,"key":"White Beast Statue"},{"floor":13,"key":"SacredBark"},{"floor":13,"key":"Ring of Searing"},{"floor":14,"key":"PreservedInsect"},{"floor":23,"key":"aspiration:Lifesprig"},{"floor":25,"key":"Vajra"},{"floor":26,"key":"Singing Bowl"},{"floor":38,"key":"Dead Branch"},{"floor":40,"key":"Replay:Bandana"},{"floor":43,"key":"Omamori"},{"floor":45,"key":"Pear"}],"event_choices":[{"damage_healed":0,"gold_gain":0,"player_choice":"Grow","damage_taken":0,"max_hp_gain":0,"max_hp_loss":0,"event_name":"Living Wall","floor":7,"gold_loss":0,"cards_upgraded":["StrikeDown"]},{"damage_healed":0,"gold_gain":99,"player_choice":"Stole From Cult","damage_taken":0,"max_hp_gain":0,"max_hp_loss":0,"event_name":"Nest","floor":20,"gold_loss":0},{"damage_healed":0,"gold_gain":0,"player_choice":"Forge","damage_taken":0,"max_hp_gain":0,"max_hp_loss":0,"event_name":"Accursed Blacksmith","floor":36,"gold_loss":0,"cards_upgraded":["Eradication"]},{"damage_healed":0,"gold_gain":0,"player_choice":"Fight","damage_taken":0,"max_hp_gain":0,"max_hp_loss":0,"event_name":"Mysterious Sphere","floor":38,"gold_loss":0}],"is_beta":false,"boss_relics":[{"not_picked":["aspiration:RunicSpoon","aspiration:FutureDiary"],"picked":"AT_MortalBlade"},{"not_picked":["aspiration:RitualDagger","Coffee Dripper"],"picked":"Honey Jar"}],"items_purged_floors":[21,31],"is_endless":false,"potions_floor_spawned":[3,14,16,18,22,23,25,28,29,33,35,37,38,39,40,44,45,46,51,51],"ascension_level":0}}