{"host":"sav7uxregyirlf69","time":1614059150,"event":{"mods":["AchievementEnabler","BaseMod","Colored Map","DeckTracker","Keyboard Shortcuts","Minty Spire (QoL Compilation)","READ ME - Guardian Mod","StSLib","SuperFastMode"],"gold_per_floor":[144,189,149,194,239,329,386,488,500,602,50,0,0,75,75,375,375,420,420,420,420,465,555,555,645,645,555,46,136,181,181,181],"floor_reached":31,"language":"KOR","playtime":774,"items_purged":["Reckless Charge"],"score":336,"play_id":"a094c275-d92f-4fed-9aa8-976c3acce37d","local_time":"20210223144550","daily_mods":["Draft","Flight","Midas"],"is_ascension_mode":false,"campfire_choices":[{"floor":15,"key":"REST"},{"floor":24,"key":"REST"}],"circlet_count":0,"master_deck":["Spot Weakness","Evolve","Armaments+1","Shrug It Off","Shockwave","Wild Strike","Infernal Blade","Body Slam","Pommel Strike","Iron Wave","Battle Trance+1","True Grit","Shrug It Off","Rage","Fire Breathing","Dark Embrace","Master of Strategy","Barricade","Necronomicurse","Evolve+1","Pummel+1","Ghostly Armor+1","Burning Pact+1","Reaper+1","Shockwave+1"],"relics":["Burning Blood","MawBank","InkBottle","Centennial Puzzle","Molten Egg 2","Ginger","Snecko Eye","Calipers","Necronomicon","Akabeko","Bird Faced Urn","Toxic Egg 2","ClockworkSouvenir","Paper Frog","Dream Catcher"],"acts_visited":["Exordium","TheCity"],"potions_floor_usage":[16,23,25,29,31,31],"damage_taken":[{"damage":0.0,"enemies":"Jaw Worm","floor":1.0,"turns":3.0},{"damage":0.0,"enemies":"Cultist","floor":2.0,"turns":3.0},{"damage":0.0,"enemies":"2 Louse","floor":4.0,"turns":1.0},{"damage":0.0,"enemies":"Looter","floor":5.0,"turns":2.0},{"damage":8.0,"enemies":"Gremlin Nob","floor":6.0,"turns":4.0},{"damage":0.0,"enemies":"Large Slime","floor":7.0,"turns":4.0},{"damage":2.0,"enemies":"3 Sentries","floor":8.0,"turns":5.0},{"damage":8.0,"enemies":"Lagavulin","floor":10.0,"turns":6.0},{"damage":25,"enemies":"Hexaghost","floor":16,"turns":6},{"damage":10,"enemies":"Chosen","floor":18,"turns":4},{"damage":2,"enemies":"Shell Parasite","floor":22,"turns":4},{"damage":3,"enemies":"Gremlin Leader","floor":23,"turns":7},{"damage":22,"enemies":"Slavers","floor":25,"turns":5},{"damage":21,"enemies":"Book of Stabbing","floor":29,"turns":4},{"damage":22,"enemies":"Centurion and Healer","floor":30,"turns":9},{"damage":42,"enemies":"Slavers","floor":31,"turns":4}],"seed_played":"-7386017133472573341","potions_obtained":[{"floor":1.0,"key":"DistilledChaos"},{"floor":2.0,"key":"Dexterity Potion"},{"floor":3.0,"key":"PowerPotion"},{"floor":16,"key":"BlessingOfTheForge"},{"floor":23,"key":"Fruit Juice"},{"floor":25,"key":"ColorlessPotion"},{"floor":29,"key":"DuplicationPotion"}],"is_trial":false,"path_per_floor":["M","M","?","M","M","E","M","E","T","E","$","?","?","?","R","B",null,"M","?","?","?","M","E","R","E","T","?","$","E","M","E"],"character_chosen":"IRONCLAD","items_purchased":["Dark Embrace","Master of Strategy","Ginger","ClockworkSouvenir","Burning Pact+1","Paper Frog"],"campfire_rested":2,"item_purchase_floors":[11,11,11,28,28,28],"current_hp_per_floor":[80,80,80,80,80,78,80,80,80,78,78,78,78,67,80,61,80,76,76,60,60,64,67,80,64,64,64,64,62,84,66,66],"gold":181,"neow_bonus":"","is_daily":true,"chose_seed":false,"campfire_upgraded":0,"win_rate":0.0,"timestamp":1614059150,"path_taken":["M","M","?","M","M","E","?","E","T","E","$","?","?","?","R","BOSS","M","?","?","?","M","E","R","E","T","?","$","E","?","E"],"items_purchased_type":["Card","Card","Relic","Relic","Card","Relic"],"build_version":"2020-12-22","purchased_purges":1,"victory":false,"max_hp_per_floor":[80,80,80,80,80,80,80,80,80,80,80,80,80,80,80,80,80,80,80,80,80,80,80,80,80,80,80,80,85,85,85,85],"card_choices":[{"not_picked":["Entrench","Thunderclap"],"picked":"Spot Weakness","floor":0.0},{"not_picked":["True Grit","Battle Trance"],"picked":"Evolve","floor":0.0},{"not_picked":["Body Slam","Iron Wave"],"picked":"Armaments","floor":0.0},{"not_picked":["Searing Blow","Flame Barrier"],"picked":"Shrug It Off","floor":0.0},{"not_picked":["Flex","Heavy Blade"],"picked":"Shockwave","floor":0.0},{"not_picked":["Clash","Heavy Blade"],"picked":"Wild Strike","floor":0.0},{"not_picked":["Flex","Thunderclap"],"picked":"Infernal Blade","floor":0.0},{"not_picked":["Heavy Blade","Iron Wave"],"picked":"Body Slam","floor":0.0},{"not_picked":["True Grit","Rampage"],"picked":"Pommel Strike","floor":0.0},{"not_picked":["Pummel","Headbutt"],"picked":"Reckless Charge","floor":0.0},{"not_picked":["Flex","Body Slam"],"picked":"Cleave","floor":0.0},{"not_picked":["Perfected Strike","Heavy Blade"],"picked":"Anger","floor":0.0},{"not_picked":["Heavy Blade","Warcry"],"picked":"Iron Wave","floor":0.0},{"not_picked":["Uppercut","Pommel Strike"],"picked":"Battle Trance","floor":0.0},{"not_picked":["Perfected Strike","Headbutt"],"picked":"True Grit","floor":0.0},{"not_picked":["Heavy Blade","Anger","Sword Boomerang"],"picked":"SKIP","floor":1.0},{"not_picked":["Armaments","Entrench"],"picked":"Shrug It Off","floor":2.0},{"not_picked":["Reckless Charge","Flex"],"picked":"Rage","floor":4.0},{"not_picked":["Fiend Fire","Iron Wave","Body Slam"],"picked":"SKIP","floor":5.0},{"not_picked":["Heavy Blade","Iron Wave","Shrug It Off"],"picked":"SKIP","floor":6.0},{"not_picked":["Headbutt","Heavy Blade","Intimidate"],"picked":"SKIP","floor":7.0},{"not_picked":["Perfected Strike","Combust"],"picked":"Fire Breathing","floor":8.0},{"not_picked":["Reckless Charge+1","Warcry","Thunderclap+1"],"picked":"SKIP","floor":10.0},{"not_picked":["Exhume","Demon Form"],"picked":"Barricade","floor":16},{"not_picked":["Thunderclap+1","Heavy Blade+1","Dropkick+1"],"picked":"SKIP","floor":18},{"not_picked":["Sword Boomerang+1","Havoc"],"picked":"Evolve+1","floor":22},{"not_picked":["Pommel Strike+1","Intimidate+1"],"picked":"Pummel+1","floor":23},{"not_picked":["Searing Blow+1","Combust+1"],"picked":"Ghostly Armor+1","floor":25},{"not_picked":["Flex+1","Thunderclap+1"],"picked":"Reaper+1","floor":29},{"not_picked":["Clash+1","Thunderclap+1"],"picked":"Shockwave+1","floor":30}],"player_experience":1668122,"relics_obtained":[{"floor":6.0,"key":"MawBank"},{"floor":8.0,"key":"InkBottle"},{"floor":9.0,"key":"Centennial Puzzle"},{"floor":10.0,"key":"Molten Egg 2"},{"floor":20,"key":"Necronomicon"},{"floor":23,"key":"Akabeko"},{"floor":25,"key":"Bird Faced Urn"},{"floor":26,"key":"Toxic Egg 2"},{"floor":29,"key":"Dream Catcher"}],"event_choices":[{"damage_healed":0.0,"max_hp_gain":0.0,"max_hp_loss":0.0,"gold_gain":0.0,"event_name":"The Woman in Blue","player_choice":"Bought 3 Potions","floor":3.0,"gold_loss":0.0,"damage_taken":0.0},{"cards_removed":["Cleave"],"damage_healed":0,"gold_gain":0,"player_choice":"Card Removal","damage_taken":0,"max_hp_gain":0,"max_hp_loss":0,"event_name":"The Cleric","floor":12,"gold_loss":50},{"damage_healed":0,"gold_gain":0,"player_choice":"Grow","damage_taken":0,"max_hp_gain":0,"max_hp_loss":0,"event_name":"Living Wall","floor":13,"gold_loss":0,"cards_upgraded":["Armaments"]},{"damage_healed":0,"gold_gain":75,"player_choice":"Gather Gold","damage_taken":11,"max_hp_gain":0,"max_hp_loss":0,"event_name":"World of Goop","floor":14,"gold_loss":0},{"damage_healed":0,"gold_gain":0,"player_choice":"Opened","damage_taken":0,"relics_obtained":["Calipers"],"max_hp_gain":0,"max_hp_loss":0,"event_name":"The Mausoleum","floor":19,"gold_loss":0},{"damage_healed":0,"gold_gain":0,"player_choice":"Obtained Book","damage_taken":16,"max_hp_gain":0,"max_hp_loss":0,"event_name":"Cursed Tome","floor":20,"gold_loss":0},{"damage_healed":0,"gold_gain":0,"player_choice":"Ignored","damage_taken":0,"max_hp_gain":0,"max_hp_loss":0,"event_name":"Ghosts","floor":21,"gold_loss":0},{"cards_removed":["Anger"],"damage_healed":0,"gold_gain":0,"player_choice":"Upgrade and Remove","damage_taken":0,"max_hp_gain":0,"max_hp_loss":0,"event_name":"Designer","floor":27,"gold_loss":90,"cards_upgraded":["Battle Trance"]}],"is_beta":false,"boss_relics":[{"not_picked":["Sozu","Astrolabe"],"picked":"Snecko Eye"}],"items_purged_floors":[28],"is_endless":false,"potions_floor_spawned":[1,2,5,16,23,25,29],"killed_by":"Slavers","ascension_level":0}}