{"host":"dkr0dog13pegamnp","time":1614083645,"event":{"mods":["AchievementEnabler","BaseMod","Minty Spire (QoL Compilation)","Rare Cards Sparkle","StSLib","SuperFastMode","everything is the same but u backflip on backflip"],"gold_per_floor":[114,45,120,44,44,69,69,104,104,119,135,148,148,171,171,245,245,264,276,286,303,315,315,204,204,250,250,282,282,282],"floor_reached":29,"language":"KOR","playtime":1218,"items_purged":["Strike_G"],"score":500,"play_id":"95c241db-fdca-40ab-9276-2bd3065b4d2d","local_time":"20210223213405","is_ascension_mode":true,"campfire_choices":[{"data":"Crippling Poison","floor":13,"key":"SMITH"},{"data":"Footwork","floor":15,"key":"SMITH"},{"data":"Venomology","floor":23,"key":"SMITH"},{"data":"Footwork","floor":25,"key":"SMITH"},{"data":"Bouncing Flask","floor":27,"key":"SMITH"}],"circlet_count":0,"master_deck":["AscendersBane","Strike_G","Strike_G","Strike_G","Strike_G","Defend_G","Defend_G","Defend_G","Defend_G","Defend_G","Survivor","Neutralize","Crippling Poison+1","Caltrops","Footwork+1","Backflip","Venomology+1","Bouncing Flask+1","Tactician","Deadly Poison","Footwork+1","Noxious Fumes"],"relics":["Ring of the Snake","NeowsBlessing","The Specimen","Paper Crane","Ginger","Ancient Tea Set","Lantern","SacredBark","Bag of Preparation","Regal Pillow"],"acts_visited":["Exordium","TheCity"],"potions_floor_usage":[10,16,16,18,19,20,21,21,21,22,22,28,29],"damage_taken":[{"damage":0,"enemies":"2 Louse","floor":1,"turns":1},{"damage":0,"enemies":"Lagavulin","floor":6,"turns":1},{"damage":0,"enemies":"Gremlin Nob","floor":8,"turns":1},{"damage":0,"enemies":"Small Slimes","floor":10,"turns":2},{"damage":0,"enemies":"Cultist","floor":11,"turns":6},{"damage":0,"enemies":"2 Fungi Beasts","floor":12,"turns":5},{"damage":2,"enemies":"The Guardian","floor":16,"turns":20},{"damage":0,"enemies":"Chosen","floor":18,"turns":5},{"damage":11,"enemies":"Shell Parasite","floor":19,"turns":14},{"damage":4,"enemies":"Shelled Parasite and Fungi","floor":20,"turns":5},{"damage":0,"enemies":"3 Cultists","floor":21,"turns":4},{"damage":14,"enemies":"Snecko","floor":22,"turns":10},{"damage":49,"enemies":"Slavers","floor":28,"turns":10},{"damage":14,"enemies":"Sentry and Sphere","floor":29,"turns":3}],"seed_played":"-2669480715115158788","potions_obtained":[{"floor":1,"key":"LiquidMemories"},{"floor":6,"key":"FearPotion"},{"floor":8,"key":"Fire Potion"},{"floor":11,"key":"AttackPotion"},{"floor":18,"key":"Swift Potion"},{"floor":20,"key":"SkillPotion"},{"floor":21,"key":"SpeedPotion"}],"is_trial":false,"path_per_floor":["M","$","?","$","?","E","?","E","T","M","M","M","R","T","R","B",null,"M","M","M","M","M","R","$","R","T","R","E","M"],"character_chosen":"THE_SILENT","items_purchased":["Caltrops","Footwork","Footwork"],"campfire_rested":0,"item_purchase_floors":[2,4,24],"current_hp_per_floor":[63,63,52,52,57,57,50,50,50,50,50,50,50,50,50,48,68,68,75,71,71,57,57,57,57,57,57,8,0,0],"gold":282,"neow_bonus":"THREE_ENEMY_KILL","is_daily":false,"chose_seed":false,"campfire_upgraded":5,"win_rate":0.0,"timestamp":1614083645,"path_taken":["M","$","?","$","?","E","?","E","T","M","M","M","R","?","R","BOSS","M","M","M","M","M","R","?","R","T","R","E","M"],"items_purchased_type":["Card","Card","Card"],"build_version":"2020-12-22","purchased_purges":1,"victory":false,"max_hp_per_floor":[70,70,70,70,75,75,75,75,75,75,75,75,75,75,75,75,75,75,75,75,75,75,75,75,75,75,75,75,75,75],"card_choices":[{"not_picked":["Underhanded Strike","Dagger Throw"],"picked":"Crippling Poison","floor":1},{"not_picked":["Distraction","Cloak And Dagger","Outmaneuver"],"picked":"SKIP","floor":6},{"not_picked":["Masterful Stab","Envenom","Poisoned Stab"],"picked":"SKIP","floor":8},{"not_picked":["Infinite Blades","Flying Knee"],"picked":"Backflip","floor":10},{"not_picked":["Blade Dance","Backstab","Deflect"],"picked":"SKIP","floor":11},{"not_picked":["Prepared","Backstab","Deflect"],"picked":"SKIP","floor":12},{"not_picked":["A Thousand Cuts","Phantasmal Killer"],"picked":"Venomology","floor":16},{"not_picked":["Dagger Spray","Accuracy","All Out Attack"],"picked":"SKIP","floor":18},{"not_picked":["Heel Hook","Bane"],"picked":"Bouncing Flask","floor":19},{"not_picked":["Quick Slash","Accuracy"],"picked":"Tactician","floor":20},{"not_picked":["Dodge and Roll","Riddle With Holes","Underhanded Strike"],"picked":"SKIP","floor":21},{"not_picked":["Blade Dance","Flying Knee"],"picked":"Deadly Poison","floor":22},{"not_picked":["Poisoned Stab+1","Expertise"],"picked":"Noxious Fumes","floor":28}],"player_experience":98919,"relics_obtained":[{"floor":6,"key":"The Specimen"},{"floor":8,"key":"Ginger"},{"floor":9,"key":"Ancient Tea Set"},{"floor":14,"key":"Lantern"},{"floor":26,"key":"Bag of Preparation"},{"floor":28,"key":"Regal Pillow"}],"event_choices":[{"damage_healed":0,"gold_gain":75,"player_choice":"Gather Gold","damage_taken":11,"max_hp_gain":0,"max_hp_loss":0,"event_name":"World of Goop","floor":3,"gold_loss":0},{"damage_healed":0,"gold_gain":0,"player_choice":"Donut","damage_taken":0,"max_hp_gain":5,"max_hp_loss":0,"event_name":"Big Fish","floor":5,"gold_loss":0},{"damage_healed":0,"gold_gain":0,"player_choice":"Success","damage_taken":7,"relics_obtained":["Paper Crane"],"max_hp_gain":0,"max_hp_loss":0,"event_name":"Scrap Ooze","floor":7,"gold_loss":0}],"is_beta":false,"boss_relics":[{"not_picked":["Ectoplasm","Philosopher\u0027s Stone"],"picked":"SacredBark"}],"items_purged_floors":[24],"is_endless":false,"potions_floor_spawned":[1,6,8,11,18,20,21],"killed_by":"Sentry and Sphere","ascension_level":13}}