{"host":"pmmuxs046gii331m","time":1614087283,"event":{"mods":["AchievementEnabler","BaseMod","Colored Powertips","Downfall","Gold Saver","Infinite Spire","Minty Spire (QoL Compilation)","Permanent Neow","Quick Restart","StSLib"],"gold_per_floor":[444,459,474,474,489,519,519,519,525,525,525,361,376,376,376,376],"floor_reached":14,"language":"ENG","playtime":1759,"items_purged":["champ:Strike"],"score":88,"play_id":"bdbb31f3-a5bd-45fc-8ed7-4be5469c2996","local_time":"20210223083443","daily_mods":["Heirloom","Red Cards","Elite Swarm"],"is_ascension_mode":false,"campfire_choices":[{"data":"champ:Taunt","floor":1,"key":"SMITH"},{"data":"Armaments","floor":11,"key":"SMITH"}],"circlet_count":0,"master_deck":["champ:Strike","champ:Strike","champ:Strike","champ:Defend+1","champ:Defend+1","champ:Execute","champ:Taunt+1","Armaments+1","champ:PerfectedStrike","Uppercut","champ:PreciseThrust","Flame Barrier","Cleave","champ:DeathBlow","champ:FanOfKnives"],"relics":["champ:ChampionCrown","Dead Branch","Lantern","infinitespire:Satchel","Odd Mushroom"],"acts_visited":["Exordium"],"potions_floor_usage":[6],"damage_taken":[{"damage":22,"enemies":"Jaw Worm","floor":2,"turns":4},{"damage":36,"enemies":"infinitespire:Voidling","floor":3,"turns":4},{"damage":12,"enemies":"2 Louse","floor":5,"turns":3},{"damage":35,"enemies":"Gremlin Nob","floor":6,"turns":3},{"damage":34,"enemies":"The Mushroom Lair","floor":9,"turns":4},{"damage":10,"enemies":"downfall:FleeingMerchant","floor":12,"turns":4},{"damage":16,"enemies":"Looter","floor":13,"turns":4},{"damage":23,"enemies":"3 Sentries","floor":14,"turns":4}],"seed_played":"-7386017133472573341","potions_obtained":[{"floor":2,"key":"champ:TechniquePotion"},{"floor":5,"key":"SpeedPotion"}],"is_trial":false,"path_per_floor":["R","M","M","?","M","E","T","?","?","?","R","$","M","E"],"character_chosen":"THE_CHAMP","items_purchased":["champ:DeathBlow"],"campfire_rested":0,"item_purchase_floors":[12],"current_hp_per_floor":[90,88,72,72,70,60,60,42,28,21,21,21,15,0,0,0],"gold":376,"neow_bonus":"","is_daily":true,"chose_seed":false,"campfire_upgraded":2,"win_rate":0.0,"timestamp":1614087283,"path_taken":["R","M","M","?","?","E","T","?","?","?","R","$","M","E"],"items_purchased_type":["Card"],"build_version":"2020-12-22","purchased_purges":1,"victory":false,"max_hp_per_floor":[90,90,90,90,90,90,90,90,90,90,90,90,90,90,90,90],"card_choices":[{"not_picked":["Warcry","Thunderclap"],"picked":"Armaments","floor":2},{"not_picked":["champ:ArenaPreparation","champ:StanceDance"],"picked":"champ:PerfectedStrike","floor":3},{"not_picked":["Armaments","champ:MurderStrike"],"picked":"champ:PreciseThrust","floor":5},{"not_picked":["Exhume","Reaper","champ:SteelEdge"],"picked":"SKIP","floor":6},{"not_picked":["Wild Strike","Pommel Strike"],"picked":"Flame Barrier","floor":9},{"not_picked":["champ:CrownThrow","Ghostly Armor"],"picked":"Cleave","floor":12},{"not_picked":["Feel No Pain","champ:ViciousMockery"],"picked":"champ:FanOfKnives","floor":13}],"player_experience":588616,"relics_obtained":[{"floor":6,"key":"Lantern"},{"floor":7,"key":"infinitespire:Satchel"},{"floor":9,"key":"Odd Mushroom"}],"event_choices":[{"damage_healed":0,"gold_gain":0,"cards_transformed":["champ:Defend"],"player_choice":"Transformed","damage_taken":0,"max_hp_gain":0,"max_hp_loss":0,"event_name":"Transmorgrifier","floor":4,"gold_loss":0,"cards_obtained":["Uppercut"]},{"damage_healed":0,"gold_gain":0,"player_choice":"Entered Light","damage_taken":18,"max_hp_gain":0,"max_hp_loss":0,"event_name":"Shining Light","floor":8,"gold_loss":0,"cards_upgraded":["champ:Defend","champ:Defend"]},{"damage_healed":0,"gold_gain":0,"player_choice":"Fought Mushrooms","damage_taken":0,"max_hp_gain":0,"max_hp_loss":0,"event_name":"Mushrooms","floor":9,"gold_loss":0},{"cards_removed":["champ:Defend"],"damage_healed":0,"gold_gain":0,"player_choice":"Card Removal","damage_taken":7,"max_hp_gain":0,"max_hp_loss":0,"event_name":"Golden Wing","floor":10,"gold_loss":0}],"is_beta":false,"boss_relics":[],"items_purged_floors":[12],"is_endless":false,"potions_floor_spawned":[2,5],"killed_by":"3 Sentries","ascension_level":0}}