{"host":"7sni158j623xchr2","time":1614042949,"event":{"mods":["BaseMod","Colored Map","Highlight Path","Minty Spire (QoL Compilation)","Permanent Neow","Potion Indicator Mod","Rare Cards Sparkle","Relic Sorter","Relic Stats","StSLib","everything is the same but u backflip on backflip"],"gold_per_floor":[115,125,138,15,26,58,8,8,54,87,87,103,103,128,128,229,229,241,256,9,9,32,57,77,106,158,186,198,210,237,266,278,395,407,436,448,478,490,515,577,615,627,639,685,572,583,613,613,613,613,613,613,101,129,129],"floor_reached":56,"language":"ENG","playtime":2183,"items_purged":["Defend_P","Strike_P","Strike_P+1","Defend_P+1"],"score":1691,"play_id":"51d71747-0a46-4b54-b857-540a4dfff0c6","local_time":"20210222191549","is_ascension_mode":true,"campfire_choices":[{"data":"Eruption","floor":8,"key":"SMITH"},{"data":"SashWhip","floor":11,"key":"SMITH"},{"data":"MentalFortress","floor":15,"key":"SMITH"},{"data":"Tantrum","floor":29,"key":"SMITH"},{"data":"FollowUp","floor":32,"key":"SMITH"},{"floor":42,"key":"RECALL"},{"floor":49,"key":"REST"},{"floor":52,"key":"REST"}],"circlet_count":0,"master_deck":["Eruption+1","Vigilance+1","FollowUp+1","SashWhip+1","Halt+1","MentalFortress+1","LessonLearned+1","ThirdEye+1","ClearTheMind+1","Ragnarok+1","Adaptation+1","Wireheading+1","Adaptation+1","Tantrum+1","Ragnarok+1","WaveOfTheHand+1","Meditate+1","WreathOfFlame+1","Wallop+1","Wallop"],"relics":["PureWater","Blood Vial","Pantograph","Oddly Smooth Stone","Bronze Scales","Mummified Hand","Snecko Eye","Happy Flower","Eternal Feather","Bottled Lightning","Anchor","MawBank","Enchiridion","SlaversCollar","Incense Burner","Centennial Puzzle","Dead Branch","Juzu Bracelet","FossilizedHelix","War Paint"],"acts_visited":["Exordium","TheCity","TheBeyond","TheEnding"],"potions_floor_usage":[6,6,10,14,18,35,41,55,55,55],"damage_taken":[{"damage":2,"enemies":"Cultist","floor":1,"turns":4},{"damage":0,"enemies":"Jaw Worm","floor":2,"turns":4},{"damage":0,"enemies":"2 Louse","floor":3,"turns":1},{"damage":13,"enemies":"Large Slime","floor":5,"turns":5},{"damage":0,"enemies":"Lagavulin","floor":6,"turns":4},{"damage":6,"enemies":"3 Sentries","floor":10,"turns":6},{"damage":5,"enemies":"Exordium Wildlife","floor":12,"turns":3},{"damage":6,"enemies":"Gremlin Nob","floor":14,"turns":3},{"damage":24,"enemies":"The Guardian","floor":16,"turns":14},{"damage":0,"enemies":"Chosen","floor":18,"turns":2},{"damage":0,"enemies":"3 Byrds","floor":19,"turns":4},{"damage":0,"enemies":"Slavers","floor":23,"turns":5},{"damage":0,"enemies":"Cultist and Chosen","floor":24,"turns":3},{"damage":0,"enemies":"Gremlin Leader","floor":25,"turns":3},{"damage":4,"enemies":"Slavers","floor":27,"turns":3},{"damage":0,"enemies":"Shelled Parasite and Fungi","floor":30,"turns":2},{"damage":0,"enemies":"Centurion and Healer","floor":31,"turns":3},{"damage":1,"enemies":"Champ","floor":33,"turns":5},{"damage":3,"enemies":"3 Shapes","floor":35,"turns":3},{"damage":0,"enemies":"3 Darklings","floor":37,"turns":3},{"damage":0,"enemies":"Transient","floor":39,"turns":5},{"damage":0,"enemies":"Mind Bloom Boss Battle","floor":40,"turns":3},{"damage":5,"enemies":"Nemesis","floor":41,"turns":6},{"damage":0,"enemies":"Reptomancer","floor":44,"turns":4},{"damage":0,"enemies":"4 Shapes","floor":46,"turns":2},{"damage":0,"enemies":"Giant Head","floor":47,"turns":5},{"damage":35,"enemies":"Awakened One","floor":50,"turns":10},{"damage":0,"enemies":"Shield and Spear","floor":54,"turns":3},{"damage":0,"enemies":"The Heart","floor":55,"turns":5}],"seed_played":"1214389032537914698","potions_obtained":[{"floor":2,"key":"BlessingOfTheForge"},{"floor":5,"key":"FearPotion"},{"floor":6,"key":"Swift Potion"},{"floor":10,"key":"Block Potion"},{"floor":14,"key":"PowerPotion"},{"floor":23,"key":"SneckoOil"},{"floor":24,"key":"Regen Potion"},{"floor":25,"key":"PowerPotion"},{"floor":37,"key":"PowerPotion"},{"floor":46,"key":"Ambrosia"}],"is_trial":false,"path_per_floor":["M","M","M","$","M","E","?","R","T","E","R","M","?","E","R","B",null,"M","M","$","?","T","E","M","E","T","E","?","R","M","M","R","B",null,"M","$","M","?","M","?","E","R","T","E","$","M","E","?","R","B",null,"R","$","E","B",null],"character_chosen":"WATCHER","items_purchased":["SteroidPotion","Ragnarok","Wallop","FossilizedHelix"],"campfire_rested":2,"item_purchase_floors":[4,20,53,53],"current_hp_per_floor":[70,72,72,72,59,61,61,61,61,57,57,54,59,55,55,53,77,77,77,77,77,77,77,77,77,77,73,57,66,68,70,77,76,77,74,74,76,76,77,77,72,77,77,77,77,77,77,77,77,42,77,77,77,77,77],"gold":129,"neow_bonus":"RANDOM_COMMON_RELIC","is_daily":false,"chose_seed":false,"campfire_upgraded":5,"win_rate":0.0,"timestamp":1614042949,"path_taken":["M","M","M","$","?","E","?","R","T","E","R","M","?","E","R","BOSS","M","M","$","?","?","E","M","E","T","E","?","R","M","M","R","BOSS","M","$","M","?","?","?","E","R","T","E","$","M","E","?","R","BOSS","R","$","E","BOSS"],"items_purchased_type":["Potion","Card","Card","Relic"],"build_version":"2020-12-22","purchased_purges":4,"victory":true,"max_hp_per_floor":[72,72,72,72,72,72,72,72,72,72,72,72,77,77,77,77,77,77,77,77,77,77,77,77,77,77,77,77,77,77,77,77,77,77,77,77,77,77,77,77,77,77,77,77,77,77,77,77,77,77,77,77,77,77,77],"relic_stats":{"Happy Flower":[24],"counters":[29,123],"Dead Branch":[11],"Eternal Feather":21,"Juzu Bracelet":0,"War Paint":[],"MawBank":216,"Blood Vial":17,"Centennial Puzzle":[3],"Mummified Hand":[157],"Pantograph":22,"Bronze Scales":[330],"Snecko Eye":[175,165,130,152],"obtain_stats":[{"Happy Flower":22,"Dead Branch":44,"Oddly Smooth Stone":9,"Enchiridion":28,"Eternal Feather":23,"Incense Burner":40,"Juzu Bracelet":47,"War Paint":54,"MawBank":27,"Blood Vial":0,"SlaversCollar":34,"Anchor":26,"Centennial Puzzle":41,"Mummified Hand":14,"Pantograph":6,"Bronze Scales":10,"Snecko Eye":17,"Bottled Lightning":25,"PureWater":0,"FossilizedHelix":53},{"Happy Flower":11,"Dead Branch":24,"Oddly Smooth Stone":5,"Enchiridion":15,"Eternal Feather":12,"Incense Burner":22,"Juzu Bracelet":26,"War Paint":28,"MawBank":15,"Blood Vial":0,"SlaversCollar":18,"Anchor":14,"Centennial Puzzle":23,"Mummified Hand":8,"Pantograph":5,"Bronze Scales":6,"Snecko Eye":9,"Bottled Lightning":14,"PureWater":0,"FossilizedHelix":27},{"Happy Flower":50,"Dead Branch":98,"Oddly Smooth Stone":18,"Enchiridion":64,"Eternal Feather":55,"Incense Burner":88,"Juzu Bracelet":105,"War Paint":118,"MawBank":64,"Blood Vial":0,"SlaversCollar":74,"Anchor":61,"Centennial Puzzle":94,"Mummified Hand":30,"Pantograph":18,"Bronze Scales":24,"Snecko Eye":44,"Bottled Lightning":61,"PureWater":0,"FossilizedHelix":115}]},"card_choices":[{"not_picked":["CrushJoints","EmptyBody"],"picked":"FollowUp","floor":1},{"not_picked":["ForeignInfluence","WreathOfFlame"],"picked":"SashWhip","floor":2},{"not_picked":["WreathOfFlame","WindmillStrike","PathToVictory"],"picked":"SKIP","floor":3},{"not_picked":["WaveOfTheHand","JustLucky"],"picked":"Halt","floor":5},{"not_picked":["BowlingBash","SandsOfTime"],"picked":"MentalFortress","floor":6},{"not_picked":["FlyingSleeves","CrushJoints"],"picked":"LessonLearned","floor":10},{"not_picked":["JustLucky","Consecrate"],"picked":"ThirdEye","floor":12},{"not_picked":["Prostrate","BowlingBash"],"picked":"ClearTheMind","floor":14},{"not_picked":["SashWhip","BowlingBash","Halt"],"picked":"SKIP","floor":18},{"not_picked":["Prostrate","DeceiveReality+1","WindmillStrike"],"picked":"SKIP","floor":19},{"not_picked":["WaveOfTheHand","SandsOfTime+1","FlyingSleeves"],"picked":"SKIP","floor":23},{"not_picked":["Halt","Protect+1"],"picked":"Adaptation","floor":24},{"not_picked":["WheelKick","InnerPeace"],"picked":"Tantrum","floor":25},{"not_picked":["Tantrum+1","Vengeance","MasterReality"],"picked":"SKIP","floor":27},{"not_picked":["Pray","Halt","JustLucky"],"picked":"SKIP","floor":30},{"not_picked":["Pray","EmptyBody","BowlingBash"],"picked":"SKIP","floor":31},{"not_picked":["Vault","MasterReality"],"picked":"Ragnarok","floor":33},{"not_picked":["ClearTheMind+1","FlurryOfBlows+1"],"picked":"WaveOfTheHand+1","floor":35},{"not_picked":["ClearTheMind","CutThroughFate"],"picked":"Meditate+1","floor":37},{"not_picked":["FlurryOfBlows","CarveReality","Conclude+1"],"picked":"SKIP","floor":39},{"not_picked":["Perseverance","SashWhip+1","ClearTheMind+1"],"picked":"SKIP","floor":41},{"not_picked":["Worship+1","Evaluate+1"],"picked":"WreathOfFlame+1","floor":44},{"not_picked":["ReachHeaven","WaveOfTheHand+1","SandsOfTime"],"picked":"SKIP","floor":46},{"not_picked":["SandsOfTime","Pray"],"picked":"Wallop+1","floor":47},{"not_picked":["ClearTheMind+1","BowlingBash+1","WindmillStrike"],"picked":"SKIP","floor":54}],"player_experience":1837708,"relics_obtained":[{"floor":6,"key":"Pantograph"},{"floor":9,"key":"Oddly Smooth Stone"},{"floor":10,"key":"Bronze Scales"},{"floor":14,"key":"Mummified Hand"},{"floor":22,"key":"Happy Flower"},{"floor":23,"key":"Eternal Feather"},{"floor":25,"key":"Bottled Lightning"},{"floor":26,"key":"Anchor"},{"floor":27,"key":"MawBank"},{"floor":28,"key":"Enchiridion"},{"floor":40,"key":"Incense Burner"},{"floor":41,"key":"Centennial Puzzle"},{"floor":44,"key":"Dead Branch"},{"floor":47,"key":"Juzu Bracelet"},{"floor":54,"key":"War Paint"}],"event_choices":[{"cards_removed":["Strike_P"],"damage_healed":0,"gold_gain":0,"player_choice":"Card Removal","damage_taken":0,"max_hp_gain":0,"max_hp_loss":0,"event_name":"The Cleric","floor":7,"gold_loss":50},{"damage_healed":0,"gold_gain":0,"player_choice":"Donut","damage_taken":0,"max_hp_gain":5,"max_hp_loss":0,"event_name":"Big Fish","floor":13,"gold_loss":0},{"damage_healed":0,"gold_gain":0,"cards_transformed":["Defend_P","Strike_P"],"player_choice":"Became Test Subject","damage_taken":0,"max_hp_gain":0,"max_hp_loss":0,"event_name":"Drug Dealer","floor":21,"gold_loss":0,"cards_obtained":["Adaptation","Wireheading"]},{"damage_healed":0,"gold_gain":0,"player_choice":"Obtained Book","damage_taken":16,"max_hp_gain":0,"max_hp_loss":0,"event_name":"Cursed Tome","floor":28,"gold_loss":0},{"damage_healed":0,"gold_gain":0,"player_choice":"Bought 0 Potions","damage_taken":0,"max_hp_gain":0,"max_hp_loss":0,"event_name":"The Woman in Blue","floor":38,"gold_loss":0},{"damage_healed":0,"gold_gain":0,"player_choice":"Fight","damage_taken":0,"max_hp_gain":0,"max_hp_loss":0,"event_name":"MindBloom","floor":40,"gold_loss":0},{"cards_removed":["Defend_P"],"damage_healed":0,"gold_gain":0,"player_choice":"Removed Skill","damage_taken":0,"max_hp_gain":0,"max_hp_loss":0,"event_name":"Falling","floor":48,"gold_loss":0}],"is_beta":false,"boss_relics":[{"not_picked":["Pandora\u0027s Box","Philosopher\u0027s Stone"],"picked":"Snecko Eye"},{"not_picked":["Velvet Choker","VioletLotus"],"picked":"SlaversCollar"}],"items_purged_floors":[4,20,45,53],"is_endless":false,"potions_floor_spawned":[2,5,6,10,14,23,24,25,27,37,46,47],"ascension_level":3}}