{"host":"ow66nzv2xecjoor3","time":1614066418,"event":{"mods":["BaseMod","Bestiary","Block Reminder","Colored Powertips","Curses Come First","Highlight Path","Keyboard Shortcuts","Minty Spire (QoL Compilation)","Permanent Neow","Relic Stats","StSLib","UnlockEverythingMod"],"gold_per_floor":[118,132,152,152,152,152,179,179,179,194,220,220,254,329,329,404,404,419,435,115,134,134,464,464,464],"floor_reached":24,"language":"ENG","playtime":769,"items_purged":["Defend_P"],"score":618,"play_id":"d35c0b73-deff-4db5-b3ad-327077b3eaa5","local_time":"20210223014658","is_ascension_mode":true,"campfire_choices":[{"data":"FlurryOfBlows","floor":6,"key":"SMITH"},{"data":"TalkToTheHand","floor":8,"key":"SMITH"},{"data":"CrushJoints","floor":12,"key":"SMITH"},{"data":"Eruption","floor":15,"key":"SMITH"}],"circlet_count":0,"master_deck":["AscendersBane","Strike_P","Strike_P","Strike_P","Eruption+1","Vigilance","FlurryOfBlows+1","BowlingBash","ClearTheMind","TalkToTheHand+1","BattleHymn+1","CrushJoints+1","Halt","LikeWater+1","Devotion+1","Consecrate+1","FlurryOfBlows","Blasphemy","Protect+1","WaveOfTheHand"],"relics":["Empty Cage","Frozen Egg 2","Ginger","Strawberry","Fusion Hammer","Centennial Puzzle","Old Coin"],"acts_visited":["Exordium","TheCity"],"potions_floor_usage":[7,23],"damage_taken":[{"damage":1.0,"enemies":"2 Louse","floor":1.0,"turns":3.0},{"damage":4.0,"enemies":"Small Slimes","floor":2.0,"turns":4.0},{"damage":12,"enemies":"Jaw Worm","floor":3,"turns":3},{"damage":10,"enemies":"Lagavulin","floor":7,"turns":6},{"damage":7,"enemies":"Lots of Slimes","floor":10,"turns":3},{"damage":17,"enemies":"3 Sentries","floor":11,"turns":4},{"damage":0,"enemies":"Gremlin Nob","floor":13,"turns":2},{"damage":0,"enemies":"Slime Boss","floor":16,"turns":3},{"damage":24,"enemies":"3 Byrds","floor":18,"turns":5},{"damage":0,"enemies":"Spheric Guardian","floor":19,"turns":2},{"damage":9,"enemies":"Snecko","floor":21,"turns":4},{"damage":23,"enemies":"Gremlin Leader","floor":23,"turns":4},{"damage":15,"enemies":"Centurion and Healer","floor":24,"turns":1}],"seed_played":"2383606194432928042","potions_obtained":[{"floor":3,"key":"Weak Potion"},{"floor":10,"key":"CultistPotion"},{"floor":13,"key":"EssenceOfSteel"},{"floor":18,"key":"SteroidPotion"}],"is_trial":false,"path_per_floor":["M","M","M","?","?","R","E","R","T","M","E","R","E","?","R","B",null,"M","M","$","M","?","E","M"],"character_chosen":"WATCHER","items_purchased":["Centennial Puzzle","Blasphemy"],"campfire_rested":0,"item_purchase_floors":[20,20],"current_hp_per_floor":[60,56,44,44,49,49,39,39,39,32,15,15,22,11,11,11,63,39,39,39,30,30,7,0,0],"gold":464,"neow_bonus":"BOSS_RELIC","is_daily":false,"chose_seed":false,"campfire_upgraded":4,"win_rate":0.0,"timestamp":1614066418,"path_taken":["M","M","M","?","?","R","E","R","T","M","E","R","E","?","R","BOSS","M","M","$","M","?","E","?"],"items_purchased_type":["Relic","Card"],"build_version":"2020-12-22","purchased_purges":1,"victory":false,"max_hp_per_floor":[68,68,68,68,73,73,73,73,73,73,73,73,80,80,80,80,80,80,80,80,80,80,80,80,80],"relic_stats":{"Centennial Puzzle":[9],"counters":[13,44],"Ginger":[4],"obtain_stats":[{"Centennial Puzzle":20,"Strawberry":13,"Fusion Hammer":17,"Ginger":11,"PureWater":0,"Frozen Egg 2":7,"Empty Cage":0,"Old Coin":23},{"Centennial Puzzle":10,"Strawberry":7,"Fusion Hammer":8,"Ginger":6,"PureWater":0,"Frozen Egg 2":4,"Empty Cage":0,"Old Coin":12},{"Centennial Puzzle":35,"Strawberry":25,"Fusion Hammer":28,"Ginger":23,"PureWater":0,"Frozen Egg 2":16,"Empty Cage":0,"Old Coin":43}]},"card_choices":[{"not_picked":["JustLucky","Evaluate"],"picked":"FlurryOfBlows","floor":1.0},{"not_picked":["ClearTheMind","ThirdEye"],"picked":"BowlingBash","floor":2.0},{"not_picked":["Evaluate","Study"],"picked":"ClearTheMind","floor":3},{"not_picked":["EmptyBody","ForeignInfluence"],"picked":"BattleHymn+1","floor":7},{"not_picked":["ClearTheMind","Sanctity"],"picked":"CrushJoints","floor":10},{"not_picked":["Weave","Prostrate"],"picked":"Halt","floor":11},{"not_picked":["Worship","BattleHymn+1"],"picked":"LikeWater+1","floor":13},{"not_picked":["Judgement","Ragnarok"],"picked":"Devotion+1","floor":16},{"not_picked":["Evaluate","BowlingBash"],"picked":"Consecrate+1","floor":18},{"not_picked":["FollowUp","EmptyMind"],"picked":"FlurryOfBlows","floor":19},{"not_picked":["Perseverance","EmptyBody"],"picked":"Protect+1","floor":21},{"not_picked":["WreathOfFlame","Prostrate"],"picked":"WaveOfTheHand","floor":23}],"player_experience":2954980,"relics_obtained":[{"floor":7,"key":"Frozen Egg 2"},{"floor":11,"key":"Ginger"},{"floor":13,"key":"Strawberry"},{"floor":23,"key":"Old Coin"}],"event_choices":[{"damage_healed":0,"gold_gain":0,"cards_transformed":["Strike_P"],"player_choice":"Change","damage_taken":0,"max_hp_gain":0,"max_hp_loss":0,"event_name":"Living Wall","floor":4,"gold_loss":0,"cards_obtained":["TalkToTheHand"]},{"damage_healed":0,"gold_gain":0,"player_choice":"Donut","damage_taken":0,"max_hp_gain":5,"max_hp_loss":0,"event_name":"Big Fish","floor":5,"gold_loss":0},{"damage_healed":0,"gold_gain":75,"player_choice":"Gather Gold","damage_taken":11,"max_hp_gain":0,"max_hp_loss":0,"event_name":"World of Goop","floor":14,"gold_loss":0},{"cards_removed":["Defend_P"],"damage_healed":0,"gold_gain":0,"player_choice":"Purged","damage_taken":0,"max_hp_gain":0,"max_hp_loss":0,"event_name":"Purifier","floor":22,"gold_loss":0}],"is_beta":false,"boss_relics":[{"not_picked":["Coffee Dripper","Busted Crown"],"picked":"Fusion Hammer"}],"items_purged_floors":[20],"is_endless":false,"potions_floor_spawned":[3,10,13,16,18,21],"killed_by":"Centurion and Healer","ascension_level":20}}