{"host":"c64dsqyrqv0ei9yn","time":1614093573,"event":{"mods":["Act Like it!","Arknights","BaseMod","Bestiary","CapriCore","Chen","Colored Map","Colored Powertips","Curses Come First","Hermit","Koishi","LagranYue(ùfäiòNÅEåé)","MarisaÅiñ∂âJÅ@ñÇóùçπÅj","Minty Spire (QoL Compilation)","Prisma Mod","Random Character Button","ReimuÅiîé??öÎÅj","RemiliaÅiÂQïƒ‰ª?Åj","StSLib","The Administrix","The Alterego","The Immortal","The Marked","The Saiyan","The Senshi","The Servant 0.9.4","The Wild Card","TheSwordswoman","Waifu the Spire","WarShipGirlsR/??è≠èóR mod","slay the spire mod where everything is the same but ironclad has a cowboy hat"],"gold_per_floor":[96,96,24,24,37,37,37,37,37,62,75,25,39,39,39,115,115,114,114,113,14,0,0],"floor_reached":22,"language":"ENG","playtime":1066,"items_purged":[],"score":182,"play_id":"f1dfb0c5-4846-423c-84c7-cae29f25a827","local_time":"20210223151933","is_ascension_mode":false,"campfire_choices":[{"data":"hermit:Snipe","floor":6,"key":"SMITH"},{"data":"hermit:Quickdraw","floor":7,"key":"SMITH"},{"floor":8,"key":"REST"},{"floor":15,"key":"REST"}],"circlet_count":0,"master_deck":["hermit:Strike_Hermit","hermit:Strike_Hermit","hermit:Strike_Hermit","hermit:Defend_Hermit","hermit:Defend_Hermit","hermit:Defend_Hermit","hermit:Defend_Hermit","hermit:Snapshot","hermit:Covet","hermit:Dive","hermit:Snipe+1","hermit:Headshot","hermit:Quickdraw+1","hermit:Brawl","hermit:Coalescence","hermit:Misfire","Poor:ReiMu","hermit:HighNoon","hermit:Roulette","hermit:Deadeye+1","hermit:Glare","hermit:HighCaliber"],"relics":["hermit:ClaspedLocket","WingedGreaves","Centennial Puzzle","Potion Belt","YidongShenshe:ReiMu"],"acts_visited":["Exordium","TheCity"],"potions_floor_usage":[20],"damage_taken":[{"damage":6,"enemies":"ats:Genji","floor":1,"turns":4},{"damage":0,"enemies":"2 Louse","floor":5,"turns":2},{"damage":16,"enemies":"3 Sentries","floor":10,"turns":9},{"damage":4,"enemies":"Cultist","floor":11,"turns":3},{"damage":0,"enemies":"Looter","floor":13,"turns":3},{"damage":48,"enemies":"The Guardian","floor":16,"turns":13},{"damage":35,"enemies":"Shell Parasite","floor":18,"turns":7},{"damage":36,"enemies":"Spheric Guardian","floor":20,"turns":6},{"damage":9,"enemies":"Shelled Parasite and Fungi","floor":22,"turns":1}],"seed_played":"-9000260468884244180","potions_obtained":[{"floor":10,"key":"GrandPatriotsElixir:ReiMu"},{"floor":13,"key":"Energy Potion"},{"floor":16,"key":"EssenceOfSteel"},{"floor":18,"key":"MagicPotion:ReiMu"}],"is_trial":false,"path_per_floor":["M","?","$","?","M","R","R","R","T","E","M","$","M","?","R","B",null,"M","?","M","$","M"],"character_chosen":"HERMIT","items_purchased":["hermit:Snipe","hermit:Headshot","hermit:Misfire","hermit:Glare","hermit:HighCaliber"],"campfire_rested":2,"item_purchase_floors":[3,3,12,21,21],"current_hp_per_floor":[69,69,69,69,69,69,69,75,75,59,55,55,55,55,75,27,75,40,40,4,4,0,0],"gold":0,"neow_bonus":"ONE_RARE_RELIC","is_daily":false,"chose_seed":false,"campfire_upgraded":2,"win_rate":0.0,"timestamp":1614093573,"path_taken":["M","?","$","?","M","R","R","R","T","E","?","$","M","?","R","BOSS","M","?","M","$","?"],"items_purchased_type":["Card","Card","Card","Card","Card"],"build_version":"2020-12-22","purchased_purges":0,"victory":false,"max_hp_per_floor":[75,75,75,75,75,75,75,75,75,75,75,75,75,75,75,75,75,75,75,75,75,75,75],"card_choices":[{"not_picked":["hermit:Ricochet","hermit:CalledShot"],"picked":"hermit:Dive","floor":1},{"not_picked":["hermit:Determination","hermit:Roughhouse"],"picked":"hermit:Quickdraw","floor":5},{"not_picked":["hermit:Purgatory","hermit:Snipe"],"picked":"hermit:Brawl","floor":10},{"not_picked":["hermit:Grudge","hermit:TrackingShot"],"picked":"hermit:Coalescence","floor":11},{"not_picked":["hermit:TrackingShot","hermit:Headshot","hermit:Feint"],"picked":"SKIP","floor":13},{"not_picked":["hermit:BlackWind","hermit:Gambit"],"picked":"hermit:HighNoon","floor":16},{"not_picked":["hermit:DeadMansHand","hermit:Horror"],"picked":"hermit:Misfire","floor":18},{"not_picked":["hermit:EyeOfTheStorm","hermit:Snipe"],"picked":"hermit:Deadeye+1","floor":20}],"player_experience":166834,"relics_obtained":[{"floor":9,"key":"Centennial Puzzle"},{"floor":10,"key":"Potion Belt"}],"event_choices":[{"cards_removed":["Poor:ReiMu"],"damage_healed":0,"gold_gain":0,"player_choice":"Forget","damage_taken":0,"max_hp_gain":0,"max_hp_loss":0,"event_name":"Living Wall","floor":2,"gold_loss":0},{"cards_removed":["hermit:Strike_Hermit"],"damage_healed":0,"gold_gain":0,"player_choice":"Offered Basic","damage_taken":0,"max_hp_gain":0,"max_hp_loss":0,"event_name":"Bonfire Elementals","floor":4,"gold_loss":0},{"damage_healed":0,"gold_gain":0,"player_choice":"Take Tiny Shrine away","damage_taken":0,"relics_obtained":["YidongShenshe:ReiMu"],"max_hp_gain":0,"max_hp_loss":0,"event_name":"yidonshenshe","floor":14,"gold_loss":0,"cards_obtained":["Poor:ReiMu"]},{"damage_healed":0,"gold_gain":0,"cards_transformed":["hermit:Misfire"],"player_choice":"Transformed","damage_taken":0,"max_hp_gain":0,"max_hp_loss":0,"event_name":"Transmorgrifier","floor":19,"gold_loss":0,"cards_obtained":["hermit:Roulette"]}],"is_beta":false,"boss_relics":[{"not_picked":["Empty Cage","Velvet Choker"],"picked":"hermit:ClaspedLocket"}],"items_purged_floors":[],"is_endless":false,"potions_floor_spawned":[10,13,16,18],"killed_by":"Shelled Parasite and Fungi","ascension_level":0}}