{"host":"sav7uxregyirlf69","time":1614061537,"event":{"mods":["AchievementEnabler","BaseMod","Colored Map","DeckTracker","Keyboard Shortcuts","Minty Spire (QoL Compilation)","READ ME - Guardian Mod","StSLib","SuperFastMode"],"gold_per_floor":[144,189,234,214,259,349,406,368,380,482,584,596,683,7,7,307,307,352,352,352,352,397,512,557,647,647,1247,597,642,642,687,687,987,987,1032,1132,1177,1177,184,274,364,364,389,389,389,434,40,130,130,130],"floor_reached":51,"language":"KOR","playtime":1384,"items_purged":["Cleave","Reckless Charge","Armaments+1","Armaments+1"],"score":1115,"play_id":"54a28dff-dee6-4010-96c4-aed68a1b9c7d","local_time":"20210223152537","daily_mods":["Draft","Flight","Midas"],"is_ascension_mode":false,"campfire_choices":[{"floor":15,"key":"REST"},{"floor":30,"key":"REST"},{"floor":32,"key":"REST"},{"floor":45,"key":"REST"},{"floor":49,"key":"REST"}],"circlet_count":0,"master_deck":["Spot Weakness+1","Battle Trance+1","Shrug It Off+1","Flex+1","Wild Strike+1","Infernal Blade+1","Body Slam+1","True Grit+1","Anger+1","Warcry+1","Headbutt+1","Sword Boomerang+1","Shrug It Off+1","Rage+1","Fiend Fire+1","Fire Breathing+1","Reckless Charge+1","Dark Embrace+1","Master of Strategy+1","Wild Strike+1","Barricade+1","Evolve+1","Pummel+1","Exhume+1","Power Through+1","Offering+1","Master of Strategy+1","Body Slam+1","Infernal Blade+1","Blind+1"],"relics":["Burning Blood","MawBank","Centennial Puzzle","InkBottle","Molten Egg 2","Ginger","Sozu","Calipers","Spirit Poop","Akabeko","Bird Faced Urn","Toxic Egg 2","Old Coin","Singing Bowl","ClockworkSouvenir","Ancient Tea Set","Paper Frog","Black Star","Mark of the Bloom","Pantograph","Happy Flower","Toolbox","Dream Catcher","War Paint","Gremlin Horn","Red Skull","Anchor","Vajra","FossilizedHelix","Orichalcum"],"acts_visited":["Exordium","TheCity","TheBeyond"],"potions_floor_usage":[6,16,16,23,25],"damage_taken":[{"damage":0,"enemies":"Jaw Worm","floor":1,"turns":2},{"damage":0,"enemies":"Cultist","floor":2,"turns":2},{"damage":0,"enemies":"2 Louse","floor":3,"turns":2},{"damage":2,"enemies":"Looter","floor":5,"turns":2},{"damage":0,"enemies":"Gremlin Nob","floor":6,"turns":2},{"damage":0,"enemies":"Large Slime","floor":7,"turns":3},{"damage":10,"enemies":"3 Sentries","floor":10,"turns":6},{"damage":5,"enemies":"Lagavulin","floor":11,"turns":7},{"damage":33,"enemies":"Hexaghost","floor":16,"turns":7},{"damage":10,"enemies":"Chosen","floor":18,"turns":3},{"damage":23,"enemies":"Shell Parasite","floor":22,"turns":6},{"damage":12,"enemies":"Gremlin Leader","floor":23,"turns":8},{"damage":0,"enemies":"Centurion and Healer","floor":24,"turns":3},{"damage":27,"enemies":"Slavers","floor":25,"turns":4},{"damage":20,"enemies":"Colosseum Slavers","floor":27,"turns":3},{"damage":2,"enemies":"Colosseum Nobs","floor":27,"turns":2},{"damage":28,"enemies":"Shelled Parasite and Fungi","floor":29,"turns":4},{"damage":9,"enemies":"Snake Plant","floor":31,"turns":2},{"damage":18,"enemies":"Collector","floor":33,"turns":8},{"damage":4,"enemies":"Orb Walker","floor":35,"turns":2},{"damage":6,"enemies":"3 Darklings","floor":37,"turns":7},{"damage":0,"enemies":"Reptomancer","floor":40,"turns":4},{"damage":6,"enemies":"Nemesis","floor":41,"turns":3},{"damage":6,"enemies":"Writhing Mass","floor":46,"turns":3},{"damage":0,"enemies":"Giant Head","floor":48,"turns":1},{"damage":8,"enemies":"Awakened One","floor":50,"turns":4}],"seed_played":"-7386017133472573341","potions_obtained":[{"floor":1,"key":"DistilledChaos"},{"floor":2,"key":"Dexterity Potion"},{"floor":4,"key":"PowerPotion"},{"floor":5,"key":"EntropicBrew"}],"is_trial":false,"path_per_floor":["M","M","M","?","M","E","M","?","T","E","E","?","?","$","R","B",null,"M","?","?","?","M","E","M","E","T","?","$","M","R","M","R","B",null,"M","?","M","?","$","E","E","?","T","?","R","M","$","E","R","B",null],"character_chosen":"IRONCLAD","items_purchased":["Dark Embrace","Master of Strategy","Wild Strike+1","Ginger","ClockworkSouvenir","Ancient Tea Set","Paper Frog","Offering+1","Pantograph","Happy Flower","Toolbox","Master of Strategy+1","Vajra","Blind+1"],"campfire_rested":5,"item_purchase_floors":[14,14,14,14,28,28,28,39,39,39,39,39,47,47],"current_hp_per_floor":[80,80,80,80,80,80,80,80,80,76,77,77,66,66,80,53,80,76,76,76,76,59,53,59,38,38,36,36,18,43,44,69,65,86,86,86,86,86,86,86,80,80,80,80,80,74,74,74,74,66],"gold":130,"neow_bonus":"","is_daily":true,"chose_seed":false,"campfire_upgraded":0,"win_rate":0.0,"timestamp":1614061537,"path_taken":["M","M","M","?","M","E","?","?","T","E","E","?","?","?","R","BOSS","M","?","?","?","M","E","?","E","T","?","$","M","R","M","R","BOSS","M","?","?","?","$","E","E","?","T","?","R","?","$","E","R","BOSS"],"items_purchased_type":["Card","Card","Card","Relic","Relic","Relic","Relic","Card","Relic","Relic","Relic","Card","Relic","Card"],"build_version":"2020-12-22","purchased_purges":4,"victory":true,"max_hp_per_floor":[80,80,80,80,80,80,80,80,80,80,80,80,80,80,80,80,80,80,80,80,80,80,80,80,80,80,82,82,84,84,86,86,86,86,86,86,86,86,86,88,90,90,90,90,90,90,90,92,94,94],"card_choices":[{"not_picked":["Entrench","Thunderclap"],"picked":"Spot Weakness","floor":0},{"not_picked":["True Grit","Evolve"],"picked":"Battle Trance","floor":0},{"not_picked":["Body Slam","Iron Wave"],"picked":"Armaments","floor":0},{"not_picked":["Searing Blow","Flame Barrier"],"picked":"Shrug It Off","floor":0},{"not_picked":["Heavy Blade","Shockwave"],"picked":"Flex","floor":0},{"not_picked":["Clash","Heavy Blade"],"picked":"Wild Strike","floor":0},{"not_picked":["Flex","Thunderclap"],"picked":"Infernal Blade","floor":0},{"not_picked":["Heavy Blade","Iron Wave"],"picked":"Body Slam","floor":0},{"not_picked":["Pommel Strike","Rampage"],"picked":"True Grit","floor":0},{"not_picked":["Pummel","Headbutt"],"picked":"Reckless Charge","floor":0},{"not_picked":["Flex","Body Slam"],"picked":"Cleave","floor":0},{"not_picked":["Perfected Strike","Heavy Blade"],"picked":"Anger","floor":0},{"not_picked":["Heavy Blade","Iron Wave"],"picked":"Warcry","floor":0},{"not_picked":["Uppercut","Pommel Strike"],"picked":"Battle Trance","floor":0},{"not_picked":["True Grit","Perfected Strike"],"picked":"Headbutt","floor":0},{"not_picked":["Heavy Blade","Anger"],"picked":"Sword Boomerang","floor":1},{"not_picked":["Armaments","Entrench"],"picked":"Shrug It Off","floor":2},{"not_picked":["Reckless Charge","Flex"],"picked":"Rage","floor":3},{"not_picked":["Iron Wave","Body Slam"],"picked":"Fiend Fire","floor":5},{"not_picked":["Heavy Blade","Iron Wave","Shrug It Off"],"picked":"SKIP","floor":6},{"not_picked":["Headbutt","Heavy Blade","Intimidate"],"picked":"SKIP","floor":7},{"not_picked":["Headbutt","Heavy Blade","Intimidate"],"picked":"SKIP","floor":7},{"not_picked":["Perfected Strike","Combust"],"picked":"Fire Breathing","floor":10},{"not_picked":["Warcry","Thunderclap+1"],"picked":"Reckless Charge+1","floor":11},{"not_picked":["Exhume","Demon Form"],"picked":"Barricade","floor":16},{"not_picked":["Thunderclap+1","Heavy Blade+1","Dropkick+1"],"picked":"SKIP","floor":18},{"not_picked":["Sword Boomerang+1","Havoc"],"picked":"Evolve+1","floor":22},{"not_picked":["Pommel Strike+1","Intimidate+1"],"picked":"Pummel+1","floor":23},{"not_picked":["Havoc","Ghostly Armor+1","Combust+1"],"picked":"SKIP","floor":24},{"not_picked":["Pommel Strike+1","Flex","Bludgeon+1"],"picked":"SKIP","floor":25},{"not_picked":["Shockwave+1","Twin Strike+1","Flex+1"],"picked":"Singing Bowl","floor":27},{"not_picked":["Heavy Blade+1","Clothesline+1","Sword Boomerang+1"],"picked":"Singing Bowl","floor":29},{"not_picked":["Thunderclap+1","Whirlwind+1","Clothesline+1"],"picked":"Singing Bowl","floor":31},{"not_picked":["Barricade","Demon Form"],"picked":"Exhume+1","floor":33},{"not_picked":["Thunderclap+1","True Grit+1"],"picked":"Power Through+1","floor":35},{"not_picked":["Pommel Strike+1","Havoc+1"],"picked":"Armaments+1","floor":37},{"not_picked":["Flame Barrier+1","Anger+1","Barricade"],"picked":"Singing Bowl","floor":40},{"not_picked":["Thunderclap+1","Blood for Blood+1","Shrug It Off+1"],"picked":"Singing Bowl","floor":41},{"not_picked":["Headbutt+1","Pommel Strike+1"],"picked":"Infernal Blade+1","floor":45},{"not_picked":["Iron Wave+1","Sword Boomerang+1","Hemokinesis+1"],"picked":"SKIP","floor":46},{"not_picked":["Sword Boomerang+1","Clothesline+1","Flex+1"],"picked":"Singing Bowl","floor":48},{"not_picked":["Sword Boomerang+1","Iron Wave+1","Headbutt+1"],"picked":"Singing Bowl","floor":49}],"player_experience":1669771,"relics_obtained":[{"floor":6,"key":"MawBank"},{"floor":9,"key":"Centennial Puzzle"},{"floor":10,"key":"InkBottle"},{"floor":11,"key":"Molten Egg 2"},{"floor":23,"key":"Akabeko"},{"floor":25,"key":"Bird Faced Urn"},{"floor":26,"key":"Toxic Egg 2"},{"floor":27,"key":"Old Coin"},{"floor":27,"key":"Singing Bowl"},{"floor":40,"key":"Dream Catcher"},{"floor":40,"key":"War Paint"},{"floor":41,"key":"Gremlin Horn"},{"floor":41,"key":"Red Skull"},{"floor":43,"key":"Anchor"},{"floor":48,"key":"FossilizedHelix"},{"floor":48,"key":"Orichalcum"}],"event_choices":[{"damage_healed":0,"gold_gain":0,"player_choice":"Bought 1 Potion","damage_taken":0,"max_hp_gain":0,"max_hp_loss":0,"event_name":"The Woman in Blue","floor":4,"gold_loss":0},{"cards_removed":["Battle Trance"],"damage_healed":0,"gold_gain":0,"player_choice":"Card Removal","damage_taken":0,"max_hp_gain":0,"max_hp_loss":0,"event_name":"The Cleric","floor":8,"gold_loss":50},{"damage_healed":0,"gold_gain":0,"player_choice":"Grow","damage_taken":0,"max_hp_gain":0,"max_hp_loss":0,"event_name":"Living Wall","floor":12,"gold_loss":0,"cards_upgraded":["Body Slam"]},{"damage_healed":0,"gold_gain":75,"player_choice":"Gather Gold","damage_taken":11,"max_hp_gain":0,"max_hp_loss":0,"event_name":"World of Goop","floor":13,"gold_loss":0},{"damage_healed":0,"gold_gain":0,"player_choice":"Ignored","damage_taken":0,"max_hp_gain":0,"max_hp_loss":0,"event_name":"Vampires","floor":19,"gold_loss":0},{"damage_healed":0,"gold_gain":0,"player_choice":"Opened","damage_taken":0,"relics_obtained":["Calipers"],"max_hp_gain":0,"max_hp_loss":0,"event_name":"The Mausoleum","floor":20,"gold_loss":0,"cards_obtained":["Writhe"]},{"cards_removed":["Writhe"],"damage_healed":0,"gold_gain":0,"player_choice":"Offered Curse","damage_taken":0,"relics_obtained":["Spirit Poop"],"max_hp_gain":0,"max_hp_loss":0,"event_name":"Bonfire Elementals","floor":21,"gold_loss":0},{"damage_healed":0,"gold_gain":0,"player_choice":"Fight","damage_taken":0,"max_hp_gain":0,"max_hp_loss":0,"event_name":"Colosseum","floor":27,"gold_loss":0},{"damage_healed":0,"gold_gain":0,"player_choice":"Fought Nobs","damage_taken":0,"max_hp_gain":0,"max_hp_loss":0,"event_name":"Colosseum","floor":27,"gold_loss":0},{"damage_healed":0,"gold_gain":100,"player_choice":"Pray","damage_taken":0,"max_hp_gain":0,"max_hp_loss":0,"event_name":"Golden Shrine","floor":36,"gold_loss":0},{"damage_healed":0,"gold_gain":0,"player_choice":"Upgrade","damage_taken":0,"relics_obtained":["Mark of the Bloom"],"max_hp_gain":0,"max_hp_loss":0,"event_name":"MindBloom","floor":38,"gold_loss":0,"cards_upgraded":["Spot Weakness","Battle Trance","Armaments","Shrug It Off","Flex","Wild Strike","Infernal Blade","True Grit","Anger","Warcry","Headbutt","Sword Boomerang","Shrug It Off","Rage","Fiend Fire","Fire Breathing","Dark Embrace","Master of Strategy","Barricade"]},{"damage_healed":0,"gold_gain":0,"player_choice":"Ignored","damage_taken":0,"max_hp_gain":0,"max_hp_loss":0,"event_name":"Tomb of Lord Red Mask","floor":42,"gold_loss":0},{"damage_healed":0,"gold_gain":0,"player_choice":"Copied","damage_taken":0,"max_hp_gain":0,"max_hp_loss":0,"event_name":"Duplicator","floor":44,"gold_loss":0,"cards_obtained":["Body Slam"]}],"is_beta":false,"boss_relics":[{"not_picked":["Snecko Eye","Astrolabe"],"picked":"Sozu"},{"not_picked":["SlaversCollar","Tiny House"],"picked":"Black Star"}],"items_purged_floors":[14,28,39,47],"is_endless":false,"potions_floor_spawned":[1,2,5,24,27,29,31,33,37,41,46],"ascension_level":0}}