{"host":"gf8hyl7jhl0is674","time":1614056217,"event":{"mods":["2.2 Compatiblity","Act Like it!","Astrologer","BaseMod","CapriCore","Colored Map","Gensokyo","Minty Spire (QoL Compilation)","Permanent Neow","Relic Sorter","StSLib","The Alterego","The Blue Laboratory","The Fake Hero","The Senshi","Unceasing Turn Reminder","Waifu the Spire"],"gold_per_floor":[113,130,148,164,164,164,164],"floor_reached":6,"language":"ENG","playtime":449,"items_purged":[],"score":38,"play_id":"49861a09-08c6-4136-89c2-5c8c5991061b","local_time":"20210222215657","is_ascension_mode":false,"campfire_choices":[],"circlet_count":0,"master_deck":["theSenshi:SailorKick","theSenshi:SailorKick","theSenshi:SailorKick","theSenshi:SailorKick","theSenshi:SailorBlock","theSenshi:SailorBlock","theSenshi:SailorBlock","theSenshi:SailorBlock","theSenshi:RoseThrow","theSenshi:MoonPrismPowerMakeUp","theSenshi:GlimpseOfThePast","theSenshi:LateForSchool","theSenshi:MoonsReflection","theSenshi:DramaticEntrance","theSenshi:SilverMoonCrystalPowerKiss"],"relics":["theSenshi:TransformationBroochRelic"],"acts_visited":["Exordium"],"potions_floor_usage":[4,4],"damage_taken":[{"damage":0,"enemies":"2 Louse","floor":1,"turns":4},{"damage":1,"enemies":"Small Slimes","floor":2,"turns":5},{"damage":4,"enemies":"Cultist","floor":3,"turns":3},{"damage":26,"enemies":"Gremlin Gang","floor":4,"turns":5},{"damage":56,"enemies":"Gremlin Nob","floor":6,"turns":5}],"seed_played":"-8640599235569795560","potions_obtained":[{"floor":1,"key":"Ancient Potion"},{"floor":3,"key":"LiquidBronze"}],"is_trial":false,"path_per_floor":["M","M","M","M","?","E"],"character_chosen":"THE_SENSHI","items_purchased":[],"campfire_rested":0,"item_purchase_floors":[],"current_hp_per_floor":[75,74,70,44,44,0,0],"gold":164,"neow_bonus":"ONE_RANDOM_RARE_CARD","is_daily":false,"chose_seed":false,"campfire_upgraded":0,"win_rate":0.0,"timestamp":1614056217,"path_taken":["M","M","M","M","?","E"],"items_purchased_type":[],"build_version":"2020-12-22","purchased_purges":0,"victory":false,"max_hp_per_floor":[75,75,75,75,75,75,75],"card_choices":[{"not_picked":["theSenshi:SailorPlanetPower","theSenshi:MoonKick"],"picked":"theSenshi:LateForSchool","floor":1},{"not_picked":["theSenshi:SailorPlanetPower","theSenshi:SailorVenusAssists"],"picked":"theSenshi:MoonsReflection","floor":2},{"not_picked":["theSenshi:YouCanTalk","theSenshi:MoonKick"],"picked":"theSenshi:DramaticEntrance","floor":3},{"not_picked":["theSenshi:SchoolBag","theSenshi:MoonsReflection"],"picked":"theSenshi:SilverMoonCrystalPowerKiss","floor":4}],"player_experience":369624,"relics_obtained":[],"event_choices":[{"damage_healed":0,"gold_gain":0,"player_choice":"Ignored","damage_taken":0,"max_hp_gain":0,"max_hp_loss":0,"event_name":"Liars Game","floor":5,"gold_loss":0}],"is_beta":false,"boss_relics":[],"items_purged_floors":[],"is_endless":false,"potions_floor_spawned":[1,3],"killed_by":"Gremlin Nob","ascension_level":0}}