{"host":"aygt75jb8cs7sa4f","time":1614051847,"event":{"mods":["Act Like it!","AlwaysNeverKeys","BaseMod","Better Third Choice","BetterRewards","Colored Map","Conspire","Dota2Spire","Force Act Four","GifTheSpireLib","Halation","Hallownest","Hermit","Hubris","Marisa????????","Minty Spire (QoL Compilation)","Permanent Neow","Reliquary","Replay The Spire","Spikes Relics","StSLib","The Animator","The Bug Knight","The Cursed","The Servant 0.9.4"],"gold_per_floor":[110,121,121,121,133,133,164,12,37,71,71,71,71,84,168,270,270,282,282,282,310,387,414,446,446,473,473,147,97,146,179,179,179,179],"floor_reached":33,"language":"ENG","playtime":1965,"items_purged":["hubris:Lust","hubris:Compulsion"],"score":380,"play_id":"de2bfe0a-c0d6-4c02-b531-ff65e2ab150b","local_time":"20210222224407","daily_mods":["Flight"],"is_ascension_mode":false,"campfire_choices":[{"data":"hermit:CursedWeapon","floor":6,"key":"SMITH"},{"floor":11,"key":"REST"},{"data":"1","floor":12,"key":"LIFT"},{"floor":25,"key":"REST"},{"floor":27,"key":"REST"},{"data":"2","floor":32,"key":"LIFT"}],"circlet_count":0,"master_deck":["hermit:Strike_Hermit","hermit:Strike_Hermit","hermit:Strike_Hermit","hermit:Strike_Hermit","hermit:Defend_Hermit","hermit:Defend_Hermit","hermit:Defend_Hermit+1","hermit:Defend_Hermit","hermit:Snapshot","hermit:Covet","hermit:FlashPowder","hermit:CursedWeapon+1","hermit:GoldenBullet","hermit:Glare+1","hermit:Quickdraw+1","hermit:HighCaliber+1","hermit:BodyArmor","hermit:HighCaliber","hermit:Horror","Replay:Sluggish","hermit:GoldenBullet"],"relics":["hermit:Momento","replay:Trail_Library","PreservedInsect","HornCleat","Chameleon Ring","Gremlin Food","hubris:TenFootPole","Girya","Cursed Key","Red Mask","reliquary:PrincelyHelmet","Pet Ghost","Kunai","Art of War","Membership Card","halation:Toothbrush","Oddly Smooth Stone","Unceasing Top"],"acts_visited":["Exordium","TheCity"],"potions_floor_usage":[10,16,16,23],"damage_taken":[{"damage":2,"enemies":"Jaw Worm","floor":1,"turns":2},{"damage":9,"enemies":"Small Slimes","floor":2,"turns":4},{"damage":0,"enemies":"2 Louse","floor":5,"turns":1},{"damage":15,"enemies":"3 Sentries","floor":7,"turns":6},{"damage":2,"enemies":"Lagavulin","floor":10,"turns":3},{"damage":2,"enemies":"2 Fungi Beasts","floor":14,"turns":3},{"damage":31,"enemies":"Slime Boss","floor":16,"turns":11},{"damage":5,"enemies":"conspire:FuzzyDice","floor":18,"turns":6},{"damage":16,"enemies":"Masked Bandits","floor":21,"turns":6},{"damage":2,"enemies":"conspire:Head Lice","floor":23,"turns":3},{"damage":2,"enemies":"Slavers","floor":24,"turns":6},{"damage":2,"enemies":"conspire:Head Lice","floor":31,"turns":3},{"damage":79,"enemies":"Collector","floor":33,"turns":6}],"seed_played":"-3825984389506241539","potions_obtained":[{"floor":5,"key":"Elixir"},{"floor":7,"key":"Adrenaline Potion"},{"floor":14,"key":"Weak Potion"},{"floor":18,"key":"Swift Potion"}],"is_trial":true,"path_per_floor":["M","M","?","?","M","R","E","$","T","E","R","R","?","M","R_BF","B",null,"M","$","?","?","T","E","E","R","T","R","$","$","T","E","R","B"],"character_chosen":"HERMIT","items_purchased":["Gremlin Food","Membership Card","halation:Toothbrush"],"campfire_rested":3,"item_purchase_floors":[8,28,28],"current_hp_per_floor":[73,64,64,48,48,48,33,33,33,31,53,53,53,51,51,20,75,70,70,70,54,54,52,50,72,72,75,78,81,81,79,79,0,0],"gold":179,"neow_bonus":"","is_daily":false,"chose_seed":false,"campfire_upgraded":1,"win_rate":0.0,"timestamp":1614051847,"path_taken":["M","M","?","?","M","R","E","$","T","E","R","R","?","M","R_BF","BOSS","M","$","?","?","?","E","E","R","T","R","$","$","?","E","R","BOSS"],"items_purchased_type":["Relic","Relic","Relic"],"build_version":"2020-12-22","purchased_purges":2,"victory":false,"max_hp_per_floor":[75,75,75,75,75,75,75,75,75,75,75,75,75,75,75,75,75,75,75,75,75,75,75,75,75,75,75,78,81,81,81,81,81,81],"card_choices":[{"not_picked":["hermit:LowProfile","hermit:TrackingShot"],"picked":"hermit:GoldenBullet","floor":1},{"not_picked":["hermit:Coalescence","hermit:Spite","hermit:Feint"],"picked":"SKIP","floor":2},{"not_picked":["hermit:TrackingShot","hermit:Coalescence"],"picked":"hermit:Glare","floor":5},{"not_picked":["hermit:Quickdraw","hermit:CalledShot","hermit:Ricochet"],"picked":"SKIP","floor":7},{"not_picked":["hermit:Misfire","hermit:WideOpen","hermit:LowProfile"],"picked":"SKIP","floor":10},{"not_picked":["hermit:Adapt","hermit:SprayPray","hermit:Manifest"],"picked":"SKIP","floor":14},{"not_picked":["hermit:Snipe+1","hermit:Spite"],"picked":"hermit:HighCaliber+1","floor":18},{"not_picked":["hermit:FlashPowder","hermit:EyeOfTheStorm+1"],"picked":"hermit:HighCaliber","floor":21},{"not_picked":["hermit:Dive","hermit:LoneWolf+1","hermit:GhostlyPresence"],"picked":"SKIP","floor":23},{"not_picked":["hermit:Grudge","hermit:Coalescence","hermit:ItchyTrigger"],"picked":"SKIP","floor":24},{"not_picked":["hermit:Misfire","hermit:TrackingShot","hermit:Manifest+1"],"picked":"SKIP","floor":31}],"player_experience":438633,"relics_obtained":[{"floor":7,"key":"Chameleon Ring"},{"floor":9,"key":"hubris:TenFootPole"},{"floor":10,"key":"Girya"},{"floor":21,"key":"Red Mask"},{"floor":22,"key":"reliquary:PrincelyHelmet"},{"floor":23,"key":"Pet Ghost"},{"floor":24,"key":"Kunai"},{"floor":26,"key":"Art of War"},{"floor":30,"key":"Oddly Smooth Stone"},{"floor":31,"key":"Unceasing Top"}],"event_choices":[{"cards_removed":["hermit:Determination"],"damage_healed":0,"gold_gain":0,"player_choice":"Forget","damage_taken":0,"max_hp_gain":0,"max_hp_loss":0,"event_name":"Living Wall","floor":3,"gold_loss":0},{"damage_healed":0,"gold_gain":1,"player_choice":"Relic Relic ","damage_taken":16,"max_hp_gain":0,"max_hp_loss":0,"event_name":"betterThird:BetterScrap","floor":4,"gold_loss":0,"cards_obtained":["ReplayTheSpireMod:From All Sides"]},{"damage_healed":0,"gold_gain":0,"player_choice":"Read","damage_taken":0,"max_hp_gain":0,"max_hp_loss":0,"event_name":"The Library","floor":20,"gold_loss":0,"cards_obtained":["hermit:BodyArmor"]},{"damage_healed":0,"gold_gain":0,"player_choice":"Fought Bandits","damage_taken":0,"max_hp_gain":0,"max_hp_loss":0,"event_name":"Masked Bandits","floor":21,"gold_loss":0}],"is_beta":false,"boss_relics":[{"not_picked":["hermit:ClaspedLocket","halation:HeavySnake"],"picked":"Cursed Key"}],"items_purged_floors":[28,29],"is_endless":false,"potions_floor_spawned":[5,7,14,18],"killed_by":"Collector","ascension_level":0}}