{"host":"iv24d026eac8pm4e","time":1614103071,"event":{"mods":["BaseMod","Minty Spire (QoL Compilation)"],"gold_per_floor":[109,8,23,35,35,35,49,49,49,62,62,62,77,93,93,186,186,207,127,127],"floor_reached":19,"language":"ENG","playtime":721,"items_purged":["Doubt"],"score":322,"play_id":"1926ef9b-3dd3-4fdc-b3e1-79befac70458","local_time":"20210223095751","is_ascension_mode":true,"campfire_choices":[{"data":"Bouncing Flask","floor":6,"key":"SMITH"},{"data":"Leg Sweep","floor":8,"key":"SMITH"},{"data":"Blade Dance","floor":11,"key":"SMITH"},{"data":"Caltrops","floor":15,"key":"SMITH"}],"circlet_count":0,"master_deck":["AscendersBane","Strike_G","Strike_G","Strike_G","Strike_G","Defend_G","Defend_G","Defend_G","Defend_G","Defend_G","Survivor","Neutralize","Corpse Explosion","Blade Dance+1","Dagger Spray","Bouncing Flask+1","PiercingWail","Leg Sweep+1","PiercingWail","A Thousand Cuts","Prepared","Caltrops+1","Wraith Form v2","CurseOfTheBell","Terror"],"relics":["Ring of the Snake","Golden Idol","Sundial","Calling Bell","Shovel","InkBottle","Centennial Puzzle"],"acts_visited":["Exordium","TheCity"],"potions_floor_usage":[10,16,18],"damage_taken":[{"damage":11,"enemies":"Jaw Worm","floor":1,"turns":6},{"damage":0,"enemies":"Cultist","floor":3,"turns":4},{"damage":0,"enemies":"Small Slimes","floor":4,"turns":4},{"damage":4,"enemies":"3 Louse","floor":7,"turns":3},{"damage":3,"enemies":"Exordium Thugs","floor":10,"turns":5},{"damage":5,"enemies":"2 Fungi Beasts","floor":13,"turns":3},{"damage":12,"enemies":"Lots of Slimes","floor":14,"turns":2},{"damage":5,"enemies":"Hexaghost","floor":16,"turns":9},{"damage":34,"enemies":"Shell Parasite","floor":18,"turns":7},{"damage":9,"enemies":"2 Thieves","floor":19,"turns":4}],"seed_played":"2730561996223712678","potions_obtained":[{"floor":3,"key":"FearPotion"},{"floor":4,"key":"SpeedPotion"},{"floor":14,"key":"ColorlessPotion"},{"floor":18,"key":"Strength Potion"}],"is_trial":false,"path_per_floor":["M","$","M","M","?","R","M","R","T","M","R","?","M","M","R","B",null,"M","M"],"character_chosen":"THE_SILENT","items_purchased":["Dagger Spray"],"campfire_rested":0,"item_purchase_floors":[2],"current_hp_per_floor":[48,48,48,48,48,48,44,44,44,41,41,41,36,24,24,19,50,16,7,7],"gold":127,"neow_bonus":"THREE_RARE_CARDS","is_daily":false,"chose_seed":false,"campfire_upgraded":4,"win_rate":0.0,"timestamp":1614103071,"path_taken":["M","$","M","M","?","R","M","R","T","M","R","?","M","M","R","BOSS","M","?"],"items_purchased_type":["Card"],"build_version":"2020-12-22","purchased_purges":1,"victory":false,"max_hp_per_floor":[66,66,66,66,60,60,60,60,60,60,60,60,60,60,60,60,60,60,60,60],"card_choices":[{"not_picked":["Storm of Steel","Tools of the Trade"],"picked":"Corpse Explosion","floor":0},{"not_picked":["Bane","Dagger Spray"],"picked":"Blade Dance","floor":1},{"not_picked":["Dodge and Roll","Deflect"],"picked":"Bouncing Flask","floor":3},{"not_picked":["Deflect","Dodge and Roll"],"picked":"PiercingWail","floor":4},{"not_picked":["Flechettes","Reflex"],"picked":"Leg Sweep","floor":7},{"not_picked":["Masterful Stab","Deflect"],"picked":"PiercingWail","floor":10},{"not_picked":["Outmaneuver","Quick Slash"],"picked":"Prepared","floor":13},{"not_picked":["Bouncing Flask","Crippling Poison"],"picked":"Caltrops","floor":14},{"not_picked":["Storm of Steel","Corpse Explosion"],"picked":"Wraith Form v2","floor":16},{"not_picked":["Expertise","Bane"],"picked":"Terror","floor":18}],"player_experience":2604045,"relics_obtained":[{"floor":9,"key":"Sundial"},{"floor":17,"key":"Shovel"},{"floor":17,"key":"InkBottle"},{"floor":17,"key":"Centennial Puzzle"}],"event_choices":[{"damage_healed":0,"gold_gain":0,"player_choice":"Lose Max HP","damage_taken":0,"relics_obtained":["Golden Idol"],"max_hp_gain":0,"max_hp_loss":6,"event_name":"Golden Idol","floor":5,"gold_loss":0},{"damage_healed":0,"gold_gain":0,"cards_transformed":["Strike_G"],"player_choice":"Transformed","damage_taken":0,"max_hp_gain":0,"max_hp_loss":0,"event_name":"Transmorgrifier","floor":12,"gold_loss":0,"cards_obtained":["A Thousand Cuts"]}],"is_beta":false,"boss_relics":[{"not_picked":["Philosopher\u0027s Stone","Coffee Dripper"],"picked":"Calling Bell"}],"items_purged_floors":[2],"is_endless":false,"potions_floor_spawned":[3,4,14,18],"killed_by":"2 Thieves","ascension_level":20}}