{"host":"oe9gxypwgcivaf0h","time":1614059745,"event":{"mods":["2.2 Compatiblity","AchievementEnabler","Act Like it!","AlwaysNeverKeys","Aspiration","BaseMod","Better Altar","Better Match","Better Note","Better Sensory Stone","Better Skull","Better Third Choice","BetterRewards","Block Reminder","Bossed Relics","Colored Map","Colored Powertips","Conspire","Curses Come First","Dark Map","DeckTracker","Defuse TimeMaze Blight","Energized Spire","GifTheSpireLib","Halation","Highlight Path","Hubris","Infinite Spire","Marked Mod","Minty Spire (QoL Compilation)","Permanent Neow","Quick Restart","Random Character Button","Rare Cards Sparkle","RatMod","Relic Filter","Relic Sorter","Relic Stats","Reliquary","Replay The Spire","Reworked Bosses","Shop Mod","Spikes Relics","StSLib","Stuff the Spire","SuperFastMode","Synergy Search","The Blackbeard","The Blue Laboratory","The Cursed","The Disciple","The Jungle","The Runesmith","The Sage","Uncapped","Unceasing Turn Reminder","UnlockEverythingMod","Waifu the Spire"],"gold_per_floor":[113,80,98,98,98,131,131,142,142,156,156,167,167,178,178,178,178],"floor_reached":16,"language":"ENG","playtime":718,"items_purged":[],"score":102,"play_id":"68c7ca13-35b3-4865-8923-0b31c4446ce8","local_time":"20210223005545","is_ascension_mode":false,"campfire_choices":[{"data":"TheCursedMod:SpitefulPlan","floor":11,"key":"SMITH"},{"data":"TheCursedMod:AntiAging","floor":13,"key":"SMITH"},{"data":"TheCursedMod:CursedShiv","floor":15,"key":"SMITH"}],"circlet_count":0,"master_deck":["TheCursedMod:Strike_TheCursed","TheCursedMod:Strike_TheCursed","TheCursedMod:Strike_TheCursed","TheCursedMod:Strike_TheCursed","TheCursedMod:Defend_TheCursed","TheCursedMod:Defend_TheCursed","TheCursedMod:Defend_TheCursed","TheCursedMod:Defend_TheCursed","TheCursedMod:CursedWand+1","TheCursedMod:CleanUpWorkshop","TheCursedMod:Dregs","TheCursedMod:SpitefulPray","TheCursedMod:AshesToAshes","TheCursedMod:FleshFromBone","Apotheosis+1","Regret","TheCursedMod:ReleasedStrength","TheCursedMod:AbyssShockwave","TheCursedMod:SpitefulPlan+1","TheCursedMod:AntiAging+1","TheCursedMod:CursedShiv+1"],"relics":["TheCursedMod:BlackMagic101","Happy Flower","Sundial","Replay:WaspNest"],"acts_visited":["Exordium"],"potions_floor_usage":[10],"damage_taken":[{"damage":4,"enemies":"Small Slimes","floor":1,"turns":5},{"damage":4,"enemies":"conspire:RoseBush","floor":3,"turns":4},{"damage":9,"enemies":"Replay:BlueRogue","floor":6,"turns":7},{"damage":5,"enemies":"2 Louse","floor":8,"turns":3},{"damage":10,"enemies":"Large Slime","floor":10,"turns":6},{"damage":13,"enemies":"2 Fungi Beasts","floor":12,"turns":4},{"damage":9,"enemies":"Exordium Thugs","floor":14,"turns":5},{"damage":34,"enemies":"Hexaghost","floor":16,"turns":12}],"seed_played":"5805477538381715397","potions_obtained":[{"floor":1,"key":"Swift Potion"},{"floor":3,"key":"blueLaboratory:PolymorphPotion"},{"floor":10,"key":"SteroidPotion"}],"is_trial":false,"path_per_floor":["M","$","M","?","?","E","?","M","T","M","R","M","R","M","R","B"],"character_chosen":"THE_CURSED","items_purchased":["TheCursedMod:AshesToAshes"],"campfire_rested":0,"item_purchase_floors":[2],"current_hp_per_floor":[71,71,67,67,67,58,61,56,56,46,46,33,33,27,27,0,0],"gold":178,"neow_bonus":"RANDOM_EVENT","is_daily":false,"chose_seed":false,"campfire_upgraded":3,"win_rate":0.0,"timestamp":1614059745,"path_taken":["M","$","M","?","?","E","?","M","T","M","R","M","R","M","R","BOSS"],"items_purchased_type":["Card"],"build_version":"2020-12-22","purchased_purges":0,"victory":false,"max_hp_per_floor":[75,75,75,75,75,75,78,78,78,78,78,78,78,81,81,84,84],"relic_stats":{"Happy Flower":[12],"counters":[8,46],"Sundial":[6],"obtain_stats":[{"TheCursedMod:BlackMagic101":0,"Happy Flower":5,"Sundial":6,"Replay:WaspNest":9},{"TheCursedMod:BlackMagic101":0,"Happy Flower":2,"Sundial":3,"Replay:WaspNest":4},{"TheCursedMod:BlackMagic101":0,"Happy Flower":9,"Sundial":16,"Replay:WaspNest":19}]},"card_choices":[{"not_picked":["TheCursedMod:Wield","TheCursedMod:Obscuration"],"picked":"TheCursedMod:SpitefulPray","floor":1},{"not_picked":["TheCursedMod:SurpriseAttack","TheCursedMod:Wield"],"picked":"TheCursedMod:FleshFromBone","floor":3},{"not_picked":["TheCursedMod:PrepareRite","TheCursedMod:Obscuration"],"picked":"TheCursedMod:ReleasedStrength","floor":6},{"not_picked":["TheCursedMod:ReleasedStrength","TheCursedMod:CircleOfFocus"],"picked":"TheCursedMod:AbyssShockwave","floor":8},{"not_picked":["TheCursedMod:StingEye","TheCursedMod:Stigma"],"picked":"TheCursedMod:SpitefulPlan","floor":10},{"not_picked":["TheCursedMod:SpitefulPlan","TheCursedMod:CursedAmulet"],"picked":"TheCursedMod:AntiAging","floor":12},{"not_picked":["TheCursedMod:FleshFromBone","TheCursedMod:Stigma"],"picked":"TheCursedMod:CursedShiv","floor":14}],"player_experience":117783,"relics_obtained":[{"floor":6,"key":"Sundial"},{"floor":9,"key":"Replay:WaspNest"}],"event_choices":[{"damage_healed":0,"gold_gain":0,"player_choice":"Grow","damage_taken":0,"max_hp_gain":0,"max_hp_loss":0,"event_name":"Living Wall","floor":0,"gold_loss":0,"cards_upgraded":["TheCursedMod:CursedWand"]},{"damage_healed":67,"gold_gain":0,"player_choice":"Embrace","damage_taken":0,"max_hp_gain":0,"max_hp_loss":75,"event_name":"betterThird:BetterShining","floor":4,"gold_loss":0},{"damage_healed":0,"gold_gain":0,"player_choice":"Box","damage_taken":0,"relics_obtained":["Happy Flower"],"max_hp_gain":0,"max_hp_loss":0,"event_name":"Big Fish","floor":5,"gold_loss":0,"cards_obtained":["Regret"]}],"is_beta":false,"boss_relics":[],"items_purged_floors":[],"is_endless":false,"potions_floor_spawned":[1,3,10],"killed_by":"Hexaghost","ascension_level":0}}