{"host":"7eytxr1oawi6r5nr","time":1614088234,"event":{"mods":["Act Like it!","BaseMod","Better Third Choice","Curses Come First","Dark Map","Hermit","Hubris","Ironclad Rager","Minty Spire (QoL Compilation)","Permanent Neow","Quick Restart","Rare Cards Sparkle","Relic Filter Mod","Reliquary","Replay The Spire","Ruina","StSLib","The Cursed","The Disciple","The Forsaken","The IronCluck","The Runesmith","The Servant 0.9.4","Wide Potions"],"gold_per_floor":[118,43,62,62,85,85,120,134,160,183,183,183,183,222,222,222,222],"floor_reached":16,"language":"ENG","playtime":751,"items_purged":["Strike_R"],"score":138,"play_id":"fbd3de54-1e4e-492c-8fc5-03d91ae470d5","local_time":"20210223135034","is_ascension_mode":true,"campfire_choices":[{"data":"Bash","floor":6,"key":"SMITH"},{"floor":12,"key":"REST"},{"data":"Pummel","floor":15,"key":"SMITH"}],"circlet_count":0,"master_deck":["Strike_R","Strike_R","Strike_R","Strike_R","Defend_R","Defend_R","Bash+1","Immolate","Anger","Headbutt","Pummel+1","Shrug It Off","ReplayTheSpireMod:Stacked","Hemokinesis","hubris:DuctTapeCard","Combust"],"relics":["Burning Blood","Golden Idol","hubris:DisguiseKit","hubris:DuctTape","hubris:Zylophone"],"acts_visited":["Exordium"],"potions_floor_usage":[],"damage_taken":[{"damage":7,"enemies":"Jaw Worm","floor":1,"turns":4},{"damage":8,"enemies":"2 Louse","floor":3,"turns":2},{"damage":0,"enemies":"Cultist","floor":5,"turns":2},{"damage":52,"enemies":"Lagavulin","floor":7,"turns":7},{"damage":0,"enemies":"Large Slime","floor":8,"turns":4},{"damage":6,"enemies":"Red Slaver","floor":10,"turns":3},{"damage":18,"enemies":"Gremlin Nob","floor":14,"turns":3},{"damage":41,"enemies":"Slime Boss","floor":16,"turns":7}],"seed_played":"-8263365527527839135","potions_obtained":[{"floor":1,"key":"ElixirPotion"},{"floor":3,"key":"CultistPotion"},{"floor":10,"key":"SpeedPotion"}],"is_trial":false,"path_per_floor":["M","$","M","?","M","R","E","M","T","M","?","R","T","E","R","B"],"character_chosen":"IRONCLAD","items_purchased":[],"campfire_rested":1,"item_purchase_floors":[],"current_hp_per_floor":[79,79,77,57,63,63,17,23,23,23,23,47,47,35,35,0,0],"gold":222,"neow_bonus":"ONE_RANDOM_RARE_CARD","is_daily":false,"chose_seed":false,"campfire_upgraded":2,"win_rate":0.0,"timestamp":1614088234,"path_taken":["M","$","M","?","M","R","E","M","T","M","?","R","?","E","R","BOSS"],"items_purchased_type":[],"build_version":"2020-12-22","purchased_purges":1,"victory":false,"max_hp_per_floor":[80,80,80,80,80,80,80,80,80,80,80,80,80,80,80,80,80],"card_choices":[{"not_picked":["Sentinel","Second Wind"],"picked":"Anger","floor":1},{"not_picked":["Replay:Undeath\u0027s Touch","Whirlwind"],"picked":"Headbutt","floor":3},{"not_picked":["Body Slam","Fire Breathing","Replay:Undeath\u0027s Touch"],"picked":"SKIP","floor":5},{"not_picked":["Clash","Replay:Many Hands"],"picked":"Pummel","floor":7},{"not_picked":["Evolve","Ghostly Armor","theForsaken:Thunderbolt"],"picked":"Shrug It Off","floor":8},{"not_picked":["Abandon","Havoc","theForsaken:CreepingInfection"],"picked":"ReplayTheSpireMod:Stacked","floor":10},{"not_picked":["Dark Embrace","Warcry","theForsaken:Preservation"],"picked":"Combust","floor":14}],"player_experience":206233,"relics_obtained":[{"floor":7,"key":"hubris:DisguiseKit"},{"floor":13,"key":"hubris:DuctTape"},{"floor":14,"key":"hubris:Zylophone"}],"event_choices":[{"damage_healed":0,"gold_gain":0,"player_choice":"Take Damage","damage_taken":20,"relics_obtained":["Golden Idol"],"max_hp_gain":0,"max_hp_loss":0,"event_name":"Golden Idol","floor":4,"gold_loss":0}],"is_beta":false,"boss_relics":[],"items_purged_floors":[2],"is_endless":false,"potions_floor_spawned":[1,3,10],"killed_by":"Slime Boss","ascension_level":5}}