{"host":"a57oumegxze0vmhs","time":1614083200,"event":{"mods":["AchievementEnabler","BaseMod","Colored Powertips","Minty Spire (QoL Compilation)","Relic Stats"],"gold_per_floor":[118,193,203,220,235,235,235,265,316,316,316,331,331,358,358,436,436,455,469,469,318,329,329,362,362,362,362,362],"floor_reached":27,"language":"ENG","playtime":859,"items_purged":["Strike_G"],"score":423,"play_id":"27577aef-5a4e-4159-831f-d6888fcb7459","local_time":"20210223142640","is_ascension_mode":true,"campfire_choices":[{"floor":6,"key":"REST"},{"data":"Neutralize","floor":10,"key":"SMITH"},{"floor":13,"key":"REST"},{"floor":15,"key":"REST"},{"floor":23,"key":"REST"},{"floor":25,"key":"REST"}],"circlet_count":0,"master_deck":["AscendersBane","Strike_G","Strike_G","Strike_G","Defend_G","Defend_G","Defend_G","Defend_G","Defend_G","Survivor","Neutralize+1","Deadly Poison","Bane","Dodge and Roll","Heel Hook","Masterful Stab","Deadly Poison","Crippling Poison","Bullet Time","Riddle With Holes","Blade Dance","Noxious Fumes","Dagger Spray","PiercingWail","Regret"],"relics":["Ring of the Snake","Darkstone Periapt","Strawberry","Bronze Scales","Cursed Key","Lantern"],"acts_visited":["Exordium","TheCity"],"potions_floor_usage":[16,24],"damage_taken":[{"damage":2,"enemies":"2 Louse","floor":1,"turns":5},{"damage":2,"enemies":"Jaw Worm","floor":3,"turns":4},{"damage":0,"enemies":"Cultist","floor":4,"turns":3},{"damage":9,"enemies":"Looter","floor":5,"turns":5},{"damage":15,"enemies":"3 Sentries","floor":8,"turns":11},{"damage":14,"enemies":"Red Slaver","floor":12,"turns":5},{"damage":11,"enemies":"Gremlin Nob","floor":14,"turns":4},{"damage":31,"enemies":"Hexaghost","floor":16,"turns":9},{"damage":9,"enemies":"Spheric Guardian","floor":18,"turns":4},{"damage":11,"enemies":"Shell Parasite","floor":19,"turns":5},{"damage":15,"enemies":"3 Cultists","floor":22,"turns":5},{"damage":26,"enemies":"Slavers","floor":24,"turns":6},{"damage":32,"enemies":"Gremlin Leader","floor":27,"turns":4}],"seed_played":"-4256207788000701318","potions_obtained":[{"floor":3,"key":"Energy Potion"},{"floor":8,"key":"ColorlessPotion"},{"floor":16,"key":"DuplicationPotion"},{"floor":22,"key":"LiquidBronze"}],"is_trial":false,"path_per_floor":["M","?","M","M","M","R","?","E","T","R","?","M","R","E","R","B",null,"M","M","?","$","M","R","E","R","T","E"],"character_chosen":"THE_SILENT","items_purchased":["Noxious Fumes"],"campfire_rested":5,"item_purchase_floors":[21],"current_hp_per_floor":[68,57,55,55,46,69,62,47,54,54,46,32,57,46,71,40,73,64,53,53,53,38,63,37,62,68,36,36],"gold":362,"neow_bonus":"TEN_PERCENT_HP_BONUS","is_daily":false,"chose_seed":false,"campfire_upgraded":1,"win_rate":0.0,"timestamp":1614083200,"path_taken":["M","?","M","M","M","R","?","E","T","R","?","?","R","E","R","BOSS","M","M","?","$","?","R","E","R","T","E"],"items_purchased_type":["Card"],"build_version":"2020-12-22","purchased_purges":1,"victory":false,"max_hp_per_floor":[77,77,77,77,77,77,77,77,84,84,84,84,84,84,84,84,84,84,84,84,84,84,84,84,84,90,90,90],"relic_stats":{"Darkstone Periapt":6,"counters":[13,70],"Bronze Scales":[94],"Cursed Key":1,"obtain_stats":[{"Darkstone Periapt":8,"Lantern":24,"Strawberry":9,"Bronze Scales":14,"Cursed Key":17,"Ring of the Snake":0},{"Darkstone Periapt":5,"Lantern":12,"Strawberry":5,"Bronze Scales":7,"Cursed Key":8,"Ring of the Snake":0},{"Darkstone Periapt":28,"Lantern":66,"Strawberry":28,"Bronze Scales":37,"Cursed Key":46,"Ring of the Snake":0}],"Ring of the Snake":[26]},"card_choices":[{"not_picked":["Choke","Dagger Spray"],"picked":"Deadly Poison","floor":1},{"not_picked":["Cloak And Dagger","Calculated Gamble"],"picked":"Bane","floor":3},{"not_picked":["Eviscerate","Quick Slash"],"picked":"Dodge and Roll","floor":4},{"not_picked":["All Out Attack","Blur"],"picked":"Heel Hook","floor":5},{"not_picked":["Backflip","Venomology"],"picked":"Masterful Stab","floor":8},{"not_picked":["Sucker Punch","Slice"],"picked":"Deadly Poison","floor":12},{"not_picked":["Riddle With Holes","All Out Attack"],"picked":"Crippling Poison","floor":14},{"not_picked":["Burst","Grand Finale"],"picked":"Bullet Time","floor":16},{"not_picked":["Outmaneuver","Calculated Gamble"],"picked":"Riddle With Holes","floor":18},{"not_picked":["Bane","Flying Knee"],"picked":"Blade Dance","floor":19},{"not_picked":["Flying Knee","Bane"],"picked":"Dagger Spray","floor":22},{"not_picked":["Cloak And Dagger","Prepared+1"],"picked":"PiercingWail","floor":24}],"player_experience":457301,"relics_obtained":[{"floor":8,"key":"Darkstone Periapt"},{"floor":9,"key":"Strawberry"},{"floor":14,"key":"Bronze Scales"},{"floor":24,"key":"Lantern"}],"event_choices":[{"damage_healed":0,"gold_gain":75,"player_choice":"Gather Gold","damage_taken":11,"max_hp_gain":0,"max_hp_loss":0,"event_name":"World of Goop","floor":2,"gold_loss":0},{"cards_removed":["Strike_G"],"damage_healed":0,"gold_gain":0,"player_choice":"Card Removal","damage_taken":7,"max_hp_gain":0,"max_hp_loss":0,"event_name":"Golden Wing","floor":7,"gold_loss":0},{"damage_healed":0,"gold_gain":0,"player_choice":"Damaged","damage_taken":8,"max_hp_gain":0,"max_hp_loss":0,"event_name":"Wheel of Change","floor":11,"gold_loss":0},{"damage_healed":0,"gold_gain":0,"player_choice":"Bought 0 Potions","damage_taken":0,"max_hp_gain":0,"max_hp_loss":0,"event_name":"The Woman in Blue","floor":20,"gold_loss":0}],"is_beta":false,"boss_relics":[{"not_picked":["Busted Crown","Sozu"],"picked":"Cursed Key"}],"items_purged_floors":[21],"is_endless":false,"potions_floor_spawned":[3,8,14,16,19,22],"killed_by":"Gremlin Leader","ascension_level":13}}