{"host":"d5zlp9udt2hvvjfh","time":1614040955,"event":{"mods":["AchievementEnabler","BaseMod","Minty Spire (QoL Compilation)","Permanent Neow","Relic Stats","StSLib"],"gold_per_floor":[118,129,229,239,250,278,278,312,385,416,433,433,454,494,494,622,622,636,636,660,438,454,454,286,302,302,333,360,497,530,563,575,713,725,755,414,414,79,135,170,170,18,18,51,75,75,111,126,126,126,126,126,38,78,78],"floor_reached":56,"language":"ENG","playtime":12929,"items_purged":["Perfected Strike","Clothesline","Heavy Blade"],"score":1439,"play_id":"8c2a3640-ccb3-49d0-b25d-e345766776f8","local_time":"20210223014235","is_ascension_mode":true,"campfire_choices":[{"data":"Bloodletting","floor":7,"key":"SMITH"},{"data":"Carnage","floor":15,"key":"SMITH"},{"data":"Brutality","floor":23,"key":"SMITH"},{"data":"Barricade","floor":32,"key":"SMITH"},{"data":"Clothesline","floor":41,"key":"PURGE"},{"floor":49,"key":"RECALL"},{"data":"Armaments+1","floor":52,"key":"PURGE"}],"circlet_count":0,"master_deck":["Bash+1","Carnage+1","Bloodletting+1","Spot Weakness","Ghostly Armor","Sword Boomerang","Cleave","Disarm","Brutality+1","Entrench","Infernal Blade","Sentinel","Feel No Pain","Barricade+1","Bludgeon","Shrug It Off+1","Bloodletting","Feed","Shrug It Off","Sever Soul","Offering","Blood for Blood+1","Battle Trance","Offering","Body Slam+1","Feel No Pain","Apotheosis","Warcry","Shrug It Off+1","Intimidate","Shockwave","True Grit+1","Body Slam+1","Entrench","True Grit"],"relics":["Burning Blood","Peace Pipe","Magic Flower","Self Forming Clay","MealTicket","Golden Idol","Mummified Hand","Pandora\u0027s Box","MawBank","Lizard Tail","Molten Egg 2","Fusion Hammer","Gremlin Horn","Ice Cream","Paper Frog","Anchor","Singing Bowl","Happy Flower","Pantograph","Akabeko"],"acts_visited":["Exordium","TheCity","TheBeyond","TheEnding"],"potions_floor_usage":[6,11,14,16,20,20,25,29,54,55,55],"damage_taken":[{"damage":3,"enemies":"Small Slimes","floor":1,"turns":3},{"damage":4,"enemies":"Cultist","floor":2,"turns":3},{"damage":0,"enemies":"2 Louse","floor":4,"turns":2},{"damage":3,"enemies":"Large Slime","floor":5,"turns":3},{"damage":15,"enemies":"3 Sentries","floor":6,"turns":6},{"damage":17,"enemies":"Gremlin Nob","floor":8,"turns":3},{"damage":19,"enemies":"3 Sentries","floor":10,"turns":9},{"damage":8,"enemies":"Gremlin Gang","floor":11,"turns":3},{"damage":12,"enemies":"Blue Slaver","floor":13,"turns":2},{"damage":2,"enemies":"Lagavulin","floor":14,"turns":6},{"damage":43,"enemies":"Slime Boss","floor":16,"turns":7},{"damage":23,"enemies":"3 Byrds","floor":18,"turns":7},{"damage":20,"enemies":"2 Thieves","floor":20,"turns":4},{"damage":17,"enemies":"Snecko","floor":22,"turns":5},{"damage":12,"enemies":"Snake Plant","floor":25,"turns":2},{"damage":22,"enemies":"Slavers","floor":27,"turns":9},{"damage":23,"enemies":"Sentry and Sphere","floor":28,"turns":6},{"damage":24,"enemies":"Colosseum Slavers","floor":29,"turns":4},{"damage":18,"enemies":"Colosseum Nobs","floor":29,"turns":5},{"damage":18,"enemies":"Centurion and Healer","floor":30,"turns":4},{"damage":2,"enemies":"Snecko","floor":31,"turns":3},{"damage":27,"enemies":"Collector","floor":33,"turns":12},{"damage":2,"enemies":"Orb Walker","floor":35,"turns":3},{"damage":34,"enemies":"2 Orb Walkers","floor":39,"turns":3},{"damage":17,"enemies":"Giant Head","floor":40,"turns":3},{"damage":12,"enemies":"Nemesis","floor":44,"turns":7},{"damage":9,"enemies":"3 Darklings","floor":45,"turns":4},{"damage":17,"enemies":"Giant Head","floor":47,"turns":5},{"damage":8,"enemies":"4 Shapes","floor":48,"turns":3},{"damage":20,"enemies":"Awakened One","floor":50,"turns":6},{"damage":34,"enemies":"Shield and Spear","floor":54,"turns":5},{"damage":85,"enemies":"The Heart","floor":55,"turns":11}],"seed_played":"-3233176507317129622","potions_obtained":[{"floor":5,"key":"DuplicationPotion"},{"floor":8,"key":"Fire Potion"},{"floor":11,"key":"HeartOfIron"},{"floor":13,"key":"LiquidMemories"},{"floor":16,"key":"EntropicBrew"},{"floor":20,"key":"Block Potion"},{"floor":25,"key":"Regen Potion"},{"floor":27,"key":"Fire Potion"},{"floor":39,"key":"Block Potion"}],"is_trial":false,"path_per_floor":["M","M","?","M","M","E","R","E","T","E","M","?","M","E","R","B",null,"M","?","M","$","M","R","$","M","T","E","M","?","M","M","R","B",null,"M","$","?","$","?","E","R","$","T","E","M","?","E","M","R","B",null,"R","$","E","B",null],"character_chosen":"IRONCLAD","items_purchased":["Bloodletting","Feed","Sever Soul","Body Slam+1","Feel No Pain","Gremlin Horn","Apotheosis","Warcry","Anchor","Entrench","True Grit"],"campfire_rested":0,"item_purchase_floors":[21,21,24,36,36,36,38,38,42,53,53],"current_hp_per_floor":[80,80,80,80,80,71,71,60,60,50,51,51,48,55,55,21,74,60,60,49,64,56,56,71,73,73,65,51,59,50,57,57,45,90,90,90,90,90,65,63,63,78,78,75,81,81,81,82,82,99,108,108,108,91,38],"gold":78,"neow_bonus":"UPGRADE_CARD","is_daily":false,"chose_seed":false,"campfire_upgraded":4,"win_rate":0.0,"timestamp":1614040955,"path_taken":["M","M","?","M","?","E","R","E","T","E","M","?","M","E","R","BOSS","M","?","M","$","M","R","$","M","T","E","?","?","M","M","R","BOSS","M","$","?","$","?","E","R","?","T","E","M","?","E","?","R","BOSS","R","$","E","BOSS"],"items_purchased_type":["Card","Card","Card","Card","Card","Relic","Card","Card","Relic","Card","Card"],"build_version":"2020-12-22","purchased_purges":3,"victory":true,"max_hp_per_floor":[80,80,80,80,80,80,80,80,80,80,80,74,74,74,74,74,74,74,74,74,74,74,74,74,77,77,80,80,86,86,86,86,90,90,90,90,90,90,90,94,94,94,94,94,98,98,104,104,104,108,108,108,108,114,114],"relic_stats":{"Gremlin Horn":[9,10],"Singing Bowl":4,"Happy Flower":[11],"counters":[32,158],"Self Forming Clay":[414],"Golden Idol":221,"Magic Flower":[103],"MawBank":108,"Burning Blood":249,"Peace Pipe":2,"Lizard Tail":0,"Mummified Hand":[87],"Pantograph":45,"MealTicket":45,"Pandora\u0027s Box":["Heavy Blade","Clothesline","Entrench","Infernal Blade","Sentinel","Iron Wave","Feel No Pain","Barricade","Bludgeon"],"obtain_stats":[{"Ice Cream":39,"Gremlin Horn":36,"Singing Bowl":43,"Happy Flower":44,"Self Forming Clay":9,"Golden Idol":12,"Magic Flower":8,"MawBank":27,"Burning Blood":0,"Akabeko":54,"Peace Pipe":6,"Lizard Tail":29,"Anchor":42,"Mummified Hand":14,"Pantograph":47,"MealTicket":10,"Pandora\u0027s Box":17,"Molten Egg 2":29,"Fusion Hammer":34,"Paper Frog":40},{"Ice Cream":24,"Gremlin Horn":23,"Singing Bowl":25,"Happy Flower":26,"Self Forming Clay":6,"Golden Idol":8,"Magic Flower":6,"MawBank":16,"Burning Blood":0,"Akabeko":31,"Peace Pipe":5,"Lizard Tail":19,"Anchor":25,"Mummified Hand":10,"Pantograph":28,"MealTicket":7,"Pandora\u0027s Box":11,"Molten Egg 2":19,"Fusion Hammer":22,"Paper Frog":25},{"Ice Cream":114,"Gremlin Horn":111,"Singing Bowl":117,"Happy Flower":124,"Self Forming Clay":20,"Golden Idol":32,"Magic Flower":20,"MawBank":74,"Burning Blood":0,"Akabeko":147,"Peace Pipe":17,"Lizard Tail":89,"Anchor":117,"Mummified Hand":40,"Pantograph":133,"MealTicket":29,"Pandora\u0027s Box":47,"Molten Egg 2":89,"Fusion Hammer":108,"Paper Frog":117}]},"card_choices":[{"not_picked":["Cleave","Perfected Strike"],"picked":"Clothesline","floor":1},{"not_picked":["Havoc","Sever Soul"],"picked":"Carnage","floor":2},{"not_picked":["Thunderclap","Flex"],"picked":"Bloodletting","floor":4},{"not_picked":["Bloodletting","Wild Strike"],"picked":"Perfected Strike","floor":5},{"not_picked":["Rage","Fire Breathing"],"picked":"Spot Weakness","floor":6},{"not_picked":["Sword Boomerang","Exhume"],"picked":"Ghostly Armor","floor":8},{"not_picked":["Perfected Strike","Second Wind","Evolve"],"picked":"SKIP","floor":10},{"not_picked":["Rampage","Clothesline"],"picked":"Sword Boomerang","floor":11},{"not_picked":["Pommel Strike","Fire Breathing"],"picked":"Cleave","floor":13},{"not_picked":["Seeing Red","Iron Wave"],"picked":"Disarm","floor":14},{"not_picked":["Fiend Fire","Berserk"],"picked":"Brutality","floor":16},{"not_picked":["Sentinel","Perfected Strike"],"picked":"Shrug It Off+1","floor":18},{"not_picked":["Clothesline+1","Pummel","Cleave"],"picked":"SKIP","floor":20},{"not_picked":["Thunderclap","Pummel"],"picked":"Shrug It Off","floor":22},{"not_picked":["Flex","Iron Wave+1"],"picked":"Offering","floor":25},{"not_picked":["Armaments","Twin Strike","Evolve"],"picked":"SKIP","floor":27},{"not_picked":["Fire Breathing","Reckless Charge","Rampage"],"picked":"SKIP","floor":28},{"not_picked":["Clothesline+1","Shrug It Off+1"],"picked":"Blood for Blood+1","floor":29},{"not_picked":["Twin Strike+1","Berserk"],"picked":"Armaments+1","floor":30},{"not_picked":["Havoc","Cleave+1"],"picked":"Battle Trance","floor":31},{"not_picked":["Feed+1","Berserk"],"picked":"Offering","floor":33},{"not_picked":["Power Through+1","Sentinel"],"picked":"Headbutt+1","floor":35},{"not_picked":["True Grit","Metallicize"],"picked":"Shrug It Off+1","floor":39},{"not_picked":["Carnage+1","Hemokinesis+1"],"picked":"Intimidate","floor":40},{"not_picked":["Combust+1","Warcry"],"picked":"Shockwave","floor":44},{"not_picked":["Inflame","Pummel+1"],"picked":"True Grit+1","floor":45},{"not_picked":["Armaments","Power Through+1","Thunderclap+1"],"picked":"Singing Bowl","floor":47},{"not_picked":["Impervious","Power Through"],"picked":"Body Slam+1","floor":48},{"not_picked":["Bludgeon+1","Reckless Charge+1","Heavy Blade+1"],"picked":"Singing Bowl","floor":54}],"player_experience":1145505,"relics_obtained":[{"floor":6,"key":"Peace Pipe"},{"floor":8,"key":"Magic Flower"},{"floor":9,"key":"Self Forming Clay"},{"floor":10,"key":"MealTicket"},{"floor":14,"key":"Mummified Hand"},{"floor":27,"key":"MawBank"},{"floor":29,"key":"Lizard Tail"},{"floor":29,"key":"Molten Egg 2"},{"floor":39,"key":"Ice Cream"},{"floor":40,"key":"Paper Frog"},{"floor":43,"key":"Singing Bowl"},{"floor":44,"key":"Happy Flower"},{"floor":47,"key":"Pantograph"},{"floor":54,"key":"Akabeko"}],"event_choices":[{"damage_healed":0,"gold_gain":100,"player_choice":"Pray","damage_taken":0,"max_hp_gain":0,"max_hp_loss":0,"event_name":"Golden Shrine","floor":3,"gold_loss":0},{"damage_healed":0,"gold_gain":0,"player_choice":"Lose Max HP","damage_taken":0,"relics_obtained":["Golden Idol"],"max_hp_gain":0,"max_hp_loss":6,"event_name":"Golden Idol","floor":12,"gold_loss":0},{"damage_healed":0,"gold_gain":0,"player_choice":"0 cards matched","damage_taken":0,"max_hp_gain":0,"max_hp_loss":0,"event_name":"Match and Keep!","floor":19,"gold_loss":0,"cards_obtained":[]},{"damage_healed":0,"gold_gain":0,"player_choice":"Fight","damage_taken":0,"max_hp_gain":0,"max_hp_loss":0,"event_name":"Colosseum","floor":29,"gold_loss":0},{"damage_healed":0,"gold_gain":0,"player_choice":"Fought Nobs","damage_taken":0,"max_hp_gain":0,"max_hp_loss":0,"event_name":"Colosseum","floor":29,"gold_loss":0},{"cards_removed":["Headbutt"],"damage_healed":0,"gold_gain":0,"player_choice":"Removed Attack","damage_taken":0,"max_hp_gain":0,"max_hp_loss":0,"event_name":"Falling","floor":37,"gold_loss":0},{"damage_healed":0,"gold_gain":0,"player_choice":"Fight","damage_taken":0,"max_hp_gain":0,"max_hp_loss":0,"event_name":"Mysterious Sphere","floor":39,"gold_loss":0},{"cards_removed":["Iron Wave"],"damage_healed":0,"gold_gain":0,"player_choice":"Purged","damage_taken":0,"max_hp_gain":0,"max_hp_loss":0,"event_name":"Purifier","floor":46,"gold_loss":0}],"is_beta":false,"boss_relics":[{"not_picked":["Black Star","Calling Bell"],"picked":"Pandora\u0027s Box"},{"not_picked":["Tiny House","Runic Pyramid"],"picked":"Fusion Hammer"}],"items_purged_floors":[21,24,38],"is_endless":false,"potions_floor_spawned":[5,8,11,13,16,20,25,27,29,39,40,47],"ascension_level":1}}