{"host":"y1nstw52wejfnhs9","time":1614118253,"event":{"mods":["BaseMod","Bestiary","Better Note","Better Skull","Better Third Choice","Custom Start","Minty Spire (QoL Compilation)","Practice Mode","Replay The Spire","SOS???????","StSLib","SuperFastMode","The Bug Knight","The Forsaken","The Wild Card"],"gold_per_floor":[113,153,250,250,250,301,301,352,352,380,424,472,472,523,523,616,616,627,44,109,109,156,206,206,260,260,160,194,69,69,89,89,205,205,263,113,113,126,158,93,105,176,188,198,35,67,67,81,81,81,31],"floor_reached":52,"language":"ENG","playtime":2081,"items_purged":["Defend_Dante","Shoot","Defend_Dante","Shoot","Redorb"],"score":2931,"play_id":"f41a98a2-1fb4-40aa-8900-ce724079cffe","local_time":"20210223141053","is_ascension_mode":true,"campfire_choices":[{"data":"Attack_b","floor":7.0,"key":"SMITH"},{"data":"Provocation","floor":13.0,"key":"SMITH"},{"data":"Swordmaster","floor":15.0,"key":"SMITH"},{"data":"Trickster","floor":24.0,"key":"SMITH"},{"data":"Dash2","floor":32.0,"key":"SMITH"},{"floor":41.0,"key":"REST"},{"data":"Stylechange","floor":49,"key":"SMITH"}],"circlet_count":0,"master_deck":["AscendersBane","Attack_a","Attack_a","Attack_b+1","Provocation+1","Royaldefend","Dash2+1","Greenorb","Trickster+1","Swordmaster+1","Rebellion","Airtrick","Enemystep","Royaldefend","Dash2+1","Stylechange+1"],"relics":["SSS","Combocheck","NeowsBlessing","Replay:Wax Seal","CultistMask","Ginger","ReplayTheSpireMod:TigerMarble","Blue Candle","Omamori","Black Star","ClockworkSouvenir","Turnip","ReplayTheSpireMod:Lightbulb","Replay:WaspNest","CeramicFish","Matryoshka","Anchor","Torii","Runic Dome","Pen Nib","MawBank","Eternal Feather","Replay:Mystery Machine","HollowMod:StagPassRelic","Blood Vial","Darkstone Periapt","Pet Ghost","Oddly Smooth Stone","ReplayTheSpireMod:Shallot"],"acts_visited":["Exordium","TheCity","TheBeyond"],"potions_floor_usage":[50,51],"damage_taken":[{"damage":0.0,"enemies":"Small Slimes","floor":1.0,"turns":2.0},{"damage":0.0,"enemies":"Jaw Worm","floor":2.0,"turns":2.0},{"damage":0.0,"enemies":"Gremlin Nob","floor":6.0,"turns":1.0},{"damage":0.0,"enemies":"Lagavulin","floor":8.0,"turns":5.0},{"damage":0.0,"enemies":"2 Louse","floor":10.0,"turns":2.0},{"damage":22.0,"enemies":"Red Slaver","floor":11.0,"turns":4.0},{"damage":0.0,"enemies":"3 Sentries","floor":12.0,"turns":5.0},{"damage":0.0,"enemies":"Looter","floor":14.0,"turns":2.0},{"damage":10.0,"enemies":"The Guardian","floor":16.0,"turns":3.0},{"damage":0.0,"enemies":"Chosen","floor":18.0,"turns":2.0},{"damage":0.0,"enemies":"Spheric Guardian","floor":20.0,"turns":2.0},{"damage":0.0,"enemies":"Snecko","floor":22.0,"turns":2.0},{"damage":0.0,"enemies":"Book of Stabbing","floor":23.0,"turns":3.0},{"damage":0.0,"enemies":"Snake Plant","floor":25.0,"turns":2.0},{"damage":0.0,"enemies":"HollowMod:Nosk","floor":28.0,"turns":2.0},{"damage":0.0,"enemies":"Sentry and Sphere","floor":31.0,"turns":1.0},{"damage":0.0,"enemies":"Automaton","floor":33.0,"turns":1.0},{"damage":0.0,"enemies":"3 Shapes","floor":35.0,"turns":1.0},{"damage":0.0,"enemies":"Orb Walker","floor":38.0,"turns":1.0},{"damage":0.0,"enemies":"Writhing Mass","floor":39.0,"turns":3.0},{"damage":75.0,"enemies":"R_Hoarder","floor":40.0,"turns":6.0},{"damage":0.0,"enemies":"Reptomancer","floor":42.0,"turns":3.0},{"damage":0.0,"enemies":"Giant Head","floor":44.0,"turns":1.0},{"damage":1.0,"enemies":"Nemesis","floor":46.0,"turns":3.0},{"damage":1,"enemies":"Transient","floor":48,"turns":6},{"damage":0,"enemies":"Time Eater","floor":50,"turns":3},{"damage":0,"enemies":"Awakened One","floor":51,"turns":3}],"seed_played":"-6939141224986399498","potions_obtained":[{"floor":1.0,"key":"Explosive Potion"},{"floor":6.0,"key":"Fruit Juice"},{"floor":14.0,"key":"Strength Potion"},{"floor":18.0,"key":"SteroidPotion"},{"floor":23.0,"key":"Swift Potion"},{"floor":40.0,"key":"Weak Potion"}],"is_trial":false,"path_per_floor":["M","M","?","?","?","E","R","E","T","M","M","E","R","M","R","B",null,"M","$","M","?","M","E","R","M","T","$","E","$","?","M","R","B",null,"M","$","?","M","M","E","R","E","T","E","$","E","?","M","R","B","B",null],"character_chosen":"DANTE","items_purchased":["ClockworkSouvenir","Turnip","ReplayTheSpireMod:Lightbulb"],"campfire_rested":1,"item_purchase_floors":[19,19,19],"current_hp_per_floor":[68,68,38,38,38,41,41,43,43,52,42,47,47,57,57,57,74,76,76,80,80,80,80,80,80,80,80,80,80,80,80,80,80,80,80,80,80,80,80,8,35,44,44,50,50,59,59,63,72,76,85],"gold":31,"neow_bonus":"THREE_ENEMY_KILL","is_daily":false,"chose_seed":false,"campfire_upgraded":6,"win_rate":0.0,"timestamp":1614118253,"path_taken":["M","M","?","?","?","E","R","E","T","M","?","E","R","M","R","BOSS","M","$","M","?","?","E","R","M","T","?","E","$","?","M","R","BOSS","M","$","?","?","M","E","R","E","T","E","$","E","?","M","R","BOSS","BOSS"],"items_purchased_type":["Relic","Relic","Relic"],"build_version":"2020-12-22","purchased_purges":5,"victory":true,"max_hp_per_floor":[75,75,75,75,75,75,75,75,75,75,80,80,80,80,80,80,80,80,80,80,80,80,80,80,80,80,80,80,80,80,80,80,80,80,80,80,80,80,80,90,90,90,90,90,90,90,85,85,85,85,85],"card_choices":[{"not_picked":["Gilgamesh","Doubleshoot"],"picked":"Royaldefend","floor":1.0},{"not_picked":["Ecstasy","DevilstarS"],"picked":"Dash2","floor":2.0},{"not_picked":["Weaponchange","BeastUppercut"],"picked":"Greenorb","floor":3.0},{"not_picked":["Unrisingdragon","DevilstarS"],"picked":"Trickster","floor":6.0},{"not_picked":["Shock","BeastUppercut","Dash1"],"picked":"SKIP","floor":8.0},{"not_picked":["Greenorb","Millionstab","Airhike"],"picked":"SKIP","floor":10.0},{"not_picked":["Doubleshoot","Kick13"],"picked":"Swordmaster","floor":11.0},{"not_picked":["VitalstarS","Ecstasy","GilgameshcomboA"],"picked":"SKIP","floor":12.0},{"not_picked":["Honeycombofire","Ecstasy"],"picked":"Rebellion","floor":14.0},{"not_picked":["Blueorb","DevilstarL"],"picked":"Airtrick","floor":16.0},{"not_picked":["LucifercomboB","Chargeshoot","Millionkick"],"picked":"SKIP","floor":18.0},{"not_picked":["GilgameshcomboA","Gunslinger","LucifercomboC"],"picked":"SKIP","floor":20.0},{"not_picked":["LucifercomboD","Millionstab","CoyoteA"],"picked":"SKIP","floor":22.0},{"not_picked":["Holywater","Fullhouse+1"],"picked":"Enemystep","floor":23.0},{"not_picked":["Splesh","Chargeshoot"],"picked":"Royaldefend","floor":25.0},{"not_picked":["Gilgamesh","Holywater","GilgameshcomboA"],"picked":"SKIP","floor":28.0},{"not_picked":["Chargeshoot","Holywater"],"picked":"Dash2","floor":31.0},{"not_picked":["Weaponreturn","Swordcombo"],"picked":"Stylechange","floor":33.0},{"not_picked":["Weaponchange","CoyoteA+1","Gunstinger"],"picked":"SKIP","floor":35.0},{"not_picked":["LucifercomboA","VitalstarS+1","DT"],"picked":"SKIP","floor":38.0},{"not_picked":["GilgameshcomboA","VitalstarS","Chargeshoot2"],"picked":"SKIP","floor":39.0},{"not_picked":["LucifercomboD+1","Lucifer","DT"],"picked":"SKIP","floor":40.0},{"not_picked":["LucifercomboB","Unrisingdragon","EbonyIvory"],"picked":"SKIP","floor":42.0},{"not_picked":["Swordmaster","DevilstarS","Goldorb"],"picked":"SKIP","floor":44.0},{"not_picked":["Fullhouse+1","CoyoteA+1","Weaponupgrade+1"],"picked":"SKIP","floor":46.0},{"not_picked":["DevilstarS","Whiteorb+1","Straight"],"picked":"SKIP","floor":48}],"player_experience":453658,"relics_obtained":[{"floor":3.0,"key":"Replay:Wax Seal"},{"floor":6.0,"key":"Ginger"},{"floor":8.0,"key":"ReplayTheSpireMod:TigerMarble"},{"floor":9.0,"key":"Blue Candle"},{"floor":12.0,"key":"Omamori"},{"floor":23.0,"key":"Replay:WaspNest"},{"floor":23.0,"key":"CeramicFish"},{"floor":26.0,"key":"Matryoshka"},{"floor":28.0,"key":"Anchor"},{"floor":28.0,"key":"Torii"},{"floor":40.0,"key":"Pen Nib"},{"floor":40.0,"key":"MawBank"},{"floor":42.0,"key":"Eternal Feather"},{"floor":42.0,"key":"Replay:Mystery Machine"},{"floor":43.0,"key":"HollowMod:StagPassRelic"},{"floor":43.0,"key":"Blood Vial"},{"floor":44.0,"key":"Darkstone Periapt"},{"floor":44.0,"key":"Pet Ghost"},{"floor":46.0,"key":"Oddly Smooth Stone"},{"floor":46.0,"key":"ReplayTheSpireMod:Shallot"}],"event_choices":[{"cards_removed":["Defend_Dante"],"damage_healed":0.0,"max_hp_gain":0.0,"max_hp_loss":0.0,"gold_gain":0.0,"event_name":"Living Wall","player_choice":"Forget","floor":4.0,"gold_loss":0.0,"damage_taken":0.0},{"damage_healed":0.0,"max_hp_gain":0.0,"max_hp_loss":0.0,"gold_gain":0.0,"event_name":"FaceTrader","player_choice":"Trade","floor":5.0,"gold_loss":0.0,"damage_taken":0.0,"relics_obtained":["CultistMask"]},{"damage_healed":0.0,"max_hp_gain":0.0,"max_hp_loss":0.0,"gold_gain":0.0,"event_name":"Accursed Blacksmith","player_choice":"Forge","floor":21.0,"gold_loss":0.0,"damage_taken":0.0,"cards_upgraded":["Dash2"]},{"damage_healed":0.0,"max_hp_gain":0.0,"max_hp_loss":0.0,"gold_gain":0.0,"event_name":"Ghosts","player_choice":"Ignored","floor":30.0,"gold_loss":0.0,"damage_taken":0.0},{"cards_removed":["Defend_Dante"],"damage_healed":0.0,"max_hp_gain":0.0,"max_hp_loss":0.0,"gold_gain":0.0,"event_name":"Purifier","player_choice":"Purged","floor":37.0,"gold_loss":0.0,"damage_taken":0.0},{"damage_healed":0,"gold_gain":0,"player_choice":"Max HP","damage_taken":0,"max_hp_gain":0,"max_hp_loss":5,"event_name":"Winding Halls","floor":47,"gold_loss":0}],"is_beta":false,"boss_relics":[{"not_picked":["Snecko Eye","theForsaken:PaleLantern"],"picked":"Black Star"},{"not_picked":["Replay:Wanted Poster","Velvet Choker"],"picked":"Runic Dome"}],"items_purged_floors":[19,27,29,36,45],"is_endless":false,"potions_floor_spawned":[1,6,14,18,22,23,35,38,40,44],"ascension_level":20}}