{"host":"np4f5reu8f2vit8r","time":1614074723,"event":{"mods":["BaseMod","Bestiary","Curses Come First","Minty Spire (QoL Compilation)","Permanent Neow","Relic Stats","StSLib"],"gold_per_floor":[118,130,141,141,154,154,64,99,125,125,50,50,50],"floor_reached":12,"language":"ENG","playtime":583,"items_purged":["Strike_G"],"score":156,"play_id":"1c3352a0-bbb2-46b8-ad05-9fb0a6df8239","local_time":"20210223230523","is_ascension_mode":true,"campfire_choices":[{"data":"Blade Dance","floor":6,"key":"SMITH"},{"floor":10,"key":"REST"}],"circlet_count":0,"master_deck":["AscendersBane","Strike_G","Strike_G","Strike_G","Strike_G","Defend_G","Defend_G","Defend_G","Defend_G","Defend_G","Survivor","Neutralize","Poisoned Stab","Leg Sweep","Blade Dance+1","Blade Dance","Crippling Poison","Envenom"],"relics":["Snecko Eye","Toy Ornithopter","Bronze Scales","Snake Skull"],"acts_visited":["Exordium"],"potions_floor_usage":[8,12,12,12],"damage_taken":[{"damage":0.0,"enemies":"Cultist","floor":1.0,"turns":5.0},{"damage":10.0,"enemies":"Small Slimes","floor":2.0,"turns":5.0},{"damage":9.0,"enemies":"Jaw Worm","floor":3.0,"turns":6.0},{"damage":4,"enemies":"Large Slime","floor":5,"turns":10},{"damage":30,"enemies":"Lagavulin","floor":8,"turns":6},{"damage":59,"enemies":"Gremlin Nob","floor":12,"turns":4}],"seed_played":"-3655366594145712395","potions_obtained":[{"floor":2.0,"key":"EntropicBrew"},{"floor":3.0,"key":"SteroidPotion"}],"is_trial":false,"path_per_floor":["M","M","M","T","M","R","$","E","T","R","$","E"],"character_chosen":"THE_SILENT","items_purchased":["Crippling Poison"],"campfire_rested":1,"item_purchase_floors":[7],"current_hp_per_floor":[59,49,40,40,36,36,36,11,11,30,30,0,0],"gold":50,"neow_bonus":"BOSS_RELIC","is_daily":false,"chose_seed":false,"campfire_upgraded":1,"win_rate":0.0,"timestamp":1614074723,"path_taken":["M","M","M","?","?","R","$","E","T","R","$","E"],"items_purchased_type":["Card"],"build_version":"2020-12-22","purchased_purges":1,"victory":false,"max_hp_per_floor":[66,66,66,66,66,66,66,66,66,66,66,66,66],"relic_stats":{"counters":[6,36],"Bronze Scales":[6],"Snecko Eye":[69,53,70,56],"Snake Skull":[4],"obtain_stats":[{"Bronze Scales":8,"Snecko Eye":0,"Snake Skull":9,"Toy Ornithopter":4,"Ring of the Snake":0},{"Bronze Scales":5,"Snecko Eye":0,"Snake Skull":5,"Toy Ornithopter":3,"Ring of the Snake":0},{"Bronze Scales":32,"Snecko Eye":0,"Snake Skull":32,"Toy Ornithopter":16,"Ring of the Snake":0}],"Toy Ornithopter":20},"card_choices":[{"not_picked":["Underhanded Strike","Deflect"],"picked":"Poisoned Stab","floor":1.0},{"not_picked":["Terror","Poisoned Stab"],"picked":"Leg Sweep","floor":2.0},{"not_picked":["Dodge and Roll","Choke"],"picked":"Blade Dance","floor":3.0},{"not_picked":["Flying Knee","Tools of the Trade"],"picked":"Blade Dance","floor":5},{"not_picked":["Flying Knee","PiercingWail"],"picked":"Envenom","floor":8}],"player_experience":976358,"relics_obtained":[{"floor":4.0,"key":"Toy Ornithopter"},{"floor":8,"key":"Bronze Scales"},{"floor":9,"key":"Snake Skull"}],"event_choices":[],"is_beta":false,"boss_relics":[],"items_purged_floors":[11],"is_endless":false,"potions_floor_spawned":[2,3],"killed_by":"Gremlin Nob","ascension_level":20}}