{"host":"w14xfy17z3c5mpoi","time":1614121938,"event":{"mods":["AchievementEnabler","BaseMod","Minty Spire (QoL Compilation)","Relic Stats"],"gold_per_floor":[368,41,53,53,70,102,102,114,137,137,157,157,157,174,174,249,249,267,45,45,63,63,90,102,145,157,250,262,292,323,347,359,450,462,484,496,523,559,277,277,312,323,347,21,21,52,12,12,12,12],"floor_reached":51,"language":"ENG","playtime":2610,"items_purged":["Expertise","Bane"],"score":1482,"play_id":"2f403648-e79d-403a-9526-6cfe787be92b","local_time":"20210223181218","is_ascension_mode":true,"campfire_choices":[{"floor":7,"key":"REST"},{"data":"Terror","floor":10,"key":"SMITH"},{"data":"Neutralize","floor":12,"key":"SMITH"},{"data":"Footwork","floor":15,"key":"SMITH"},{"data":"Adrenaline","floor":24,"key":"SMITH"},{"data":"Blade Dance","floor":32,"key":"SMITH"},{"floor":40,"key":"REST"},{"data":"Burst","floor":45,"key":"SMITH"},{"floor":49,"key":"REST"}],"circlet_count":0,"master_deck":["AscendersBane","Survivor","Neutralize+1","Footwork+1","Dagger Throw","Quick Slash","Terror+1","Quick Slash","Underhanded Strike","Blade Dance+1","Adrenaline+1","Sucker Punch","Accuracy","Die Die Die","Cloak And Dagger","Accuracy","Backflip","Footwork","Dodge and Roll","Escape Plan","Blade Dance","Burst+1","CurseOfTheBell","Deflect","Dodge and Roll","Adrenaline+1","Finisher+1"],"relics":["Ring of the Snake","Vajra","Lantern","Centennial Puzzle","Tiny Chest","NlothsMask","Pandora\u0027s Box","Enchiridion","MawBank","Singing Bowl","HornCleat","Calling Bell","Ancient Tea Set","Shuriken","Ginger","Snake Skull","PreservedInsect","Juzu Bracelet","Toy Ornithopter","DollysMirror","Pen Nib","Ice Cream"],"acts_visited":["Exordium","TheCity","TheBeyond"],"potions_floor_usage":[6,25,33,37,50,50],"damage_taken":[{"damage":14,"enemies":"Small Slimes","floor":1,"turns":5},{"damage":1,"enemies":"2 Louse","floor":3,"turns":2},{"damage":0,"enemies":"Cultist","floor":5,"turns":3},{"damage":18,"enemies":"3 Sentries","floor":6,"turns":11},{"damage":7,"enemies":"3 Louse","floor":8,"turns":5},{"damage":3,"enemies":"Exordium Thugs","floor":11,"turns":5},{"damage":3,"enemies":"Looter","floor":14,"turns":2},{"damage":5,"enemies":"Slime Boss","floor":16,"turns":11},{"damage":8,"enemies":"Chosen","floor":18,"turns":2},{"damage":10,"enemies":"Shell Parasite","floor":21,"turns":4},{"damage":10,"enemies":"Gremlin Leader","floor":23,"turns":6},{"damage":10,"enemies":"Book of Stabbing","floor":25,"turns":4},{"damage":0,"enemies":"Sentry and Sphere","floor":29,"turns":3},{"damage":1,"enemies":"Centurion and Healer","floor":30,"turns":3},{"damage":0,"enemies":"Snecko","floor":31,"turns":3},{"damage":8,"enemies":"Champ","floor":33,"turns":6},{"damage":6,"enemies":"3 Darklings","floor":35,"turns":3},{"damage":20,"enemies":"3 Shapes","floor":37,"turns":2},{"damage":0,"enemies":"Giant Head","floor":41,"turns":2},{"damage":18,"enemies":"Sphere and 2 Shapes","floor":42,"turns":4},{"damage":0,"enemies":"Reptomancer","floor":46,"turns":2},{"damage":9,"enemies":"Awakened One","floor":50,"turns":6}],"seed_played":"8398375336563750482","potions_obtained":[{"floor":5,"key":"Regen Potion"},{"floor":14,"key":"PowerPotion"},{"floor":16,"key":"CultistPotion"},{"floor":25,"key":"SteroidPotion"},{"floor":31,"key":"DuplicationPotion"},{"floor":33,"key":"Explosive Potion"},{"floor":37,"key":"Swift Potion"},{"floor":42,"key":"Energy Potion"}],"is_trial":false,"path_per_floor":["M","$","M","?","M","E","R","M","T","R","M","R","?","M","R","B",null,"M","$","?","M","?","E","R","E","T","T","?","M","M","M","R","B",null,"M","?","M","T","$","R","E","M","T","$","R","E","?","$","R","B",null],"character_chosen":"THE_SILENT","items_purchased":["Vajra","Lantern","Footwork","Dodge and Roll","PreservedInsect","Dodge and Roll","DollysMirror","Pen Nib"],"campfire_rested":3,"item_purchase_floors":[2,2,19,19,39,39,44,44],"current_hp_per_floor":[30,30,29,29,29,26,45,38,38,38,35,35,35,32,32,27,56,48,48,27,17,76,66,66,56,56,56,56,58,59,61,61,53,75,69,69,51,51,51,76,78,62,62,62,62,62,62,62,88,80],"gold":12,"neow_bonus":"TWO_FIFTY_GOLD","is_daily":false,"chose_seed":false,"campfire_upgraded":6,"win_rate":0.0,"timestamp":1614121938,"path_taken":["M","$","M","?","M","E","R","M","T","R","M","R","?","M","R","BOSS","M","$","?","M","?","E","R","E","T","?","?","M","M","?","R","BOSS","M","?","M","?","$","R","E","M","T","$","R","E","?","?","R","BOSS"],"items_purchased_type":["Relic","Relic","Card","Card","Relic","Card","Relic","Relic"],"build_version":"2020-12-22","purchased_purges":2,"victory":true,"max_hp_per_floor":[66,66,66,66,66,66,66,66,66,66,66,66,66,66,66,66,66,66,66,66,66,76,76,76,76,76,76,76,78,80,82,82,82,82,82,82,84,84,84,84,86,88,88,88,88,88,88,88,88,88],"relic_stats":{"Singing Bowl":12,"counters":[22,94],"Snake Skull":[67],"PreservedInsect":193,"Pen Nib":[4],"Juzu Bracelet":1,"Ginger":[1],"MawBank":192,"Centennial Puzzle":[42],"Shuriken":[25],"Tiny Chest":2,"Pandora\u0027s Box":["Sucker Punch","Accuracy","Die Die Die","Bane","Cloak And Dagger","Crippling Poison","Accuracy","Backflip","Expertise","Corpse Explosion"],"obtain_stats":[{"Ice Cream":46,"Lantern":2,"Singing Bowl":25,"Vajra":2,"Enchiridion":20,"Snake Skull":38,"PreservedInsect":39,"Pen Nib":44,"Juzu Bracelet":41,"Ginger":34,"MawBank":23,"Ancient Tea Set":34,"Calling Bell":34,"Centennial Puzzle":6,"HornCleat":27,"Shuriken":34,"DollysMirror":44,"Tiny Chest":9,"Pandora\u0027s Box":17,"Toy Ornithopter":43,"Ring of the Snake":0,"NlothsMask":13},{"Ice Cream":21,"Lantern":1,"Singing Bowl":12,"Vajra":1,"Enchiridion":9,"Snake Skull":18,"PreservedInsect":18,"Pen Nib":20,"Juzu Bracelet":19,"Ginger":16,"MawBank":11,"Ancient Tea Set":16,"Calling Bell":16,"Centennial Puzzle":4,"HornCleat":12,"Shuriken":16,"DollysMirror":20,"Tiny Chest":5,"Pandora\u0027s Box":8,"Toy Ornithopter":20,"Ring of the Snake":0,"NlothsMask":6},{"Ice Cream":88,"Lantern":5,"Singing Bowl":60,"Vajra":5,"Enchiridion":46,"Snake Skull":80,"PreservedInsect":80,"Pen Nib":86,"Juzu Bracelet":82,"Ginger":75,"MawBank":56,"Ancient Tea Set":75,"Calling Bell":75,"Centennial Puzzle":21,"HornCleat":60,"Shuriken":75,"DollysMirror":86,"Tiny Chest":26,"Pandora\u0027s Box":44,"Toy Ornithopter":86,"Ring of the Snake":0,"NlothsMask":31}],"Toy Ornithopter":1,"Ring of the Snake":[44]},"card_choices":[{"not_picked":["Deadly Poison","Concentrate"],"picked":"Footwork","floor":1},{"not_picked":["Cloak And Dagger","Escape Plan"],"picked":"Dagger Throw","floor":3},{"not_picked":["Concentrate","Reflex"],"picked":"Quick Slash","floor":5},{"not_picked":["All Out Attack","Dash"],"picked":"Terror","floor":6},{"not_picked":["Outmaneuver","Finisher"],"picked":"Quick Slash","floor":8},{"not_picked":["After Image","Bane"],"picked":"Underhanded Strike","floor":11},{"not_picked":["Tactician","Deflect"],"picked":"Blade Dance","floor":14},{"not_picked":["Bullet Time","Envenom"],"picked":"Adrenaline","floor":16},{"not_picked":["Sucker Punch","Underhanded Strike","Quick Slash"],"picked":"SKIP","floor":18},{"not_picked":["Expertise","Dagger Throw+1"],"picked":"Escape Plan","floor":21},{"not_picked":["Bane","Sucker Punch","Poisoned Stab"],"picked":"SKIP","floor":23},{"not_picked":["Flechettes","Bouncing Flask"],"picked":"Blade Dance","floor":25},{"not_picked":["Acrobatics","Poisoned Stab","A Thousand Cuts"],"picked":"Singing Bowl","floor":29},{"not_picked":["Sucker Punch","Backflip","Expertise"],"picked":"Singing Bowl","floor":30},{"not_picked":["Catalyst","Sucker Punch","Deadly Poison"],"picked":"Singing Bowl","floor":31},{"not_picked":["Tools of the Trade","Doppelganger"],"picked":"Burst","floor":33},{"not_picked":["Flying Knee","Bane+1"],"picked":"Deflect","floor":35},{"not_picked":["Calculated Gamble","Deadly Poison","Reflex"],"picked":"Singing Bowl","floor":37},{"not_picked":["Acrobatics","Dodge and Roll","Dagger Throw"],"picked":"Singing Bowl","floor":41},{"not_picked":["Slice","Outmaneuver","Backflip"],"picked":"Singing Bowl","floor":42},{"not_picked":["Doppelganger","Quick Slash"],"picked":"Finisher+1","floor":46}],"player_experience":794148,"relics_obtained":[{"floor":6,"key":"Centennial Puzzle"},{"floor":9,"key":"Tiny Chest"},{"floor":20,"key":"Enchiridion"},{"floor":23,"key":"MawBank"},{"floor":25,"key":"Singing Bowl"},{"floor":27,"key":"HornCleat"},{"floor":34,"key":"Ancient Tea Set"},{"floor":34,"key":"Shuriken"},{"floor":34,"key":"Ginger"},{"floor":38,"key":"Snake Skull"},{"floor":41,"key":"Juzu Bracelet"},{"floor":43,"key":"Toy Ornithopter"},{"floor":46,"key":"Ice Cream"}],"event_choices":[{"damage_healed":0,"gold_gain":0,"player_choice":"Ignored","damage_taken":0,"max_hp_gain":0,"max_hp_loss":0,"event_name":"Liars Game","floor":4,"gold_loss":0},{"damage_healed":0,"gold_gain":0,"player_choice":"Trade","damage_taken":0,"relics_obtained":["NlothsMask"],"max_hp_gain":0,"max_hp_loss":0,"event_name":"FaceTrader","floor":13,"gold_loss":0},{"damage_healed":0,"gold_gain":0,"player_choice":"Obtained Book","damage_taken":21,"max_hp_gain":0,"max_hp_loss":0,"event_name":"Cursed Tome","floor":20,"gold_loss":0},{"cards_removed":["Corpse Explosion"],"damage_healed":49,"gold_gain":0,"player_choice":"Offered Rare","damage_taken":0,"max_hp_gain":10,"max_hp_loss":0,"event_name":"Bonfire Elementals","floor":22,"gold_loss":0},{"damage_healed":0,"gold_gain":0,"player_choice":"Ignored","damage_taken":0,"max_hp_gain":0,"max_hp_loss":0,"event_name":"The Mausoleum","floor":28,"gold_loss":0},{"cards_removed":["Crippling Poison"],"damage_healed":0,"gold_gain":0,"player_choice":"Removed Skill","damage_taken":0,"max_hp_gain":0,"max_hp_loss":0,"event_name":"Falling","floor":36,"gold_loss":0},{"damage_healed":0,"gold_gain":0,"player_choice":"Bought 3 Potions","damage_taken":0,"max_hp_gain":0,"max_hp_loss":0,"event_name":"The Woman in Blue","floor":47,"gold_loss":0}],"is_beta":false,"boss_relics":[{"not_picked":["Runic Pyramid","Sozu"],"picked":"Pandora\u0027s Box"},{"not_picked":["Snecko Eye","Ring of the Serpent"],"picked":"Calling Bell"}],"items_purged_floors":[19,39],"is_endless":false,"potions_floor_spawned":[5,14,16,18,25,29,31,33,37,42,46],"ascension_level":16}}