{"host":"sav7uxregyirlf69","time":1614074360,"event":{"mods":["AchievementEnabler","BaseMod","Colored Map","DeckTracker","Keyboard Shortcuts","Minty Spire (QoL Compilation)","READ ME - Guardian Mod","StSLib","SuperFastMode"],"gold_per_floor":[115,115,115,190,206,206,206,236,236,236,61,92,92,123,123,252,252,265,190,214,228,244,244,279,279,325,344,384,384,404,2,2,122,122,142,142,155,179,195,233,233,277,277,277,317,192,192,212,212,212,212,212,14,45,45],"floor_reached":56,"language":"KOR","playtime":2131,"items_purged":["Infinite Blades","Flying Knee","Dodge and Roll","Neutralize+1"],"score":1749,"play_id":"3417c5d9-238f-4164-836f-f788448cfb9b","local_time":"20210223185920","daily_mods":["Heirloom"],"is_ascension_mode":true,"campfire_choices":[{"data":"Tactician","floor":6.0,"key":"SMITH"},{"data":"Neutralize","floor":10.0,"key":"SMITH"},{"data":"Well Laid Plans","floor":13.0,"key":"SMITH"},{"data":"Concentrate","floor":15.0,"key":"SMITH"},{"data":"Reflex","floor":23.0,"key":"SMITH"},{"data":"Acrobatics","floor":25.0,"key":"SMITH"},{"data":"Prepared","floor":29.0,"key":"SMITH"},{"floor":32.0,"key":"DIG"},{"data":"Catalyst","floor":41,"key":"SMITH"},{"data":"Catalyst","floor":44,"key":"SMITH"},{"floor":49,"key":"RECALL"},{"data":"Deadly Poison","floor":52,"key":"SMITH"}],"circlet_count":0,"master_deck":["Survivor","Tactician+1","Prepared+1","Acrobatics","Well Laid Plans+1","Concentrate+1","After Image","Adrenaline","Adrenaline","Deadly Poison+1","Reflex+1","Acrobatics+1","Adrenaline","Catalyst+1","Blur+1","Catalyst+1"],"relics":["Ring of the Snake","Unceasing Top","Golden Idol","Meat on the Bone","Lantern","StrikeDummy","Tough Bandages","Pandora\u0027s Box","Nunchaku","Potion Belt","Shovel","Ancient Tea Set","Empty Cage","Bronze Scales","Darkstone Periapt","Thread and Needle","Centennial Puzzle","Pear","Bag of Preparation"],"acts_visited":["Exordium","TheCity","TheBeyond","TheEnding"],"potions_floor_usage":[38,55,55,55,55],"damage_taken":[{"damage":0.0,"enemies":"2 Louse","floor":1.0,"turns":3.0},{"damage":1.0,"enemies":"Small Slimes","floor":5.0,"turns":3.0},{"damage":4.0,"enemies":"Gremlin Nob","floor":12.0,"turns":3.0},{"damage":8.0,"enemies":"3 Sentries","floor":14.0,"turns":9.0},{"damage":6.0,"enemies":"Hexaghost","floor":16.0,"turns":11.0},{"damage":0.0,"enemies":"2 Thieves","floor":18.0,"turns":3.0},{"damage":0.0,"enemies":"Chosen","floor":20.0,"turns":3.0},{"damage":0.0,"enemies":"Shelled Parasite and Fungi","floor":21.0,"turns":4.0},{"damage":0.0,"enemies":"Snake Plant","floor":22.0,"turns":3.0},{"damage":0.0,"enemies":"Slavers","floor":24.0,"turns":3.0},{"damage":0.0,"enemies":"3 Cultists","floor":27.0,"turns":3.0},{"damage":0.0,"enemies":"Gremlin Leader","floor":28.0,"turns":1.0},{"damage":0.0,"enemies":"Sentry and Sphere","floor":30.0,"turns":1.0},{"damage":0.0,"enemies":"Champ","floor":33.0,"turns":3.0},{"damage":0.0,"enemies":"3 Darklings","floor":35.0,"turns":2.0},{"damage":0.0,"enemies":"Orb Walker","floor":37.0,"turns":2.0},{"damage":0.0,"enemies":"Maw","floor":38.0,"turns":4.0},{"damage":0,"enemies":"4 Shapes","floor":39,"turns":2},{"damage":0,"enemies":"Nemesis","floor":40,"turns":5},{"damage":0,"enemies":"Reptomancer","floor":42,"turns":2},{"damage":0,"enemies":"Nemesis","floor":45,"turns":3},{"damage":0,"enemies":"Transient","floor":48,"turns":5},{"damage":0,"enemies":"Awakened One","floor":50,"turns":4},{"damage":0,"enemies":"Shield and Spear","floor":54,"turns":2},{"damage":0,"enemies":"The Heart","floor":55,"turns":3}],"seed_played":"4671830230836097759","potions_obtained":[{"floor":1.0,"key":"Poison Potion"},{"floor":12.0,"key":"SteroidPotion"},{"floor":16.0,"key":"Ancient Potion"},{"floor":21.0,"key":"EssenceOfSteel"},{"floor":28.0,"key":"Fruit Juice"},{"floor":33.0,"key":"Swift Potion"},{"floor":38,"key":"Strength Potion"}],"is_trial":true,"path_per_floor":["M","?","?","?","M","R","?","?","T","R","$","E","R","E","R","B",null,"M","$","M","M","M","R","E","R","T","M","E","R","M","$","R","B",null,"M","?","M","M","M","E","R","E","T","R","E","$","T","M","R","B",null,"R","$","E","B",null],"character_chosen":"THE_SILENT","items_purchased":["Acrobatics","Lantern","Shovel","ColorlessPotion"],"campfire_rested":0,"item_purchase_floors":[11,11,31,53],"current_hp_per_floor":[70,70,63,52,51,51,51,51,51,51,51,47,47,39,39,33,65,65,65,65,65,65,65,65,65,65,65,65,65,65,65,65,65,65,65,75,75,80,80,80,80,80,80,80,80,80,90,90,90,90,90,90,90,90,90],"gold":45,"neow_bonus":"","is_daily":false,"chose_seed":false,"campfire_upgraded":10,"win_rate":0.0,"timestamp":1614074360,"path_taken":["M","?","?","?","M","R","?","?","T","R","$","E","R","E","R","BOSS","M","$","M","M","M","R","E","R","T","M","E","R","M","$","R","BOSS","M","?","?","M","M","E","R","E","T","R","E","$","?","M","R","BOSS","R","$","E","BOSS"],"items_purchased_type":["Card","Relic","Relic","Potion"],"build_version":"2020-12-22","purchased_purges":4,"victory":true,"max_hp_per_floor":[70,70,70,70,70,70,65,65,65,65,65,65,65,65,65,65,65,65,65,65,65,65,65,65,65,65,65,65,65,65,65,65,65,65,65,75,75,80,80,80,80,80,80,80,80,80,90,90,90,90,90,90,90,90,90],"card_choices":[{"not_picked":["Accuracy","Deadly Poison"],"picked":"Poisoned Stab","floor":1.0},{"not_picked":["Deflect","Terror"],"picked":"Prepared","floor":5.0},{"not_picked":["Tactician","PiercingWail"],"picked":"Well Laid Plans","floor":12.0},{"not_picked":["Poisoned Stab","Accuracy"],"picked":"Concentrate","floor":14.0},{"not_picked":["Venomology","Bullet Time"],"picked":"After Image","floor":16.0},{"not_picked":["Quick Slash","Riddle With Holes+1","Flying Knee"],"picked":"SKIP","floor":18.0},{"not_picked":["Sucker Punch","Acrobatics+1"],"picked":"Reflex","floor":20.0},{"not_picked":["Flying Knee","Dagger Throw"],"picked":"Acrobatics","floor":21.0},{"not_picked":["Infinite Blades+1","Dodge and Roll+1","Tactician"],"picked":"SKIP","floor":22.0},{"not_picked":["Noxious Fumes","Dagger Throw","Masterful Stab+1"],"picked":"SKIP","floor":24.0},{"not_picked":["Dagger Throw+1","Tools of the Trade","Blade Dance"],"picked":"SKIP","floor":27.0},{"not_picked":["Bane","Cloak And Dagger","Dodge and Roll"],"picked":"SKIP","floor":28.0},{"not_picked":["Dagger Spray","Cloak And Dagger","Dagger Throw"],"picked":"SKIP","floor":30.0},{"not_picked":["Wraith Form v2","Corpse Explosion"],"picked":"Adrenaline","floor":33.0},{"not_picked":["Backflip","Crippling Poison+1","Outmaneuver"],"picked":"SKIP","floor":35.0},{"not_picked":["Poisoned Stab+1","Bane","Deadly Poison"],"picked":"SKIP","floor":37.0},{"not_picked":["Acrobatics","All Out Attack"],"picked":"Catalyst","floor":38},{"not_picked":["Deadly Poison","PiercingWail+1"],"picked":"Blur+1","floor":39},{"not_picked":["Bullet Time","Footwork","Masterful Stab"],"picked":"SKIP","floor":40},{"not_picked":["Bane","Setup"],"picked":"Catalyst","floor":42},{"not_picked":["Poisoned Stab","Infinite Blades+1","Dodge and Roll+1"],"picked":"SKIP","floor":45},{"not_picked":["Deflect+1","Dagger Throw","Deadly Poison"],"picked":"SKIP","floor":48},{"not_picked":["Blade Dance","Slice+1","Escape Plan+1"],"picked":"SKIP","floor":54}],"player_experience":1675670,"relics_obtained":[{"floor":9.0,"key":"Meat on the Bone"},{"floor":12.0,"key":"StrikeDummy"},{"floor":14.0,"key":"Tough Bandages"},{"floor":24.0,"key":"Nunchaku"},{"floor":28.0,"key":"Potion Belt"},{"floor":32.0,"key":"Ancient Tea Set"},{"floor":40,"key":"Bronze Scales"},{"floor":42,"key":"Darkstone Periapt"},{"floor":43,"key":"Thread and Needle"},{"floor":45,"key":"Centennial Puzzle"},{"floor":47,"key":"Pear"},{"floor":54,"key":"Bag of Preparation"}],"event_choices":[{"damage_healed":0.0,"max_hp_gain":0.0,"max_hp_loss":0.0,"gold_gain":0.0,"cards_transformed":["Defend_G"],"event_name":"Living Wall","player_choice":"Change","floor":2.0,"gold_loss":0.0,"damage_taken":0.0,"cards_obtained":["Tactician"]},{"cards_removed":["Strike_G"],"damage_healed":0.0,"max_hp_gain":0.0,"max_hp_loss":0.0,"gold_gain":0.0,"event_name":"Golden Wing","player_choice":"Card Removal","floor":3.0,"gold_loss":0.0,"damage_taken":7.0},{"damage_healed":0.0,"max_hp_gain":0.0,"max_hp_loss":0.0,"gold_gain":75.0,"event_name":"World of Goop","player_choice":"Gather Gold","floor":4.0,"gold_loss":0.0,"damage_taken":11.0},{"damage_healed":0.0,"max_hp_gain":0.0,"max_hp_loss":5.0,"gold_gain":0.0,"event_name":"Golden Idol","player_choice":"Lose Max HP","floor":7.0,"gold_loss":0.0,"damage_taken":0.0,"relics_obtained":["Golden Idol"]},{"damage_healed":0.0,"max_hp_gain":0.0,"max_hp_loss":0.0,"gold_gain":30.0,"event_name":"Dead Adventurer","player_choice":"Searched \u00271\u0027 times","floor":8.0,"gold_loss":0.0,"damage_taken":0.0},{"cards_removed":["Tools of the Trade"],"damage_healed":0.0,"max_hp_gain":10.0,"max_hp_loss":0.0,"gold_gain":0.0,"event_name":"Bonfire Elementals","player_choice":"Offered Rare","floor":36.0,"gold_loss":0.0,"damage_taken":0.0}],"is_beta":false,"boss_relics":[{"not_picked":["HoveringKite","Busted Crown"],"picked":"Pandora\u0027s Box"},{"not_picked":["SacredBark","SlaversCollar"],"picked":"Empty Cage"}],"items_purged_floors":[19,31,46,53],"is_endless":false,"potions_floor_spawned":[1,12,16,21,22,24,28,33,38,40,42],"ascension_level":1}}