{"host":"Petra","time":1614097777,"event":{"mods":["BaseMod","Colored Powertips","Defuse TimeMaze Blight","Downfall","Hermit","KinomotoSakuraMod(????)","Marisa????????","Marked Mod","Minty Spire (QoL Compilation)","Replay The Spire","Shade Mod","StSLib","The Alterego","The Cursed","The Gatherer","The Marked","The Servant 0.9.4","TheVacant","Waifu the Spire"],"gold_per_floor":[113,127,127,127,140,140,153,153,153,153],"floor_reached":9,"language":"ENG","playtime":435,"items_purged":[],"score":53,"play_id":"49460b32-6ec3-4d35-9a8d-920d4c4f0efd","local_time":"20210223182937","is_ascension_mode":false,"campfire_choices":[{"data":"TheCursedMod:CursedWand","floor":8,"key":"SMITH"}],"circlet_count":0,"master_deck":["TheCursedMod:Strike_TheCursed","TheCursedMod:Strike_TheCursed","TheCursedMod:Strike_TheCursed","TheCursedMod:Strike_TheCursed","TheCursedMod:Defend_TheCursed","TheCursedMod:Defend_TheCursed","TheCursedMod:Defend_TheCursed","TheCursedMod:CursedWand+1","TheCursedMod:CleanUpWorkshop","TheCursedMod:Dregs","TheCursedMod:ManaBullet","TheCursedMod:Stretching","TheCursedMod:WearCloak","TheCursedMod:Obscuration+1","TheCursedMod:Stretching"],"relics":["TheCursedMod:BlackMagic101"],"acts_visited":["Exordium"],"potions_floor_usage":[],"damage_taken":[{"damage":2.0,"enemies":"Cultist","floor":1.0,"turns":5.0},{"damage":0.0,"enemies":"2 Louse","floor":2.0,"turns":3.0},{"damage":2.0,"enemies":"Small Slimes","floor":5.0,"turns":3.0},{"damage":10,"enemies":"2 Fungi Beasts","floor":7,"turns":6},{"damage":88,"enemies":"Gremlin Nob","floor":9,"turns":6}],"seed_played":"-223631430803815272","potions_obtained":[{"floor":1.0,"key":"Swift Potion"},{"floor":2.0,"key":"LiquidMemories"}],"is_trial":false,"path_per_floor":["M","M","PTL","PTL","M","?","M","R","E"],"character_chosen":"THE_CURSED","items_purchased":[],"campfire_rested":0,"item_purchase_floors":[],"current_hp_per_floor":[80,80,80,80,78,78,68,68,0,0],"gold":153,"neow_bonus":"TEN_PERCENT_HP_BONUS","is_daily":false,"chose_seed":false,"campfire_upgraded":1,"win_rate":0.0,"timestamp":1614097777,"path_taken":["M","?","PTL","PTL","M","?","M","R","E"],"items_purchased_type":[],"build_version":"2020-11-17","purchased_purges":0,"victory":false,"max_hp_per_floor":[82,82,82,82,82,82,82,82,82,82],"card_choices":[{"not_picked":["TheCursedMod:AshesToAshes","TheCursedMod:SmokeScreen"],"picked":"TheCursedMod:ManaBullet","floor":1.0},{"not_picked":["TheCursedMod:FleshFromBone","TheCursedMod:SmokeScreen"],"picked":"TheCursedMod:Stretching","floor":2.0},{"not_picked":["TheCursedMod:CursedMace","TheCursedMod:SmokeScreen"],"picked":"TheCursedMod:WearCloak","floor":5.0},{"not_picked":["TheCursedMod:HellsGateOpen","TheCursedMod:RapidMovement"],"picked":"TheCursedMod:Stretching","floor":7}],"player_experience":38120,"relics_obtained":[],"event_choices":[],"is_beta":true,"boss_relics":[],"items_purged_floors":[],"is_endless":false,"potions_floor_spawned":[1,2],"killed_by":"Gremlin Nob","ascension_level":0}}