{"host":"nnt34ungdh9fkcmy","time":1614052288,"event":{"mods":["BaseMod","Downfall","Minty Spire (QoL Compilation)","StSLib","SuperFastMode"],"gold_per_floor":[116,21,21,21,42,81,96,130,155,196,196,235,235,5,5,129,129,144,162,162,187,212,257,7,20,101,144,144,269,269,321,321,321,321],"floor_reached":33,"language":"ENG","playtime":1261,"items_purged":["Strike_B","Strike_B"],"score":533,"play_id":"9b9fafd1-cdea-4166-ba5d-93aaec6c3138","local_time":"20210222205128","is_ascension_mode":true,"campfire_choices":[{"floor":11,"key":"REST"},{"data":"Defragment","floor":13,"key":"SMITH"},{"data":"Panacea","floor":15,"key":"SMITH"},{"floor":28,"key":"REST"},{"data":"Fission","floor":30,"key":"SMITH"},{"data":"Consume","floor":32,"key":"SMITH"}],"circlet_count":0,"master_deck":["Strike_B","Strike_B","Defend_B","Defend_B","Defend_B","Defend_B","Zap","Dualcast","Compile Driver","Panacea+1","Cold Snap","Auto Shields","Genetic Algorithm","Defragment+1","Fission+1","Consume+1","Leap","Ball Lightning","Rebound+1","Cold Snap+1","Regret","Defragment+1","Glacier"],"relics":["Cracked Core","NeowsBlessing","Golden Idol","Guardian:PocketSentry","Strawberry","Oddly Smooth Stone","Orichalcum","Pocketwatch","Pear","Blood Vial","Cursed Key","CeramicFish","ClockworkSouvenir","Frozen Egg 2","Ancient Tea Set","Torii","White Beast Statue","InkBottle"],"acts_visited":["Exordium","TheCity"],"potions_floor_usage":[10,23,23],"damage_taken":[{"damage":0,"enemies":"2 Louse","floor":1,"turns":1},{"damage":0,"enemies":"Jaw Worm","floor":5,"turns":1},{"damage":0,"enemies":"3 Sentries","floor":6,"turns":1},{"damage":0,"enemies":"Cultist","floor":7,"turns":3},{"damage":22,"enemies":"Gremlin Nob","floor":8,"turns":4},{"damage":22,"enemies":"3 Sentries","floor":10,"turns":7},{"damage":10,"enemies":"Gremlin Nob","floor":12,"turns":5},{"damage":0,"enemies":"The Guardian","floor":16,"turns":11},{"damage":0,"enemies":"Spheric Guardian","floor":18,"turns":5},{"damage":17,"enemies":"3 Byrds","floor":19,"turns":4},{"damage":3,"enemies":"Snecko","floor":21,"turns":5},{"damage":1,"enemies":"Chosen and Byrds","floor":22,"turns":6},{"damage":15,"enemies":"Slavers","floor":23,"turns":5},{"damage":0,"enemies":"Shelled Parasite and Fungi","floor":25,"turns":7},{"damage":40,"enemies":"Gremlin Leader","floor":27,"turns":6},{"damage":0,"enemies":"Colosseum Slavers","floor":29,"turns":4},{"damage":19,"enemies":"Colosseum Nobs","floor":29,"turns":6},{"damage":12,"enemies":"Slavers","floor":31,"turns":6},{"damage":24,"enemies":"Collector","floor":33,"turns":9}],"seed_played":"8490844332904891820","potions_obtained":[{"floor":7,"key":"SkillPotion"},{"floor":8,"key":"Guardian:BlockOnCardUsePotion"},{"floor":19,"key":"Ancient Potion"},{"floor":21,"key":"ColorlessPotion"},{"floor":27,"key":"FocusPotion"},{"floor":31,"key":"FearPotion"}],"is_trial":false,"path_per_floor":["M","$","?","?","M","E","M","E","T","E","R","E","R","$","R","B",null,"M","M","?","M","M","E","$","M","T","E","R","?","R","E","R","B"],"character_chosen":"DEFECT","items_purchased":["Panacea","Blood Vial","ClockworkSouvenir"],"campfire_rested":2,"item_purchase_floors":[2,14,24],"current_hp_per_floor":[75,75,57,54,54,61,61,39,39,17,41,41,41,41,41,43,80,82,67,67,66,67,54,54,56,56,18,45,30,30,20,20,0,0],"gold":321,"neow_bonus":"THREE_ENEMY_KILL","is_daily":false,"chose_seed":false,"campfire_upgraded":4,"win_rate":0.0,"timestamp":1614052288,"path_taken":["M","$","?","?","M","E","M","E","T","E","R","E","R","$","R","BOSS","M","M","?","M","?","E","$","M","T","E","R","?","R","E","R","BOSS"],"items_purchased_type":["Card","Relic","Relic"],"build_version":"2020-12-22","purchased_purges":2,"victory":false,"max_hp_per_floor":[75,75,75,75,75,82,82,82,82,82,82,92,92,92,92,92,92,92,92,92,92,92,92,92,92,92,92,92,92,92,92,92,92,92],"card_choices":[{"not_picked":["BootSequence","Leap"],"picked":"Compile Driver","floor":1},{"not_picked":["Conserve Battery","Blizzard","White Noise"],"picked":"SKIP","floor":5},{"not_picked":["White Noise","Hologram"],"picked":"Cold Snap","floor":6},{"not_picked":["Reinforced Body","Redo"],"picked":"Auto Shields","floor":7},{"not_picked":["Double Energy","Aggregate"],"picked":"Genetic Algorithm","floor":8},{"not_picked":["Compile Driver","Loop"],"picked":"Defragment","floor":10},{"not_picked":["White Noise","Chaos","Turbo"],"picked":"SKIP","floor":12},{"not_picked":["Meteor Strike","All For One"],"picked":"Fission","floor":16},{"not_picked":["Conserve Battery","Stack+1"],"picked":"Consume","floor":18},{"not_picked":["Double Energy","Heatsinks"],"picked":"Leap","floor":19},{"not_picked":["Conserve Battery","Storm","Melter"],"picked":"SKIP","floor":21},{"not_picked":["Chill+1","Consume"],"picked":"Rebound+1","floor":22},{"not_picked":["Streamline","Scrape"],"picked":"Cold Snap+1","floor":23},{"not_picked":["Skim+1","Leap+1","Barrage+1"],"picked":"SKIP","floor":25},{"not_picked":["Beam Cell","Lockon+1"],"picked":"Defragment+1","floor":27},{"not_picked":["Compile Driver","Steam"],"picked":"Glacier","floor":31}],"player_experience":315458,"relics_obtained":[{"floor":6,"key":"Strawberry"},{"floor":8,"key":"Oddly Smooth Stone"},{"floor":9,"key":"Orichalcum"},{"floor":10,"key":"Pocketwatch"},{"floor":12,"key":"Pear"},{"floor":23,"key":"CeramicFish"},{"floor":26,"key":"Frozen Egg 2"},{"floor":27,"key":"Ancient Tea Set"},{"floor":29,"key":"Torii"},{"floor":29,"key":"White Beast Statue"},{"floor":31,"key":"InkBottle"}],"event_choices":[{"damage_healed":0,"gold_gain":0,"player_choice":"Take Damage","damage_taken":18,"relics_obtained":["Golden Idol"],"max_hp_gain":0,"max_hp_loss":0,"event_name":"Golden Idol","floor":3,"gold_loss":0},{"damage_healed":0,"gold_gain":0,"player_choice":"Success","damage_taken":3,"relics_obtained":["Guardian:PocketSentry"],"max_hp_gain":0,"max_hp_loss":0,"event_name":"Scrap Ooze","floor":4,"gold_loss":0},{"damage_healed":0,"gold_gain":0,"player_choice":"1 cards matched","damage_taken":0,"max_hp_gain":0,"max_hp_loss":0,"event_name":"Match and Keep!","floor":20,"gold_loss":0,"cards_obtained":["Ball Lightning"]},{"damage_healed":0,"gold_gain":0,"player_choice":"Fight","damage_taken":0,"max_hp_gain":0,"max_hp_loss":0,"event_name":"Colosseum","floor":29,"gold_loss":0},{"damage_healed":0,"gold_gain":0,"player_choice":"Fought Nobs","damage_taken":0,"max_hp_gain":0,"max_hp_loss":0,"event_name":"Colosseum","floor":29,"gold_loss":0}],"is_beta":false,"boss_relics":[{"not_picked":["Velvet Choker","Calling Bell"],"picked":"Cursed Key"}],"items_purged_floors":[14,24],"is_endless":false,"potions_floor_spawned":[7,8,19,21,22,27,29,31],"killed_by":"Collector","ascension_level":5}}