{"host":"i29s15dsg0c43zmx","time":1614098153,"event":{"mods":["AchievementEnabler","BaseMod","Colored Map","Minty Spire (QoL Compilation)","StSLib"],"gold_per_floor":[111,111,123,134,59,88,108,135,135,153,168,184,218,218,218,346,409,423,603,616,481,494,494,514,514,514,550,571,596,609,624,624,750,750,765,765,765,765,783,783,783,783],"floor_reached":41,"language":"ENG","playtime":3089,"items_purged":["Defend_B","Strike_B"],"score":486,"play_id":"8509a2be-b2ef-4b86-b95e-ba72c51e64df","local_time":"20210223173553","is_ascension_mode":true,"campfire_choices":[{"data":"Injury","floor":15,"key":"PURGE"},{"data":"Creative AI","floor":23,"key":"SMITH"},{"data":"Strike_B","floor":25,"key":"PURGE"},{"data":"White Noise","floor":32,"key":"SMITH"},{"data":"White Noise","floor":40,"key":"SMITH"}],"circlet_count":0,"master_deck":["Zap","Dualcast","Leap","Seek","Leap","Cold Snap","Leap","Genetic Algorithm","Electrodynamics+1","Sweeping Beam","Turbo","Creative AI+1","Defragment+1","Loop","White Noise+1","Amplify","Tempest+1","Self Repair+1","Machine Learning","White Noise+1","Reprogram","Biased Cognition","White Noise+1","White Noise+1"],"relics":["Cracked Core","NeowsBlessing","Peace Pipe","Meat on the Bone","Gremlin Horn","HornCleat","Golden Idol","Tiny House","Incense Burner","Orichalcum","Pandora\u0027s Box"],"acts_visited":["Exordium","TheCity","TheBeyond"],"potions_floor_usage":[8,16,20,20,30,33,33,33],"damage_taken":[{"damage":0,"enemies":"2 Louse","floor":1,"turns":1},{"damage":0,"enemies":"Jaw Worm","floor":3,"turns":1},{"damage":0,"enemies":"Small Slimes","floor":4,"turns":2},{"damage":4,"enemies":"Lagavulin","floor":6,"turns":8},{"damage":10,"enemies":"Looter","floor":7,"turns":3},{"damage":28,"enemies":"Gremlin Nob","floor":8,"turns":5},{"damage":0,"enemies":"Gremlin Gang","floor":10,"turns":8},{"damage":9,"enemies":"Large Slime","floor":11,"turns":5},{"damage":1,"enemies":"Looter","floor":12,"turns":4},{"damage":8,"enemies":"Lagavulin","floor":13,"turns":8},{"damage":34,"enemies":"Slime Boss","floor":16,"turns":10},{"damage":27,"enemies":"Spheric Guardian","floor":18,"turns":7},{"damage":9,"enemies":"Shell Parasite","floor":20,"turns":9},{"damage":3,"enemies":"Centurion and Healer","floor":22,"turns":7},{"damage":18,"enemies":"Shelled Parasite and Fungi","floor":24,"turns":7},{"damage":13,"enemies":"Slavers","floor":27,"turns":3},{"damage":6,"enemies":"Chosen and Byrds","floor":28,"turns":4},{"damage":13,"enemies":"Cultist and Chosen","floor":29,"turns":7},{"damage":13,"enemies":"Centurion and Healer","floor":30,"turns":6},{"damage":13,"enemies":"Snecko","floor":31,"turns":6},{"damage":30,"enemies":"Champ","floor":33,"turns":11},{"damage":6,"enemies":"3 Shapes","floor":35,"turns":2},{"damage":2,"enemies":"3 Darklings","floor":39,"turns":4},{"damage":87,"enemies":"Giant Head","floor":41,"turns":9}],"seed_played":"2341291127877316765","potions_obtained":[{"floor":3,"key":"ColorlessPotion"},{"floor":6,"key":"LiquidBronze"},{"floor":8,"key":"LiquidMemories"},{"floor":12,"key":"EntropicBrew"},{"floor":16,"key":"Fruit Juice"},{"floor":30,"key":"LiquidMemories"}],"is_trial":false,"path_per_floor":["M","?","M","M","$","E","M","E","T","M","M","M","E","?","R","B",null,"M","?","M","$","M","R","M","R","T","E","M","M","M","M","R","B",null,"M","?","?","?","M","R","E"],"character_chosen":"DEFECT","items_purchased":["Loop"],"campfire_rested":0,"item_purchase_floors":[21],"current_hp_per_floor":[75,75,75,75,75,71,61,33,33,45,48,47,39,39,39,22,85,58,39,42,42,51,51,45,45,45,44,50,49,48,47,47,39,85,79,69,69,69,67,67,0,0],"gold":783,"neow_bonus":"THREE_ENEMY_KILL","is_daily":false,"chose_seed":false,"campfire_upgraded":3,"win_rate":0.0,"timestamp":1614098153,"path_taken":["M","?","M","M","?","E","M","E","T","M","M","M","E","?","R","BOSS","M","?","M","$","M","R","M","R","T","E","?","M","M","M","R","BOSS","M","?","?","?","M","R","E"],"items_purchased_type":["Card"],"build_version":"2020-12-22","purchased_purges":2,"victory":false,"max_hp_per_floor":[75,75,75,75,75,75,75,75,75,75,75,75,75,75,75,80,85,85,85,85,85,85,85,85,85,85,85,85,85,85,85,85,85,85,85,85,85,81,81,81,81,81],"card_choices":[{"not_picked":["Coolheaded","Hello World"],"picked":"Leap","floor":1},{"not_picked":["Reinforced Body","Gash"],"picked":"Leap","floor":3},{"not_picked":["Hello World","Steam"],"picked":"Cold Snap","floor":4},{"not_picked":["Rebound","Chill"],"picked":"Leap","floor":6},{"not_picked":["Compile Driver","BootSequence","Consume"],"picked":"SKIP","floor":7},{"not_picked":["Melter","Stack"],"picked":"Genetic Algorithm","floor":8},{"not_picked":["Gash","Leap"],"picked":"Electrodynamics","floor":10},{"not_picked":["Barrage","Consume","Conserve Battery"],"picked":"SKIP","floor":11},{"not_picked":["Rebound","Lockon"],"picked":"Sweeping Beam","floor":12},{"not_picked":["Beam Cell","Rebound"],"picked":"Turbo","floor":13},{"not_picked":["Thunder Strike","Seek"],"picked":"Creative AI","floor":16},{"not_picked":["Conserve Battery","Go for the Eyes","Sweeping Beam+1"],"picked":"SKIP","floor":18},{"not_picked":["Reinforced Body","Coolheaded"],"picked":"Defragment+1","floor":20},{"not_picked":["Beam Cell+1","Coolheaded","Stack"],"picked":"SKIP","floor":22},{"not_picked":["Steam Power","Recycle","Sweeping Beam"],"picked":"SKIP","floor":24},{"not_picked":["Steam+1","Force Field"],"picked":"White Noise","floor":27},{"not_picked":["Loop","Beam Cell+1","Doom and Gloom"],"picked":"SKIP","floor":28},{"not_picked":["Barrage+1","Gash"],"picked":"Amplify","floor":29},{"not_picked":["Scrape","Ball Lightning"],"picked":"Tempest+1","floor":30},{"not_picked":["Fusion+1","Storm+1"],"picked":"Self Repair+1","floor":31},{"not_picked":["Seek","Fission"],"picked":"Machine Learning","floor":33},{"not_picked":["Go for the Eyes","Rip and Tear+1"],"picked":"White Noise+1","floor":35},{"not_picked":["Consume","Ball Lightning"],"picked":"White Noise+1","floor":39}],"player_experience":117800,"relics_obtained":[{"floor":6,"key":"Peace Pipe"},{"floor":8,"key":"Meat on the Bone"},{"floor":9,"key":"Gremlin Horn"},{"floor":13,"key":"HornCleat"},{"floor":26,"key":"Incense Burner"},{"floor":27,"key":"Orichalcum"}],"event_choices":[{"damage_healed":0,"gold_gain":0,"cards_transformed":["Strike_B"],"player_choice":"Change","damage_taken":0,"max_hp_gain":0,"max_hp_loss":0,"event_name":"Living Wall","floor":2,"gold_loss":0,"cards_obtained":["Seek"]},{"damage_healed":0,"gold_gain":0,"player_choice":"Take Wound","damage_taken":0,"relics_obtained":["Golden Idol"],"max_hp_gain":0,"max_hp_loss":0,"event_name":"Golden Idol","floor":14,"gold_loss":0,"cards_obtained":["Injury"]},{"damage_healed":0,"gold_gain":180,"player_choice":"GOLD GOLD ","damage_taken":19,"max_hp_gain":0,"max_hp_loss":0,"event_name":"Knowing Skull","floor":19,"potions_obtained":[],"gold_loss":0,"cards_obtained":[]},{"damage_healed":0,"gold_gain":0,"player_choice":"Memory 3","damage_taken":10,"max_hp_gain":0,"max_hp_loss":0,"event_name":"SensoryStone","floor":36,"gold_loss":0},{"cards_removed":["Blizzard"],"damage_healed":0,"gold_gain":0,"player_choice":"Removed Attack","damage_taken":0,"max_hp_gain":0,"max_hp_loss":0,"event_name":"Falling","floor":37,"gold_loss":0},{"damage_healed":0,"gold_gain":0,"player_choice":"Max HP","damage_taken":0,"max_hp_gain":0,"max_hp_loss":4,"event_name":"Winding Halls","floor":38,"gold_loss":0}],"is_beta":false,"boss_relics":[{"not_picked":["Snecko Eye","Fusion Hammer"],"picked":"Tiny House"},{"not_picked":["Nuclear Battery","Empty Cage"],"picked":"Pandora\u0027s Box"}],"items_purged_floors":[5,21],"is_endless":false,"potions_floor_spawned":[3,6,8,12,16,20,28,30,31,39],"killed_by":"Giant Head","ascension_level":1}}