{"host":"dz37y7s0f4dytpbs","time":1614054818,"event":{"mods":["2.2 Compatiblity","AchievementEnabler","BaseMod","BetterRewards","Colored Map","Custom Start","Keyboard Shortcuts","Marisa£¨Ùöéë¡¡Øª×âÞÞ£©","Minty Spire (QoL Compilation)","Permanent Neow","StSLib","SuperFastMode","everything is the same but u backflip on backflip"],"gold_per_floor":[20,95,95,108,126,126,159,159,159,169,197,210,210,229,229,307,307,327,327,23,53,53,53,80,80,80,60,106,133,149,183,183,256,256,267,267,278,55,102,102,137,137,137,137,164,14,40,57,57,57,57,57,32,60,60],"floor_reached":56,"language":"KOR","playtime":4176,"items_purged":["Strike_G","Strike_G","Strike_G","Strike_G","Defend_G"],"score":3132,"play_id":"dd8995bc-54c5-4ef9-a692-bd947b878bb7","local_time":"20210223133338","is_ascension_mode":true,"campfire_choices":[{"data":"Apotheosis","floor":6.0,"key":"SMITH"},{"data":"After Image","floor":8.0,"key":"SMITH"},{"data":"Strike_G","floor":15.0,"key":"PURGE"},{"data":"Defend_G","floor":23.0,"key":"PURGE"},{"data":"Defend_G","floor":32.0,"key":"PURGE"},{"floor":40.0,"key":"RECALL"},{"data":"Defend_G","floor":42.0,"key":"PURGE"},{"data":"Defend_G","floor":44.0,"key":"PURGE"},{"data":"Tools of the Trade","floor":49.0,"key":"SMITH"},{"data":"Accuracy","floor":52.0,"key":"SMITH"}],"circlet_count":0,"master_deck":["AscendersBane","Survivor","Neutralize","After Image+1","Cloak And Dagger","Deflect","Bane","Deadly Poison","Blade Dance","Apotheosis+1","Catalyst","Infinite Blades","Accuracy+1","Infinite Blades","Cloak And Dagger","Dodge and Roll","Backflip","Setup+1","Concentrate","Envenom","PiercingWail+1","Bouncing Flask+1","Envenom","Ghostly+1","Ghostly+1","Ghostly+1","Ghostly+1","Ghostly+1","Tactician+1","Deflect+1","Prepared+1","Infinite Blades","Dodge and Roll+1","Acrobatics+1","Tools of the Trade+1","Wraith Form v2","Acrobatics+1","Madness+1","Madness+1","Sucker Punch+1","Corpse Explosion+1","Noxious Fumes","Cloak And Dagger+1","After Image+1","Wraith Form v2","Blur+1","Blur+1","Backflip+1","Blur+1","Blade Dance+1"],"relics":["Ring of the Snake","Kunai","Ice Cream","Orrery","Membership Card","Eternal Feather","OrangePellets","Vajra","Peace Pipe","Juzu Bracelet","Pear","HornCleat","Potion Belt","Toxic Egg 2","Philosopher\u0027s Stone","Sling","Molten Egg 2","Red Mask","War Paint","Ninja Scroll","Lizard Tail","StrikeDummy","Coffee Dripper","DollysMirror","Du-Vu Doll","White Beast Statue","The Specimen","Shuriken","Gambling Chip","Snake Skull","Orichalcum"],"acts_visited":["Exordium","TheCity","TheBeyond","TheEnding"],"potions_floor_usage":[55,55,55,55,55,55,55],"damage_taken":[{"damage":0.0,"enemies":"Jaw Worm","floor":1.0,"turns":3.0},{"damage":0.0,"enemies":"Cultist","floor":4.0,"turns":3.0},{"damage":0.0,"enemies":"Small Slimes","floor":5.0,"turns":3.0},{"damage":12.0,"enemies":"Gremlin Nob","floor":7.0,"turns":4.0},{"damage":1.0,"enemies":"3 Louse","floor":10.0,"turns":4.0},{"damage":4.0,"enemies":"3 Sentries","floor":11.0,"turns":8.0},{"damage":0.0,"enemies":"2 Fungi Beasts","floor":12.0,"turns":4.0},{"damage":2.0,"enemies":"Looter","floor":14.0,"turns":4.0},{"damage":0.0,"enemies":"Slime Boss","floor":16.0,"turns":5.0},{"damage":0.0,"enemies":"3 Byrds","floor":18.0,"turns":4.0},{"damage":4.0,"enemies":"Masked Bandits","floor":21.0,"turns":4.0},{"damage":0.0,"enemies":"Book of Stabbing","floor":24.0,"turns":7.0},{"damage":0.0,"enemies":"Gremlin Leader","floor":29.0,"turns":6.0},{"damage":1.0,"enemies":"Shell Parasite","floor":30.0,"turns":4.0},{"damage":0.0,"enemies":"Book of Stabbing","floor":31.0,"turns":5.0},{"damage":19.0,"enemies":"Automaton","floor":33.0,"turns":6.0},{"damage":0.0,"enemies":"Orb Walker","floor":35.0,"turns":5.0},{"damage":0.0,"enemies":"3 Shapes","floor":37.0,"turns":4.0},{"damage":0.0,"enemies":"2 Orb Walkers","floor":39.0,"turns":4.0},{"damage":0.0,"enemies":"Reptomancer","floor":41.0,"turns":5.0},{"damage":0.0,"enemies":"Nemesis","floor":45.0,"turns":7.0},{"damage":0.0,"enemies":"Reptomancer","floor":47.0,"turns":5.0},{"damage":0.0,"enemies":"Sphere and 2 Shapes","floor":48.0,"turns":4.0},{"damage":0.0,"enemies":"Donu and Deca","floor":50.0,"turns":6.0},{"damage":0.0,"enemies":"Shield and Spear","floor":54.0,"turns":5.0},{"damage":0,"enemies":"The Heart","floor":55,"turns":8}],"seed_played":"190336429470094846","potions_obtained":[{"floor":1.0,"key":"Block Potion"},{"floor":3.0,"key":"DuplicationPotion"},{"floor":11.0,"key":"Dexterity Potion"},{"floor":14.0,"key":"SteroidPotion"},{"floor":18.0,"key":"AttackPotion"},{"floor":29.0,"key":"Explosive Potion"},{"floor":33.0,"key":"SteroidPotion"},{"floor":35.0,"key":"EntropicBrew"},{"floor":41.0,"key":"Regen Potion"},{"floor":48.0,"key":"PowerPotion"}],"is_trial":false,"path_per_floor":["M","?","?","M","M","R","E","R","T","M","E","M","T","M","R","B",null,"M","?","$","?","?","R","E","?","T","$","T","E","M","E","R","B",null,"M","?","M","$","?","R","E","R","T","R","E","$","E","M","R","B",null,"R","$","E","B",null],"character_chosen":"THE_SILENT","items_purchased":["Kunai","Ice Cream","Orrery","Blade Dance","Membership Card","Apotheosis","Catalyst","Infinite Blades","Eternal Feather","OrangePellets","Vajra","Accuracy","Peace Pipe","Infinite Blades","Juzu Bracelet","Cloak And Dagger","Tactician+1","Sling","Molten Egg 2","Infinite Blades","Corpse Explosion+1","Noxious Fumes","Cloak And Dagger+1","DollysMirror","Gambling Chip","Blade Dance+1"],"campfire_rested":0,"item_purchase_floors":[0,0,0,0,0,0,0,0,0,0,0,0,0,0,0,0,20,20,20,27,38,38,38,38,46,53],"current_hp_per_floor":[59,53,53,53,53,65,63,76,76,75,71,71,71,69,76,76,76,76,38,38,34,34,38,38,33,33,33,33,33,32,32,43,24,38,38,33,33,33,33,43,43,43,43,43,43,43,43,43,43,43,43,43,43,43,43],"gold":60,"neow_bonus":"","is_daily":false,"chose_seed":false,"campfire_upgraded":4,"win_rate":0.0,"timestamp":1614054818,"path_taken":["M","?","?","M","M","R","E","R","T","M","E","M","?","M","R","BOSS","M","?","$","?","?","R","E","?","T","?","?","E","M","E","R","BOSS","M","?","M","$","?","R","E","R","T","R","E","$","E","M","R","BOSS","R","$","E","BOSS"],"items_purchased_type":["Relic","Relic","Relic","Card","Relic","Card","Card","Card","Relic","Relic","Relic","Card","Relic","Card","Relic","Card","Card","Relic","Relic","Card","Card","Card","Card","Relic","Relic","Card"],"build_version":"2020-12-22","purchased_purges":5,"victory":true,"max_hp_per_floor":[66,66,66,66,66,66,76,76,76,76,76,76,76,76,76,76,76,76,38,38,38,38,38,38,43,43,43,43,43,43,43,43,43,43,43,43,43,43,43,43,43,43,43,43,43,43,43,43,43,43,43,43,43,43,43],"card_choices":[{"not_picked":["Distraction","Prepared"],"picked":"After Image","floor":0.0},{"not_picked":["Deadly Poison","Leg Sweep"],"picked":"Cloak And Dagger","floor":0.0},{"not_picked":["Leg Sweep","Outmaneuver"],"picked":"Deflect","floor":0.0},{"not_picked":["Backstab","Prepared"],"picked":"Bane","floor":0.0},{"not_picked":["Dodge and Roll","Choke"],"picked":"Deadly Poison","floor":0.0},{"not_picked":["Backstab","Leg Sweep"],"picked":"Backflip","floor":1.0},{"not_picked":["Distraction","Flying Knee"],"picked":"Setup","floor":4.0},{"not_picked":["Dodge and Roll","Quick Slash","Dagger Spray"],"picked":"SKIP","floor":5.0},{"not_picked":["Bane","Dagger Spray"],"picked":"Concentrate","floor":7.0},{"not_picked":["Acrobatics","Blade Dance"],"picked":"Envenom","floor":10.0},{"not_picked":["Sucker Punch","Slice","Dagger Spray"],"picked":"SKIP","floor":11.0},{"not_picked":["Poisoned Stab","Quick Slash"],"picked":"PiercingWail","floor":12.0},{"not_picked":["Quick Slash","Dodge and Roll+1"],"picked":"Bouncing Flask+1","floor":14.0},{"not_picked":["Grand Finale","Doppelganger+1"],"picked":"Envenom","floor":16.0},{"not_picked":["Choke","Bane+1","Quick Slash"],"picked":"SKIP","floor":18.0},{"not_picked":["PiercingWail+1","Heel Hook+1"],"picked":"Deflect+1","floor":21.0},{"not_picked":["Poisoned Stab+1","Crippling Poison+1"],"picked":"Prepared+1","floor":24.0},{"not_picked":["Bane+1","All Out Attack+1"],"picked":"Dodge and Roll+1","floor":29.0},{"not_picked":["Concentrate+1","Deflect+1"],"picked":"Acrobatics+1","floor":30.0},{"not_picked":["Dash+1","Concentrate+1"],"picked":"Tools of the Trade","floor":31.0},{"not_picked":["A Thousand Cuts","Grand Finale+1"],"picked":"Wraith Form v2","floor":33.0},{"not_picked":["Slice+1","Deadly Poison+1"],"picked":"Acrobatics+1","floor":35.0},{"not_picked":["Dagger Spray+1","Dodge and Roll+1"],"picked":"Sucker Punch+1","floor":37.0},{"not_picked":["Calculated Gamble+1","Sucker Punch+1"],"picked":"Wraith Form v2","floor":39.0},{"not_picked":["Dash+1","Sucker Punch+1"],"picked":"Blur+1","floor":41.0},{"not_picked":["Choke+1","Dash+1"],"picked":"Blur+1","floor":45.0},{"not_picked":["Eviscerate+1","Slice+1"],"picked":"Backflip+1","floor":47.0},{"not_picked":["Quick Slash+1","Dagger Spray+1"],"picked":"Blur+1","floor":48.0},{"not_picked":["Underhanded Strike+1","Deflect+1","Masterful Stab+1"],"picked":"SKIP","floor":54.0}],"player_experience":359985,"relics_obtained":[{"floor":7.0,"key":"Pear"},{"floor":9.0,"key":"HornCleat"},{"floor":11.0,"key":"Potion Belt"},{"floor":13.0,"key":"Toxic Egg 2"},{"floor":21.0,"key":"Red Mask"},{"floor":24.0,"key":"War Paint"},{"floor":26.0,"key":"Ninja Scroll"},{"floor":29.0,"key":"Lizard Tail"},{"floor":31.0,"key":"StrikeDummy"},{"floor":39.0,"key":"Du-Vu Doll"},{"floor":41.0,"key":"White Beast Statue"},{"floor":43.0,"key":"The Specimen"},{"floor":45.0,"key":"Shuriken"},{"floor":47.0,"key":"Snake Skull"},{"floor":54.0,"key":"Orichalcum"}],"event_choices":[{"damage_healed":0.0,"max_hp_gain":0.0,"max_hp_loss":0.0,"gold_gain":75.0,"event_name":"FaceTrader","player_choice":"Touch","floor":2.0,"gold_loss":0.0,"damage_taken":6.0},{"damage_healed":0.0,"max_hp_gain":0.0,"max_hp_loss":0.0,"gold_gain":0.0,"event_name":"Lab","player_choice":"Got Potions","floor":3.0,"gold_loss":0.0,"damage_taken":0.0},{"damage_healed":0.0,"max_hp_gain":0.0,"max_hp_loss":38.0,"gold_gain":0.0,"event_name":"Ghosts","player_choice":"Became a Ghost","floor":19.0,"gold_loss":0.0,"damage_taken":0.0,"cards_obtained":["Ghostly","Ghostly","Ghostly","Ghostly","Ghostly"]},{"damage_healed":0.0,"max_hp_gain":0.0,"max_hp_loss":0.0,"gold_gain":0.0,"event_name":"Masked Bandits","player_choice":"Fought Bandits","floor":21.0,"gold_loss":0.0,"damage_taken":0.0},{"damage_healed":0.0,"max_hp_gain":0.0,"max_hp_loss":0.0,"gold_gain":0.0,"event_name":"Cursed Tome","player_choice":"Ignored","floor":22.0,"gold_loss":0.0,"damage_taken":0.0},{"damage_healed":0.0,"max_hp_gain":5.0,"max_hp_loss":0.0,"gold_gain":0.0,"event_name":"Forgotten Altar","player_choice":"Shed Blood","floor":25.0,"gold_loss":0.0,"damage_taken":10.0},{"damage_healed":0.0,"max_hp_gain":0.0,"max_hp_loss":0.0,"gold_gain":0.0,"event_name":"Winding Halls","player_choice":"Embrace Madness","floor":36.0,"gold_loss":0.0,"damage_taken":5.0,"cards_obtained":["Madness","Madness"]},{"damage_healed":0.0,"max_hp_gain":0.0,"max_hp_loss":0.0,"gold_gain":0.0,"event_name":"Mysterious Sphere","player_choice":"Fight","floor":39.0,"gold_loss":0.0,"damage_taken":0.0}],"is_beta":false,"boss_relics":[{"not_picked":["Busted Crown","Runic Dome"],"picked":"Philosopher\u0027s Stone"},{"not_picked":["WristBlade","Runic Pyramid"],"picked":"Coffee Dripper"}],"items_purged_floors":[0,0,0,0,20],"is_endless":false,"potions_floor_spawned":[1,5,11,14,18,29,33,35,41,45,47,48,54],"ascension_level":14}}