{"host":"m4gb89kpcfic7v2a","time":1614064279,"event":{"mods":["BaseMod","BetterRewards","Downfall","Minty Spire (QoL Compilation)","Reliquary","StSLib"],"gold_per_floor":[118,218,228,239,239,264,275,303,330,342,342,377,394,132,132,233,233,249,266,266,281,281,314,314,343,343,355,355,355,371,389,389,494,494,510,520,1519,1519,1519,1554,1554,1586,1633,1645,1659,1230,1283,987,987,987,987,987,423,454,454],"floor_reached":56,"language":"ENG","playtime":4569,"items_purged":["Dualcast","Strike_B","Cold Snap","Melter+1","Gash+1"],"score":1724,"play_id":"9d269a05-197a-495e-adee-bb995efd5b76","local_time":"20210223001119","is_ascension_mode":true,"campfire_choices":[{"floor":15,"key":"REST"},{"data":"Electrodynamics","floor":24,"key":"SMITH"},{"data":"Defragment","floor":32,"key":"SMITH"},{"floor":41,"key":"REST"},{"floor":49,"key":"RECALL"},{"data":"Echo Form","floor":52,"key":"SMITH"}],"circlet_count":0,"master_deck":["Defend_B+1","Defend_B+1","Zap+1","Storm+1","Defragment+1","Static Discharge","Conserve Battery","White Noise","Bandage Up","Heatsinks","Electrodynamics+1","Chaos+1","Thunder Strike","Static Discharge","Storm+1","Echo Form+1","Normality","Normality","Impatience","Dark Shackles","Panacea","Creative AI","Static Discharge","Loop","Apotheosis","Hello World"],"relics":["Cracked Core","Unceasing Top","Gambling Chip","War Paint","Dream Catcher","Mummified Hand","reliquary:Buckler","Astrolabe","Blue Candle","Mummified Hand","Shuriken","Lizard Tail","Empty Cage","Ancient Tea Set","Meat on the Bone","reliquary:PartyBalloon","Lee\u0027s Waffle","Girya","TheAbacus","reliquary:Bookmark","reliquary:JackalopeAntler"],"acts_visited":["Exordium","TheCity","TheBeyond","TheEnding"],"potions_floor_usage":[12,12,16,31,55],"damage_taken":[{"damage":7,"enemies":"2 Louse","floor":1,"turns":4},{"damage":0,"enemies":"Cultist","floor":3,"turns":4},{"damage":7,"enemies":"Jaw Worm","floor":4,"turns":4},{"damage":13,"enemies":"Lagavulin","floor":6,"turns":6},{"damage":13,"enemies":"Exordium Wildlife","floor":7,"turns":3},{"damage":10,"enemies":"3 Sentries","floor":8,"turns":6},{"damage":2,"enemies":"2 Fungi Beasts","floor":10,"turns":4},{"damage":0,"enemies":"Lagavulin","floor":12,"turns":7},{"damage":0,"enemies":"Blue Slaver","floor":13,"turns":3},{"damage":33,"enemies":"Slime Boss","floor":16,"turns":8},{"damage":0,"enemies":"3 Byrds","floor":18,"turns":1},{"damage":4,"enemies":"Shell Parasite","floor":19,"turns":3},{"damage":1,"enemies":"Centurion and Healer","floor":21,"turns":2},{"damage":0,"enemies":"Book of Stabbing","floor":23,"turns":4},{"damage":3,"enemies":"Gremlin Leader","floor":25,"turns":4},{"damage":0,"enemies":"Sentry and Sphere","floor":27,"turns":2},{"damage":8,"enemies":"Snake Plant","floor":30,"turns":1},{"damage":0,"enemies":"Shelled Parasite and Fungi","floor":31,"turns":1},{"damage":0,"enemies":"Collector","floor":33,"turns":4},{"damage":0,"enemies":"3 Darklings","floor":35,"turns":1},{"damage":0,"enemies":"3 Shapes","floor":36,"turns":1},{"damage":46,"enemies":"Nemesis","floor":40,"turns":3},{"damage":14,"enemies":"Giant Head","floor":42,"turns":5},{"damage":1,"enemies":"Maw","floor":44,"turns":4},{"damage":2,"enemies":"Transient","floor":45,"turns":4},{"damage":22,"enemies":"2 Orb Walkers","floor":47,"turns":2},{"damage":33,"enemies":"Donu and Deca","floor":50,"turns":3},{"damage":0,"enemies":"Shield and Spear","floor":54,"turns":1},{"damage":54,"enemies":"The Heart","floor":55,"turns":3}],"seed_played":"5930061507597195991","potions_obtained":[{"floor":4,"key":"GamblersBrew"},{"floor":6,"key":"LiquidBronze"},{"floor":8,"key":"LiquidMemories"},{"floor":10,"key":"EssenceOfSteel"},{"floor":16,"key":"sneckomod:MuddlingPotion"},{"floor":18,"key":"champ:CounterPotion"},{"floor":21,"key":"sneckomod:MuddlingPotion"},{"floor":25,"key":"ColorlessPotion"},{"floor":40,"key":"Dexterity Potion"},{"floor":42,"key":"Slimebound:ThreeZeroPotion"}],"is_trial":false,"path_per_floor":["M","?","M","M","?","E","M","E","T","M","T","E","M","$","R","B",null,"M","M","?","M","?","E","R","E","T","M","?","$","M","M","R","B",null,"M","M","?","?","?","E","R","E","T","M","M","$","?","$","R","B",null,"R","$","E","B",null],"character_chosen":"DEFECT","items_purchased":["Storm","White Noise","Bandage Up","reliquary:PartyBalloon","Lee\u0027s Waffle","TheAbacus","reliquary:Bookmark","Loop","Apotheosis"],"campfire_rested":2,"item_purchase_floors":[0,14,14,46,46,48,53,53,53],"current_hp_per_floor":[68,68,68,61,46,33,20,10,10,8,8,8,8,8,30,1,75,75,71,71,70,65,69,69,70,70,74,74,74,66,66,66,70,75,75,75,75,75,65,23,45,39,39,42,44,82,60,60,60,39,82,82,82,82,46],"gold":454,"neow_bonus":"","is_daily":false,"chose_seed":false,"campfire_upgraded":3,"win_rate":0.0,"timestamp":1614064279,"path_taken":["M","?","?","M","?","E","M","E","T","M","?","E","M","$","R","BOSS","M","M","?","M","?","E","R","E","T","M","?","$","?","M","R","BOSS","M","M","?","?","?","E","R","E","T","M","M","$","?","$","R","BOSS","R","$","E","BOSS"],"items_purchased_type":["Card","Card","Card","Relic","Relic","Relic","Relic","Card","Card"],"build_version":"2020-12-22","purchased_purges":5,"victory":true,"max_hp_per_floor":[75,75,75,75,75,75,75,75,75,75,75,75,75,75,75,75,75,75,75,75,75,75,75,75,75,75,75,75,75,75,75,75,75,75,75,75,75,75,75,75,75,75,75,75,75,82,82,82,82,82,82,82,82,82,82],"card_choices":[{"not_picked":["Turbo","Sweeping Beam"],"picked":"Cold Snap","floor":1},{"not_picked":["Scrape","Cold Snap"],"picked":"Defragment","floor":3},{"not_picked":["Sweeping Beam","Rebound"],"picked":"Static Discharge","floor":4},{"not_picked":["Gash","Undo"],"picked":"Conserve Battery","floor":6},{"not_picked":["Beam Cell","Hologram","Leap"],"picked":"SKIP","floor":7},{"not_picked":["Rebound","Rainbow","Go for the Eyes"],"picked":"SKIP","floor":8},{"not_picked":["Steam Power","Skim","Streamline"],"picked":"SKIP","floor":10},{"not_picked":["BootSequence","Ball Lightning"],"picked":"Gash","floor":12},{"not_picked":["Steam","Darkness"],"picked":"Consume","floor":13},{"not_picked":["Melter","Conserve Battery"],"picked":"Heatsinks","floor":15},{"not_picked":["Core Surge","All For One"],"picked":"Electrodynamics","floor":16},{"not_picked":["Steam Power","Rebound","Conserve Battery"],"picked":"SKIP","floor":18},{"not_picked":["Stack+1","Streamline"],"picked":"Thunder Strike","floor":19},{"not_picked":["Glacier","Go for the Eyes","Recycle"],"picked":"SKIP","floor":21},{"not_picked":["Reprogram","Coolheaded","Beam Cell"],"picked":"SKIP","floor":23},{"not_picked":["Rebound","Barrage","Ball Lightning"],"picked":"SKIP","floor":25},{"not_picked":["Rebound+1","Aggregate"],"picked":"Static Discharge","floor":27},{"not_picked":["Sweeping Beam","Chill","Consume"],"picked":"SKIP","floor":30},{"not_picked":["Blizzard+1","Compile Driver","Steam Power+1"],"picked":"SKIP","floor":31},{"not_picked":["Thunder Strike","All For One"],"picked":"Echo Form","floor":33},{"not_picked":["Coolheaded","Consume+1","Cold Snap"],"picked":"SKIP","floor":35},{"not_picked":["Redo+1","Ball Lightning","Steam"],"picked":"SKIP","floor":36},{"not_picked":["Good Instincts","Mind Blast"],"picked":"Impatience","floor":39},{"not_picked":["PanicButton","Good Instincts"],"picked":"Dark Shackles","floor":39},{"not_picked":["Swift Strike","Enlightenment"],"picked":"Panacea","floor":39},{"not_picked":["Stack","Beam Cell+1","Go for the Eyes"],"picked":"SKIP","floor":40},{"not_picked":["Redo+1","Aggregate"],"picked":"Creative AI","floor":42},{"not_picked":["Recycle+1","Barrage","Streamline+1"],"picked":"SKIP","floor":44},{"not_picked":["Coolheaded+1","Auto Shields+1","Streamline"],"picked":"SKIP","floor":45},{"not_picked":["Coolheaded","Rainbow"],"picked":"Static Discharge","floor":47},{"not_picked":["Turbo+1","Coolheaded"],"picked":"Hello World","floor":54}],"player_experience":227813,"relics_obtained":[{"floor":6,"key":"Gambling Chip"},{"floor":8,"key":"War Paint"},{"floor":9,"key":"Dream Catcher"},{"floor":11,"key":"Mummified Hand"},{"floor":12,"key":"reliquary:Buckler"},{"floor":23,"key":"reliquary:SculptingSteel"},{"floor":25,"key":"Shuriken"},{"floor":26,"key":"Lizard Tail"},{"floor":40,"key":"Ancient Tea Set"},{"floor":42,"key":"Meat on the Bone"},{"floor":47,"key":"Girya"},{"floor":54,"key":"reliquary:JackalopeAntler"}],"event_choices":[{"damage_healed":0,"gold_gain":100,"player_choice":"Gold","damage_taken":0,"max_hp_gain":0,"max_hp_loss":0,"event_name":"Wheel of Change","floor":2,"gold_loss":0},{"damage_healed":0,"gold_gain":0,"player_choice":"Entered Light","damage_taken":15,"max_hp_gain":0,"max_hp_loss":0,"event_name":"Shining Light","floor":5,"gold_loss":0,"cards_upgraded":["Zap","Defend_B"]},{"cards_removed":["Multi-Cast"],"damage_healed":0,"gold_gain":0,"player_choice":"Elegance","damage_taken":0,"max_hp_gain":0,"max_hp_loss":0,"event_name":"Back to Basics","floor":20,"gold_loss":0},{"damage_healed":0,"gold_gain":0,"player_choice":"Copied","damage_taken":0,"max_hp_gain":0,"max_hp_loss":0,"event_name":"Duplicator","floor":28,"gold_loss":0,"cards_obtained":["Storm"]},{"damage_healed":0,"gold_gain":999,"player_choice":"Gold","damage_taken":0,"max_hp_gain":0,"max_hp_loss":0,"event_name":"MindBloom","floor":37,"gold_loss":0,"cards_obtained":["Normality","Normality"]},{"cards_removed":["Defend_B"],"damage_healed":0,"gold_gain":0,"player_choice":"Removed Skill","damage_taken":0,"max_hp_gain":0,"max_hp_loss":0,"event_name":"Falling","floor":38,"gold_loss":0},{"damage_healed":0,"gold_gain":0,"player_choice":"Memory 3","damage_taken":10,"max_hp_gain":0,"max_hp_loss":0,"event_name":"SensoryStone","floor":39,"gold_loss":0},{"damage_healed":0,"gold_gain":0,"player_choice":"Fight","damage_taken":0,"max_hp_gain":0,"max_hp_loss":0,"event_name":"Mysterious Sphere","floor":47,"gold_loss":0}],"is_beta":false,"boss_relics":[{"not_picked":["Snecko Eye","reliquary:KinkedSpring"],"picked":"Astrolabe"},{"not_picked":["Cursed Key","FrozenCore"],"picked":"Empty Cage"}],"items_purged_floors":[0,14,46,48,53],"is_endless":false,"potions_floor_spawned":[4,6,8,10,16,18,21,25,40,42,45,54],"ascension_level":2}}