{"host":"w7tt687j332gugiq","time":1614107138,"event":{"mods":["BaseMod","Minty Spire (QoL Compilation)","StSLib"],"gold_per_floor":[109,109,59,134,153,153,185,215,264,264,264,282,282,94,94,193,193,212,212,225,143,143,172,189,189,189,219,219,219,231,83,83,179,179,189,189,208,208,208,233,253,283,332,345,375,375,84,134,134,134],"floor_reached":51,"language":"ZHS","playtime":1891,"items_purged":["Strike_G"],"score":1187,"play_id":"417ed900-b484-4611-904d-2adaba7b2627","local_time":"20210224030538","is_ascension_mode":true,"campfire_choices":[{"data":"Caltrops","floor":6.0,"key":"SMITH"},{"floor":13.0,"key":"REST"},{"data":"Footwork","floor":15.0,"key":"SMITH"},{"data":"Tactician","floor":25.0,"key":"SMITH"},{"data":"Adrenaline","floor":28.0,"key":"SMITH"},{"floor":32.0,"key":"REST"},{"data":"Footwork","floor":46,"key":"SMITH"},{"data":"Acrobatics","floor":49,"key":"SMITH"}],"circlet_count":0,"master_deck":["Defend_G","Defend_G","Defend_G","Defend_G","Survivor","Neutralize+1","Blade Dance","Caltrops+1","Footwork+1","Burst","Accuracy","Infinite Blades","Adrenaline+1","Venomology","Tactician+1","A Thousand Cuts","Crippling Poison","Cloak And Dagger+1","Backflip","Acrobatics+1","Prepared","Footwork+1","After Image","Terror","Infinite Blades+1","Caltrops+1","Parasite","Dodge and Roll","Outmaneuver","Prepared+1","Concentrate","Deflect"],"relics":["Ring of the Snake","Centennial Puzzle","Odd Mushroom","MealTicket","The Courier","Empty Cage","Enchiridion","Blue Candle","Bottled Tornado","Boot","ClockworkSouvenir","Black Star","Incense Burner","Mummified Hand","Oddly Smooth Stone","Omamori","Regal Pillow","Torii","Pantograph","Tingsha","Bird Faced Urn"],"acts_visited":["Exordium","TheCity","TheBeyond"],"potions_floor_usage":[45,50,50],"damage_taken":[{"damage":6.0,"enemies":"2 Louse","floor":1.0,"turns":3.0},{"damage":4.0,"enemies":"Small Slimes","floor":5.0,"turns":3.0},{"damage":29.0,"enemies":"Gremlin Nob","floor":7.0,"turns":4.0},{"damage":7.0,"enemies":"The Mushroom Lair","floor":8.0,"turns":5.0},{"damage":5.0,"enemies":"Jaw Worm","floor":12.0,"turns":6.0},{"damage":36.0,"enemies":"The Guardian","floor":16.0,"turns":12.0},{"damage":3.0,"enemies":"3 Byrds","floor":18.0,"turns":4.0},{"damage":13.0,"enemies":"Chosen","floor":20.0,"turns":7.0},{"damage":9.0,"enemies":"Gremlin Leader","floor":23.0,"turns":6.0},{"damage":18.0,"enemies":"Snecko","floor":24.0,"turns":4.0},{"damage":1.0,"enemies":"Book of Stabbing","floor":27.0,"turns":5.0},{"damage":7.0,"enemies":"Snake Plant","floor":30.0,"turns":3.0},{"damage":28.0,"enemies":"Champ","floor":33.0,"turns":10.0},{"damage":1.0,"enemies":"Orb Walker","floor":35.0,"turns":4.0},{"damage":4.0,"enemies":"3 Shapes","floor":37.0,"turns":4.0},{"damage":15.0,"enemies":"Reptomancer","floor":40.0,"turns":6.0},{"damage":3.0,"enemies":"Writhing Mass","floor":41.0,"turns":4.0},{"damage":1.0,"enemies":"Giant Head","floor":42.0,"turns":6.0},{"damage":0.0,"enemies":"3 Darklings","floor":44.0,"turns":3.0},{"damage":9,"enemies":"Nemesis","floor":45,"turns":5},{"damage":1,"enemies":"Mind Bloom Boss Battle","floor":48,"turns":5},{"damage":46,"enemies":"Time Eater","floor":50,"turns":9}],"seed_played":"-5252331020476154752","potions_obtained":[{"floor":1.0,"key":"BlessingOfTheForge"},{"floor":7.0,"key":"Fire Potion"},{"floor":27.0,"key":"PowerPotion"},{"floor":30.0,"key":"CunningPotion"},{"floor":40.0,"key":"SteroidPotion"},{"floor":41.0,"key":"Fire Potion"},{"floor":44.0,"key":"Ancient Potion"}],"is_trial":false,"path_per_floor":["M","?","?","?","M","R","E","?","T","T","?","M","R","$","R","B",null,"M","?","M","$","?","E","M","R","T","E","R","?","M","$","R","B",null,"M","?","M","?","T","E","M","E","T","M","E","R","$","?","R","B",null],"character_chosen":"THE_SILENT","items_purchased":["Adrenaline","Fruit Juice","Footwork","ClockworkSouvenir","Tingsha","Concentrate"],"campfire_rested":2,"item_purchase_floors":[14,21,31,31,47,47],"current_hp_per_floor":[57,57,57,46,42,42,13,6,6,6,6,1,22,37,37,1,53,50,50,51,71,55,46,28,28,28,27,27,13,6,21,45,17,64,63,63,59,59,59,44,41,40,40,40,31,31,46,70,70,38],"gold":134,"neow_bonus":"THREE_CARDS","is_daily":false,"chose_seed":false,"campfire_upgraded":6,"win_rate":0.0,"timestamp":1614107138,"path_taken":["M","?","?","?","?","R","E","?","T","?","?","M","R","$","R","BOSS","M","?","M","$","?","E","M","R","T","E","R","?","M","$","R","BOSS","M","?","?","?","?","E","M","E","T","M","E","R","$","?","R","BOSS"],"items_purchased_type":["Card","Potion","Card","Relic","Relic","Card"],"build_version":"2020-12-22","purchased_purges":1,"victory":true,"max_hp_per_floor":[70,70,70,70,70,70,70,70,70,70,70,70,70,70,70,70,70,70,70,70,75,75,75,75,75,75,75,75,80,80,80,80,80,80,80,80,80,80,80,80,80,80,80,80,80,80,80,80,80,80],"card_choices":[{"not_picked":["Backflip","Sucker Punch"],"picked":"Blade Dance","floor":0.0},{"not_picked":["Blade Dance","Masterful Stab"],"picked":"Caltrops","floor":1.0},{"not_picked":["Blade Dance","Deadly Poison"],"picked":"Footwork","floor":5.0},{"not_picked":["Flying Knee","Sucker Punch"],"picked":"Burst","floor":7.0},{"not_picked":["Concentrate","Blade Dance"],"picked":"Accuracy","floor":8.0},{"not_picked":["Dodge and Roll","Flying Knee"],"picked":"Infinite Blades","floor":12.0},{"not_picked":["Malaise","Phantasmal Killer"],"picked":"Venomology","floor":16.0},{"not_picked":["Acrobatics","Eviscerate"],"picked":"Tactician","floor":18.0},{"not_picked":["All Out Attack+1","Blade Dance"],"picked":"Cloak And Dagger+1","floor":20.0},{"not_picked":["Infinite Blades","Catalyst"],"picked":"Backflip","floor":23.0},{"not_picked":["Prepared","Predator"],"picked":"Acrobatics","floor":24.0},{"not_picked":["Quick Slash+1","Poisoned Stab+1","Distraction"],"picked":"SKIP","floor":27.0},{"not_picked":["Outmaneuver","Night Terror"],"picked":"Prepared","floor":30.0},{"not_picked":["Grand Finale","Doppelganger"],"picked":"After Image","floor":33.0},{"not_picked":["All Out Attack+1","Endless Agony"],"picked":"Terror","floor":35.0},{"not_picked":["Bane","Terror"],"picked":"Infinite Blades+1","floor":37.0},{"not_picked":["Deadly Poison","Noxious Fumes"],"picked":"Caltrops+1","floor":40.0},{"not_picked":["Poisoned Stab","Blade Dance","Bane+1"],"picked":"SKIP","floor":41.0},{"not_picked":["Quick Slash+1","Terror+1"],"picked":"Dodge and Roll","floor":42.0},{"not_picked":["Phantasmal Killer","Infinite Blades"],"picked":"Outmaneuver","floor":44.0},{"not_picked":["PiercingWail+1","Dash+1"],"picked":"Prepared+1","floor":45},{"not_picked":["Caltrops","Poisoned Stab"],"picked":"Deflect","floor":48}],"player_experience":163776,"relics_obtained":[{"floor":7.0,"key":"Centennial Puzzle"},{"floor":8.0,"key":"Odd Mushroom"},{"floor":9.0,"key":"MealTicket"},{"floor":10.0,"key":"The Courier"},{"floor":22.0,"key":"Enchiridion"},{"floor":23.0,"key":"Blue Candle"},{"floor":26.0,"key":"Bottled Tornado"},{"floor":27.0,"key":"Boot"},{"floor":40.0,"key":"Incense Burner"},{"floor":40.0,"key":"Mummified Hand"},{"floor":42.0,"key":"Oddly Smooth Stone"},{"floor":42.0,"key":"Omamori"},{"floor":43.0,"key":"Regal Pillow"},{"floor":45,"key":"Torii"},{"floor":45,"key":"Pantograph"},{"floor":48,"key":"Bird Faced Urn"}],"event_choices":[{"damage_healed":0.0,"max_hp_gain":0.0,"max_hp_loss":0.0,"gold_gain":0.0,"event_name":"Living Wall","player_choice":"Grow","floor":2.0,"gold_loss":0.0,"damage_taken":0.0,"cards_upgraded":["Neutralize"]},{"cards_removed":["Strike_G"],"damage_healed":0.0,"max_hp_gain":0.0,"max_hp_loss":0.0,"gold_gain":0.0,"event_name":"The Cleric","player_choice":"Card Removal","floor":3.0,"gold_loss":50.0,"damage_taken":0.0},{"damage_healed":0.0,"max_hp_gain":0.0,"max_hp_loss":0.0,"gold_gain":75.0,"event_name":"World of Goop","player_choice":"Gather Gold","floor":4.0,"gold_loss":0.0,"damage_taken":11.0},{"damage_healed":0.0,"max_hp_gain":0.0,"max_hp_loss":0.0,"gold_gain":0.0,"event_name":"Mushrooms","player_choice":"Fought Mushrooms","floor":8.0,"gold_loss":0.0,"damage_taken":0.0},{"damage_healed":0.0,"max_hp_gain":0.0,"max_hp_loss":0.0,"gold_gain":0.0,"event_name":"Shining Light","player_choice":"Ignored","floor":11.0,"gold_loss":0.0,"damage_taken":0.0},{"damage_healed":0.0,"max_hp_gain":0.0,"max_hp_loss":0.0,"gold_gain":0.0,"cards_transformed":["Strike_G","Defend_G"],"event_name":"Drug Dealer","player_choice":"Became Test Subject","floor":19.0,"gold_loss":0.0,"damage_taken":0.0,"cards_obtained":["A Thousand Cuts","Crippling Poison"]},{"damage_healed":0.0,"max_hp_gain":0.0,"max_hp_loss":0.0,"gold_gain":0.0,"event_name":"Cursed Tome","player_choice":"Obtained Book","floor":22.0,"gold_loss":0.0,"damage_taken":16.0},{"damage_healed":0.0,"max_hp_gain":5.0,"max_hp_loss":0.0,"gold_gain":0.0,"event_name":"Forgotten Altar","player_choice":"Shed Blood","floor":29.0,"gold_loss":0.0,"damage_taken":19.0},{"damage_healed":0.0,"max_hp_gain":0.0,"max_hp_loss":0.0,"gold_gain":0.0,"event_name":"Match and Keep!","player_choice":"0 cards matched","floor":36.0,"gold_loss":0.0,"damage_taken":0.0,"cards_obtained":[]},{"damage_healed":0.0,"max_hp_gain":0.0,"max_hp_loss":0.0,"gold_gain":0.0,"event_name":"Tomb of Lord Red Mask","player_choice":"Ignored","floor":38.0,"gold_loss":0.0,"damage_taken":0.0},{"damage_healed":0,"gold_gain":0,"player_choice":"Fight","damage_taken":0,"max_hp_gain":0,"max_hp_loss":0,"event_name":"MindBloom","floor":48,"gold_loss":0}],"is_beta":false,"boss_relics":[{"not_picked":["Philosopher\u0027s Stone","Tiny House"],"picked":"Empty Cage"},{"not_picked":["WristBlade","Sozu"],"picked":"Black Star"}],"items_purged_floors":[14],"is_endless":false,"potions_floor_spawned":[1,7,27,30,40,41,44,45],"ascension_level":9}}