{"host":"4gkev1dtxxhiue3x","time":1614067372,"event":{"mods":["AchievementEnabler","BaseMod","Better Altar","Better Match","Better Note","Better Sensory Stone","Better Skull","Better Third Choice","Colored Powertips","Friendly Minions","Hermit","Minty Spire (QoL Compilation)","Relic Stats","Robot Space Explorer","Shop Mod","StSLib","The Disciple","The Hierophant"],"gold_per_floor":[117,132,31,48,48,75,75,89,89,118,18,293,97,111,111,216,216,236,252,252,265,113,138,69,69,69],"floor_reached":25,"language":"ENG","playtime":1894,"items_purged":["Strike_B","Strike_B","Regret"],"score":289,"play_id":"d89d7b25-83a6-4fe6-abc1-adb03b9f3e3e","local_time":"20210223090252","is_ascension_mode":true,"campfire_choices":[{"data":"Static Discharge","floor":7,"key":"SMITH"},{"floor":15,"key":"REST"}],"circlet_count":0,"master_deck":["Strike_B","Strike_B","Defend_B","Defend_B","Defend_B","Defend_B","Zap","Dualcast","Steam","Static Discharge+1","Leap","Static Discharge","Double Energy","Barrage","Consume","Storm","Static Discharge","Multi-Cast","Chill+1","Auto Shields+1","Redo","Storm+1","Self Repair"],"relics":["Runic Pyramid","Pen Nib","Meat on the Bone","SlaversCollar","DataDisk","Centennial Puzzle"],"acts_visited":["Exordium","TheCity"],"potions_floor_usage":[21,21,25,25],"damage_taken":[{"damage":1,"enemies":"Small Slimes","floor":1,"turns":5},{"damage":0,"enemies":"Cultist","floor":2,"turns":3},{"damage":0,"enemies":"Jaw Worm","floor":4,"turns":4},{"damage":11,"enemies":"3 Sentries","floor":6,"turns":7},{"damage":7,"enemies":"Large Slime","floor":8,"turns":6},{"damage":40,"enemies":"Gremlin Nob","floor":10,"turns":4},{"damage":10,"enemies":"Looter","floor":14,"turns":4},{"damage":27,"enemies":"The Guardian","floor":16,"turns":13},{"damage":17,"enemies":"Shell Parasite","floor":18,"turns":5},{"damage":8,"enemies":"Chosen","floor":19,"turns":5},{"damage":12,"enemies":"Snecko","floor":21,"turns":6},{"damage":13,"enemies":"Slavers","floor":23,"turns":5},{"damage":50,"enemies":"Gremlin Leader","floor":25,"turns":4}],"seed_played":"1498773794803214004","potions_obtained":[{"floor":4,"key":"Energy Potion"},{"floor":8,"key":"Dexterity Potion"},{"floor":14,"key":"BlessingOfTheForge"},{"floor":21,"key":"FocusPotion"}],"is_trial":false,"path_per_floor":["M","M","$","M","?","E","R","M","T","E","$","?","$","M","R","B",null,"M","M","$","M","$","E","$","E"],"character_chosen":"DEFECT","items_purchased":["Leap","Storm","DataDisk","Self Repair"],"campfire_rested":1,"item_purchase_floors":[3,13,22,24],"current_hp_per_floor":[74,74,74,74,74,63,63,56,56,16,16,16,16,18,40,25,63,46,38,38,38,38,37,37,0,0],"gold":69,"neow_bonus":"BOSS_RELIC","is_daily":false,"chose_seed":false,"campfire_upgraded":1,"win_rate":0.0,"timestamp":1614067372,"path_taken":["M","M","$","M","?","E","R","M","T","E","$","?","$","M","R","BOSS","M","M","$","M","$","E","$","E"],"items_purchased_type":["Card","Card","Relic","Card"],"build_version":"2020-12-22","purchased_purges":3,"victory":false,"max_hp_per_floor":[75,75,75,75,75,75,75,75,75,75,75,75,75,75,75,75,75,75,75,75,75,75,75,75,75,75],"relic_stats":{"Centennial Puzzle":[3],"counters":[13,71],"Pen Nib":[2],"obtain_stats":[{"SlaversCollar":17,"DataDisk":22,"Centennial Puzzle":23,"Pen Nib":6,"Cracked Core":0,"Runic Pyramid":0,"Meat on the Bone":10},{"SlaversCollar":8,"DataDisk":11,"Centennial Puzzle":12,"Pen Nib":4,"Cracked Core":0,"Runic Pyramid":0,"Meat on the Bone":6},{"SlaversCollar":46,"DataDisk":62,"Centennial Puzzle":67,"Pen Nib":19,"Cracked Core":0,"Runic Pyramid":0,"Meat on the Bone":29}],"Meat on the Bone":48},"card_choices":[{"not_picked":["Redo","Barrage"],"picked":"Steam","floor":1},{"not_picked":["Go for the Eyes","Capacitor"],"picked":"Static Discharge","floor":2},{"not_picked":["Aggregate","Barrage"],"picked":"Static Discharge","floor":4},{"not_picked":["Gash","Compile Driver"],"picked":"Double Energy","floor":6},{"not_picked":["Streamline","Go for the Eyes"],"picked":"Barrage","floor":8},{"not_picked":["Hologram","Heatsinks"],"picked":"Consume","floor":10},{"not_picked":["Darkness","Skim"],"picked":"Static Discharge","floor":14},{"not_picked":["Machine Learning","Reboot"],"picked":"Multi-Cast","floor":16},{"not_picked":["Fusion","Compile Driver+1"],"picked":"Chill+1","floor":18},{"not_picked":["FTL","Barrage+1"],"picked":"Auto Shields+1","floor":19},{"not_picked":["Cold Snap","Barrage"],"picked":"Redo","floor":21},{"not_picked":["Recycle","Static Discharge+1"],"picked":"Storm+1","floor":23}],"player_experience":252800,"relics_obtained":[{"floor":6,"key":"Pen Nib"},{"floor":10,"key":"Meat on the Bone"},{"floor":23,"key":"Centennial Puzzle"}],"event_choices":[{"damage_healed":0,"gold_gain":0,"player_choice":"Leave","damage_taken":0,"max_hp_gain":0,"max_hp_loss":0,"event_name":"The Cleric","floor":5,"gold_loss":0},{"damage_healed":0,"gold_gain":275,"player_choice":"Desecrate","damage_taken":0,"max_hp_gain":0,"max_hp_loss":0,"event_name":"Golden Shrine","floor":12,"gold_loss":0,"cards_obtained":["Regret"]}],"is_beta":false,"boss_relics":[{"not_picked":["Fusion Hammer","Sozu"],"picked":"SlaversCollar"}],"items_purged_floors":[3,11,13],"is_endless":false,"potions_floor_spawned":[4,8,14,19,21],"killed_by":"Gremlin Leader","ascension_level":5}}