{"host":"lehbxtjrpalkmwwj","time":1614096013,"event":{"mods":["ATMod(°¢èªMod)","Aspiration","BaseMod","Challenge The Spire","Colored Map","Colored Powertips","Conspire","Dota2Spire","Energized Spire","Hunter ÁÔÈË","Minty Spire (QoL Compilation)","Quick Restart","Relic Stats","Reliquary","Replay The Spire","Spicy Shops","StSLib","TestMod","The Cursed","The IronCluck","The Poker Player","Waifu the Spire","Wide Potions","[IsaacMod]ÒÔÈö¼âËþ","¡¾ÒÅÎï¿¨ÅÆ¡¿REMEMod","É³µñ²ÄÖÊ°ümod","óô»ðÖ¸ÄÏ"],"gold_per_floor":[117,117,192,209,64,89,107,107,107,168,229,306,369,449,449,596,596,653,715,715,779,824,824],"floor_reached":22,"language":"ZHS","playtime":943,"items_purged":[],"score":512,"play_id":"93724376-7b3f-4f73-b688-477bf018b60b","local_time":"20210224000013","is_ascension_mode":true,"campfire_choices":[{"floor":15.0,"key":"RECALL"}],"circlet_count":0,"master_deck":["AscendersBane","conspire:GhostlyStrike","conspire:GhostlyStrike","conspire:GhostlyStrike","conspire:GhostlyStrike","conspire:GhostlyStrike","conspire:GhostlyDefend","conspire:GhostlyDefend","conspire:GhostlyDefend","conspire:GhostlyDefend","conspire:GhostlyDefend","Survivor","Neutralize","EpicFetus","After Image","AT_FamilyPortrait","Dagger Spray","Footwork","ReplayTheSpireMod:Speed Training","Hallucinations","Endless Agony","Flying Knee","Toxin Wave","conspire:DoublingDagger","Deadly Poison","Choke","Envenom","Acrobatics+1","ReplayTheSpireMod:Necrosis","Noxious Fumes","A Thousand Cuts"],"relics":["Ring of the Snake","HushsDoor","AT_ATBox","testmod-TestBox","REME_ComplimentaryCards","PillsDrop","testmod-BatchProcessingSystem","NeowsBlessing","Bronze Scales","PreservedInsect","Ring of Panic","ReplayTheSpireMod:Ring of Challenge","Replay:Bottled Snecko","Prayer Wheel","testmod-ThousandKnives","TungstenRod","PunchingBag","energizedSpire:SpiderWeb","MyShadow","Singing Bowl"],"acts_visited":["Exordium","TheCity"],"potions_floor_usage":[22,22],"damage_taken":[{"damage":0.0,"enemies":"Jaw Worm","floor":1.0,"turns":1.0},{"damage":0.0,"enemies":"Small Slimes","floor":4.0,"turns":1.0},{"damage":0.0,"enemies":"Gremlin Nob","floor":6.0,"turns":1.0},{"damage":0.0,"enemies":"2 Louse","floor":7.0,"turns":3.0},{"damage":12.0,"enemies":"2 Fungi Beasts","floor":10.0,"turns":4.0},{"damage":11.0,"enemies":"Looter","floor":11.0,"turns":3.0},{"damage":13.0,"enemies":"Lagavulin","floor":12.0,"turns":7.0},{"damage":14.0,"enemies":"Gremlin Gang","floor":13.0,"turns":2.0},{"damage":0.0,"enemies":"Gremlin Nob","floor":14.0,"turns":3.0},{"damage":0,"enemies":"Hexaghost","floor":16,"turns":8},{"damage":0,"enemies":"3 Byrds","floor":18,"turns":4},{"damage":10,"enemies":"Chosen","floor":19,"turns":7},{"damage":26,"enemies":"Snecko","floor":21,"turns":5},{"damage":18,"enemies":"Cultist and Chosen","floor":22,"turns":4}],"seed_played":"-3013651744226384524","potions_obtained":[{"floor":4.0,"key":"testmod-SpacePotion"},{"floor":6.0,"key":"Reflective Coating"},{"floor":10.0,"key":"BlessingOfTheForge"},{"floor":11.0,"key":"Fire Potion"},{"floor":16,"key":"Death Potion"},{"floor":21,"key":"Block Potion"}],"is_trial":false,"path_per_floor":["M","?","?","M","$","E","M","?","T","M","M","E","M","E","R","B",null,"M","M","?","M","M"],"character_chosen":"THE_SILENT","items_purchased":["Bronze Scales","MyShadow"],"campfire_rested":0,"item_purchase_floors":[5,17],"current_hp_per_floor":[63,63,52,52,52,55,55,55,55,43,32,19,8,8,8,8,46,51,43,43,17,0,0],"gold":824,"neow_bonus":"THREE_ENEMY_KILL","is_daily":false,"chose_seed":false,"campfire_upgraded":0,"win_rate":0.0,"timestamp":1614096013,"path_taken":["M","?","?","M","$","E","M","?","T","M","M","E","?","E","R","BOSS","M","M","?","M","M"],"items_purchased_type":["Relic","Relic"],"build_version":"2020-12-22","purchased_purges":0,"victory":false,"max_hp_per_floor":[70,70,70,70,70,73,68,68,68,68,68,68,71,71,71,71,59,64,66,66,66,66,66],"relic_stats":{"Singing Bowl":4,"counters":[14,53],"Bronze Scales":[151],"Prayer Wheel":4,"PreservedInsect":51,"obtain_stats":[{"KeepersGift":0,"AT_ATBox":0,"testmod-TestBox":0,"PunchingBag":14,"NeowsBlessing":0,"Singing Bowl":18,"testmod-BatchProcessingSystem":0,"PreservedInsect":6,"energizedSpire:SpiderWeb":17,"PillsDrop":0,"Bronze Scales":5,"testmod-ThousandKnives":12,"Prayer Wheel":12,"MyShadow":17,"Replay:Bottled Snecko":9,"Ring of Panic":8,"ReplayTheSpireMod:Ring of Challenge":8,"HushsDoor":0,"TungstenRod":13,"Ring of the Snake":0,"REME_ComplimentaryCards":0},{"KeepersGift":0,"AT_ATBox":0,"testmod-TestBox":0,"PunchingBag":9,"NeowsBlessing":0,"Singing Bowl":11,"testmod-BatchProcessingSystem":0,"PreservedInsect":3,"energizedSpire:SpiderWeb":10,"PillsDrop":0,"Bronze Scales":2,"testmod-ThousandKnives":7,"Prayer Wheel":7,"MyShadow":10,"Replay:Bottled Snecko":4,"Ring of Panic":4,"ReplayTheSpireMod:Ring of Challenge":4,"HushsDoor":0,"TungstenRod":8,"Ring of the Snake":0,"REME_ComplimentaryCards":0},{"KeepersGift":0,"AT_ATBox":0,"testmod-TestBox":0,"PunchingBag":25,"NeowsBlessing":0,"Singing Bowl":37,"testmod-BatchProcessingSystem":0,"PreservedInsect":3,"energizedSpire:SpiderWeb":33,"PillsDrop":0,"Bronze Scales":2,"testmod-ThousandKnives":20,"Prayer Wheel":14,"MyShadow":33,"Replay:Bottled Snecko":6,"Ring of Panic":6,"ReplayTheSpireMod:Ring of Challenge":6,"HushsDoor":0,"TungstenRod":22,"Ring of the Snake":0,"REME_ComplimentaryCards":0}],"TungstenRod":18,"Ring of the Snake":[29]},"card_choices":[{"not_picked":[],"picked":"EpicFetus","floor":0.0},{"not_picked":["Dagger Throw","Outmaneuver"],"picked":"Dagger Spray","floor":1.0},{"not_picked":["Cloak And Dagger","Dodge and Roll"],"picked":"Footwork","floor":4.0},{"not_picked":["AT_WomanClash","Quick Slash"],"picked":"ReplayTheSpireMod:Speed Training","floor":6.0},{"not_picked":["Outmaneuver","Flying Knee"],"picked":"Bomb","floor":7.0},{"not_picked":["Poisoned Stab","Expertise"],"picked":"Endless Agony","floor":10.0},{"not_picked":["AT_TinkerSharpsword","AT_ShadowStep"],"picked":"Flying Knee","floor":11.0},{"not_picked":["Bane","Calculated Gamble"],"picked":"Toxin Wave","floor":12.0},{"not_picked":["Dagger Throw","PiercingWail"],"picked":"conspire:DoublingDagger","floor":13.0},{"not_picked":["AT_MyraUnstableElement","Deflect"],"picked":"Deadly Poison","floor":13.0},{"not_picked":["Quick Slash","ReplayTheSpireMod:Tripwire"],"picked":"Choke","floor":14.0},{"not_picked":["Grand Finale","AT_EssenceShift"],"picked":"Envenom","floor":16},{"not_picked":["Deadly Poison+1","Concentrate"],"picked":"Acrobatics+1","floor":18},{"not_picked":["Bane","Backflip","Dagger Throw"],"picked":"Singing Bowl","floor":18},{"not_picked":["Choke","Slice","Poisoned Stab"],"picked":"Singing Bowl","floor":19},{"not_picked":["Escape Plan","Dagger Spray"],"picked":"ReplayTheSpireMod:Necrosis","floor":19},{"not_picked":["Blade Dance","Hidden Blade"],"picked":"Noxious Fumes","floor":21},{"not_picked":["Dagger Throw","Quick Slash"],"picked":"A Thousand Cuts","floor":21}],"player_experience":214009,"relics_obtained":[{"floor":6.0,"key":"PreservedInsect"},{"floor":8.0,"key":"Ring of Panic"},{"floor":8.0,"key":"ReplayTheSpireMod:Ring of Challenge"},{"floor":9.0,"key":"Replay:Bottled Snecko"},{"floor":12.0,"key":"testmod-ThousandKnives"},{"floor":13.0,"key":"TungstenRod"},{"floor":14.0,"key":"PunchingBag"},{"floor":18,"key":"Singing Bowl"}],"event_choices":[{"damage_healed":0.0,"max_hp_gain":0.0,"max_hp_loss":0.0,"gold_gain":0.0,"event_name":"conspire:LoneGhost","player_choice":"Agree","floor":2.0,"gold_loss":0.0,"damage_taken":0.0},{"damage_healed":0.0,"max_hp_gain":0.0,"max_hp_loss":0.0,"gold_gain":75.0,"event_name":"World of Goop","player_choice":"Gather Gold","floor":3.0,"gold_loss":0.0,"damage_taken":11.0}],"is_beta":false,"boss_relics":[{"not_picked":["Ring of Chaos","testmod-BloodSacrificeSpiritualization"],"picked":"energizedSpire:SpiderWeb"},{"not_picked":[]}],"items_purged_floors":[],"is_endless":false,"potions_floor_spawned":[4,6,10,11,16,21],"killed_by":"Cultist and Chosen","ascension_level":10}}