{"host":"ia9e4s524g7bamk7","time":1614087278,"event":{"mods":["AchievementEnabler","BaseMod","Colored Map","Minty Spire (QoL Compilation)","Permanent Neow","Slay-I","slay the spire mod where everything is the same but ironclad has a cowboy hat"],"gold_per_floor":[19,19,32,50,50,50,84,97,179,179,194,206,206,239,239,339,339,357,375,375,375],"floor_reached":20,"language":"ENG","playtime":1135,"items_purged":[],"score":307,"play_id":"13d0d40a-4d81-4a05-8cb3-a6751e3ba648","local_time":"20210223143438","is_ascension_mode":true,"campfire_choices":[{"data":"Eruption","floor":6.0,"key":"SMITH"},{"floor":10.0,"key":"REST"},{"data":"Protect","floor":13,"key":"SMITH"},{"data":"Meditate","floor":15,"key":"SMITH"}],"circlet_count":0,"master_deck":["Strike_P","Strike_P","Strike_P","Defend_P","Defend_P","Defend_P","Defend_P","Eruption+1","Vigilance","Establishment","Protect+1","Conclude","Meditate+1","WreathOfFlame","EmptyFist","SashWhip","Prostrate","CarveReality","FollowUp","DeusExMachina","SashWhip+1"],"relics":["PureWater","Calipers","Lantern","Busted Crown"],"acts_visited":["Exordium","TheCity"],"potions_floor_usage":[14,14],"damage_taken":[{"damage":6.0,"enemies":"Small Slimes","floor":1.0,"turns":7.0},{"damage":0.0,"enemies":"Jaw Worm","floor":3.0,"turns":2.0},{"damage":4.0,"enemies":"Cultist","floor":4.0,"turns":4.0},{"damage":8.0,"enemies":"Lagavulin","floor":7.0,"turns":7.0},{"damage":25.0,"enemies":"Lots of Slimes","floor":8.0,"turns":4.0},{"damage":0.0,"enemies":"2 Fungi Beasts","floor":11.0,"turns":1.0},{"damage":0,"enemies":"Large Slime","floor":12,"turns":5},{"damage":13,"enemies":"3 Sentries","floor":14,"turns":8},{"damage":0,"enemies":"Slime Boss","floor":16,"turns":5},{"damage":32,"enemies":"Spheric Guardian","floor":18,"turns":8},{"damage":13,"enemies":"Shell Parasite","floor":19,"turns":5},{"damage":30,"enemies":"3 Cultists","floor":20,"turns":4}],"seed_played":"4560476605035223695","potions_obtained":[{"floor":3.0,"key":"Regen Potion"},{"floor":4.0,"key":"Swift Potion"},{"floor":5.0,"key":"CultistPotion"},{"floor":12,"key":"BottledMiracle"},{"floor":14,"key":"SteroidPotion"},{"floor":18,"key":"Regen Potion"}],"is_trial":false,"path_per_floor":["M","?","M","M","?","R","E","M","T","R","M","M","R","E","R","B",null,"M","M","M"],"character_chosen":"WATCHER","items_purchased":[],"campfire_rested":1,"item_purchase_floors":[],"current_hp_per_floor":[59,59,59,55,55,55,47,22,22,43,43,43,43,45,45,45,65,33,20,0,0],"gold":375,"neow_bonus":"THREE_RARE_CARDS","is_daily":false,"chose_seed":false,"campfire_upgraded":3,"win_rate":0.0,"timestamp":1614087278,"path_taken":["M","?","M","M","?","R","E","M","T","R","?","M","R","E","R","BOSS","M","M","M"],"items_purchased_type":[],"build_version":"2020-12-22","purchased_purges":0,"victory":false,"max_hp_per_floor":[72,72,72,72,72,72,72,72,72,72,72,72,72,72,72,72,72,72,72,72,72],"card_choices":[{"not_picked":["Wish","Scrawl"],"picked":"Establishment","floor":0.0},{"not_picked":["ClearTheMind","EmptyBody"],"picked":"Protect","floor":1.0},{"not_picked":["SashWhip","Wireheading"],"picked":"Meditate","floor":3.0},{"not_picked":["Evaluate","JustLucky"],"picked":"WreathOfFlame","floor":4.0},{"not_picked":["Nirvana","EmptyBody"],"picked":"EmptyFist","floor":7.0},{"not_picked":["PathToVictory","Crescendo"],"picked":"SashWhip","floor":8.0},{"not_picked":["FlurryOfBlows","MentalFortress"],"picked":"Prostrate","floor":11},{"not_picked":["EmptyFist","PathToVictory"],"picked":"CarveReality","floor":12},{"not_picked":["JustLucky","SignatureMove"],"picked":"FollowUp","floor":14},{"not_picked":["Judgement","Wish"],"picked":"DeusExMachina","floor":16},{"not_picked":["ClearTheMind"],"picked":"SKIP","floor":18},{"not_picked":[],"picked":"SashWhip+1","floor":19}],"player_experience":414311,"relics_obtained":[{"floor":7.0,"key":"Calipers"},{"floor":14,"key":"Lantern"}],"event_choices":[{"damage_healed":0.0,"max_hp_gain":0.0,"max_hp_loss":0.0,"gold_gain":0.0,"cards_transformed":["Strike_P"],"event_name":"Living Wall","player_choice":"Change","floor":2.0,"gold_loss":0.0,"damage_taken":0.0,"cards_obtained":["Conclude"]},{"damage_healed":0.0,"max_hp_gain":0.0,"max_hp_loss":0.0,"gold_gain":0.0,"event_name":"Lab","player_choice":"Got Potions","floor":5.0,"gold_loss":0.0,"damage_taken":0.0}],"is_beta":false,"boss_relics":[{"not_picked":["Ectoplasm","Sozu"],"picked":"Busted Crown"}],"items_purged_floors":[],"is_endless":false,"potions_floor_spawned":[3,4,12,14,18,19],"killed_by":"3 Cultists","ascension_level":6}}