{"host":"t6r1isv2bex5ovch","time":1614049516,"event":{"mods":["AchievementEnabler","Act Like it!","Aspiration","BaseMod","Better Altar","Better Match","Better Note","Better Sensory Stone","Better Skull","Better Third Choice","Better Vampires","Bossed Relics","Colored Powertips","Displayed Cursed Tome","Evolution","Fox Events","Hubris","Minty Spire (QoL Compilation)","Reliquary","Ruina","StSLib"],"gold_per_floor":[119,132,143,143,68,68,86,86,112,125,155,155,55,86,86,183,183,196,196,196,23,23,23,23],"floor_reached":23,"language":"ENG","playtime":1440,"items_purged":["Defend_R","Strike_R","Strike_R"],"score":236,"play_id":"1dc9a5e3-4fe6-455d-a0ab-2d288ff8dc1f","local_time":"20210223140516","is_ascension_mode":true,"campfire_choices":[{"floor":6.0,"key":"RECALL"},{"data":"Rampage","floor":8.0,"key":"SMITH"},{"data":"Bash","floor":15.0,"key":"SMITH"}],"circlet_count":0,"master_deck":["Strike_R","Strike_R","Defend_R","Defend_R","Defend_R","Bash+1","Shrug It Off","Spot Weakness+1","Rampage+1","Feed","Shrug It Off"],"relics":["Black Blood","EVO:Axolotl","aspiration:StickyExplosives_weak","Tiny Chest","aspiration:FetidBarrel"],"acts_visited":["Exordium","ruina:Briah"],"potions_floor_usage":[23,23],"damage_taken":[{"damage":9.0,"enemies":"2 Louse","floor":1.0,"turns":3.0},{"damage":0.0,"enemies":"Jaw Worm","floor":2.0,"turns":5.0},{"damage":0.0,"enemies":"Cultist","floor":3.0,"turns":4.0},{"damage":6.0,"enemies":"Exordium Wildlife","floor":7.0,"turns":5.0},{"damage":8.0,"enemies":"Blue Slaver","floor":10.0,"turns":4.0},{"damage":36.0,"enemies":"Gremlin Nob","floor":11.0,"turns":4.0},{"damage":29.0,"enemies":"Lagavulin","floor":14.0,"turns":7.0},{"damage":19.0,"enemies":"Hexaghost","floor":16.0,"turns":9.0},{"damage":46.0,"enemies":"ruina:BadWolf","floor":18.0,"turns":8.0},{"damage":57,"enemies":"ruina:Mountain","floor":23,"turns":7}],"seed_played":"3237134042506247860","potions_obtained":[{"floor":7.0,"key":"EntropicBrew"},{"floor":11.0,"key":"Dexterity Potion"},{"floor":12.0,"key":"Ancient Potion"},{"floor":12.0,"key":"GamblersBrew"},{"floor":14.0,"key":"SkillPotion"},{"floor":16.0,"key":"AttackPotion"},{"floor":18.0,"key":"SpeedPotion"}],"is_trial":false,"path_per_floor":["M","M","M","?","$","R","M","R","T","M","E","?","$","E","R","B",null,"M","T","?","$","?","E"],"character_chosen":"IRONCLAD","items_purchased":["Shrug It Off"],"campfire_rested":0,"item_purchase_floors":[21],"current_hp_per_floor":[77,80,80,80,80,80,80,80,80,78,53,53,53,30,30,17,80,46,46,46,46,50,0,0],"gold":23,"neow_bonus":"REMOVE_CARD","is_daily":false,"chose_seed":false,"campfire_upgraded":2,"win_rate":0.0,"timestamp":1614049516,"path_taken":["M","M","M","?","$","R","M","R","T","M","E","?","$","E","R","BOSS","M","?","?","$","?","E"],"items_purchased_type":["Card"],"build_version":"2020-12-22","purchased_purges":3,"victory":false,"max_hp_per_floor":[80,80,80,80,80,80,80,80,80,80,80,80,80,80,80,80,80,80,80,80,80,80,80,80],"card_choices":[{"not_picked":["Twin Strike","Dropkick"],"picked":"Shrug It Off","floor":1.0},{"not_picked":["True Grit","Body Slam","Heavy Blade"],"picked":"SKIP","floor":2.0},{"not_picked":["Whirlwind","hubris:ReadiedAction"],"picked":"Spot Weakness","floor":3.0},{"not_picked":["Twin Strike","Warcry"],"picked":"Rampage","floor":7.0},{"not_picked":["Intimidate","Clothesline","Infernal Blade"],"picked":"SKIP","floor":10.0},{"not_picked":["Warcry","Inflame","Clothesline"],"picked":"SKIP","floor":11.0},{"not_picked":["Wild Strike","Whirlwind","Ghostly Armor"],"picked":"SKIP","floor":14.0},{"not_picked":["Juggernaut","Brutality"],"picked":"Feed","floor":16.0},{"not_picked":["Hemokinesis","Reckless Charge","Clothesline"],"picked":"SKIP","floor":18.0}],"player_experience":378386,"relics_obtained":[{"floor":11.0,"key":"aspiration:StickyExplosives_weak"},{"floor":14.0,"key":"Tiny Chest"},{"floor":19.0,"key":"aspiration:FetidBarrel"}],"event_choices":[{"damage_healed":0.0,"max_hp_gain":0.0,"max_hp_loss":0.0,"gold_gain":0.0,"event_name":"Lab","player_choice":"Got Potions","floor":12.0,"gold_loss":0.0,"damage_taken":0.0},{"damage_healed":4.0,"max_hp_gain":0.0,"max_hp_loss":0.0,"gold_gain":0.0,"event_name":"betterSkull:BetterSkull","player_choice":"LEAVE ","floor":22.0,"gold_loss":0.0,"damage_taken":0.0,"cards_upgraded":[],"relics_obtained":[]}],"is_beta":false,"boss_relics":[{"not_picked":["Velvet Choker","hubris:VirtuousBlindfold"],"picked":"Black Blood"}],"items_purged_floors":[5,13,21],"is_endless":false,"potions_floor_spawned":[7,11,14,16,18],"killed_by":"ruina:Mountain","ascension_level":4}}