{"host":"5ksdyw07v7d4yepu","time":1614050294,"event":{"mods":["BaseMod","Block Reminder","Colored Map","Colored Powertips","Highlight Path","Minty Spire (QoL Compilation)","Relic Stats","StSLib"],"gold_per_floor":[117,134,67,142,157,157,191,191,191,92,107,107,107,121,121,222,222,238,255,24,24,34,68,68,94,120,133,133,133,163,182,182,182,182],"floor_reached":33,"language":"ENG","playtime":2695,"items_purged":["Strike_P"],"score":427,"play_id":"c92ff4bc-6a8d-45a7-8022-7eba5ea2b74f","local_time":"20210222221814","is_ascension_mode":true,"campfire_choices":[{"data":"Wallop","floor":6,"key":"SMITH"},{"data":"InnerPeace","floor":8,"key":"SMITH"},{"floor":13,"key":"REST"},{"data":"CutThroughFate","floor":15,"key":"SMITH"},{"floor":24,"key":"REST"},{"floor":28,"key":"REST"},{"floor":32,"key":"REST"}],"circlet_count":0,"master_deck":["Eruption","Vigilance","InnerPeace+1","Wallop+1","CutThroughFate+1","Injury","Blasphemy","Sanctity","Vengeance","MasterReality","Tantrum","MentalFortress","Wireheading","ConjureBlade","EmptyBody","BattleHymn","FlyingSleeves+1","Perseverance+1"],"relics":["Busted Crown","TeardropLocket","PreservedInsect","Pandora\u0027s Box","Membership Card","Anchor","Centennial Puzzle","Blood Vial","Potion Belt","Vajra"],"acts_visited":["Exordium","TheCity"],"potions_floor_usage":[7,30,33],"damage_taken":[{"damage":0,"enemies":"Cultist","floor":1,"turns":2},{"damage":1,"enemies":"2 Louse","floor":2,"turns":2},{"damage":0,"enemies":"Jaw Worm","floor":5,"turns":2},{"damage":17,"enemies":"Lagavulin","floor":7,"turns":7},{"damage":7,"enemies":"Exordium Wildlife","floor":11,"turns":3},{"damage":13,"enemies":"3 Louse","floor":14,"turns":3},{"damage":6,"enemies":"Slime Boss","floor":16,"turns":8},{"damage":6,"enemies":"Chosen","floor":18,"turns":2},{"damage":8,"enemies":"Spheric Guardian","floor":19,"turns":5},{"damage":0,"enemies":"Chosen and Byrds","floor":22,"turns":5},{"damage":38,"enemies":"Slavers","floor":23,"turns":4},{"damage":6,"enemies":"Gremlin Leader","floor":25,"turns":3},{"damage":0,"enemies":"Snecko","floor":27,"turns":2},{"damage":30,"enemies":"Slavers","floor":30,"turns":3},{"damage":11,"enemies":"Shelled Parasite and Fungi","floor":31,"turns":3},{"damage":2,"enemies":"Champ","floor":33,"turns":2}],"seed_played":"-8989427975326643768","potions_obtained":[{"floor":1,"key":"Energy Potion"},{"floor":5,"key":"PowerPotion"},{"floor":16,"key":"AttackPotion"},{"floor":19,"key":"BottledMiracle"},{"floor":27,"key":"Strength Potion"},{"floor":31,"key":"SmokeBomb"}],"is_trial":false,"path_per_floor":["M","M","$","?","M","R","E","R","T","$","M","?","R","M","R","B",null,"M","M","$","?","M","E","R","E","T","M","R","?","E","M","R","B"],"character_chosen":"WATCHER","items_purchased":["Wallop","CutThroughFate","Membership Card","Anchor"],"campfire_rested":4,"item_purchase_floors":[3,10,20,20],"current_hp_per_floor":[65,64,64,53,53,53,36,36,36,36,29,29,50,37,37,31,62,56,48,48,42,42,4,25,19,19,21,42,42,14,5,26,26,26],"gold":182,"neow_bonus":"BOSS_RELIC","is_daily":false,"chose_seed":false,"campfire_upgraded":3,"win_rate":0.0,"timestamp":1614050294,"path_taken":["M","?","$","?","M","R","E","R","T","?","?","?","R","M","R","BOSS","M","M","$","?","?","E","R","E","T","M","R","?","E","M","R","BOSS"],"items_purchased_type":["Card","Card","Relic","Relic"],"build_version":"2020-12-22","purchased_purges":1,"victory":false,"max_hp_per_floor":[72,72,72,72,72,72,72,72,72,72,72,72,72,72,72,72,72,72,72,72,72,72,72,72,72,72,72,72,72,72,72,72,72,72],"relic_stats":{"Blood Vial":8,"Centennial Puzzle":[12],"Busted Crown":30,"counters":[16,56],"Pandora\u0027s Box":["Sanctity","Vengeance","MasterReality","Tantrum","MentalFortress","Wireheading","ConjureBlade"],"PreservedInsect":132,"obtain_stats":[{"Blood Vial":25,"Potion Belt":26,"Anchor":20,"Centennial Puzzle":23,"Busted Crown":0,"Vajra":30,"Pandora\u0027s Box":17,"PreservedInsect":9,"TeardropLocket":7,"Membership Card":20,"PureWater":0},{"Blood Vial":12,"Potion Belt":12,"Anchor":9,"Centennial Puzzle":11,"Busted Crown":0,"Vajra":14,"Pandora\u0027s Box":7,"PreservedInsect":4,"TeardropLocket":4,"Membership Card":9,"PureWater":0},{"Blood Vial":46,"Potion Belt":46,"Anchor":34,"Centennial Puzzle":43,"Busted Crown":0,"Vajra":51,"Pandora\u0027s Box":27,"PreservedInsect":13,"TeardropLocket":13,"Membership Card":34,"PureWater":0}]},"card_choices":[{"not_picked":[],"picked":"InnerPeace","floor":1},{"not_picked":["Crescendo"],"picked":"SKIP","floor":2},{"not_picked":["FollowUp"],"picked":"SKIP","floor":5},{"not_picked":["ForeignInfluence"],"picked":"SKIP","floor":7},{"not_picked":["Pray"],"picked":"SKIP","floor":11},{"not_picked":["FollowUp"],"picked":"SKIP","floor":14},{"not_picked":[],"picked":"Blasphemy","floor":16},{"not_picked":[],"picked":"EmptyBody","floor":18},{"not_picked":[],"picked":"BattleHymn","floor":19},{"not_picked":["Fasting2"],"picked":"SKIP","floor":22},{"not_picked":["WaveOfTheHand+1"],"picked":"SKIP","floor":23},{"not_picked":["Worship"],"picked":"SKIP","floor":25},{"not_picked":[],"picked":"FlyingSleeves+1","floor":27},{"not_picked":[],"picked":"Perseverance+1","floor":30},{"not_picked":["BowlingBash+1"],"picked":"SKIP","floor":31}],"player_experience":592029,"relics_obtained":[{"floor":7,"key":"TeardropLocket"},{"floor":9,"key":"PreservedInsect"},{"floor":23,"key":"Centennial Puzzle"},{"floor":25,"key":"Blood Vial"},{"floor":26,"key":"Potion Belt"},{"floor":30,"key":"Vajra"}],"event_choices":[{"damage_healed":0,"gold_gain":75,"player_choice":"Gather Gold","damage_taken":11,"max_hp_gain":0,"max_hp_loss":0,"event_name":"World of Goop","floor":4,"gold_loss":0},{"damage_healed":0,"gold_gain":0,"player_choice":"1 cards matched","damage_taken":0,"max_hp_gain":0,"max_hp_loss":0,"event_name":"Match and Keep!","floor":12,"gold_loss":0,"cards_obtained":["Injury"]},{"damage_healed":0,"gold_gain":0,"player_choice":"","damage_taken":6,"max_hp_gain":0,"max_hp_loss":0,"event_name":"Knowing Skull","floor":21,"potions_obtained":[],"gold_loss":0,"cards_obtained":[]},{"damage_healed":0,"gold_gain":0,"player_choice":"Ignored","damage_taken":0,"max_hp_gain":0,"max_hp_loss":0,"event_name":"The Mausoleum","floor":29,"gold_loss":0}],"is_beta":false,"boss_relics":[{"not_picked":["Coffee Dripper","Philosopher\u0027s Stone"],"picked":"Pandora\u0027s Box"}],"items_purged_floors":[10],"is_endless":false,"potions_floor_spawned":[1,5,16,19,22,27,31],"killed_by":"Champ","ascension_level":8}}