{"host":"mydft8i2zzydgggw","time":1614094872,"event":{"mods":["AchievementEnabler","BaseMod","Colored Map","Colored Powertips","DeckTracker","Keyboard Shortcuts","Minty Spire (QoL Compilation)","Rare Cards Sparkle","Relic Stats","StSLib","SuperFastMode","Together in Spire","everything is the same but u backflip on backflip"],"gold_per_floor":[111,36,36,36,36,77,77,98,125,125,143,159,159,182,182,272,272,287,287,310,66,66,66,97,97,97,97,111,144,154,183,183,257,257,269,281,107,107,107,132,132,160,160,173,191,17,29,55,55,55,55,55,4,30,30],"floor_reached":56,"language":"KOR","playtime":2277,"items_purged":["Defend_G","Strike_G","Strike_G"],"score":2328,"play_id":"344e21fc-9fc5-4b24-a03e-468111c4f76c","local_time":"20210224004112","is_ascension_mode":true,"campfire_choices":[{"data":"Acrobatics","floor":7,"key":"SMITH"},{"data":"Calculated Gamble","floor":10,"key":"SMITH"},{"data":"Crippling Poison","floor":13,"key":"SMITH"},{"data":"Eviscerate","floor":15,"key":"SMITH"},{"data":"Acrobatics","floor":23,"key":"SMITH"},{"data":"Blur","floor":25,"key":"SMITH"},{"data":"Venomology","floor":32,"key":"SMITH"},{"data":"Terror","floor":41,"key":"SMITH"},{"floor":49,"key":"RECALL"},{"data":"Concentrate","floor":52,"key":"SMITH"}],"circlet_count":0,"master_deck":["AscendersBane","Defend_G","Defend_G","Defend_G","Defend_G","Survivor","Neutralize","Acrobatics+1","Calculated Gamble+1","Eviscerate+1","Crippling Poison+1","PiercingWail","Acrobatics+1","Blur+1","Heel Hook","Concentrate+1","Eviscerate","Acrobatics","Venomology+1","Prepared","Heel Hook","Well Laid Plans+1","Terror+1","Underhanded Strike","Prepared+1","Backflip"],"relics":["Ring of the Serpent","NeowsBlessing","Bloody Idol","Tough Bandages","Pen Nib","Coffee Dripper","Paper Crane","Centennial Puzzle","Kunai","Bronze Scales","Orichalcum","Ninja Scroll","Bottled Tornado","Akabeko","Pear"],"acts_visited":["Exordium","TheCity","TheBeyond","TheEnding"],"potions_floor_usage":[16,33,35,36,40,42,42,44,45,45,45,48,50,50,54,54,55,55],"damage_taken":[{"damage":0,"enemies":"Small Slimes","floor":1,"turns":1},{"damage":0,"enemies":"3 Sentries","floor":6,"turns":1},{"damage":0,"enemies":"2 Louse","floor":8,"turns":1},{"damage":0,"enemies":"Jaw Worm","floor":11,"turns":3},{"damage":0,"enemies":"Red Slaver","floor":12,"turns":2},{"damage":0,"enemies":"Blue Slaver","floor":14,"turns":3},{"damage":7,"enemies":"The Guardian","floor":16,"turns":9},{"damage":5,"enemies":"Shell Parasite","floor":18,"turns":5},{"damage":0,"enemies":"3 Byrds","floor":20,"turns":4},{"damage":6,"enemies":"Gremlin Leader","floor":24,"turns":6},{"damage":0,"enemies":"Shelled Parasite and Fungi","floor":28,"turns":6},{"damage":0,"enemies":"Book of Stabbing","floor":29,"turns":6},{"damage":0,"enemies":"Centurion and Healer","floor":30,"turns":4},{"damage":0,"enemies":"Slavers","floor":31,"turns":3},{"damage":0,"enemies":"Collector","floor":33,"turns":10},{"damage":0,"enemies":"3 Darklings","floor":35,"turns":3},{"damage":0,"enemies":"3 Shapes","floor":36,"turns":4},{"damage":0,"enemies":"Giant Head","floor":40,"turns":6},{"damage":0,"enemies":"Reptomancer","floor":42,"turns":4},{"damage":3,"enemies":"Writhing Mass","floor":44,"turns":2},{"damage":0,"enemies":"Maw","floor":45,"turns":5},{"damage":0,"enemies":"Sphere and 2 Shapes","floor":47,"turns":5},{"damage":0,"enemies":"Giant Head","floor":48,"turns":4},{"damage":39,"enemies":"Awakened One","floor":50,"turns":14},{"damage":0,"enemies":"Shield and Spear","floor":54,"turns":7},{"damage":47,"enemies":"The Heart","floor":55,"turns":12}],"seed_played":"-1876124578761182290","potions_obtained":[{"floor":1,"key":"BlessingOfTheForge"},{"floor":6,"key":"SneckoOil"},{"floor":11,"key":"CunningPotion"},{"floor":24,"key":"Fire Potion"},{"floor":29,"key":"Regen Potion"},{"floor":33,"key":"EssenceOfSteel"},{"floor":44,"key":"DuplicationPotion"},{"floor":54,"key":"Swift Potion"}],"is_trial":false,"path_per_floor":["M","$","?","$","?","E","R","M","T","R","M","M","R","M","R","B",null,"M","?","M","$","?","R","E","R","T","?","M","E","M","E","R","B",null,"M","M","$","?","?","E","R","E","T","M","M","$","M","E","R","B",null,"R","$","E","B",null],"character_chosen":"THE_SILENT","items_purchased":["Paper Crane","Well Laid Plans","Underhanded Strike","SteroidPotion"],"campfire_rested":0,"item_purchase_floors":[21,37,46,53],"current_hp_per_floor":[59,59,59,59,59,59,59,59,59,59,59,59,59,59,59,52,59,54,71,71,71,71,71,70,70,70,70,71,71,71,71,71,71,71,71,71,71,71,71,71,71,71,71,71,71,71,71,71,71,32,61,61,61,76,29],"gold":30,"neow_bonus":"THREE_ENEMY_KILL","is_daily":false,"chose_seed":false,"campfire_upgraded":9,"win_rate":0.0,"timestamp":1614094872,"path_taken":["M","$","?","$","?","E","R","M","T","R","M","M","R","M","R","BOSS","M","?","?","$","?","R","E","R","T","?","?","E","M","E","R","BOSS","M","M","$","?","?","E","R","E","T","M","?","?","M","E","R","BOSS","R","$","E","BOSS"],"items_purchased_type":["Relic","Card","Card","Potion"],"build_version":"2020-12-22","purchased_purges":3,"victory":true,"max_hp_per_floor":[66,66,66,66,61,61,61,61,61,61,61,61,61,61,61,61,61,61,71,71,71,71,71,71,71,71,71,71,71,71,71,71,71,71,71,71,71,71,71,71,71,71,71,71,71,71,71,71,71,71,71,71,71,81,81],"relic_stats":{"Tough Bandages":[2088],"Centennial Puzzle":[9],"counters":[26,130],"Bloody Idol":14,"Bronze Scales":[407],"Pen Nib":[37],"Kunai":[67],"Orichalcum":[0],"obtain_stats":[{"Pear":54,"NeowsBlessing":0,"Golden Idol":5,"Pen Nib":9,"Paper Crane":21,"Orichalcum":31,"Bottled Tornado":42,"Akabeko":48,"Tough Bandages":6,"Centennial Puzzle":24,"Ninja Scroll":40,"Bloody Idol":22,"Bronze Scales":29,"Coffee Dripper":17,"Kunai":26,"Ring of the Serpent":34,"Ring of the Snake":0},{"Pear":25,"NeowsBlessing":0,"Golden Idol":1,"Pen Nib":3,"Paper Crane":9,"Orichalcum":14,"Bottled Tornado":19,"Akabeko":23,"Tough Bandages":2,"Centennial Puzzle":10,"Ninja Scroll":18,"Bloody Idol":9,"Bronze Scales":12,"Coffee Dripper":7,"Kunai":10,"Ring of the Serpent":15,"Ring of the Snake":0},{"Pear":118,"NeowsBlessing":0,"Golden Idol":1,"Pen Nib":3,"Paper Crane":29,"Orichalcum":54,"Bottled Tornado":81,"Akabeko":97,"Tough Bandages":2,"Centennial Puzzle":35,"Ninja Scroll":77,"Bloody Idol":29,"Bronze Scales":47,"Coffee Dripper":20,"Kunai":35,"Ring of the Serpent":64,"Ring of the Snake":0}]},"card_choices":[{"not_picked":["Setup","Sucker Punch"],"picked":"Acrobatics","floor":1},{"not_picked":["Poisoned Stab","Quick Slash","Footwork"],"picked":"SKIP","floor":6},{"not_picked":["Poisoned Stab","PiercingWail"],"picked":"Calculated Gamble","floor":8},{"not_picked":["Flying Knee","Bane"],"picked":"Eviscerate","floor":11},{"not_picked":["Bane","Backflip"],"picked":"Crippling Poison","floor":12},{"not_picked":["Quick Slash","Bane"],"picked":"PiercingWail","floor":14},{"not_picked":["Glass Knife","Phantasmal Killer"],"picked":"Grand Finale","floor":16},{"not_picked":["Accuracy","Outmaneuver","Cloak And Dagger"],"picked":"SKIP","floor":18},{"not_picked":["Slice","Sucker Punch"],"picked":"Acrobatics","floor":20},{"not_picked":["Catalyst","Dagger Spray+1"],"picked":"Blur","floor":24},{"not_picked":["Masterful Stab","Poisoned Stab"],"picked":"Concentrate","floor":28},{"not_picked":["Acrobatics","Deadly Poison"],"picked":"Eviscerate","floor":29},{"not_picked":["Blur","PiercingWail"],"picked":"Acrobatics","floor":30},{"not_picked":["Backflip","Eviscerate"],"picked":"Venomology","floor":31},{"not_picked":["Poisoned Stab+1","Backflip"],"picked":"Prepared","floor":35},{"not_picked":["Outmaneuver+1","Dagger Spray"],"picked":"Heel Hook","floor":36},{"not_picked":["Acrobatics","Distraction"],"picked":"Terror","floor":40},{"not_picked":["Slice","Flechettes+1","Riddle With Holes+1"],"picked":"SKIP","floor":42},{"not_picked":["Expertise","Setup","Predator+1"],"picked":"SKIP","floor":44},{"not_picked":["PiercingWail","Endless Agony+1","Sucker Punch+1"],"picked":"SKIP","floor":45},{"not_picked":["Die Die Die","Dagger Throw","Finisher+1"],"picked":"SKIP","floor":47},{"not_picked":["Deflect","Backstab"],"picked":"Prepared+1","floor":48},{"not_picked":["Bullet Time","Terror"],"picked":"Backflip","floor":54}],"player_experience":300891,"relics_obtained":[{"floor":6,"key":"Tough Bandages"},{"floor":9,"key":"Pen Nib"},{"floor":24,"key":"Centennial Puzzle"},{"floor":26,"key":"Kunai"},{"floor":29,"key":"Bronze Scales"},{"floor":31,"key":"Orichalcum"},{"floor":40,"key":"Ninja Scroll"},{"floor":42,"key":"Bottled Tornado"},{"floor":48,"key":"Akabeko"},{"floor":54,"key":"Pear"}],"event_choices":[{"cards_removed":["Strike_G"],"damage_healed":0,"gold_gain":0,"player_choice":"Forget","damage_taken":0,"max_hp_gain":0,"max_hp_loss":0,"event_name":"Living Wall","floor":3,"gold_loss":0},{"damage_healed":0,"gold_gain":0,"player_choice":"Lose Max HP","damage_taken":0,"relics_obtained":["Golden Idol"],"max_hp_gain":0,"max_hp_loss":5,"event_name":"Golden Idol","floor":5,"gold_loss":0},{"cards_removed":["Grand Finale"],"damage_healed":7,"gold_gain":0,"player_choice":"Offered Rare","damage_taken":0,"max_hp_gain":10,"max_hp_loss":0,"event_name":"Bonfire Elementals","floor":19,"gold_loss":0},{"damage_healed":0,"gold_gain":0,"player_choice":"Gave Idol","damage_taken":0,"relics_obtained":["Bloody Idol"],"max_hp_gain":0,"max_hp_loss":0,"event_name":"Forgotten Altar","floor":22,"relics_lost":["Golden Idol"],"gold_loss":0},{"damage_healed":0,"gold_gain":0,"cards_transformed":["Strike_G"],"player_choice":"Transformed","damage_taken":0,"max_hp_gain":0,"max_hp_loss":0,"event_name":"Transmorgrifier","floor":27,"gold_loss":0,"cards_obtained":["Heel Hook"]},{"cards_removed":["Strike_G"],"damage_healed":0,"gold_gain":0,"player_choice":"Removed Attack","damage_taken":0,"max_hp_gain":0,"max_hp_loss":0,"event_name":"Falling","floor":38,"gold_loss":0},{"damage_healed":0,"gold_gain":0,"player_choice":"Upgraded","damage_taken":0,"max_hp_gain":0,"max_hp_loss":0,"event_name":"Upgrade Shrine","floor":39,"gold_loss":0,"cards_upgraded":["Well Laid Plans"]}],"is_beta":false,"boss_relics":[{"not_picked":["Astrolabe","Pandora\u0027s Box"],"picked":"Coffee Dripper"},{"not_picked":["Philosopher\u0027s Stone","Tiny House"],"picked":"Ring of the Serpent"}],"items_purged_floors":[2,37,46],"is_endless":false,"potions_floor_spawned":[1,6,11,12,24,29,33,35,44,47,48,54],"ascension_level":14}}