{"host":"tjq6rykv202u6iqx","time":1614108758,"event":{"mods":["AchievementEnabler","BaseMod","Minty Spire (QoL Compilation)","Rare Cards Sparkle","Relic Stats"],"gold_per_floor":[217,232,33,33,49,49,61,72,153,153,153,153,47,79,79,177,177,192,192,205,255,272,272,284,284,284,301,51,66,85,100,100,203,203,214,214,214,234,253,282,282,313,313,313,327,58,58,72,72,72,72],"floor_reached":50,"language":"ENG","playtime":1212,"items_purged":["Defend_R","Defend_R","Strike_R"],"score":506,"play_id":"4cc963e2-0c25-4241-9a64-8b5f100d31f2","local_time":"20210223133238","is_ascension_mode":false,"campfire_choices":[{"data":"Flex","floor":6,"key":"SMITH"},{"data":"Cleave","floor":11,"key":"SMITH"},{"data":"Shockwave","floor":15,"key":"SMITH"},{"data":"Corruption","floor":23,"key":"SMITH"},{"data":"J.A.X.","floor":25,"key":"SMITH"},{"data":"Limit Break","floor":32,"key":"SMITH"},{"data":"Offering","floor":44,"key":"SMITH"},{"data":"Battle Trance","floor":47,"key":"SMITH"},{"floor":49,"key":"REST"}],"circlet_count":0,"master_deck":["Strike_R","Strike_R+1","Strike_R","Defend_R","Bash","Cleave+1","Flex+1","Limit Break+1","Whirlwind+1","Shockwave+1","Flex","Corruption+1","J.A.X.+1","Sentinel+1","Battle Trance+1","Clash+1","Offering+1","Burning Pact+1","Demon Form"],"relics":["Burning Blood","Meat on the Bone","CaptainsWheel","Whetstone","Runic Dome","PreservedInsect","Black Star","Strawberry","StrikeDummy","Boot","Juzu Bracelet","Letter Opener","Bag of Preparation"],"acts_visited":["Exordium","TheCity","TheBeyond"],"potions_floor_usage":[16,33,38,50,50,50],"damage_taken":[{"damage":12,"enemies":"Small Slimes","floor":1,"turns":3},{"damage":11,"enemies":"2 Louse","floor":2,"turns":3},{"damage":6,"enemies":"Jaw Worm","floor":5,"turns":3},{"damage":20,"enemies":"Exordium Wildlife","floor":7,"turns":4},{"damage":13,"enemies":"Red Slaver","floor":8,"turns":4},{"damage":18,"enemies":"3 Sentries","floor":14,"turns":3},{"damage":28,"enemies":"Hexaghost","floor":16,"turns":8},{"damage":10,"enemies":"Spheric Guardian","floor":18,"turns":3},{"damage":28,"enemies":"2 Thieves","floor":20,"turns":3},{"damage":37,"enemies":"Snake Plant","floor":22,"turns":3},{"damage":13,"enemies":"Sentry and Sphere","floor":24,"turns":4},{"damage":13,"enemies":"Cultist and Chosen","floor":27,"turns":3},{"damage":28,"enemies":"Chosen and Byrds","floor":29,"turns":5},{"damage":0,"enemies":"3 Cultists","floor":30,"turns":2},{"damage":13,"enemies":"Shelled Parasite and Fungi","floor":31,"turns":3},{"damage":36,"enemies":"Champ","floor":33,"turns":5},{"damage":13,"enemies":"3 Darklings","floor":35,"turns":2},{"damage":21,"enemies":"Orb Walker","floor":38,"turns":3},{"damage":29,"enemies":"Maw","floor":39,"turns":5},{"damage":26,"enemies":"Giant Head","floor":40,"turns":4},{"damage":21,"enemies":"Nemesis","floor":42,"turns":3},{"damage":12,"enemies":"Sphere and 2 Shapes","floor":45,"turns":2},{"damage":6,"enemies":"4 Shapes","floor":48,"turns":1},{"damage":98,"enemies":"Donu and Deca","floor":50,"turns":5}],"seed_played":"7214134685564061823","potions_obtained":[{"floor":2,"key":"Block Potion"},{"floor":14,"key":"CultistPotion"},{"floor":20,"key":"Fire Potion"},{"floor":22,"key":"SpeedPotion"},{"floor":33,"key":"Ancient Potion"},{"floor":38,"key":"Fruit Juice"},{"floor":45,"key":"LiquidBronze"},{"floor":48,"key":"CultistPotion"}],"is_trial":false,"path_per_floor":["M","M","$","?","M","R","M","M","T","?","R","?","$","E","R","B",null,"M","?","M","?","M","R","M","R","T","M","$","M","M","M","R","B",null,"M","?","?","M","M","E","?","E","T","R","M","$","R","M","R","B"],"character_chosen":"IRONCLAD","items_purchased":["Flex","Limit Break","Whirlwind","Shockwave","PreservedInsect","Bag of Preparation"],"campfire_rested":1,"item_purchase_floors":[3,3,13,13,28,46],"current_hp_per_floor":[74,69,69,74,74,74,60,53,53,46,46,43,43,43,43,33,85,81,81,59,59,40,40,45,45,45,50,50,40,58,51,51,33,85,78,78,78,68,57,56,56,53,53,53,59,59,59,59,86,0,0],"gold":72,"neow_bonus":"HUNDRED_GOLD","is_daily":false,"chose_seed":false,"campfire_upgraded":8,"win_rate":0.0,"timestamp":1614108758,"path_taken":["M","M","$","?","M","R","M","M","T","?","R","?","$","E","R","BOSS","M","?","M","?","M","R","M","R","T","M","$","M","?","M","R","BOSS","M","?","?","M","M","E","?","E","T","R","M","$","R","M","R","BOSS"],"items_purchased_type":["Card","Card","Card","Card","Relic","Relic"],"build_version":"2020-12-22","purchased_purges":3,"victory":false,"max_hp_per_floor":[80,80,80,85,85,85,85,85,85,85,85,85,85,85,85,85,85,85,85,85,85,85,85,85,85,85,85,85,85,85,85,85,85,85,85,85,81,86,86,93,93,93,93,93,93,93,93,93,93,93,93],"relic_stats":{"counters":[24,84],"PreservedInsect":172,"Black Star":2,"Juzu Bracelet":0,"Bag of Preparation":[4],"Whetstone":["Strike_R","Whirlwind"],"Letter Opener":[50],"Boot":[1],"obtain_stats":[{"PreservedInsect":28,"Juzu Bracelet":42,"Bag of Preparation":46,"Whetstone":14,"Letter Opener":43,"Boot":42,"Burning Blood":0,"Runic Dome":17,"CaptainsWheel":12,"Strawberry":40,"Black Star":34,"StrikeDummy":40,"Meat on the Bone":9},{"PreservedInsect":12,"Juzu Bracelet":21,"Bag of Preparation":22,"Whetstone":6,"Letter Opener":21,"Boot":21,"Burning Blood":0,"Runic Dome":7,"CaptainsWheel":5,"Strawberry":20,"Black Star":16,"StrikeDummy":20,"Meat on the Bone":5},{"PreservedInsect":44,"Juzu Bracelet":76,"Bag of Preparation":78,"Whetstone":20,"Letter Opener":76,"Boot":76,"Burning Blood":0,"Runic Dome":28,"CaptainsWheel":17,"Strawberry":73,"Black Star":59,"StrikeDummy":73,"Meat on the Bone":17}],"Burning Blood":138,"Meat on the Bone":144},"card_choices":[{"not_picked":["Havoc","Dual Wield","Wild Strike"],"picked":"SKIP","floor":1},{"not_picked":["Wild Strike","Uppercut"],"picked":"Cleave","floor":2},{"not_picked":["True Grit","Evolve","Clothesline"],"picked":"SKIP","floor":5},{"not_picked":["Heavy Blade","Perfected Strike","Power Through"],"picked":"SKIP","floor":7},{"not_picked":["Blood for Blood","Rage","Exhume"],"picked":"SKIP","floor":8},{"not_picked":["Evolve","Warcry"],"picked":"Flex","floor":14},{"not_picked":["Immolate","Berserk"],"picked":"Corruption","floor":16},{"not_picked":["Shrug It Off","Perfected Strike+1","Dual Wield"],"picked":"SKIP","floor":18},{"not_picked":["Armaments","Seeing Red","Shockwave+1"],"picked":"SKIP","floor":20},{"not_picked":["Wild Strike","Burning Pact","Body Slam+1"],"picked":"SKIP","floor":22},{"not_picked":["Twin Strike+1","Dropkick"],"picked":"Sentinel+1","floor":24},{"not_picked":["Metallicize","True Grit","Flame Barrier"],"picked":"SKIP","floor":27},{"not_picked":["Body Slam","Anger","Headbutt"],"picked":"SKIP","floor":29},{"not_picked":["Power Through+1","Reckless Charge"],"picked":"Battle Trance","floor":30},{"not_picked":["Evolve","Burning Pact+1"],"picked":"Clash+1","floor":31},{"not_picked":["Barricade","Bludgeon"],"picked":"Offering","floor":33},{"not_picked":["Armaments+1","Cleave","Warcry+1"],"picked":"SKIP","floor":35},{"not_picked":["Pommel Strike+1","Havoc"],"picked":"Burning Pact+1","floor":38},{"not_picked":["Armaments+1","Pommel Strike+1","Flex"],"picked":"SKIP","floor":39},{"not_picked":["Thunderclap+1","Warcry","Entrench"],"picked":"SKIP","floor":40},{"not_picked":["Intimidate","Entrench","Headbutt+1"],"picked":"SKIP","floor":42},{"not_picked":["Bloodletting","Headbutt"],"picked":"Demon Form","floor":45},{"not_picked":["Sword Boomerang","Anger+1","Shrug It Off+1"],"picked":"SKIP","floor":48}],"player_experience":1001131,"relics_obtained":[{"floor":9,"key":"Meat on the Bone"},{"floor":14,"key":"Whetstone"},{"floor":40,"key":"Strawberry"},{"floor":40,"key":"StrikeDummy"},{"floor":42,"key":"Boot"},{"floor":42,"key":"Juzu Bracelet"},{"floor":43,"key":"Letter Opener"}],"event_choices":[{"damage_healed":0,"gold_gain":0,"player_choice":"Donut","damage_taken":0,"max_hp_gain":5,"max_hp_loss":0,"event_name":"Big Fish","floor":4,"gold_loss":0},{"cards_removed":["Defend_R"],"damage_healed":0,"gold_gain":0,"player_choice":"Card Removal","damage_taken":7,"max_hp_gain":0,"max_hp_loss":0,"event_name":"Golden Wing","floor":10,"gold_loss":0},{"damage_healed":0,"gold_gain":0,"player_choice":"Success","damage_taken":3,"relics_obtained":["CaptainsWheel"],"max_hp_gain":0,"max_hp_loss":0,"event_name":"Scrap Ooze","floor":12,"gold_loss":0},{"damage_healed":0,"gold_gain":0,"player_choice":"Obtain J.A.X.","damage_taken":0,"max_hp_gain":0,"max_hp_loss":0,"event_name":"Drug Dealer","floor":19,"gold_loss":0,"cards_obtained":["J.A.X."]},{"damage_healed":0,"gold_gain":100,"player_choice":"Bet on Murderer","damage_taken":0,"max_hp_gain":0,"max_hp_loss":0,"event_name":"The Joust","floor":21,"gold_loss":50},{"damage_healed":0,"gold_gain":0,"player_choice":"Ignored","damage_taken":0,"max_hp_gain":0,"max_hp_loss":0,"event_name":"Tomb of Lord Red Mask","floor":36,"gold_loss":0},{"damage_healed":0,"gold_gain":0,"player_choice":"Max HP","damage_taken":0,"max_hp_gain":0,"max_hp_loss":4,"event_name":"Winding Halls","floor":37,"gold_loss":0},{"cards_removed":["Strike_R"],"damage_healed":0,"gold_gain":0,"player_choice":"Removed Attack","damage_taken":0,"max_hp_gain":0,"max_hp_loss":0,"event_name":"Falling","floor":41,"gold_loss":0}],"is_beta":false,"boss_relics":[{"not_picked":["Sozu","Runic Pyramid"],"picked":"Runic Dome"},{"not_picked":["Pandora\u0027s Box","Snecko Eye"],"picked":"Black Star"}],"items_purged_floors":[3,28,46],"is_endless":false,"potions_floor_spawned":[2,14,20,22,29,30,33,35,38,45,48],"killed_by":"Donu and Deca","ascension_level":0}}