{"host":"v4pe0ixo3k7iwzp0","time":1614074653,"event":{"mods":["BaseMod","Bestiary","Highlight Path","Minty Spire (QoL Compilation)","Railgun Mod","StSLib","The Senshi"],"gold_per_floor":[109,109,124,142,18,48,48,60,86,86,99,99,112,122,122,219,219,199,176,196,212,137,137,172,172,172,172,172,20,48,66,66,66,66],"floor_reached":33,"language":"ENG","playtime":1357,"items_purged":["Strike_R"],"score":317,"play_id":"c2af81ed-472d-4a3b-8b47-10ede0d88cf7","local_time":"20210223020413","is_ascension_mode":false,"campfire_choices":[{"floor":7.0,"key":"REST"},{"data":"Body Slam","floor":10.0,"key":"SMITH"},{"floor":12.0,"key":"REST"},{"data":"Body Slam","floor":15.0,"key":"SMITH"},{"floor":23,"key":"REST"},{"floor":25,"key":"REST"},{"floor":27,"key":"REST"},{"data":"Armaments","floor":32,"key":"SMITH"}],"circlet_count":0,"master_deck":["Strike_R","Defend_R","Defend_R","Defend_R","Defend_R","Bash","Body Slam+1","Armaments+1","Iron Wave","Second Wind","Body Slam+1","Clothesline","Iron Wave","Armaments","Dark Embrace","Pummel"],"relics":["Burning Blood","NeowsBlessing","Bag of Marbles","Nunchaku","Runic Pyramid","CeramicFish","Centennial Puzzle","Anchor"],"acts_visited":["Exordium","TheCity"],"potions_floor_usage":[16,16,16,21,30],"damage_taken":[{"damage":0.0,"enemies":"Jaw Worm","floor":1.0,"turns":1.0},{"damage":0.0,"enemies":"Cultist","floor":3.0,"turns":1.0},{"damage":0.0,"enemies":"2 Louse","floor":4.0,"turns":1.0},{"damage":57.0,"enemies":"Lagavulin","floor":6.0,"turns":9.0},{"damage":10.0,"enemies":"Looter","floor":8.0,"turns":4.0},{"damage":4.0,"enemies":"Blue Slaver","floor":11.0,"turns":4.0},{"damage":2.0,"enemies":"Exordium Wildlife","floor":13.0,"turns":4.0},{"damage":0.0,"enemies":"Looter","floor":14.0,"turns":2.0},{"damage":0,"enemies":"Slime Boss","floor":16,"turns":1},{"damage":12,"enemies":"2 Thieves","floor":18,"turns":4},{"damage":5,"enemies":"Chosen","floor":20,"turns":4},{"damage":50,"enemies":"Sentry and Sphere","floor":21,"turns":9},{"damage":40,"enemies":"Slavers","floor":24,"turns":7},{"damage":0,"enemies":"Snecko","floor":30,"turns":4},{"damage":81,"enemies":"Champ","floor":33,"turns":11}],"seed_played":"-2662391528521591045","potions_obtained":[{"floor":1.0,"key":"LiquidMemories"},{"floor":4.0,"key":"FearPotion"},{"floor":6.0,"key":"SpeedPotion"},{"floor":11.0,"key":"LiquidMemories"},{"floor":18,"key":"DistilledChaos"},{"floor":24,"key":"Swift Potion"}],"is_trial":false,"path_per_floor":["M","?","M","M","$","E","R","M","T","R","M","R","M","M","R","B",null,"M","$","M","M","?","R","E","R","T","R","?","$","M","?","R","B"],"character_chosen":"IRONCLAD","items_purchased":["Armaments","Clothesline","Anchor"],"campfire_rested":5,"item_purchase_floors":[5,19,29],"current_hp_per_floor":[80,80,80,80,80,29,53,49,49,49,51,75,79,80,80,80,80,74,74,75,31,31,55,21,45,45,69,69,69,75,75,75,0,0],"gold":66,"neow_bonus":"THREE_ENEMY_KILL","is_daily":false,"chose_seed":false,"campfire_upgraded":3,"win_rate":0.0,"timestamp":1614074653,"path_taken":["M","?","M","M","$","E","R","?","T","R","M","R","M","M","R","BOSS","M","$","M","M","?","R","E","R","T","R","?","$","M","?","R","BOSS"],"items_purchased_type":["Card","Card","Relic"],"build_version":"2020-12-22","purchased_purges":1,"victory":false,"max_hp_per_floor":[80,80,80,80,80,80,80,80,80,80,80,80,80,80,80,80,80,80,80,80,80,80,80,80,80,80,80,80,80,80,80,80,80,80],"card_choices":[{"not_picked":["Flame Barrier","Second Wind","Armaments"],"picked":"SKIP","floor":1.0},{"not_picked":["Twin Strike","Perfected Strike"],"picked":"Body Slam","floor":3.0},{"not_picked":["Sentinel","Clash","Whirlwind"],"picked":"SKIP","floor":4.0},{"not_picked":["Sentinel","Clash","Whirlwind"],"picked":"SKIP","floor":4.0},{"not_picked":["Battle Trance","Warcry","Sentinel"],"picked":"SKIP","floor":6.0},{"not_picked":["Searing Blow","Armaments"],"picked":"Iron Wave","floor":8.0},{"not_picked":["Twin Strike","Wild Strike"],"picked":"Second Wind","floor":11.0},{"not_picked":["Cleave","Clash","Pommel Strike"],"picked":"SKIP","floor":13.0},{"not_picked":["Headbutt","Uppercut"],"picked":"Body Slam","floor":14.0},{"not_picked":["Second Wind","Perfected Strike","Flex"],"picked":"SKIP","floor":18},{"not_picked":["Battle Trance","Headbutt+1","Carnage"],"picked":"SKIP","floor":20},{"not_picked":["Sword Boomerang","Shockwave"],"picked":"Iron Wave","floor":21},{"not_picked":["Perfected Strike","Flex+1","Carnage"],"picked":"SKIP","floor":24},{"not_picked":["Twin Strike","Clothesline"],"picked":"Armaments","floor":30}],"player_experience":199646,"relics_obtained":[{"floor":6.0,"key":"Bag of Marbles"},{"floor":9.0,"key":"Nunchaku"},{"floor":24,"key":"CeramicFish"},{"floor":26,"key":"Centennial Puzzle"}],"event_choices":[{"damage_healed":0.0,"max_hp_gain":0.0,"max_hp_loss":0.0,"gold_gain":0.0,"event_name":"The Woman in Blue","player_choice":"Bought 0 Potions","floor":2.0,"gold_loss":0.0,"damage_taken":0.0},{"cards_removed":["Strike_R"],"damage_healed":0,"gold_gain":0,"player_choice":"Gave Gold","damage_taken":0,"max_hp_gain":0,"max_hp_loss":0,"event_name":"Beggar","floor":22,"gold_loss":75},{"damage_healed":0,"gold_gain":0,"player_choice":"Ignored","damage_taken":0,"max_hp_gain":0,"max_hp_loss":0,"event_name":"The Mausoleum","floor":28,"gold_loss":0},{"damage_healed":0,"gold_gain":0,"cards_transformed":["Strike_R","Strike_R"],"player_choice":"Became Test Subject","damage_taken":0,"max_hp_gain":0,"max_hp_loss":0,"event_name":"Drug Dealer","floor":31,"gold_loss":0,"cards_obtained":["Dark Embrace","Pummel"]}],"is_beta":false,"boss_relics":[{"not_picked":["Runic Dome","Ectoplasm"],"picked":"Runic Pyramid"}],"items_purged_floors":[5],"is_endless":false,"potions_floor_spawned":[1,4,6,11,18,24],"killed_by":"Champ","ascension_level":0}}