{"host":"q57ekfojy3i00x9o","time":1614067539,"event":{"mods":["Act Like it!","Arknights","Aspiration","BaseMod","Colored Map","Energized Spire","Hermit","Minty Spire (QoL Compilation)","Quick Restart","Ruina","Spicy Shops","Spikes Relics","StSLib","slay the spire mod where everything is the same but ironclad has a cowboy hat"],"gold_per_floor":[109,34,105,26,26,26,44,44,98,133,133,133,151,170,170,268,268,288,288,288,63,83,83,83,83,83,83,116,116,116,116],"floor_reached":30,"language":"RUS","playtime":448,"items_purged":["Doubt","Defend_R"],"score":507,"play_id":"24dff819-7173-4fe8-9f26-3cb17988c75c","local_time":"20210223130539","is_ascension_mode":true,"campfire_choices":[{"data":"Twin Strike","floor":6.0,"key":"SMITH"},{"data":"Flex","floor":12.0,"key":"SMITH"},{"data":"Dual Wield","floor":15.0,"key":"SMITH"},{"floor":23,"key":"REST"},{"data":"Flex","floor":25,"key":"SMITH"},{"floor":27,"key":"REST"}],"circlet_count":0,"master_deck":["AscendersBane","Strike_R","Strike_R","Strike_R","Strike_R","Defend_R","Defend_R","Defend_R","Bash","Twin Strike+1","Flex+1","Dual Wield+1","Anger","Warcry","Demon Form","Flex","Twin Strike","Clash","Flex+1","Cleave","Clothesline"],"relics":["Burning Blood","Unceasing Top","Pantograph","HandDrill","Golden Idol","RoseTintedShades","PreservedInsect","Vajra","energizedSpire:MagnifyingGlass","BlackRope","Eternal Feather","InkBottle"],"acts_visited":["Exordium","TheCity"],"potions_floor_usage":[18,22,28],"damage_taken":[{"damage":7.0,"enemies":"Cultist","floor":1.0,"turns":4.0},{"damage":6.0,"enemies":"Small Slimes","floor":7.0,"turns":3.0},{"damage":0.0,"enemies":"Gremlin Nob","floor":10.0,"turns":2.0},{"damage":7.0,"enemies":"Jaw Worm","floor":13.0,"turns":2.0},{"damage":37.0,"enemies":"Exordium Thugs","floor":14.0,"turns":4.0},{"damage":56,"enemies":"The Guardian","floor":16,"turns":7},{"damage":33,"enemies":"Chosen","floor":18,"turns":5},{"damage":28,"enemies":"2 Thieves","floor":22,"turns":3},{"damage":53,"enemies":"Gremlin Leader","floor":28,"turns":5},{"damage":27,"enemies":"Colosseum Slavers","floor":30,"turns":3}],"seed_played":"6942840897550163175","potions_obtained":[{"floor":1.0,"key":"Fruit Juice"},{"floor":10.0,"key":"FairyPotion"},{"floor":16,"key":"Ancient Potion"},{"floor":18,"key":"CultistPotion"},{"floor":22,"key":"ElixirPotion"}],"is_trial":false,"path_per_floor":["M","$","T","$","?","R","M","T","T","E","?","R","M","M","R","B",null,"M","?","?","$","M","R","$","R","T","R","E","T","?"],"character_chosen":"IRONCLAD","items_purchased":["HandDrill","Clash","Flex"],"campfire_rested":2,"item_purchase_floors":[4,21,21],"current_hp_per_floor":[72,72,72,72,72,72,72,72,72,72,72,72,71,40,40,15,58,31,31,31,31,9,30,30,30,30,51,27,27,0,0],"gold":116,"neow_bonus":"ONE_RARE_RELIC","is_daily":false,"chose_seed":false,"campfire_upgraded":4,"win_rate":0.0,"timestamp":1614067539,"path_taken":["M","$","?","$","?","R","?","?","T","E","?","R","?","M","R","BOSS","M","?","?","$","M","R","$","R","T","R","E","?","?"],"items_purchased_type":["Relic","Card","Card"],"build_version":"2020-12-22","purchased_purges":2,"victory":false,"max_hp_per_floor":[80,80,80,80,72,72,72,72,72,72,72,72,72,72,72,72,72,72,72,72,72,72,72,72,72,72,72,72,72,72,72],"card_choices":[{"not_picked":["Havoc","Hemokinesis"],"picked":"Twin Strike","floor":1.0},{"not_picked":["Clothesline","Burning Pact"],"picked":"Flex","floor":7.0},{"not_picked":["Thunderclap","Dropkick"],"picked":"Dual Wield","floor":10.0},{"not_picked":["Armaments","Cleave"],"picked":"Anger","floor":13.0},{"not_picked":["Wild Strike","Clothesline"],"picked":"Warcry","floor":14.0},{"not_picked":["Corruption","Reaper"],"picked":"Demon Form","floor":16},{"not_picked":["Clothesline","Battle Trance"],"picked":"Flex","floor":18},{"not_picked":["Ghostly Armor+1","Shrug It Off"],"picked":"Cleave","floor":22},{"not_picked":["Shockwave","Body Slam"],"picked":"Clothesline","floor":28}],"player_experience":790661,"relics_obtained":[{"floor":3.0,"key":"Pantograph"},{"floor":8.0,"key":"RoseTintedShades"},{"floor":9.0,"key":"PreservedInsect"},{"floor":10.0,"key":"Vajra"},{"floor":26,"key":"BlackRope"},{"floor":28,"key":"Eternal Feather"},{"floor":29,"key":"InkBottle"}],"event_choices":[{"damage_healed":0.0,"max_hp_gain":0.0,"max_hp_loss":8.0,"gold_gain":0.0,"event_name":"Golden Idol","player_choice":"Lose Max HP","floor":5.0,"gold_loss":0.0,"damage_taken":0.0,"relics_obtained":["Golden Idol"]},{"cards_removed":["Strike_R"],"damage_healed":0.0,"max_hp_gain":0.0,"max_hp_loss":0.0,"gold_gain":0.0,"event_name":"Bonfire Elementals","player_choice":"Offered Basic","floor":11.0,"gold_loss":0.0,"damage_taken":0.0},{"damage_healed":0,"gold_gain":0,"player_choice":"Read","damage_taken":0,"max_hp_gain":0,"max_hp_loss":0,"event_name":"The Library","floor":19,"gold_loss":0,"cards_obtained":["Twin Strike"]},{"damage_healed":0,"gold_gain":0,"player_choice":"Ignored","damage_taken":0,"max_hp_gain":0,"max_hp_loss":0,"event_name":"Ghosts","floor":20,"gold_loss":0},{"damage_healed":0,"gold_gain":0,"player_choice":"Fight","damage_taken":0,"max_hp_gain":0,"max_hp_loss":0,"event_name":"Colosseum","floor":30,"gold_loss":0}],"is_beta":false,"boss_relics":[{"not_picked":["HailfireSword","Black Star"],"picked":"energizedSpire:MagnifyingGlass"}],"items_purged_floors":[2,21],"is_endless":false,"potions_floor_spawned":[1,10,16,18,22],"killed_by":"Colosseum Slavers","ascension_level":18}}