{"host":"c0rqchpxu0yjpthq","time":1614078830,"event":{"mods":["100% Spire Juice","ATMod(阿瑾Mod)","BaseMod","Challenge The Spire","Conspire","Downfall","HololiveMod","Minty Spire (QoL Compilation)","MostiFishMod","Prisma Mod","Reimu（博丽灵梦）","Relic Stats","Reliquary","Replay The Spire","Spicy Shops","StSLib","The Alterego","The Hierophant","WarShipGirlsR/战舰少女R mod","Wide Potions","Yakumo Yukari mod","[GremlinLeader]The Maniac","【功能Mod】聪明的最终Boss","【遗物卡牌】REMEMod"],"gold_per_floor":[79,89,122,184,22,103,103,144,144,187,187,224,224,253,253,370,370,407,429,470,140,320,361,361,453,479,557,557,604,682,732,732,899,899,1020,117,195,273,26,137,137,324,324,324,451,551,551,100,158,327,327,327,0,132,262],"floor_reached":56,"language":"ZHS","playtime":7840,"items_purged":["Hololive_Defend","Hololive_Strike","Hololive_Defend","Hololive_Strike","MostiFishMod:Neptune"],"score":2239,"play_id":"9441cfd9-0421-4f63-967a-6134ab09bcb0","local_time":"20210223191350","is_ascension_mode":true,"campfire_choices":[{"data":"Hololive_CallNakiriAyame","floor":13,"key":"SMITH"},{"data":"AT_FamilyPortrait","floor":15,"key":"SMITH"},{"data":"MostiFishMod:NightSea","floor":24,"key":"SMITH"},{"floor":28,"key":"RECALL"},{"floor":32,"key":"DIG"},{"data":"MostiFishMod:FantasySummer","floor":41,"key":"SMITH"},{"data":"Hololive_Thief","floor":44,"key":"SMITH"},{"data":"Hololive_StrengthChampion","floor":52,"key":"SMITH"}],"circlet_count":0,"master_deck":["Hololive_StrengthChampion+2","Hololive_CallNakiriAyame+1","Hololive_CallShiroganeNoel","Hololive_CallUsadaPekora","Hololive_CallShiroganeNoel","Hololive_CallYogiri","AT_FamilyPortrait+1","Hololive_Thief+1","Hololive_CallShiroganeNoel+1","Hololive_WolfAndLamb+1","MostiFishMod:TheEndOfMoonlight","MostiFishMod:SparklingWater+1","MostiFishMod:FantasySummer+1","MostiFishMod:NightSea+1","Hololive_CallDoris+1","Hololive_DDD+1","Hololive_AWSL","AbeCurse"],"relics":["AT_ATBox","DaveBox","REME_ComplimentaryCards","conspire:RunicOctahedron","ImprovedEquipment","SynthV:TestCard","REME_ArchaeologicalTools","Frozen Eye","Bird Faced Urn","reliquary:JackalopeAntler","Gremlin Food","AT_SilvercatRing","Mastiff:ReiMu","AT_SeraphEmbrace","MoonlightInvasionPlan","reliquary:CitrusReamer","Replay:Bandana","reliquary:TuningFork","Centennial Puzzle","Replay:Rubber Ducky","Mirror","Abe\u0027s Treasure","AT_RedNoBalance","Replay:Baseball","Divine Protection","reliquary:PrincelyHelmet","reliquary:HotPoker","AT_MibuBalloonWealth","reliquary:Aerogel","Question Card","Toy Ornithopter","Membership Card","Potion Belt","CombinedTypeHook","Blue Doll","MostiFishMod:AdaptiveDefenses","conspire:DeflatedDodgeball","Oddly Smooth Stone"],"acts_visited":["Exordium","TheCity","TheBeyond","TheEnding"],"potions_floor_usage":[25,55,55,55,55],"damage_taken":[{"damage":0.0,"enemies":"conspire:RoseBush","floor":1.0,"turns":3.0},{"damage":0.0,"enemies":"2 Louse","floor":2.0,"turns":2.0},{"damage":0.0,"enemies":"conspire:MimicChest","floor":3.0,"turns":4.0},{"damage":0.0,"enemies":"Small Slimes","floor":4.0,"turns":1.0},{"damage":12.0,"enemies":"3 Sentries","floor":6.0,"turns":8.0},{"damage":0,"enemies":"Gremlin Nob","floor":8,"turns":3},{"damage":0,"enemies":"Replay:BlueRogue","floor":10,"turns":4},{"damage":0,"enemies":"Gremlin Nob","floor":12,"turns":4},{"damage":0,"enemies":"Blue Slaver","floor":14,"turns":3},{"damage":0,"enemies":"Slime Boss","floor":16,"turns":4},{"damage":0,"enemies":"Chosen","floor":18,"turns":2},{"damage":0,"enemies":"2 Thieves","floor":19,"turns":2},{"damage":0,"enemies":"conspire:HollyBat","floor":20,"turns":5},{"damage":1,"enemies":"Book of Stabbing","floor":23,"turns":3},{"damage":0,"enemies":"conspire:SneckoGhost","floor":25,"turns":4},{"damage":0,"enemies":"Book of Stabbing","floor":27,"turns":4},{"damage":0,"enemies":"Centurion and Healer","floor":29,"turns":3},{"damage":0,"enemies":"conspire:Head Lice","floor":30,"turns":4},{"damage":0,"enemies":"Snecko","floor":31,"turns":2},{"damage":3,"enemies":"Automaton","floor":33,"turns":6},{"damage":0,"enemies":"3 Darklings","floor":35,"turns":3},{"damage":0,"enemies":"3 Shapes","floor":37,"turns":5},{"damage":0,"enemies":"Maw","floor":38,"turns":5},{"damage":0,"enemies":"R_Hoarder","floor":40,"turns":3},{"damage":0,"enemies":"Reptomancer","floor":42,"turns":3},{"damage":0,"enemies":"Sphere and 2 Shapes","floor":45,"turns":3},{"damage":0,"enemies":"Nemesis","floor":46,"turns":2},{"damage":0,"enemies":"conspire:OrnateMirror","floor":50,"turns":4},{"damage":0,"enemies":"Shield and Spear","floor":54,"turns":3},{"damage":0,"enemies":"The Heart","floor":55,"turns":4}],"seed_played":"-5509433086300625099","potions_obtained":[{"floor":4.0,"key":"Explosive Potion"},{"floor":8,"key":"PanachePotion"},{"floor":10,"key":"FearPotion"},{"floor":29,"key":"Strength Potion"},{"floor":54,"key":"Strength Potion"}],"is_trial":false,"path_per_floor":["M","M","?","M","$","E","?","E","T","E","?","E","R","M","R","B",null,"M","M","M","$","?","E","R","E","T","E","R","M","E","M","R","B",null,"M","$","M","M","$","E","R","E","T","R","M","E","?","$","R","B",null,"R","$","E","B",null],"character_chosen":"Hololive_HololiveCharacter","items_purchased":["Frozen Eye","Bird Faced Urn","reliquary:CitrusReamer","AT_SilverBalance","Replay:Baseball","Divine Protection","reliquary:PrincelyHelmet","reliquary:HotPoker","Membership Card","Potion Belt","CombinedTypeHook","Blue Doll","MostiFishMod:AdaptiveDefenses","conspire:DeflatedDodgeball"],"campfire_rested":0,"item_purchase_floors":[5,5,21,36,36,36,36,39,48,48,48,53,53,53],"current_hp_per_floor":[35,35,35,35,35,27,32,40,40,40,40,40,40,40,40,40,40,40,40,40,40,21,26,26,34,34,40,40,40,40,40,40,40,40,41,41,37,42,42,40,40,45,45,45,46,47,47,47,47,48,48,48,48,49,50],"gold":262,"neow_bonus":"BOSS_RELIC","is_daily":false,"chose_seed":false,"campfire_upgraded":6,"win_rate":0.0,"timestamp":1614078830,"path_taken":["M","M","?","M","$","E","?","E","T","E","?","E","R","?","R","BOSS","M","M","M","$","?","E","R","E","T","E","R","M","E","?","R","BOSS","M","$","M","M","?","E","R","E","T","R","M","E","?","$","R","BOSS","R","$","E","BOSS"],"items_purchased_type":["Relic","Relic","Relic","Relic","Relic","Relic","Relic","Relic","Relic","Relic","Relic","Relic","Relic","Relic"],"build_version":"2020-12-22","purchased_purges":5,"victory":true,"max_hp_per_floor":[35,35,35,35,35,35,40,40,40,40,40,40,40,40,40,40,40,40,40,40,40,40,40,40,40,40,40,40,40,40,40,40,40,40,41,41,42,43,43,44,44,45,45,45,46,47,47,47,47,48,48,48,48,49,50],"relic_stats":{"Centennial Puzzle":[3],"counters":[30,106],"Bird Faced Urn":[87],"Question Card":3,"obtain_stats":[{"AT_SeraphEmbrace":37,"Divine Protection":36,"CombinedTypeHook":48,"AT_ATBox":0,"DaveBox":0,"reliquary:PrincelyHelmet":36,"reliquary:Aerogel":42,"AT_MibuBalloonWealth":40,"Blue Doll":53,"MostiFishMod:AdaptiveDefenses":53,"AT_ArchangelStaff":12,"Replay:Rubber Ducky":30,"Frozen Eye":5,"Replay:Bandana":23,"Centennial Puzzle":27,"reliquary:HotPoker":39,"reliquary:CitrusReamer":21,"Mastiff:ReiMu":10,"REME_ArchaeologicalTools":3,"AT_RedNoBalance":40,"Gremlin Food":8,"Potion Belt":48,"ImprovedEquipment":0,"MoonlightInvasionPlan":17,"Oddly Smooth Stone":54,"conspire:RunicOctahedron":0,"AT_SilverBalance":36,"AT_SilvercatRing":9,"Question Card":43,"reliquary:JackalopeAntler":6,"Replay:Baseball":36,"SynthV:TestCard":1,"Bird Faced Urn":5,"Hololive_TheStar":0,"reliquary:TuningFork":25,"Membership Card":48,"conspire:DeflatedDodgeball":53,"Mirror":32,"Abe\u0027s Treasure":34,"Toy Ornithopter":46,"REME_ComplimentaryCards":0},{"AT_SeraphEmbrace":22,"Divine Protection":21,"CombinedTypeHook":27,"AT_ATBox":0,"DaveBox":0,"reliquary:PrincelyHelmet":21,"reliquary:Aerogel":25,"AT_MibuBalloonWealth":24,"Blue Doll":28,"MostiFishMod:AdaptiveDefenses":28,"AT_ArchangelStaff":8,"Replay:Rubber Ducky":18,"Frozen Eye":4,"Replay:Bandana":14,"Centennial Puzzle":16,"reliquary:HotPoker":23,"reliquary:CitrusReamer":13,"Mastiff:ReiMu":7,"REME_ArchaeologicalTools":3,"AT_RedNoBalance":24,"Gremlin Food":6,"Potion Belt":27,"ImprovedEquipment":0,"MoonlightInvasionPlan":10,"Oddly Smooth Stone":29,"conspire:RunicOctahedron":0,"AT_SilverBalance":21,"AT_SilvercatRing":6,"Question Card":25,"reliquary:JackalopeAntler":5,"Replay:Baseball":21,"SynthV:TestCard":1,"Bird Faced Urn":4,"Hololive_TheStar":0,"reliquary:TuningFork":15,"Membership Card":27,"conspire:DeflatedDodgeball":28,"Mirror":19,"Abe\u0027s Treasure":20,"Toy Ornithopter":27,"REME_ComplimentaryCards":0},{"AT_SeraphEmbrace":78,"Divine Protection":74,"CombinedTypeHook":95,"AT_ATBox":0,"DaveBox":0,"reliquary:PrincelyHelmet":74,"reliquary:Aerogel":90,"AT_MibuBalloonWealth":87,"Blue Doll":99,"MostiFishMod:AdaptiveDefenses":99,"AT_ArchangelStaff":29,"Replay:Rubber Ducky":63,"Frozen Eye":10,"Replay:Bandana":48,"Centennial Puzzle":56,"reliquary:HotPoker":84,"reliquary:CitrusReamer":45,"Mastiff:ReiMu":25,"REME_ArchaeologicalTools":9,"AT_RedNoBalance":84,"Gremlin Food":21,"Potion Belt":95,"ImprovedEquipment":0,"MoonlightInvasionPlan":36,"Oddly Smooth Stone":102,"conspire:RunicOctahedron":0,"AT_SilverBalance":74,"AT_SilvercatRing":21,"Question Card":90,"reliquary:JackalopeAntler":18,"Replay:Baseball":74,"SynthV:TestCard":3,"Bird Faced Urn":10,"Hololive_TheStar":0,"reliquary:TuningFork":52,"Membership Card":95,"conspire:DeflatedDodgeball":99,"Mirror":65,"Abe\u0027s Treasure":71,"Toy Ornithopter":95,"REME_ComplimentaryCards":0}],"Toy Ornithopter":0},"card_choices":[{"not_picked":["Hololive_OvertimeWork","Hololive_StrengthChampion","Hololive_RevenueBasedLive"],"picked":"SKIP","floor":1.0},{"not_picked":["Hololive_StrengthChampion","Hololive_Trident","Hololive_CocoNews","Hololive_OvertimeWork","Hololive_CallOkamiMio"],"picked":"SKIP","floor":2.0},{"not_picked":["Hololive_LuckPotion","Hololive_CallHimemoriLuna","Hololive_OvertimeWork","Hololive_BringToTrial","Hololive_CallTokoyamiTowa"],"picked":"SKIP","floor":4.0},{"not_picked":["Hololive_CocoNews","Hololive_Drill","Hololive_RevenueBasedLive","Hololive_Trident"],"picked":"Hololive_Thief","floor":6.0},{"not_picked":["Hololive_HuntDinosaur","Hololive_CocoNews","Hololive_Spy","Hololive_Breathe","Hololive_Rebound"],"picked":"SKIP","floor":8},{"not_picked":["Hololive_Breathe","Hololive_FlyingPonyTail","Hololive_CallArtia","Hololive_ILoveYou","Hololive_CallHoshimachiSuisei"],"picked":"SKIP","floor":10},{"not_picked":["Hololive_RevenueBasedLive","Hololive_OvertimeWork","Hololive_Trident","Hololive_ILoveYou","Hololive_ManjiGathering"],"picked":"SKIP","floor":12},{"not_picked":["Hololive_Trident","Hololive_Sequa","Hololive_ScarfAndHalo","Hololive_CallFriendA","Hololive_CocoNews"],"picked":"SKIP","floor":14},{"not_picked":["Hololive_FlareMind","Hololive_ScarfAndHalo","Hololive_IdolExercise","Hololive_Thief"],"picked":"Hololive_WolfAndLamb","floor":16},{"not_picked":["Hololive_Breathe","Hololive_Sequa+1","Hololive_FlyingPonyTail","Hololive_HuntDinosaur","Hololive_ManjiGathering"],"picked":"SKIP","floor":18},{"not_picked":["Hololive_CallNakiriAyame","Hololive_CallCivia+1","Hololive_CallYogiri","Hololive_Rebound","Hololive_SummonFox"],"picked":"SKIP","floor":19},{"not_picked":["Hololive_CallTsunomakiWatame","Hololive_Drill","Hololive_StrengthChampion","Hololive_OvertimeWork","Hololive_Trident+1"],"picked":"SKIP","floor":20},{"not_picked":["Hololive_Yoholoon","Hololive_OvertimeWork","Hololive_CallAiraniIofifteen","Hololive_LuckPotion+1","Hololive_CallAZKi"],"picked":"SKIP","floor":23},{"not_picked":["Hololive_FlyingPonyTail+1","Hololive_CallShiroganeNoel+1","Hololive_CallAyundaRisu","Hololive_Sequa"],"picked":"Hololive_CallDoris+1","floor":25},{"not_picked":["Hololive_FlyingPonyTail","Hololive_StarCraft","Hololive_HuntDinosaur","Hololive_StrengthChampion","Hololive_CallOmaruPolka"],"picked":"SKIP","floor":27},{"not_picked":["Hololive_LuckPotion","Hololive_OvertimeWork","Hololive_CallYozoraMel","Hololive_CallShirakamiFubuki","Hololive_Trident+1"],"picked":"SKIP","floor":29},{"not_picked":["Hololive_CallSakuraMiko","Hololive_FlyingPonyTail+1","Hololive_RevenueBasedLive+1","Hololive_Trident"],"picked":"Hololive_DDD","floor":30},{"not_picked":["Hololive_Drill","Hololive_Rebound","Hololive_StrengthChampion","Hololive_CallAmaneKanata","Hololive_Breathe"],"picked":"SKIP","floor":31},{"not_picked":["Hololive_ASMR","Hololive_ScarfAndHalo","Hololive_Nanodesu","Hololive_WolfAndLamb"],"picked":"Hololive_AWSL","floor":33},{"not_picked":["Hololive_CallSpadeEcho","Hololive_CallHimemoriLuna+1","Hololive_LuckPotion+1","Hololive_CallOkamiMio","Hololive_OvertimeWork+1"],"picked":"SKIP","floor":35},{"not_picked":["Hololive_FlyingPonyTail+1","Hololive_CallAZKi","Hololive_LuckPotion","Hololive_Trident+1","Hololive_Breathe+1"],"picked":"SKIP","floor":37},{"not_picked":["Hololive_CallAyundaRisu","Hololive_ASMR","Hololive_LuckPotion","Hololive_HuntDinosaur+1","Hololive_Breathe"],"picked":"SKIP","floor":38},{"not_picked":["Hololive_Rebound","Hololive_LuckPotion","Hololive_StrengthChampion","Hololive_CallRosalyn","Hololive_Recruit"],"picked":"SKIP","floor":40},{"not_picked":["Hololive_LuckPotion+1","Hololive_Psychosis","Hololive_Yoholoon","Hololive_HuntDinosaur","Hololive_StrengthChampion"],"picked":"SKIP","floor":42},{"not_picked":["Hololive_Drill","Hololive_CallNakiriAyame","Hololive_ManjiGathering","Hololive_CocoNews","Hololive_Breathe","Hololive_Rebound"],"picked":"SKIP","floor":45},{"not_picked":["Hololive_RevenueBasedLive+1","Hololive_CallYukihanaLamy","Hololive_Trident+1","Hololive_Sequa+1","Hololive_StrengthChampion+1","Hololive_CallMinatoAqua"],"picked":"SKIP","floor":46},{"not_picked":["Hololive_CallTsunomakiWatame","Hololive_CallMomosuzuNene","Hololive_Rebound","Hololive_CallTokoyamiTowa","Hololive_CallSakuraMiko","Hololive_ScarfAndHalo"],"picked":"SKIP","floor":54}],"player_experience":115473,"relics_obtained":[{"floor":1.0,"key":"SynthV:TestCard"},{"floor":3.0,"key":"REME_ArchaeologicalTools"},{"floor":6.0,"key":"reliquary:JackalopeAntler"},{"floor":8,"key":"Gremlin Food"},{"floor":9,"key":"AT_SilvercatRing"},{"floor":10,"key":"Mastiff:ReiMu"},{"floor":12,"key":"AT_ArchangelStaff"},{"floor":23,"key":"Replay:Bandana"},{"floor":25,"key":"reliquary:TuningFork"},{"floor":27,"key":"Centennial Puzzle"},{"floor":30,"key":"Replay:Rubber Ducky"},{"floor":32,"key":"Mirror"},{"floor":40,"key":"AT_MibuBalloonWealth"},{"floor":42,"key":"reliquary:Aerogel"},{"floor":43,"key":"Question Card"},{"floor":46,"key":"Toy Ornithopter"},{"floor":54,"key":"Oddly Smooth Stone"}],"event_choices":[{"damage_healed":0,"gold_gain":0,"player_choice":"Donut","damage_taken":0,"max_hp_gain":5,"max_hp_loss":0,"event_name":"Big Fish","floor":7,"gold_loss":0},{"damage_healed":0,"gold_gain":0,"player_choice":"Bought 0 Potions","damage_taken":0,"max_hp_gain":0,"max_hp_loss":0,"event_name":"The Woman in Blue","floor":11,"gold_loss":0},{"damage_healed":0,"gold_gain":180,"player_choice":"GOLD GOLD ","damage_taken":19,"max_hp_gain":0,"max_hp_loss":0,"event_name":"Knowing Skull","floor":22,"potions_obtained":[],"gold_loss":0,"cards_obtained":[]},{"damage_healed":0,"gold_gain":0,"player_choice":"Leave","damage_taken":0,"max_hp_gain":0,"max_hp_loss":0,"event_name":"conspire:Investor","floor":47,"gold_loss":0}],"is_beta":false,"boss_relics":[{"not_picked":["Velvet Choker","Calling Bell"],"picked":"MoonlightInvasionPlan"},{"not_picked":["ExusiaiGun","conspire:SlowCooker"],"picked":"Abe\u0027s Treasure"}],"items_purged_floors":[21,21,36,48,53],"is_endless":false,"potions_floor_spawned":[4,8,10,12,14,19,20,25,29,30,33,35,37,38,54],"ascension_level":5}}