{"host":"n2sr453jcjz6vvl4","time":1614042904,"event":{"mods":["BaseMod","Colored Map","Minty Spire (QoL Compilation)","Permanent Neow","Relic Stats","StSLib"],"gold_per_floor":[362,362,362,69,83,83,111,111,134,134,152,152,170,188,188,284,284,300,225,225,236,256,256,256],"floor_reached":23,"language":"ENG","playtime":1177,"items_purged":["Regret"],"score":229,"play_id":"b138d35f-d83c-4d0c-86ca-e91cbe59f0e6","local_time":"20210222211504","is_ascension_mode":true,"campfire_choices":[{"data":"Machine Learning","floor":6,"key":"SMITH"},{"data":"Zap","floor":8,"key":"SMITH"},{"data":"Self Repair","floor":10,"key":"SMITH"},{"data":"Creative AI","floor":15,"key":"SMITH"}],"circlet_count":0,"master_deck":["Strike_B","Strike_B","Defend_B","Defend_B","Defend_B","Defend_B","Zap+1","Dualcast","Cold Snap","Machine Learning+1","Rebound","Self Repair+1","Compile Driver","Tempest","Creative AI+1","Echo Form","Hologram+1","Pain","Lockon","Capacitor+1"],"relics":["Cracked Core","Gremlin Horn","Eternal Feather","Sling","Pear","Orichalcum","Snecko Eye","WarpedTongs"],"acts_visited":["Exordium","TheCity"],"potions_floor_usage":[7,13,16,22],"damage_taken":[{"damage":0,"enemies":"Small Slimes","floor":1,"turns":4},{"damage":5,"enemies":"Jaw Worm","floor":5,"turns":4},{"damage":8,"enemies":"3 Sentries","floor":7,"turns":5},{"damage":0,"enemies":"2 Louse","floor":11,"turns":2},{"damage":15,"enemies":"Exordium Wildlife","floor":13,"turns":5},{"damage":9,"enemies":"Red Slaver","floor":14,"turns":4},{"damage":67,"enemies":"Hexaghost","floor":16,"turns":10},{"damage":7,"enemies":"Chosen","floor":18,"turns":4},{"damage":34,"enemies":"Spheric Guardian","floor":21,"turns":5},{"damage":18,"enemies":"Cultist and Chosen","floor":22,"turns":6},{"damage":63,"enemies":"Gremlin Leader","floor":23,"turns":3}],"seed_played":"-5131411717815352226","potions_obtained":[{"floor":1,"key":"Block Potion"},{"floor":5,"key":"BlessingOfTheForge"},{"floor":7,"key":"PowerPotion"},{"floor":13,"key":"Strength Potion"},{"floor":16,"key":"SneckoOil"},{"floor":18,"key":"BlessingOfTheForge"},{"floor":22,"key":"EssenceOfDarkness"}],"is_trial":false,"path_per_floor":["M","?","?","$","M","R","E","R","T","R","M","?","M","M","R","B",null,"M","?","?","M","M","E"],"character_chosen":"DEFECT","items_purchased":["Sling","Machine Learning"],"campfire_rested":0,"item_purchase_floors":[4,4],"current_hp_per_floor":[68,68,61,61,56,62,64,70,70,76,76,76,71,72,78,21,78,78,78,78,54,46,0,0],"gold":256,"neow_bonus":"TWO_FIFTY_GOLD","is_daily":false,"chose_seed":false,"campfire_upgraded":4,"win_rate":0.0,"timestamp":1614042904,"path_taken":["M","?","?","$","M","R","E","R","T","R","M","?","M","M","R","BOSS","M","?","?","M","?","E"],"items_purchased_type":["Relic","Card"],"build_version":"2020-12-22","purchased_purges":1,"victory":false,"max_hp_per_floor":[68,68,68,68,68,68,78,78,78,78,78,78,78,78,78,78,78,78,78,78,78,78,78,78],"relic_stats":{"Gremlin Horn":[6,6],"counters":[11,52],"Snecko Eye":[32,36,26,33],"Eternal Feather":24,"Orichalcum":[84],"obtain_stats":[{"Pear":7,"Gremlin Horn":2,"Snecko Eye":17,"Eternal Feather":3,"Orichalcum":9,"Cracked Core":0,"Sling":4,"WarpedTongs":20},{"Pear":3,"Gremlin Horn":1,"Snecko Eye":7,"Eternal Feather":1,"Orichalcum":3,"Cracked Core":0,"Sling":1,"WarpedTongs":8},{"Pear":13,"Gremlin Horn":4,"Snecko Eye":34,"Eternal Feather":4,"Orichalcum":13,"Cracked Core":0,"Sling":4,"WarpedTongs":38}],"WarpedTongs":[14]},"card_choices":[{"not_picked":["Conserve Battery","Steam Power"],"picked":"Cold Snap","floor":1},{"not_picked":["Compile Driver","Steam Power"],"picked":"Rebound","floor":5},{"not_picked":["Redo","Creative AI"],"picked":"Self Repair","floor":7},{"not_picked":["Stack","Steam Power"],"picked":"Compile Driver","floor":11},{"not_picked":["Steam","Compile Driver"],"picked":"Tempest","floor":13},{"not_picked":["Conserve Battery","Steam Power"],"picked":"Creative AI","floor":14},{"not_picked":["All For One","Electrodynamics"],"picked":"Echo Form","floor":16},{"not_picked":["Go for the Eyes","Rebound"],"picked":"Hologram+1","floor":18},{"not_picked":["Coolheaded","Reinforced Body"],"picked":"Lockon","floor":21},{"not_picked":["Streamline","Rebound+1"],"picked":"Capacitor+1","floor":22}],"player_experience":231296,"relics_obtained":[{"floor":7,"key":"Pear"},{"floor":9,"key":"Orichalcum"}],"event_choices":[{"damage_healed":0,"gold_gain":0,"player_choice":"Box","damage_taken":0,"relics_obtained":["Gremlin Horn"],"max_hp_gain":0,"max_hp_loss":0,"event_name":"Big Fish","floor":2,"gold_loss":0,"cards_obtained":["Regret"]},{"damage_healed":0,"gold_gain":0,"player_choice":"Success","damage_taken":7,"relics_obtained":["Eternal Feather"],"max_hp_gain":0,"max_hp_loss":0,"event_name":"Scrap Ooze","floor":3,"gold_loss":0},{"cards_removed":["Strike_B"],"damage_healed":0,"gold_gain":0,"player_choice":"Forget","damage_taken":0,"max_hp_gain":0,"max_hp_loss":0,"event_name":"Living Wall","floor":12,"gold_loss":0},{"cards_removed":["Strike_B"],"damage_healed":0,"gold_gain":0,"player_choice":"Gave Gold","damage_taken":0,"max_hp_gain":0,"max_hp_loss":0,"event_name":"Beggar","floor":19,"gold_loss":75},{"damage_healed":0,"gold_gain":0,"player_choice":"Rummage","damage_taken":0,"relics_obtained":["WarpedTongs"],"max_hp_gain":0,"max_hp_loss":0,"event_name":"Accursed Blacksmith","floor":20,"gold_loss":0,"cards_obtained":["Pain"]}],"is_beta":false,"boss_relics":[{"not_picked":["Calling Bell","Astrolabe"],"picked":"Snecko Eye"}],"items_purged_floors":[4],"is_endless":false,"potions_floor_spawned":[1,5,7,13,16,18,22],"killed_by":"Gremlin Leader","ascension_level":4}}