{"host":"e0rtortnmozl44qq","time":1614106187,"event":{"mods":["AchievementEnabler","Act Like it!","BaseMod","Colored Map","Highlight Path","Marisa????????","Minty Spire (QoL Compilation)","Permanent Neow","StSLib","SuperFastMode"],"gold_per_floor":[109,109,109,126,3,3,31,51,74,74,93,103,103,113,113,215,215,227,227,245,264,277,277,296,321,321,321,335,350,368,387,387,484,484,499,248,265,265,276,276,295,295,375,425,425,436,446,446,446,446],"floor_reached":51,"language":"ENG","playtime":4877,"items_purged":["Strike_R","Strike_R"],"score":939,"play_id":"fcd8d66c-1171-4feb-9a8f-b2c04e10321e","local_time":"20210223194947","is_ascension_mode":true,"campfire_choices":[{"data":"Barricade","floor":6.0,"key":"SMITH"},{"data":"Shrug It Off","floor":10.0,"key":"SMITH"},{"data":"Iron Wave","floor":13.0,"key":"SMITH"},{"data":"Defend_R","floor":15.0,"key":"SMITH"},{"data":"Body Slam","floor":23,"key":"SMITH"},{"floor":32,"key":"REST"},{"data":"Juggernaut","floor":40,"key":"SMITH"},{"floor":42,"key":"REST"},{"floor":49,"key":"REST"}],"circlet_count":0,"master_deck":["Strike_R","Strike_R+1","Strike_R","Defend_R","Defend_R","Defend_R","Defend_R+1","Bash+1","Barricade+1","Iron Wave+1","Ghostly Armor","Shrug It Off+1","Battle Trance","Offering","Juggernaut+1","Body Slam+1","Body Slam+1","Juggernaut+1","Body Slam+1","Body Slam+1"],"relics":["Burning Blood","Red Skull","Calipers","Omamori","SlaversCollar","Blood Vial","InkBottle","Bottled Lightning","Peace Pipe"],"acts_visited":["Exordium","TheCity","TheBeyond"],"potions_floor_usage":[22,22,24,25,25,28,30,31,35,37,39,39,41,50,50],"damage_taken":[{"damage":16.0,"enemies":"Jaw Worm","floor":1.0,"turns":4.0},{"damage":0.0,"enemies":"Small Slimes","floor":4.0,"turns":4.0},{"damage":9.0,"enemies":"Lagavulin","floor":7.0,"turns":13.0},{"damage":4.0,"enemies":"Cultist","floor":8.0,"turns":5.0},{"damage":0.0,"enemies":"2 Fungi Beasts","floor":11.0,"turns":7.0},{"damage":9.0,"enemies":"Gremlin Gang","floor":12.0,"turns":9.0},{"damage":6.0,"enemies":"Looter","floor":14.0,"turns":2.0},{"damage":14.0,"enemies":"The Guardian","floor":16.0,"turns":14.0},{"damage":15.0,"enemies":"3 Byrds","floor":18.0,"turns":8.0},{"damage":7.0,"enemies":"Shell Parasite","floor":20.0,"turns":5.0},{"damage":9.0,"enemies":"Shelled Parasite and Fungi","floor":21.0,"turns":6.0},{"damage":23,"enemies":"Snake Plant","floor":22,"turns":4},{"damage":6,"enemies":"3 Cultists","floor":24,"turns":3},{"damage":23,"enemies":"Slavers","floor":25,"turns":4},{"damage":6,"enemies":"Sentry and Sphere","floor":28,"turns":3},{"damage":14,"enemies":"Snake Plant","floor":29,"turns":3},{"damage":16,"enemies":"Centurion and Healer","floor":30,"turns":5},{"damage":6,"enemies":"3 Cultists","floor":31,"turns":4},{"damage":6,"enemies":"Automaton","floor":33,"turns":7},{"damage":18,"enemies":"3 Darklings","floor":35,"turns":6},{"damage":3,"enemies":"Orb Walker","floor":37,"turns":2},{"damage":33,"enemies":"3 Darklings","floor":39,"turns":3},{"damage":21,"enemies":"Spire Growth","floor":41,"turns":5},{"damage":6,"enemies":"Mind Bloom Boss Battle","floor":44,"turns":5},{"damage":26,"enemies":"4 Shapes","floor":46,"turns":7},{"damage":44,"enemies":"Maw","floor":47,"turns":6},{"damage":24,"enemies":"Time Eater","floor":50,"turns":8}],"seed_played":"-8178222594133780333","potions_obtained":[{"floor":4.0,"key":"AttackPotion"},{"floor":8.0,"key":"DuplicationPotion"},{"floor":12.0,"key":"DuplicationPotion"},{"floor":18.0,"key":"BloodPotion"},{"floor":20.0,"key":"ColorlessPotion"},{"floor":21,"key":"EntropicBrew"},{"floor":22,"key":"Energy Potion"},{"floor":25,"key":"Swift Potion"},{"floor":27,"key":"DistilledChaos"},{"floor":27,"key":"Block Potion"},{"floor":33,"key":"Fire Potion"},{"floor":41,"key":"Fruit Juice"},{"floor":44,"key":"Dexterity Potion"},{"floor":47,"key":"LiquidMemories"}],"is_trial":false,"path_per_floor":["M","?","?","M","$","R","E","M","T","R","M","M","R","M","R","B",null,"M","?","M","M","M","R","M","E","T","?","M","M","M","M","R","B",null,"M","$","M","$","M","R","M","R","T","?","?","M","M","?","R","B",null],"character_chosen":"IRONCLAD","items_purchased":["Shrug It Off","Energy Potion","AttackPotion","SkillPotion"],"campfire_rested":3,"item_purchase_floors":[5,36,36,36],"current_hp_per_floor":[62,48,41,47,47,47,44,46,46,46,52,49,49,49,49,41,64,55,55,54,51,48,48,48,31,31,31,33,27,19,21,42,44,65,55,55,60,60,35,35,27,50,50,52,87,67,31,31,57,41],"gold":446,"neow_bonus":"THREE_RARE_CARDS","is_daily":false,"chose_seed":false,"campfire_upgraded":6,"win_rate":0.0,"timestamp":1614106187,"path_taken":["M","?","?","M","?","R","E","M","T","R","M","M","R","M","R","BOSS","M","?","M","?","M","R","M","E","T","?","M","?","M","M","R","BOSS","M","$","M","$","?","R","M","R","T","?","?","M","?","?","R","BOSS"],"items_purchased_type":["Card","Potion","Potion","Potion"],"build_version":"2020-12-22","purchased_purges":2,"victory":true,"max_hp_per_floor":[72,72,72,72,72,72,72,72,72,72,72,72,72,72,72,72,72,72,72,72,72,72,72,72,72,72,72,72,72,72,72,72,72,72,72,72,72,72,72,72,77,77,77,77,87,87,87,87,87,87],"card_choices":[{"not_picked":["Juggernaut","Limit Break"],"picked":"Barricade","floor":0.0},{"not_picked":["Intimidate","Inflame"],"picked":"Iron Wave","floor":1.0},{"not_picked":["Fire Breathing","Iron Wave"],"picked":"Ghostly Armor","floor":4.0},{"not_picked":["Heavy Blade","Perfected Strike","Thunderclap"],"picked":"SKIP","floor":7.0},{"not_picked":["Warcry","True Grit"],"picked":"Battle Trance","floor":8.0},{"not_picked":["Sword Boomerang","Evolve","Clash"],"picked":"SKIP","floor":11.0},{"not_picked":["Sentinel","Bloodletting"],"picked":"Offering","floor":12.0},{"not_picked":["Perfected Strike","Carnage","Shockwave"],"picked":"SKIP","floor":14.0},{"not_picked":["Immolate","Double Tap"],"picked":"Juggernaut","floor":16.0},{"not_picked":["Intimidate+1","Disarm"],"picked":"Body Slam+1","floor":18.0},{"not_picked":["True Grit","Wild Strike"],"picked":"Body Slam","floor":20.0},{"not_picked":["Havoc","Armaments","Clash"],"picked":"SKIP","floor":21},{"not_picked":["Whirlwind","Sword Boomerang+1","Warcry"],"picked":"SKIP","floor":22},{"not_picked":["Thunderclap","Pommel Strike"],"picked":"Juggernaut","floor":24},{"not_picked":["Iron Wave","Barricade"],"picked":"Juggernaut","floor":25},{"not_picked":["Thunderclap+1","Anger","Disarm+1"],"picked":"SKIP","floor":28},{"not_picked":["Sentinel","Fire Breathing+1","Rage"],"picked":"SKIP","floor":29},{"not_picked":["Sword Boomerang","Twin Strike+1","Wild Strike"],"picked":"SKIP","floor":30},{"not_picked":["Power Through+1","Flex","Wild Strike"],"picked":"SKIP","floor":31},{"not_picked":["Havoc","Combust+1"],"picked":"Body Slam+1","floor":35},{"not_picked":["Ghostly Armor","Anger+1","Clash+1"],"picked":"SKIP","floor":37},{"not_picked":["Armaments+1","Infernal Blade+1"],"picked":"Body Slam+1","floor":39},{"not_picked":["Sever Soul","Armaments","Sword Boomerang+1"],"picked":"SKIP","floor":41},{"not_picked":["Perfected Strike","Dark Embrace","Heavy Blade+1"],"picked":"SKIP","floor":46},{"not_picked":["Warcry","Havoc","Corruption"],"picked":"SKIP","floor":47}],"player_experience":86525,"relics_obtained":[{"floor":7.0,"key":"Calipers"},{"floor":9.0,"key":"Omamori"},{"floor":25,"key":"Blood Vial"},{"floor":26,"key":"InkBottle"},{"floor":43,"key":"Bottled Lightning"},{"floor":44,"key":"Peace Pipe"}],"event_choices":[{"damage_healed":0.0,"max_hp_gain":0.0,"max_hp_loss":0.0,"gold_gain":0.0,"event_name":"Shining Light","player_choice":"Entered Light","floor":2.0,"gold_loss":0.0,"damage_taken":14.0,"cards_upgraded":["Bash","Strike_R"]},{"damage_healed":0.0,"max_hp_gain":0.0,"max_hp_loss":0.0,"gold_gain":0.0,"event_name":"Scrap Ooze","player_choice":"Success","floor":3.0,"gold_loss":0.0,"damage_taken":7.0,"relics_obtained":["Red Skull"]},{"damage_healed":0.0,"max_hp_gain":0.0,"max_hp_loss":0.0,"gold_gain":0.0,"event_name":"Upgrade Shrine","player_choice":"Upgraded","floor":19.0,"gold_loss":0.0,"damage_taken":0.0,"cards_upgraded":["Juggernaut"]},{"damage_healed":0,"gold_gain":0,"player_choice":"Got Potions","damage_taken":0,"max_hp_gain":0,"max_hp_loss":0,"event_name":"Lab","floor":27,"gold_loss":0},{"damage_healed":0,"gold_gain":0,"player_choice":"Fight","damage_taken":0,"max_hp_gain":0,"max_hp_loss":0,"event_name":"MindBloom","floor":44,"gold_loss":0},{"cards_removed":["Juggernaut"],"damage_healed":25,"gold_gain":0,"player_choice":"Offered Rare","damage_taken":0,"max_hp_gain":10,"max_hp_loss":0,"event_name":"Bonfire Elementals","floor":45,"gold_loss":0},{"damage_healed":0,"gold_gain":0,"player_choice":"Ignored","damage_taken":0,"max_hp_gain":0,"max_hp_loss":0,"event_name":"Mysterious Sphere","floor":48,"gold_loss":0}],"is_beta":false,"boss_relics":[{"not_picked":["Calling Bell","Sozu"],"picked":"SlaversCollar"},{"not_picked":["Mark of Pain","Snecko Eye","Coffee Dripper"]}],"items_purged_floors":[5,36],"is_endless":false,"potions_floor_spawned":[4,8,12,18,20,21,22,25,33,41,44,47],"ascension_level":7}}