{"host":"zuf44wbx6j0c4h1p","time":1614115112,"event":{"mods":["2.2 Compatiblity","Aspiration","BaseMod","Bossed Relics","Infinite Spire","Minty Spire (QoL Compilation)","Replay The Spire","SCP261 Mod","Shapeshifter Mod","Shop Mod","Small Relic Pack","Spicy Shops","Spire Arcade","StSLib","Uncapped","Wandering Minibosses","thorton"],"gold_per_floor":[117,220,220,185,196,196,228,241,294,313,313,331,32,47,47,150,150,165,165,180,180,192,192,141,141,141,168,186,186,186],"floor_reached":29,"language":"ENG","playtime":1517,"items_purged":["StSShapeShifter:ShapeShifter_Strike"],"score":245,"play_id":"f68a6e72-8c14-448a-a532-944334cc8c23","local_time":"20210223151832","is_ascension_mode":false,"campfire_choices":[{"floor":6,"key":"RECALL"},{"floor":15,"key":"REST"},{"floor":23,"key":"REST"},{"data":"StSShapeShifter:SunflowerShuriken","floor":25,"key":"SMITH"}],"circlet_count":0,"master_deck":["StSShapeShifter:ShapeShifter_Strike","StSShapeShifter:ShapeShifter_Defend","StSShapeShifter:ShapeShifter_Defend","StSShapeShifter:ShapeShifter_Defend","StSShapeShifter:ShapeShifter_Defend","StSShapeShifter:Tortoise_Form","StSShapeShifter:Lynx_Form","StSShapeShifter:SunflowerShuriken+1","StSShapeShifter:SunflowerShuriken","StSShapeShifter:BarkSkin","StSShapeShifter:FlowerShield","StSShapeShifter:ShiftingStrike","StSShapeShifter:RockSlide","StSShapeShifter:Efflorescence","StSShapeShifter:UnicornForm","StSShapeShifter:Synchronicity","StSShapeShifter:PowerShifter","ReplayTheSpireMod:Muscle Training","relicPack:TruthCard","Metamorphosis","Glass Knife","StSShapeShifter:HydraForm","StSShapeShifter:Flourish+1","Armaments","StSShapeShifter:ThornToss+1"],"relics":["StSShapeShifter:AnimalHeart","StSShapeShifter:TheShapeShiftersMagnolia","aspiration:Nostalgia","Sizzling Blood","Letter Opener","MerchantsRug","aspiration:IroncladSkillbook","relicPack:EdsArm","aspiration:RitualStick","aspiration:DSix","Iron Hammer","Replay:Arrowhead"],"acts_visited":["Exordium","TheCity"],"potions_floor_usage":[7,16,18,27,27,28,29],"damage_taken":[{"damage":0,"enemies":"2 Louse","floor":1,"turns":2},{"damage":3,"enemies":"Jaw Worm","floor":5,"turns":3},{"damage":40,"enemies":"Gremlin Nob","floor":7,"turns":5},{"damage":1,"enemies":"Cultist","floor":8,"turns":3},{"damage":8,"enemies":"2 Fungi Beasts","floor":10,"turns":4},{"damage":0,"enemies":"3 Louse","floor":12,"turns":3},{"damage":10,"enemies":"Looter","floor":14,"turns":3},{"damage":44,"enemies":"Fading Forest","floor":16,"turns":11},{"damage":10,"enemies":"3 Byrds","floor":18,"turns":4},{"damage":32,"enemies":"2 Thieves","floor":20,"turns":4},{"damage":6,"enemies":"Centurion and Healer","floor":22,"turns":4},{"damage":34,"enemies":"Book of Stabbing","floor":27,"turns":4},{"damage":32,"enemies":"Snake Plant","floor":28,"turns":4},{"damage":16,"enemies":"Slavers","floor":29,"turns":3}],"seed_played":"5803023447165201823","potions_obtained":[{"floor":5,"key":"Weak Potion"},{"floor":8,"key":"SCP261:ClockworkPotion"},{"floor":10,"key":"SCP261:BlastolaColaPotion"},{"floor":16,"key":"Block Potion"},{"floor":20,"key":"Strength Potion"},{"floor":22,"key":"Energy Potion"},{"floor":28,"key":"ColorlessPotion"}],"is_trial":false,"path_per_floor":["M","?","?","?","M","R","E","M","T","M","?","M","$","M","R","B",null,"M","?","M","?","M","R","?","R","T","E","M","E"],"character_chosen":"SHAPESHIFTER","items_purchased":["StSShapeShifter:Synchronicity","MerchantsRug"],"campfire_rested":2,"item_purchase_floors":[13,13],"current_hp_per_floor":[82,62,62,82,82,82,46,49,49,45,45,49,49,43,67,48,82,82,77,53,38,40,62,62,62,62,36,12,0,0],"gold":186,"neow_bonus":"NOSTALGIA","is_daily":false,"chose_seed":false,"campfire_upgraded":1,"win_rate":0.0,"timestamp":1614115112,"path_taken":["M","?","?","?","M","R","E","M","T","?","?","M","$","M","R","BOSS","M","?","M","?","M","R","?","R","T","E","M","E"],"items_purchased_type":["Card","Relic"],"build_version":"2020-12-22","purchased_purges":1,"victory":false,"max_hp_per_floor":[82,82,82,82,82,82,82,82,82,82,82,82,82,82,82,82,82,82,77,77,77,75,75,75,75,75,75,75,75,75],"card_choices":[{"not_picked":["StSShapeShifter:FlowerShield","StSShapeShifter:ClimbTree"],"picked":"StSShapeShifter:SunflowerShuriken","floor":1},{"not_picked":["StSShapeShifter:TopazSkin","StSShapeShifter:SunflowerShuriken"],"picked":"StSShapeShifter:ShiftingStrike","floor":2},{"not_picked":["StSShapeShifter:Sapling","StSShapeShifter:Evolution"],"picked":"StSShapeShifter:SunflowerShuriken","floor":2},{"not_picked":["StSShapeShifter:SunflowerShuriken","StSShapeShifter:MultiSpiritedStrike"],"picked":"StSShapeShifter:BarkSkin","floor":2},{"not_picked":["StSShapeShifter:Guard","StSShapeShifter:ClimbTree"],"picked":"StSShapeShifter:FlowerShield","floor":5},{"not_picked":["StSShapeShifter:BladeOfGrass","StSShapeShifter:OakBlade"],"picked":"StSShapeShifter:ShiftingStrike","floor":7},{"not_picked":["StSShapeShifter:HydraForm","StSShapeShifter:Wildfire2"],"picked":"StSShapeShifter:RockSlide","floor":8},{"not_picked":["StSShapeShifter:BloomingSlash","StSShapeShifter:SpiritOfTheEarth"],"picked":"StSShapeShifter:Efflorescence","floor":10},{"not_picked":["StSShapeShifter:Roar","StSShapeShifter:FesteringBite","StSShapeShifter:DeerForm"],"picked":"SKIP","floor":12},{"not_picked":["StSShapeShifter:FlowerShield","StSShapeShifter:PantherForm"],"picked":"StSShapeShifter:ReplenishingNectar","floor":14},{"not_picked":["StSShapeShifter:RestoreBalance","StSShapeShifter:MooseForm"],"picked":"StSShapeShifter:PowerShifter","floor":16},{"not_picked":["StSShapeShifter:SpiritOfTheEarth","StSShapeShifter:SquirrelForm","Thunderclap"],"picked":"ReplayTheSpireMod:Muscle Training","floor":18},{"not_picked":["StSShapeShifter:DeerForm","Replay:Many Hands","True Grit+1"],"picked":"StSShapeShifter:Flourish+1","floor":20},{"not_picked":["StSShapeShifter:SquirrelForm","ReplayTheSpireMod:Strike From Hell+1","StSShapeShifter:BearForm+1","Battle Trance+1"],"picked":"SKIP","floor":22},{"not_picked":["StSShapeShifter:OakBlade","StSShapeShifter:AdaptiveStrikes+1","StSShapeShifter:BearForm"],"picked":"Armaments","floor":27},{"not_picked":["ReplayTheSpireMod:Muscle Training","Shrug It Off+1","StSShapeShifter:Maul+1"],"picked":"StSShapeShifter:ThornToss+1","floor":28}],"player_experience":70070,"relics_obtained":[{"floor":7,"key":"Letter Opener"},{"floor":26,"key":"Iron Hammer"},{"floor":27,"key":"Replay:Arrowhead"}],"event_choices":[{"damage_healed":0,"gold_gain":0,"player_choice":"Ignored","damage_taken":0,"max_hp_gain":0,"max_hp_loss":0,"event_name":"Liars Game","floor":3,"gold_loss":0},{"damage_healed":20,"gold_gain":0,"player_choice":"Healed","damage_taken":0,"max_hp_gain":0,"max_hp_loss":0,"event_name":"The Cleric","floor":4,"gold_loss":35},{"damage_healed":0,"gold_gain":0,"player_choice":"Paid Gold","damage_taken":0,"relics_obtained":["aspiration:DSix"],"max_hp_gain":0,"max_hp_loss":0,"event_name":"WeMeetAgain","floor":24,"gold_loss":51}],"is_beta":false,"boss_relics":[{"not_picked":["ChewingGum","Velvet Choker"],"picked":"aspiration:IroncladSkillbook"}],"items_purged_floors":[13],"is_endless":false,"potions_floor_spawned":[5,8,10,16,20,22,28],"killed_by":"Slavers","ascension_level":0}}