{"host":"cc6r8m2qe4jvlwua","time":1614121071,"event":{"mods":["BaseMod","Minty Spire (QoL Compilation)","Morshu Shopkeeper","Replay The Spire","StSLib"],"gold_per_floor":[115,47,47,64,158,158,185,204,204,204,234,234,250,28,28,125,125,136,149,49,49,49,49,49,69,115,115,129,4,24,34,34,138,138,152,152,169,194,214,249,94,117,171,200,200,0,0,28,40,66],"floor_reached":51,"language":"ENG","playtime":2501,"items_purged":["Defend_R","Strike_R","Strike_R"],"score":815,"play_id":"ccc6f179-f631-4e07-ba61-4110a9708d5a","local_time":"20210223165751","is_ascension_mode":true,"campfire_choices":[{"data":"Inflame","floor":6,"key":"SMITH"},{"data":"Strike_R","floor":15,"key":"PURGE"},{"data":"Demon Form","floor":27,"key":"SMITH"},{"data":"Barricade","floor":32,"key":"SMITH"},{"floor":47,"key":"DIG"},{"floor":49,"key":"REST"}],"circlet_count":0,"master_deck":["Defend_R","Defend_R","Defend_R","Inflame+1","Uppercut","Fiend Fire","Shrug It Off","Pummel","Heavy Blade+1","Flame Barrier+1","Twin Strike","Spot Weakness+1","Barricade+1","Demon Form+1","Warcry","Uppercut"],"relics":["Burning Blood","NeowsBlessing","Replay:Multitool","Gremlin Horn","Odd Mushroom","Busted Crown","Tiny Chest","Velvet Choker","Potion Belt","Replay:Bandana","Lee\u0027s Waffle","War Paint","Red Mask","Replay:WaspNest","MawBank"],"acts_visited":["Exordium","TheCity","TheBeyond"],"potions_floor_usage":[16,25,31,35,50,50,50],"damage_taken":[{"damage":0,"enemies":"Cultist","floor":1,"turns":1},{"damage":0,"enemies":"Small Slimes","floor":4,"turns":1},{"damage":0,"enemies":"Lagavulin","floor":7,"turns":1},{"damage":3,"enemies":"Jaw Worm","floor":8,"turns":2},{"damage":13,"enemies":"The Mushroom Lair","floor":11,"turns":4},{"damage":6,"enemies":"Large Slime","floor":13,"turns":4},{"damage":35,"enemies":"Fading Forest","floor":16,"turns":11},{"damage":15,"enemies":"2 Thieves","floor":18,"turns":4},{"damage":0,"enemies":"Shell Parasite","floor":19,"turns":4},{"damage":7,"enemies":"Shelled Parasite and Fungi","floor":25,"turns":5},{"damage":19,"enemies":"Chosen and Byrds","floor":28,"turns":5},{"damage":14,"enemies":"Snecko","floor":30,"turns":4},{"damage":6,"enemies":"Snake Plant","floor":31,"turns":3},{"damage":30,"enemies":"Champ","floor":33,"turns":8},{"damage":5,"enemies":"3 Shapes","floor":35,"turns":5},{"damage":30,"enemies":"3 Darklings","floor":37,"turns":4},{"damage":4,"enemies":"4 Shapes","floor":39,"turns":6},{"damage":24,"enemies":"Giant Head","floor":40,"turns":6},{"damage":19,"enemies":"Sphere and 2 Shapes","floor":42,"turns":4},{"damage":0,"enemies":"Maw","floor":44,"turns":7},{"damage":53,"enemies":"Nemesis","floor":48,"turns":5},{"damage":50,"enemies":"Awakened One","floor":50,"turns":9}],"seed_played":"-2926381239403181789","potions_obtained":[{"floor":4,"key":"GamblersBrew"},{"floor":11,"key":"AttackPotion"},{"floor":30,"key":"EssenceOfSteel"},{"floor":31,"key":"Regen Potion"},{"floor":33,"key":"Strength Potion"},{"floor":35,"key":"Dexterity Potion"},{"floor":37,"key":"SpeedPotion"}],"is_trial":false,"path_per_floor":["M","$","?","M","?","R","E","M","T","?","?","?","M","$","R","B",null,"M","M","$","?","?","R","$","M","T","R","M","$","M","M","R","B",null,"M","?","M","T","M","E","$","M","T","M","?","?","R","E","R","B",null],"character_chosen":"IRONCLAD","items_purchased":["Uppercut","Barricade","Lee\u0027s Waffle"],"campfire_rested":1,"item_purchase_floors":[2,14,41],"current_hp_per_floor":[80,80,80,80,60,60,66,69,69,62,55,55,55,55,55,46,80,71,77,77,77,77,80,80,79,79,79,66,66,58,58,58,34,80,80,80,56,56,58,40,87,74,74,80,80,80,80,33,59,30],"gold":78,"neow_bonus":"THREE_ENEMY_KILL","is_daily":false,"chose_seed":false,"campfire_upgraded":3,"win_rate":0.0,"timestamp":1614121071,"path_taken":["M","$","?","?","?","R","E","M","T","?","?","?","?","$","R","BOSS","M","?","$","?","?","R","$","?","T","R","M","?","M","M","R","BOSS","M","?","?","?","M","E","$","M","T","M","?","?","R","E","R","BOSS"],"items_purchased_type":["Card","Card","Relic"],"build_version":"2020-12-22","purchased_purges":3,"victory":true,"max_hp_per_floor":[80,80,80,80,80,80,80,80,80,80,80,80,80,80,80,80,80,80,80,80,80,80,80,80,80,80,80,80,80,80,80,80,80,80,80,80,80,80,80,80,87,87,87,87,87,87,87,87,87,87],"card_choices":[{"not_picked":["Anger","Wild Strike"],"picked":"Inflame","floor":1},{"not_picked":["Sentinel","Searing Blow"],"picked":"Shrug It Off","floor":4},{"not_picked":["ReplayTheSpireMod:Muscle Training","Iron Wave"],"picked":"Pummel","floor":5},{"not_picked":["Disarm","Sword Boomerang"],"picked":"Heavy Blade","floor":5},{"not_picked":["Fiend Fire","ReplayTheSpireMod:Strike From Hell"],"picked":"Flame Barrier","floor":5},{"not_picked":["Blood for Blood","Havoc"],"picked":"Twin Strike","floor":7},{"not_picked":["Sword Boomerang","Pommel Strike"],"picked":"Spot Weakness","floor":8},{"not_picked":["Anger","Headbutt","Replay:Undeath\u0027s Touch"],"picked":"SKIP","floor":13},{"not_picked":["Demonic Infusion","Double Tap"],"picked":"Demon Form","floor":16},{"not_picked":["Perfected Strike"],"picked":"SKIP","floor":18},{"not_picked":[],"picked":"Warcry","floor":19},{"not_picked":["Thunderclap+1"],"picked":"SKIP","floor":25},{"not_picked":["Iron Wave"],"picked":"SKIP","floor":28},{"not_picked":["Shockwave"],"picked":"SKIP","floor":30},{"not_picked":["Headbutt"],"picked":"SKIP","floor":31},{"not_picked":["Twin Strike"],"picked":"SKIP","floor":35},{"not_picked":["Headbutt"],"picked":"SKIP","floor":37},{"not_picked":["Twin Strike"],"picked":"SKIP","floor":39},{"not_picked":["Body Slam+1"],"picked":"SKIP","floor":40},{"not_picked":["Clothesline+1"],"picked":"SKIP","floor":42},{"not_picked":["Shrug It Off"],"picked":"SKIP","floor":44},{"not_picked":["ReplayTheSpireMod:LeadingStrike"],"picked":"SKIP","floor":48}],"player_experience":193452,"relics_obtained":[{"floor":7,"key":"Replay:Multitool"},{"floor":9,"key":"Gremlin Horn"},{"floor":11,"key":"Odd Mushroom"},{"floor":26,"key":"Tiny Chest"},{"floor":38,"key":"Potion Belt"},{"floor":40,"key":"Replay:Bandana"},{"floor":43,"key":"War Paint"},{"floor":47,"key":"Replay:WaspNest"},{"floor":48,"key":"MawBank"}],"event_choices":[{"damage_healed":0,"gold_gain":0,"cards_transformed":["Bash"],"player_choice":"Transformed","damage_taken":0,"max_hp_gain":0,"max_hp_loss":0,"event_name":"Transmorgrifier","floor":3,"gold_loss":0,"cards_obtained":["Fiend Fire"]},{"cards_removed":["Strike_R"],"damage_healed":0,"gold_gain":0,"player_choice":"Card Removal","damage_taken":7,"max_hp_gain":0,"max_hp_loss":0,"event_name":"Golden Wing","floor":10,"gold_loss":0},{"damage_healed":0,"gold_gain":0,"player_choice":"Fought Mushrooms","damage_taken":0,"max_hp_gain":0,"max_hp_loss":0,"event_name":"Mushrooms","floor":11,"gold_loss":0},{"damage_healed":0,"gold_gain":0,"player_choice":"Ignored","damage_taken":0,"max_hp_gain":0,"max_hp_loss":0,"event_name":"Ghosts","floor":21,"gold_loss":0},{"damage_healed":0,"gold_gain":0,"player_choice":"Copied","damage_taken":0,"max_hp_gain":0,"max_hp_loss":0,"event_name":"Duplicator","floor":22,"gold_loss":0,"cards_obtained":["Uppercut"]},{"damage_healed":0,"gold_gain":0,"player_choice":"Bought 0 Potions","damage_taken":0,"max_hp_gain":0,"max_hp_loss":0,"event_name":"The Woman in Blue","floor":36,"gold_loss":0},{"damage_healed":0,"gold_gain":0,"player_choice":"Memory 1","damage_taken":0,"max_hp_gain":0,"max_hp_loss":0,"event_name":"SensoryStone","floor":45,"gold_loss":0},{"damage_healed":0,"gold_gain":0,"player_choice":"Paid","damage_taken":0,"relics_obtained":["Red Mask"],"max_hp_gain":0,"max_hp_loss":0,"event_name":"Tomb of Lord Red Mask","floor":46,"gold_loss":200}],"is_beta":false,"boss_relics":[{"not_picked":["Ring of Chaos","Runic Pyramid"],"picked":"Busted Crown"},{"not_picked":["Replay:Bronze Core","Calling Bell"],"picked":"Velvet Choker"}],"items_purged_floors":[14,20,29],"is_endless":false,"potions_floor_spawned":[4,11,30,31,33,35,37],"ascension_level":1}}