{"host":"g907ck67u7c3hrs6","time":1614089835,"event":{"mods":["BaseMod","Colored Map","DeckTracker","Force Act Four","Highlight Path","Keyboard Shortcuts","Minty Spire (QoL Compilation)","Permanent Neow","Say the Spire","SuperFastMode"],"gold_per_floor":[111,127,140,151,162,162,162,162,162,200,200,200,243,243,243,337,337,337],"floor_reached":17,"language":"KOR","playtime":278,"items_purged":[],"score":530,"play_id":"f1366a3c-8571-46a0-a56c-9d7088175435","local_time":"20210223231715","daily_mods":["SealedDeck","Heirloom","Time Dilation","Flight","DeadlyEvents","Elite Swarm"],"is_ascension_mode":true,"campfire_choices":[{"data":"Accuracy","floor":6,"key":"SMITH"},{"data":"Blade Dance","floor":7,"key":"SMITH"},{"data":"Blade Dance","floor":8,"key":"SMITH"},{"data":"Burst","floor":12,"key":"SMITH"},{"data":"Cloak And Dagger","floor":15,"key":"SMITH"}],"circlet_count":0,"master_deck":["AscendersBane","PiercingWail","Cloak And Dagger","Blade Dance+1","Accuracy+1","Blade Dance+1","Acrobatics","Acrobatics","Backflip","Calculated Gamble","Reflex","Leg Sweep","Blur","Cloak And Dagger+1","Burst+1","Adrenaline"],"relics":["Ring of the Snake","Lizard Tail","Bottled Tornado","CeramicFish","Golden Idol","The Specimen","Runic Pyramid"],"acts_visited":["Exordium","TheCity"],"potions_floor_usage":[],"damage_taken":[{"damage":6,"enemies":"Small Slimes","floor":1,"turns":2},{"damage":0,"enemies":"2 Louse","floor":2,"turns":2},{"damage":0,"enemies":"Jaw Worm","floor":3,"turns":2},{"damage":0,"enemies":"2 Fungi Beasts","floor":4,"turns":1},{"damage":8,"enemies":"Red Slaver","floor":5,"turns":2},{"damage":0,"enemies":"Gremlin Nob","floor":10,"turns":2},{"damage":0,"enemies":"Lagavulin","floor":13,"turns":2},{"damage":0,"enemies":"Slime Boss","floor":16,"turns":2}],"seed_played":"-3986745265772637894","potions_obtained":[{"floor":2,"key":"AttackPotion"},{"floor":4,"key":"FairyPotion"}],"is_trial":true,"path_per_floor":["M","M","M","M","M","R","R","R","T","E","?","R","E","?","R","B",null],"character_chosen":"THE_SILENT","items_purchased":[],"campfire_rested":0,"item_purchase_floors":[],"current_hp_per_floor":[53,53,53,53,45,45,45,45,45,45,22,22,22,22,22,22,55,55],"gold":337,"neow_bonus":"","is_daily":false,"chose_seed":false,"campfire_upgraded":5,"win_rate":0.0,"timestamp":1614089835,"path_taken":["M","M","M","M","M","R","R","R","T","E","?","R","E","?","R","BOSS"],"items_purchased_type":[],"build_version":"2020-12-22","purchased_purges":0,"victory":false,"max_hp_per_floor":[66,66,66,66,66,66,66,66,66,66,66,66,66,66,66,66,66,66],"card_choices":[{"not_picked":["Prepared","Dagger Spray"],"picked":"Leg Sweep","floor":1},{"not_picked":["Caltrops","Eviscerate","Predator"],"picked":"SKIP","floor":2},{"not_picked":["Quick Slash","Noxious Fumes"],"picked":"Blur","floor":3},{"not_picked":["Sucker Punch","Flechettes","Deadly Poison"],"picked":"SKIP","floor":4},{"not_picked":["Backstab","Flying Knee"],"picked":"Cloak And Dagger","floor":5},{"not_picked":["Tools of the Trade","Die Die Die"],"picked":"Burst","floor":10},{"not_picked":["Tools of the Trade","Envenom"],"picked":"Adrenaline","floor":13}],"player_experience":351917,"relics_obtained":[{"floor":9,"key":"Bottled Tornado"},{"floor":10,"key":"CeramicFish"},{"floor":13,"key":"The Specimen"}],"event_choices":[{"damage_healed":0,"gold_gain":0,"player_choice":"Take Damage","damage_taken":23,"relics_obtained":["Golden Idol"],"max_hp_gain":0,"max_hp_loss":0,"event_name":"Golden Idol","floor":11,"gold_loss":0},{"damage_healed":0,"gold_gain":0,"player_choice":"Ignored","damage_taken":0,"max_hp_gain":0,"max_hp_loss":0,"event_name":"Liars Game","floor":14,"gold_loss":0}],"is_beta":false,"boss_relics":[{"not_picked":["Calling Bell","Philosopher\u0027s Stone"],"picked":"Runic Pyramid"}],"items_purged_floors":[],"is_endless":false,"potions_floor_spawned":[2,4,10,16],"ascension_level":20}}