{"host":"8vqkh0x3c7vpgzzm","time":1614106272,"event":{"mods":["AchievementEnabler","BaseMod","Colored Map","Colored Powertips","Curses Come First","DeckTracker","Highlight Path","Minty Spire (QoL Compilation)","Permanent Neow","Quick Restart","Random Character Mod","Rare Cards Sparkle","Relic Sorter","Relic Stats","StSLib","SuperFastMode","Unceasing Turn Reminder","egg","everything is the same but u backflip on backflip"],"gold_per_floor":[116,128,0,0,0,0,16,91,91,91,105,132,132,142,142,247,247,266,266,33,43,53,53,83,97,97,97,110,145,157,188,200,317,329,357,379,1390,420,436,436,462,462,462,462,478,50,50,50,50,50],"floor_reached":51,"language":"ENG","playtime":2450,"items_purged":["Strike_B","Normality","Normality"],"score":1261,"play_id":"76f4ca6a-8195-4ebb-918a-a9b46e203fbb","local_time":"20210223195112","is_ascension_mode":true,"campfire_choices":[{"data":"Zap","floor":6,"key":"SMITH"},{"floor":10,"key":"REST"},{"floor":15,"key":"REST"},{"data":"Double Energy","floor":23,"key":"SMITH"},{"data":"Defragment","floor":27,"key":"SMITH"},{"data":"Hologram","floor":30,"key":"SMITH"},{"floor":32,"key":"REST"},{"data":"Beam Cell","floor":40,"key":"SMITH"},{"data":"Panache","floor":44,"key":"SMITH"},{"floor":49,"key":"REST"}],"circlet_count":0,"master_deck":["AscendersBane","Strike_B","Strike_B+1","Defend_B","Defend_B+1","Defend_B+1","Zap+1","Dualcast+1","Beam Cell+1","Scrape+1","Steam","Go for the Eyes","Coolheaded","Double Energy+1","Hologram+1","Reboot","Melter+1","Defragment+1","Gash","Steam+1","Redo+1","Scrape+1","Steam Power+1","Biased Cognition","Swift Strike","Flash of Steel","Thinking Ahead","Flash of Steel","Blind","Violence","Panache+1","Madness","Madness"],"relics":["Empty Cage","Pen Nib","Bag of Preparation","Whetstone","Centennial Puzzle","Runic Pyramid","Potion Belt","The Courier","InkBottle","MawBank","Philosopher\u0027s Stone","Regal Pillow","PreservedInsect","Juzu Bracelet","Vajra","DataDisk","Cables","TheAbacus","Shuriken"],"acts_visited":["Exordium","TheCity","TheBeyond"],"potions_floor_usage":[24,24,29,33,50,50,50],"damage_taken":[{"damage":14,"enemies":"Small Slimes","floor":1,"turns":4},{"damage":8,"enemies":"2 Louse","floor":2,"turns":3},{"damage":0,"enemies":"Cultist","floor":7,"turns":2},{"damage":0,"enemies":"3 Louse","floor":11,"turns":2},{"damage":22,"enemies":"3 Sentries","floor":12,"turns":8},{"damage":0,"enemies":"Red Slaver","floor":14,"turns":2},{"damage":18,"enemies":"The Guardian","floor":16,"turns":11},{"damage":5,"enemies":"Shell Parasite","floor":18,"turns":4},{"damage":0,"enemies":"Spheric Guardian","floor":21,"turns":1},{"damage":0,"enemies":"Centurion and Healer","floor":22,"turns":4},{"damage":6,"enemies":"Gremlin Leader","floor":24,"turns":5},{"damage":0,"enemies":"Shelled Parasite and Fungi","floor":25,"turns":3},{"damage":0,"enemies":"3 Cultists","floor":28,"turns":4},{"damage":11,"enemies":"Slavers","floor":29,"turns":4},{"damage":4,"enemies":"Centurion and Healer","floor":31,"turns":5},{"damage":0,"enemies":"Automaton","floor":33,"turns":7},{"damage":0,"enemies":"Orb Walker","floor":35,"turns":1},{"damage":6,"enemies":"3 Shapes","floor":36,"turns":3},{"damage":1,"enemies":"Sphere and 2 Shapes","floor":39,"turns":4},{"damage":0,"enemies":"Giant Head","floor":41,"turns":4},{"damage":0,"enemies":"Maw","floor":45,"turns":5},{"damage":12,"enemies":"Awakened One","floor":50,"turns":4}],"seed_played":"-5784380071967757535","potions_obtained":[{"floor":2,"key":"Dexterity Potion"},{"floor":12,"key":"AttackPotion"},{"floor":21,"key":"LiquidBronze"},{"floor":22,"key":"Strength Potion"},{"floor":28,"key":"Weak Potion"},{"floor":31,"key":"PotionOfCapacity"},{"floor":33,"key":"EssenceOfDarkness"},{"floor":35,"key":"PotionOfCapacity"},{"floor":41,"key":"CultistPotion"}],"is_trial":false,"path_per_floor":["M","M","$","?","?","R","M","?","T","R","M","E","?","M","R","B",null,"M","?","$","M","M","R","E","M","T","R","M","E","R","M","R","B",null,"M","M","?","$","M","R","E","?","T","R","M","$","?","?","R","B",null],"character_chosen":"DEFECT","items_purchased":["Steam","Defragment","Potion Belt","Strength Potion","Regal Pillow","PreservedInsect","Juzu Bracelet","Vajra","Swift Strike","Flash of Steel","Thinking Ahead","Flash of Steel","Blind","TheAbacus","Shuriken"],"campfire_rested":4,"item_purchase_floors":[3,20,20,20,38,38,38,38,38,38,38,38,38,46,46],"current_hp_per_floor":[54,46,46,34,34,34,34,27,27,49,49,27,12,12,34,16,60,55,55,55,55,55,55,49,49,49,49,49,38,38,34,56,56,70,70,64,64,64,63,63,63,53,53,53,53,53,53,44,75,63],"gold":50,"neow_bonus":"BOSS_RELIC","is_daily":false,"chose_seed":false,"campfire_upgraded":6,"win_rate":0.0,"timestamp":1614106272,"path_taken":["M","M","$","?","?","R","?","?","T","R","?","E","?","M","R","BOSS","M","?","$","?","M","R","E","M","T","R","M","E","R","M","R","BOSS","M","M","?","$","M","R","E","?","T","R","M","$","?","?","R","BOSS"],"items_purchased_type":["Card","Card","Relic","Potion","Relic","Relic","Relic","Relic","Card","Card","Card","Card","Card","Relic","Relic"],"build_version":"2020-12-22","purchased_purges":3,"victory":true,"max_hp_per_floor":[75,75,75,75,75,75,75,75,75,75,75,75,75,75,75,75,75,75,75,75,75,75,75,75,75,75,75,75,75,75,75,75,75,75,75,75,75,75,75,75,75,75,75,75,75,75,75,75,75,75],"relic_stats":{"Regal Pillow":9,"counters":[22,90],"Pen Nib":[27],"PreservedInsect":130,"Bag of Preparation":[40],"Juzu Bracelet":0,"Whetstone":["Strike_B","Scrape"],"MawBank":108,"Cables":[6,1,2,3,0],"Centennial Puzzle":[24],"TheAbacus":[12],"Shuriken":[8],"obtain_stats":[{"Potion Belt":20,"Regal Pillow":38,"Vajra":38,"Pen Nib":4,"The Courier":24,"PreservedInsect":38,"Bag of Preparation":5,"Juzu Bracelet":38,"Whetstone":9,"Empty Cage":0,"MawBank":29,"Cables":43,"Centennial Puzzle":12,"DataDisk":41,"TheAbacus":46,"Shuriken":46,"Philosopher\u0027s Stone":34,"Cracked Core":0,"InkBottle":26,"Runic Pyramid":17},{"Potion Belt":8,"Regal Pillow":18,"Vajra":18,"Pen Nib":2,"The Courier":11,"PreservedInsect":18,"Bag of Preparation":2,"Juzu Bracelet":18,"Whetstone":3,"Empty Cage":0,"MawBank":14,"Cables":20,"Centennial Puzzle":5,"DataDisk":20,"TheAbacus":21,"Shuriken":21,"Philosopher\u0027s Stone":16,"Cracked Core":0,"InkBottle":12,"Runic Pyramid":7},{"Potion Belt":36,"Regal Pillow":73,"Vajra":73,"Pen Nib":7,"The Courier":46,"PreservedInsect":73,"Bag of Preparation":7,"Juzu Bracelet":73,"Whetstone":9,"Empty Cage":0,"MawBank":57,"Cables":81,"Centennial Puzzle":19,"DataDisk":81,"TheAbacus":86,"Shuriken":86,"Philosopher\u0027s Stone":69,"Cracked Core":0,"InkBottle":49,"Runic Pyramid":32}],"InkBottle":[33]},"card_choices":[{"not_picked":["Steam","Aggregate"],"picked":"Beam Cell","floor":1},{"not_picked":["Genetic Algorithm","BootSequence"],"picked":"Scrape","floor":2},{"not_picked":["Steam Power","Leap"],"picked":"Go for the Eyes","floor":7},{"not_picked":["Rip and Tear","Loop"],"picked":"Coolheaded","floor":11},{"not_picked":["Reprogram","Storm"],"picked":"Double Energy","floor":12},{"not_picked":["Leap","Rebound"],"picked":"Hologram","floor":14},{"not_picked":["Seek","Thunder Strike"],"picked":"Reboot","floor":16},{"not_picked":["White Noise","Barrage"],"picked":"Melter+1","floor":18},{"not_picked":["Redo","Rebound"],"picked":"Gash","floor":21},{"not_picked":["Conserve Battery","Redo"],"picked":"Steam+1","floor":22},{"not_picked":["Barrage+1","Melter+1"],"picked":"Redo+1","floor":24},{"not_picked":["Hyperbeam","Heatsinks+1","Cold Snap"],"picked":"SKIP","floor":25},{"not_picked":["Sunder","Redo"],"picked":"Scrape+1","floor":28},{"not_picked":["Barrage+1","Coolheaded+1"],"picked":"Steam Power+1","floor":29},{"not_picked":["Conserve Battery+1","Leap+1","Compile Driver+1"],"picked":"SKIP","floor":31},{"not_picked":["Electrodynamics","Core Surge"],"picked":"Biased Cognition","floor":33},{"not_picked":["Leap+1","Hello World","Storm+1"],"picked":"SKIP","floor":35},{"not_picked":["Turbo+1","Blizzard","Aggregate+1"],"picked":"SKIP","floor":36},{"not_picked":["Hello World","Fusion","Undo+1"],"picked":"SKIP","floor":39},{"not_picked":["Lockon+1","Turbo","Rebound+1"],"picked":"SKIP","floor":41},{"not_picked":["Impatience","Purity"],"picked":"Violence","floor":42},{"not_picked":["Madness","Violence"],"picked":"Panache","floor":42},{"not_picked":["Darkness+1","Redo","Go for the Eyes"],"picked":"SKIP","floor":45}],"player_experience":631839,"relics_obtained":[{"floor":9,"key":"Whetstone"},{"floor":12,"key":"Centennial Puzzle"},{"floor":24,"key":"The Courier"},{"floor":26,"key":"InkBottle"},{"floor":29,"key":"MawBank"},{"floor":41,"key":"DataDisk"},{"floor":43,"key":"Cables"}],"event_choices":[{"damage_healed":0,"gold_gain":0,"player_choice":"Success","damage_taken":12,"relics_obtained":["Pen Nib"],"max_hp_gain":0,"max_hp_loss":0,"event_name":"Scrap Ooze","floor":4,"gold_loss":0},{"damage_healed":0,"gold_gain":0,"player_choice":"Gave Potion","damage_taken":0,"relics_obtained":["Bag of Preparation"],"max_hp_gain":0,"max_hp_loss":0,"event_name":"WeMeetAgain","floor":5,"gold_loss":0},{"damage_healed":0,"gold_gain":75,"player_choice":"Touch","damage_taken":7,"max_hp_gain":0,"max_hp_loss":0,"event_name":"FaceTrader","floor":8,"gold_loss":0},{"damage_healed":0,"gold_gain":0,"player_choice":"Entered Light","damage_taken":15,"max_hp_gain":0,"max_hp_loss":0,"event_name":"Shining Light","floor":13,"gold_loss":0,"cards_upgraded":["Defend_B","Defend_B"]},{"damage_healed":0,"gold_gain":0,"player_choice":"Upgraded","damage_taken":0,"max_hp_gain":0,"max_hp_loss":0,"event_name":"Upgrade Shrine","floor":19,"gold_loss":0,"cards_upgraded":["Dualcast"]},{"damage_healed":0,"gold_gain":999,"player_choice":"Gold","damage_taken":0,"max_hp_gain":0,"max_hp_loss":0,"event_name":"MindBloom","floor":37,"gold_loss":0,"cards_obtained":["Normality","Normality"]},{"damage_healed":0,"gold_gain":0,"player_choice":"Memory 3","damage_taken":10,"max_hp_gain":0,"max_hp_loss":0,"event_name":"SensoryStone","floor":42,"gold_loss":0},{"damage_healed":0,"gold_gain":0,"player_choice":"Ignored","damage_taken":0,"max_hp_gain":0,"max_hp_loss":0,"event_name":"Mysterious Sphere","floor":47,"gold_loss":0},{"damage_healed":0,"gold_gain":0,"player_choice":"Embrace Madness","damage_taken":9,"max_hp_gain":0,"max_hp_loss":0,"event_name":"Winding Halls","floor":48,"gold_loss":0,"cards_obtained":["Madness","Madness"]}],"is_beta":false,"boss_relics":[{"not_picked":["Runic Dome","Inserter"],"picked":"Runic Pyramid"},{"not_picked":["Snecko Eye","SlaversCollar"],"picked":"Philosopher\u0027s Stone"}],"items_purged_floors":[3,38,46],"is_endless":false,"potions_floor_spawned":[2,12,21,22,28,31,33,35,41],"ascension_level":11}}