{"host":"n6lk97i3f9btdmiv","time":1614050297,"event":{"mods":["BaseMod","Colored Map","Highlight Path","Minty Spire (QoL Compilation)","StSLib"],"gold_per_floor":[118,193,193,193,207,207,238,238,238,258,274,274,310,310,310,430,430,454,454,454],"floor_reached":19,"language":"ENG","playtime":986,"items_purged":[],"score":184,"play_id":"25e559b4-937d-42cb-97e7-137a3d6dd131","local_time":"20210222221817","is_ascension_mode":true,"campfire_choices":[{"data":"Defend_P","floor":6.0,"key":"SMITH"},{"floor":8.0,"key":"REST"},{"floor":12.0,"key":"RECALL"},{"floor":15.0,"key":"REST"}],"circlet_count":0,"master_deck":["Strike_P","Defend_P","Defend_P","Defend_P","Defend_P+1","Eruption","Vigilance","PathToVictory+1","DeusExMachina","CrushJoints+1","Consecrate+1","ForeignInfluence+1"],"relics":["PureWater","Golden Idol","Happy Flower","The Courier","Bronze Scales","Anchor","Astrolabe"],"acts_visited":["Exordium","TheCity"],"potions_floor_usage":[],"damage_taken":[{"damage":1.0,"enemies":"Jaw Worm","floor":1.0,"turns":6.0},{"damage":1.0,"enemies":"2 Louse","floor":5.0,"turns":2.0},{"damage":23.0,"enemies":"Gremlin Nob","floor":7.0,"turns":5.0},{"damage":0.0,"enemies":"Cultist","floor":10.0,"turns":2.0},{"damage":0.0,"enemies":"Large Slime","floor":11.0,"turns":3.0},{"damage":39.0,"enemies":"3 Sentries","floor":13.0,"turns":12.0},{"damage":16,"enemies":"The Guardian","floor":16,"turns":9},{"damage":19,"enemies":"Spheric Guardian","floor":18,"turns":6},{"damage":0,"enemies":"Masked Bandits","floor":19,"turns":1}],"seed_played":"5333053995612548029","potions_obtained":[{"floor":1.0,"key":"Block Potion"},{"floor":7.0,"key":"Swift Potion"},{"floor":11.0,"key":"StancePotion"}],"is_trial":false,"path_per_floor":["M","?","?","?","M","R","E","R","T","M","M","R","E","?","R","B",null,"M","?"],"character_chosen":"WATCHER","items_purchased":[],"campfire_rested":2,"item_purchase_floors":[],"current_hp_per_floor":[78,67,48,48,47,47,24,47,47,47,47,47,8,1,24,8,79,60,60,60],"gold":454,"neow_bonus":"TEN_PERCENT_HP_BONUS","is_daily":false,"chose_seed":false,"campfire_upgraded":1,"win_rate":0.0,"timestamp":1614050297,"path_taken":["M","?","?","?","M","R","E","R","T","?","M","R","E","?","R","BOSS","M","?"],"items_purchased_type":[],"build_version":"2020-12-22","purchased_purges":0,"victory":false,"max_hp_per_floor":[79,79,79,79,79,79,79,79,79,79,79,79,79,79,79,79,79,79,79,79],"card_choices":[{"not_picked":["FollowUp","Halt"],"picked":"PathToVictory","floor":1.0},{"not_picked":["Consecrate","Evaluate","CutThroughFate"],"picked":"SKIP","floor":5.0},{"not_picked":["Weave","Crescendo","Halt"],"picked":"SKIP","floor":7.0},{"not_picked":["Halt","Evaluate","BowlingBash"],"picked":"SKIP","floor":10.0},{"not_picked":["Wallop","BowlingBash","Indignation"],"picked":"SKIP","floor":11.0},{"not_picked":["FollowUp","Wallop","MentalFortress"],"picked":"SKIP","floor":13.0},{"not_picked":["Establishment","Blasphemy"],"picked":"DeusExMachina","floor":16},{"not_picked":["CrushJoints","EmptyBody","Meditate"],"picked":"SKIP","floor":18}],"player_experience":440893,"relics_obtained":[{"floor":7.0,"key":"Happy Flower"},{"floor":9.0,"key":"The Courier"},{"floor":13.0,"key":"Bronze Scales"}],"event_choices":[{"damage_healed":0.0,"max_hp_gain":0.0,"max_hp_loss":0.0,"gold_gain":75.0,"event_name":"World of Goop","player_choice":"Gather Gold","floor":2.0,"gold_loss":0.0,"damage_taken":11.0},{"damage_healed":0.0,"max_hp_gain":0.0,"max_hp_loss":0.0,"gold_gain":0.0,"event_name":"Golden Idol","player_choice":"Take Damage","floor":3.0,"gold_loss":0.0,"damage_taken":19.0,"relics_obtained":["Golden Idol"]},{"damage_healed":0.0,"max_hp_gain":0.0,"max_hp_loss":0.0,"gold_gain":0.0,"event_name":"Accursed Blacksmith","player_choice":"Forge","floor":4.0,"gold_loss":0.0,"damage_taken":0.0,"cards_upgraded":["PathToVictory"]},{"damage_healed":0.0,"max_hp_gain":0.0,"max_hp_loss":0.0,"gold_gain":0.0,"event_name":"Scrap Ooze","player_choice":"Success","floor":14.0,"gold_loss":0.0,"damage_taken":7.0,"relics_obtained":["Anchor"]},{"damage_healed":0,"gold_gain":0,"player_choice":"Fought Bandits","damage_taken":0,"max_hp_gain":0,"max_hp_loss":0,"event_name":"Masked Bandits","floor":19,"gold_loss":0}],"is_beta":false,"boss_relics":[{"not_picked":["Calling Bell","Pandora\u0027s Box"],"picked":"Astrolabe"}],"items_purged_floors":[],"is_endless":false,"potions_floor_spawned":[1,7,11],"killed_by":"Masked Bandits","ascension_level":1}}