{"host":"s0nrlal5fls38heo","time":1614042622,"event":{"mods":["AchievementEnabler","BaseMod","Colored Powertips","Dark Map","Displayed Cursed Tome","Downfall","Faster Ascension Climbing","GifTheSpireLib","Minty Spire (QoL Compilation)","Permanent Neow","Rare Cards Sparkle","Relic Filter Mod","StSLib"],"gold_per_floor":[99,114,125,136,311,327,409,443,10,23,55,55,88,102,127,127,127,127],"floor_reached":16,"language":"ENG","playtime":815,"items_purged":[],"score":192,"play_id":"f0363061-62bd-4e2a-aa08-7a418323e325","local_time":"20210223021022","is_ascension_mode":true,"campfire_choices":[{"data":"hexamod:Float","floor":1.0,"key":"SMITH"},{"data":"expansioncontent:QuickStudy","floor":12.0,"key":"SMITH"}],"circlet_count":0,"master_deck":["AscendersBane","hexamod:Strike","hexamod:Strike","hexamod:Strike","hexamod:Strike","hexamod:Defend","hexamod:Defend","hexamod:Defend","hexamod:Defend","hexamod:Sear","hexamod:Float+1","hexamod:EmpoweredFlame","hexamod:FourthSeal","hexamod:SpectersWail","Doubt","hexamod:FlamesFromBeyond","hexamod:FifthSeal","hexamod:FourthSeal","hexamod:NightmareStrike","expansioncontent:QuickStudy+1","hexamod:FirstSeal","hexamod:Haunt","hexamod:ThirdSeal","hexamod:Rewind","hexamod:RadiantFlame","hexamod:FirstSeal","hexamod:SecondSeal","hexamod:FirstSeal","hexamod:FlamesFromBeyond"],"relics":["hexamod:SpiritBrand","WingedGreaves","Gremlin Horn","Toy Ornithopter","Eternal Feather","Mummified Hand","Slimebound:PreparedRelic"],"acts_visited":["Exordium"],"potions_floor_usage":[],"damage_taken":[{"damage":0.0,"enemies":"Cultist","floor":2.0,"turns":3.0},{"damage":0.0,"enemies":"Small Slimes","floor":3.0,"turns":3.0},{"damage":2.0,"enemies":"Jaw Worm","floor":4.0,"turns":4.0},{"damage":5.0,"enemies":"Exordium Wildlife","floor":6.0,"turns":6.0},{"damage":18.0,"enemies":"3 Sentries","floor":8.0,"turns":8.0},{"damage":0.0,"enemies":"downfall:FleeingMerchant","floor":9.0,"turns":4.0},{"damage":6.0,"enemies":"Blue Slaver","floor":10.0,"turns":3.0},{"damage":20.0,"enemies":"Lagavulin","floor":11.0,"turns":6.0},{"damage":52.0,"enemies":"Gremlin Nob","floor":13.0,"turns":6.0},{"damage":25.0,"enemies":"2 Fungi Beasts","floor":14.0,"turns":5.0},{"damage":0,"enemies":"Lots of Slimes","floor":15,"turns":1},{"damage":78,"enemies":"IC_STATUS_ARCHETYPE","floor":16,"turns":10}],"seed_played":"-6433400242070298288","potions_obtained":[{"floor":2.0,"key":"Weak Potion"},{"floor":4.0,"key":"SkillPotion"},{"floor":6.0,"key":"Dexterity Potion"},{"floor":8.0,"key":"Energy Potion"},{"floor":8.0,"key":"Energy Potion"},{"floor":9.0,"key":"EntropicBrew"},{"floor":10.0,"key":"Energy Potion"},{"floor":10.0,"key":"Regen Potion"},{"floor":11.0,"key":"FairyPotion"},{"floor":11.0,"key":"Guardian:BlockOnCardUsePotion"},{"floor":13.0,"key":"hexamod:DoubleChargePotion"},{"floor":14,"key":"SteroidPotion"},{"floor":14,"key":"FairyPotion"}],"is_trial":false,"path_per_floor":["R","M","M","M","?","M","T","E","$","M","E","R","E","M","M","B"],"character_chosen":"THE_SPIRIT","items_purchased":["expansioncontent:QuickStudy","Eternal Feather"],"campfire_rested":0,"item_purchase_floors":[9,9],"current_hp_per_floor":[45,45,45,43,43,38,38,20,30,24,46,58,18,28,28,0,0,0],"gold":127,"neow_bonus":"ONE_RARE_RELIC","is_daily":false,"chose_seed":false,"campfire_upgraded":2,"win_rate":0.0,"timestamp":1614042622,"path_taken":["R","M","?","M","?","M","T","E","$","M","E","R","E","M","M","BOSS"],"items_purchased_type":["Card","Relic"],"build_version":"2020-12-22","purchased_purges":0,"victory":false,"max_hp_per_floor":[70,70,70,70,70,70,70,70,70,70,70,70,70,70,70,70,70,70],"card_choices":[{"not_picked":["hexamod:PowerFromBeyond","hexamod:SwordOfDarkness"],"picked":"hexamod:EmpoweredFlame","floor":2.0},{"not_picked":["hexamod:GhostLash","hexamod:SpectralSpark"],"picked":"hexamod:FourthSeal","floor":3.0},{"not_picked":["hexamod:AdvancingGuard","hexamod:RadiantFlame"],"picked":"hexamod:SpectersWail","floor":4.0},{"not_picked":["hexamod:Firestarter","hexamod:GhostOfSpireFuture"],"picked":"hexamod:FlamesFromBeyond","floor":6.0},{"not_picked":["hexamod:PhantomFireball","hexamod:BacktrackSmack"],"picked":"hexamod:FifthSeal","floor":8.0},{"not_picked":["hexamod:SecondSeal","hexamod:SixthSeal"],"picked":"hexamod:FourthSeal","floor":9.0},{"not_picked":["hexamod:ChargedBarrage","hexamod:SuperheatedStrike"],"picked":"hexamod:NightmareStrike","floor":9.0},{"not_picked":["hexamod:SixthSeal","hexamod:FourthSeal"],"picked":"hexamod:FirstSeal","floor":10.0},{"not_picked":["hexamod:SuperheatedStrike","hexamod:HauntingEcho"],"picked":"hexamod:Haunt","floor":10.0},{"not_picked":["hexamod:ShieldOfDarkness","hexamod:ExtraCrispy"],"picked":"hexamod:ThirdSeal","floor":11.0},{"not_picked":["hexamod:HauntingEcho","hexamod:ExtraCrispy"],"picked":"hexamod:Rewind","floor":13.0},{"not_picked":["hexamod:NightmareStrike","hexamod:SuperheatedStrike"],"picked":"hexamod:RadiantFlame","floor":13.0},{"not_picked":["hexamod:FourthSeal","hexamod:ThirdSeal"],"picked":"hexamod:FirstSeal","floor":13.0},{"not_picked":["hexamod:PhantomFireball","hexamod:CatchUp"],"picked":"hexamod:SecondSeal","floor":14},{"not_picked":["hexamod:SecondSeal","hexamod:FourthSeal"],"picked":"hexamod:FirstSeal","floor":14},{"not_picked":["hexamod:NightmareGuise","hexamod:GhostShield"],"picked":"hexamod:FlamesFromBeyond","floor":15}],"player_experience":68010,"relics_obtained":[{"floor":7.0,"key":"Gremlin Horn"},{"floor":8.0,"key":"Toy Ornithopter"},{"floor":11.0,"key":"Mummified Hand"},{"floor":13.0,"key":"Slimebound:PreparedRelic"}],"event_choices":[],"is_beta":false,"boss_relics":[],"items_purged_floors":[],"is_endless":false,"potions_floor_spawned":[2,6,8,10,13],"killed_by":"IC_STATUS_ARCHETYPE","ascension_level":11}}