{"host":"Tonhão","time":1614043049,"event":{"mods":["Aspiration","BaseMod","Better Third Choice","Conspire","Downfall","Friendly Minions","Halation","Hermit","Highlight Path","Hubris","Infinite Spire","Jedi Mod","Minty Spire (QoL Compilation)","Relic Sorter","Reliquary","Replay The Spire","Spicy Shops","StSLib","The Animator","The Construct","The Cursed","The Jester","The Senshi","The Servant 0.9.4"],"gold_per_floor":[112,128,128,142,16,16,48,48,48,48,48,71,50,50,50,50,50,50,50,50,50,50,50,50,50,50,50,50,50,50,50,50,50,50,97,97,118,168,233,283,349,349,399,399,399,540,540,559,577,54,54,56],"floor_reached":53,"language":"ENG","playtime":2858,"items_purged":["construct:Strike_Gold","construct:Strike_Gold","construct:Strike_Gold","ReplayTheSpireMod:Splinters"],"score":897,"play_id":"89f4a914-e4de-488d-91aa-30eff9be6a6c","local_time":"20210222221729","is_ascension_mode":false,"campfire_choices":[{"data":"construct:LaserCore","floor":6,"key":"SMITH"},{"data":"construct:LaserCore+1","floor":8,"key":"SMITH"},{"floor":26,"key":"REST"},{"data":"Pot Of Greed","floor":29,"key":"SMITH"},{"floor":34,"key":"REST"},{"floor":42,"key":"REST"},{"data":"Pot Of Greed","floor":47,"key":"SMITH"},{"floor":51,"key":"REST"}],"circlet_count":0,"master_deck":["construct:Defend_Gold","construct:Defend_Gold","construct:Defend_Gold","construct:Defend_Gold","construct:Defend_Gold","construct:AttackMode","construct:DefenseMode","construct:LaserCore+2","construct:LaserCore","construct:Autoturret","construct:Autoturret","construct:CreateCores","construct:CreateCores+1","Pot Of Greed+1","Pot Of Greed+1","construct:Autoturret","construct:CreateCores","construct:CreateCores","construct:Failsafe+2","construct:BatteryCore","construct:BatteryAcid","construct:PointDefense","Pot Of Greed","construct:Missile","construct:Zapper","construct:Failsafe","construct:Synchronize","construct:ForceCore","infinitespire:NeuralNetwork","ReplayTheSpireMod:Chaos Vortex","construct:Analyze","construct:MassProduction","construct:LaserCore","hubris:EnhanceAbility","Pot Of Greed"],"relics":["construct:ClockworkPhoenix","NeowsBlessing","Lizard Tail","Replay:Bandana","Replay:Ringing Soul","jedi:ominousloannote","Grinning Jar","Cauldron","construct:ClawGrip","Snack Pack","Pear","reliquary:Craggleroot","conspire:DeflatedDodgeball","SsserpentHead","Orichalcum","reliquary:ThirdArm","HornCleat","Orrery","Centennial Puzzle","reliquary:FingerTrap"],"acts_visited":["Exordium","TheCity","TheBeyond"],"potions_floor_usage":[7,7,14,18,20,25,32,35,41],"damage_taken":[{"damage":0,"enemies":"Jaw Worm","floor":1,"turns":1},{"damage":0,"enemies":"Cultist","floor":2,"turns":1},{"damage":0,"enemies":"Small Slimes","floor":4,"turns":1},{"damage":35,"enemies":"Gremlin Nob","floor":7,"turns":4},{"damage":6,"enemies":"Red Slaver","floor":12,"turns":4},{"damage":12,"enemies":"Blue Slaver","floor":14,"turns":3},{"damage":0,"enemies":"Large Slime","floor":16,"turns":3},{"damage":35,"enemies":"The Guardian","floor":18,"turns":6},{"damage":27,"enemies":"3 Byrds","floor":20,"turns":3},{"damage":10,"enemies":"Chosen","floor":21,"turns":5},{"damage":28,"enemies":"Snecko","floor":22,"turns":4},{"damage":42,"enemies":"Slavers","floor":25,"turns":4},{"damage":9,"enemies":"Centurion and Healer","floor":31,"turns":3},{"damage":8,"enemies":"Cultist and Chosen","floor":32,"turns":3},{"damage":25,"enemies":"Gremlin Leader","floor":33,"turns":4},{"damage":16,"enemies":"hubris:MusketHawk","floor":35,"turns":7},{"damage":48,"enemies":"3 Darklings","floor":37,"turns":4},{"damage":9,"enemies":"Orb Walker","floor":39,"turns":3},{"damage":42,"enemies":"Jaw Worm Horde","floor":41,"turns":4},{"damage":26,"enemies":"Transient","floor":48,"turns":5},{"damage":32,"enemies":"Writhing Mass","floor":49,"turns":5},{"damage":90,"enemies":"Awakened One","floor":52,"turns":9}],"seed_played":"-7905192512056277603","potions_obtained":[{"floor":1,"key":"DuplicationPotion"},{"floor":4,"key":"hexamod:SoulburnPotion"},{"floor":13,"key":"Adrenaline Potion"},{"floor":13,"key":"Toxic Potion"},{"floor":18,"key":"ColorlessPotion"},{"floor":20,"key":"Energy Potion"},{"floor":31,"key":"Fruit Juice"},{"floor":33,"key":"Weak Potion"},{"floor":37,"key":"sneckomod:MuddlingPotion"},{"floor":38,"key":"FairyPotion"},{"floor":39,"key":"Swift Potion"}],"is_trial":false,"path_per_floor":["M","M","?","M","$","R","E","R","T","PTL","PTL","M","$","M","?","M","R","B",null,"M","M","M","?","$","E","R","AVR","T","R","?","M","M","E","R","B",null,"M","?","M","?","M","R","T","AVR","T","?","R","M","M","$","R","B",null],"character_chosen":"THE_CONSTRUCT_MOD","items_purchased":["construct:Autoturret","Lizard Tail","jedi:ominousloannote","Grinning Jar","construct:Autoturret","construct:CreateCores","Cauldron","reliquary:FingerTrap","construct:LaserCore","hubris:EnhanceAbility"],"campfire_rested":4,"item_purchase_floors":[5,5,13,13,13,13,13,50,50,50],"current_hp_per_floor":[85,85,85,85,85,85,50,50,50,50,50,47,50,41,41,41,69,34,94,70,60,35,35,35,53,83,93,93,93,93,87,84,62,99,83,124,76,76,67,67,28,66,66,69,69,72,72,46,17,20,61,51],"gold":56,"neow_bonus":"THREE_ENEMY_KILL","is_daily":false,"chose_seed":false,"campfire_upgraded":4,"win_rate":0.0,"timestamp":1614043049,"path_taken":["M","M","?","?","$","R","E","R","T","PTL","PTL","M","?","?","?","M","R","BOSS","M","M","M","?","$","E","R","AVR","T","R","?","M","?","E","R","BOSS","M","?","?","?","?","R","?","AVR","T","?","R","M","M","$","R","BOSS"],"items_purchased_type":["Card","Relic","Relic","Relic","Card","Card","Relic","Relic","Card","Card"],"build_version":"2020-11-17","purchased_purges":4,"victory":true,"max_hp_per_floor":[85,85,85,85,85,85,85,85,85,85,85,88,91,94,94,94,94,94,94,97,97,100,100,100,103,103,113,113,113,113,116,121,124,124,124,124,124,124,124,124,127,127,127,130,130,133,133,133,136,139,139,139],"card_choices":[{"not_picked":["construct:Antimatter","construct:ModeShift"],"picked":"construct:LaserCore","floor":1},{"not_picked":["construct:Accumulate","construct:SyphonStrike","construct:ScrapCannon"],"picked":"SKIP","floor":2},{"not_picked":["construct:Boost","construct:FocusedBeam"],"picked":"construct:Autoturret","floor":4},{"not_picked":["construct:NuclearCore","construct:FocusedBeam"],"picked":"construct:CreateCores","floor":7},{"not_picked":["construct:GuardCore","construct:Hazardproof"],"picked":"construct:CreateCores","floor":12},{"not_picked":["construct:LongRangeLance","construct:HeavyBolt"],"picked":"construct:CreateCores","floor":14},{"not_picked":["construct:Forcefield","construct:ShiftStrike","construct:SaveState"],"picked":"SKIP","floor":16},{"not_picked":["construct:CriticalHit","construct:SweepLaser"],"picked":"construct:Failsafe+1","floor":20},{"not_picked":["construct:Backfire","construct:Forcefield+1","construct:PowerUp+1"],"picked":"SKIP","floor":21},{"not_picked":["construct:Forcefield+1","construct:ScrapCannon"],"picked":"construct:BatteryCore","floor":22},{"not_picked":["construct:SyphonStrike","construct:FocusedBeam"],"picked":"construct:BatteryAcid","floor":25},{"not_picked":["construct:Boost","construct:Analyze"],"picked":"construct:PointDefense","floor":31},{"not_picked":["construct:SweepLaser","construct:FocusedBeam","construct:FlammableFog"],"picked":"SKIP","floor":32},{"not_picked":["construct:ShiftStrike+1","construct:Bunker"],"picked":"construct:Missile","floor":33},{"not_picked":["construct:FierceBash","construct:Forcefield+1","construct:FlammableFog"],"picked":"SKIP","floor":37},{"not_picked":["construct:SweepLaser+1","construct:SaveState","construct:HeavyBolt+1"],"picked":"SKIP","floor":39},{"not_picked":["construct:Analyze+1","construct:Reinforce+1"],"picked":"construct:Zapper","floor":41},{"not_picked":["construct:ModeShift","construct:FierceBash"],"picked":"construct:Failsafe","floor":44},{"not_picked":["construct:Anticipate+1","construct:VentSteam"],"picked":"construct:Synchronize","floor":44},{"not_picked":["construct:Anticipate","construct:ShiftGuard+1"],"picked":"construct:ForceCore","floor":44},{"not_picked":["construct:OmegaCannon","construct:UnbalancingBlast+1"],"picked":"construct:Analyze","floor":46},{"not_picked":["construct:SweepLaser+1","construct:PhosphorStorm","construct:FocusedBeam"],"picked":"SKIP","floor":48},{"not_picked":["construct:FierceBash+1","construct:FocusedBeam+1"],"picked":"construct:MassProduction","floor":49}],"player_experience":169128,"relics_obtained":[{"floor":7,"key":"Replay:Bandana"},{"floor":9,"key":"Replay:Ringing Soul"},{"floor":25,"key":"Snack Pack"},{"floor":28,"key":"conspire:DeflatedDodgeball"},{"floor":33,"key":"Orichalcum"},{"floor":43,"key":"HornCleat"},{"floor":46,"key":"Centennial Puzzle"}],"event_choices":[{"damage_healed":0,"gold_gain":0,"cards_transformed":["construct:Strike_Gold"],"player_choice":"Transformed","damage_taken":0,"max_hp_gain":0,"max_hp_loss":0,"event_name":"Transmorgrifier","floor":3,"gold_loss":0,"cards_obtained":["construct:LaserCore"]},{"cards_removed":["construct:Strike_Gold"],"damage_healed":0,"gold_gain":0,"player_choice":"Offered Basic","damage_taken":0,"max_hp_gain":0,"max_hp_loss":0,"event_name":"Bonfire Elementals","floor":15,"gold_loss":0},{"damage_healed":0,"gold_gain":0,"player_choice":"Trade","damage_taken":0,"relics_obtained":["SsserpentHead"],"max_hp_gain":0,"max_hp_loss":0,"event_name":"FaceTrader","floor":30,"gold_loss":0},{"damage_healed":0,"gold_gain":0,"player_choice":"Got Potions","damage_taken":0,"max_hp_gain":0,"max_hp_loss":0,"event_name":"Lab","floor":38,"gold_loss":0},{"damage_healed":0,"gold_gain":0,"player_choice":"Bought 0 Potions","damage_taken":0,"max_hp_gain":0,"max_hp_loss":0,"event_name":"The Woman in Blue","floor":40,"gold_loss":0}],"is_beta":true,"boss_relics":[{"not_picked":["SacredBark","aspiration:FutureDiary"],"picked":"construct:ClawGrip"},{"not_picked":["infinitespire:Cupcake","aspiration:WatcherSkillbook"],"picked":"reliquary:ThirdArm"}],"items_purged_floors":[13,27,44,50],"is_endless":false,"potions_floor_spawned":[1,4,18,20,31,33,37,39],"ascension_level":0}}