{"host":"miczq86z2i77lhk7","time":1614114123,"event":{"mods":["AchievementEnabler","BaseMod","Colored Map","Colored Powertips","Downfall","Highlight Path","Minty Spire (QoL Compilation)","StSLib"],"gold_per_floor":[99,116,132,145,156,156,156,168,168,182,210,48,62,62,76,175,175,175,187,187,187,184,196,208,238,242,283,295,292,304,347,379,490,502,514,537,562,177,177,197,197,197,212,230,104,135,35,47,65,65],"floor_reached":51,"language":"ENG","playtime":7511,"items_purged":["hexamod:Strike","Bite","Pride"],"score":746,"play_id":"f0e88e85-d688-485a-8b75-fb40b738a108","local_time":"20210223220203","is_ascension_mode":false,"campfire_choices":[{"data":"hexamod:Float","floor":1.0,"key":"SMITH"},{"data":"hexamod:FastForward","floor":6.0,"key":"SMITH"},{"data":"hexamod:ExtraCrispy","floor":9.0,"key":"SMITH"},{"data":"hexamod:GhostflameBarrier","floor":18.0,"key":"SMITH"},{"data":"hexamod:ThermalTransfer","floor":23.0,"key":"SMITH"},{"data":"hexamod:SoulSteal","floor":30.0,"key":"SMITH"},{"data":"hexamod:HexaLevel","floor":35.0,"key":"SMITH"},{"data":"hexamod:PhantomCloak","floor":42.0,"key":"SMITH"},{"data":"hexamod:Hexaguard","floor":47,"key":"SMITH"}],"circlet_count":0,"master_deck":["hexamod:Defend+1","hexamod:Defend","hexamod:Defend+1","hexamod:Sear","hexamod:Float+1","hexamod:ThermalTransfer+1","hexamod:HeatMetal","hexamod:FastForward+1","hexamod:ExtraCrispy+1","hexamod:GhostflameBarrier+1","hexamod:Hexaguard+1","hexamod:Incineration+1","hexamod:SoulSteal+1","hexamod:FirstSeal","Bite","Bite","Bite","Bite","hexamod:PhantomCloak+1","hexamod:VolcanoVisage","hexamod:HexaLevel+1","hexamod:PhantomCloak+1","hexamod:RadiantFlame","hexamod:EtherealExpedition+1","hexamod:HexaLevel+1","hexamod:EmpoweredFlame","hexamod:Hexaguard","Bandage Up"],"relics":["hexamod:SpiritBrand","Meat on the Bone","Coffee Dripper","downfall:RedIOU","MawBank","Mango","hexamod:TheBrokenSeal","MealTicket","hexamod:SoulConsumer","Busted Crown","InkBottle","downfall:TeleportStone","HornCleat","DollysMirror","Sundial","downfall:HeartBlessingGreen"],"acts_visited":["Exordium","TheCity","TheBeyond"],"potions_floor_usage":[50],"damage_taken":[{"damage":9.0,"enemies":"Cultist","floor":2.0,"turns":4.0},{"damage":1.0,"enemies":"Jaw Worm","floor":3.0,"turns":3.0},{"damage":0.0,"enemies":"2 Louse","floor":4.0,"turns":3.0},{"damage":2.0,"enemies":"Blue Slaver","floor":5.0,"turns":4.0},{"damage":7.0,"enemies":"Exordium Wildlife","floor":8.0,"turns":4.0},{"damage":7.0,"enemies":"3 Louse","floor":10.0,"turns":4.0},{"damage":15.0,"enemies":"3 Sentries","floor":11.0,"turns":10.0},{"damage":0.0,"enemies":"downfall:FleeingMerchant","floor":12.0,"turns":4.0},{"damage":5.0,"enemies":"2 Fungi Beasts","floor":13.0,"turns":4.0},{"damage":8.0,"enemies":"Red Slaver","floor":15.0,"turns":3.0},{"damage":56.0,"enemies":"WA_ARCHETYPE_RETAIN","floor":16.0,"turns":9.0},{"damage":42.0,"enemies":"downfall:LooterAlt2","floor":19.0,"turns":6.0},{"damage":10.0,"enemies":"downfall:FleeingMerchant","floor":22.0,"turns":4.0},{"damage":20.0,"enemies":"3 Byrds","floor":25.0,"turns":7.0},{"damage":0.0,"enemies":"downfall:FleeingMerchant","floor":26.0,"turns":4.0},{"damage":13.0,"enemies":"Book of Stabbing","floor":27.0,"turns":6.0},{"damage":10.0,"enemies":"downfall:FleeingMerchant","floor":29.0,"turns":4.0},{"damage":39.0,"enemies":"Gremlin Leader","floor":31.0,"turns":7.0},{"damage":4.0,"enemies":"Snecko","floor":32.0,"turns":6.0},{"damage":43.0,"enemies":"DF_ARCHETYPE_CLAW","floor":33.0,"turns":9.0},{"damage":28.0,"enemies":"3 Shapes","floor":36.0,"turns":5.0},{"damage":0.0,"enemies":"Orb Walker","floor":37.0,"turns":4.0},{"damage":15.0,"enemies":"downfall:FleeingMerchant","floor":38.0,"turns":4.0},{"damage":20.0,"enemies":"Spire Growth","floor":40.0,"turns":6.0},{"damage":0.0,"enemies":"Maw","floor":43.0,"turns":8.0},{"damage":28.0,"enemies":"Jaw Worm Horde","floor":44.0,"turns":4.0},{"damage":7.0,"enemies":"downfall:FleeingMerchant","floor":45.0,"turns":4.0},{"damage":56,"enemies":"Nemesis","floor":46,"turns":7},{"damage":1,"enemies":"Writhing Mass","floor":48,"turns":6},{"damage":0,"enemies":"Maw","floor":49,"turns":6},{"damage":10,"enemies":"SI_POISON_ARCHETYPE","floor":50,"turns":10}],"seed_played":"2435803045114889642","potions_obtained":[{"floor":3.0,"key":"Strength Potion"},{"floor":5.0,"key":"Ancient Potion"},{"floor":10.0,"key":"SkillPotion"},{"floor":16.0,"key":"hexamod:EctoCoolerPotion"},{"floor":25.0,"key":"Weak Potion"},{"floor":27.0,"key":"BlessingOfTheForge"},{"floor":31.0,"key":"Energy Potion"},{"floor":32.0,"key":"Guardian:BlockOnCardUsePotion"},{"floor":33.0,"key":"SteroidPotion"},{"floor":37.0,"key":"SteroidPotion"},{"floor":46,"key":"Weak Potion"},{"floor":48,"key":"AttackPotion"}],"is_trial":false,"path_per_floor":["R","M","M","M","M","R","T","M","R","M","E","$","M","?","M","B",null,"R","M","?","?","$","R","T","M","$","E","?","$","R","E","M","B",null,"R","M","M","$","?","M","T","R","M","M","$","E","R","M","M","B",null],"character_chosen":"THE_SPIRIT","items_purchased":["hexamod:ThirdSeal","hexamod:RadiantFlame","InkBottle","DollysMirror","hexamod:EmpoweredFlame","hexamod:Hexaguard","Bandage Up"],"campfire_rested":0,"item_purchase_floors":[12,38,38,45,45,45,45],"current_hp_per_floor":[77,68,67,67,65,65,65,58,58,51,55,62,64,64,63,26,77,77,54,54,54,51,51,65,64,101,88,70,70,70,58,70,43,70,70,61,70,68,68,70,70,70,70,54,70,49,49,70,70,70],"gold":65,"neow_bonus":"TEN_PERCENT_HP_BONUS","is_daily":false,"chose_seed":false,"campfire_upgraded":9,"win_rate":0.0,"timestamp":1614114123,"path_taken":["R","M","M","M","M","R","T","M","R","?","E","$","?","?","M","BOSS","R","M","?","?","?","R","T","?","$","E","?","$","R","E","M","BOSS","R","M","M","$","?","M","T","R","M","?","$","E","R","M","M","BOSS"],"items_purchased_type":["Card","Card","Relic","Relic","Card","Card","Card"],"build_version":"2020-12-22","purchased_purges":3,"victory":true,"max_hp_per_floor":[77,77,77,77,77,77,77,77,77,77,77,77,77,77,77,77,77,77,77,77,77,77,77,91,91,101,101,70,70,70,70,70,70,70,70,70,70,70,70,70,70,70,70,70,70,70,70,70,70,70],"card_choices":[{"not_picked":["hexamod:CatchUp","hexamod:BurningTouch"],"picked":"hexamod:ThermalTransfer","floor":2.0},{"not_picked":["hexamod:Firestarter","hexamod:GhostLash"],"picked":"hexamod:HeatMetal","floor":3.0},{"not_picked":["hexamod:GhostLash","hexamod:NightmareGuise"],"picked":"hexamod:FastForward","floor":4.0},{"not_picked":["hexamod:ShieldOfDarkness","hexamod:Hexaguard"],"picked":"hexamod:ExtraCrispy","floor":5.0},{"not_picked":["hexamod:FastForward","hexamod:PhantomFireball","hexamod:RainOfEmbers"],"picked":"SKIP","floor":8.0},{"not_picked":["hexamod:Firestarter","hexamod:GhostShield"],"picked":"hexamod:FirstSeal","floor":10.0},{"not_picked":["hexamod:SpectersWail","hexamod:ForkedFlame","hexamod:NightmareStrike"],"picked":"SKIP","floor":11.0},{"not_picked":["hexamod:InspiringFlames","hexamod:SwordOfDarkness"],"picked":"hexamod:GhostflameBarrier","floor":12.0},{"not_picked":["hexamod:Again","hexamod:NightmareGuise","hexamod:SwordOfDarkness"],"picked":"SKIP","floor":13.0},{"not_picked":["hexamod:RetreatToShadows","hexamod:AdvancingGuard"],"picked":"hexamod:Hexaguard","floor":15.0},{"not_picked":["hexamod:TurnItUp","hexamod:SixthSeal"],"picked":"hexamod:FifthSeal","floor":16.0},{"not_picked":["hexamod:FourthSeal","hexamod:SecondSeal"],"picked":"hexamod:SixthSeal","floor":19.0},{"not_picked":["hexamod:BurningTouch","hexamod:SwordOfDarkness"],"picked":"hexamod:Incineration+1","floor":19.0},{"not_picked":["hexamod:FastForward+1","hexamod:GhostShield","hexamod:GhostLash"],"picked":"SKIP","floor":19.0},{"not_picked":["hexamod:SecondSeal","hexamod:SixthSeal"],"picked":"hexamod:FourthSeal","floor":22.0},{"not_picked":["hexamod:BacktrackSmack+1","hexamod:HauntingEcho","hexamod:NightmareGuise"],"picked":"SKIP","floor":22.0},{"not_picked":["hexamod:FourthSeal","hexamod:FirstSeal"],"picked":"hexamod:SecondSeal","floor":25.0},{"not_picked":["hexamod:FourthSeal","hexamod:SecondSeal","hexamod:FastForward"],"picked":"SKIP","floor":25.0},{"not_picked":["hexamod:ThermalTransfer","hexamod:PhantomFireball","hexamod:TurnItUp"],"picked":"SKIP","floor":25.0},{"not_picked":["hexamod:Again","hexamod:UnleashSpirits"],"picked":"hexamod:SoulSteal","floor":26.0},{"not_picked":["hexamod:ThermalTransfer","hexamod:SkipABeat"],"picked":"hexamod:FirstSeal","floor":27.0},{"not_picked":["hexamod:GhostOfSpireFuture","hexamod:ShieldOfDarkness"],"picked":"hexamod:PhantomCloak+1","floor":29.0},{"not_picked":["hexamod:NightmareStrike","hexamod:PhantomFireball"],"picked":"hexamod:VolcanoVisage","floor":31.0},{"not_picked":["hexamod:StepThrough","hexamod:BurningTouch","hexamod:DynamicBlow"],"picked":"SKIP","floor":32.0},{"not_picked":["hexamod:ForkedFlame","hexamod:VolcanoVisage"],"picked":"hexamod:HexaLevel","floor":33.0},{"not_picked":["hexamod:GhostLash"],"picked":"SKIP","floor":36.0},{"not_picked":["hexamod:HeatMetal"],"picked":"SKIP","floor":37.0},{"not_picked":[],"picked":"hexamod:PhantomCloak","floor":38.0},{"not_picked":["hexamod:HeatMetal+1"],"picked":"SKIP","floor":40.0},{"not_picked":["hexamod:RecurringNightmare"],"picked":"SKIP","floor":43.0},{"not_picked":[],"picked":"hexamod:EtherealExpedition+1","floor":44.0},{"not_picked":["hexamod:ThermalTransfer"],"picked":"SKIP","floor":45.0},{"not_picked":["hexamod:AdvancingGuard+1"],"picked":"SKIP","floor":46},{"not_picked":["hexamod:ShieldOfDarkness+1"],"picked":"SKIP","floor":48},{"not_picked":["hexamod:BacktrackSmack"],"picked":"SKIP","floor":49}],"player_experience":70829,"relics_obtained":[{"floor":7.0,"key":"Meat on the Bone"},{"floor":11.0,"key":"Bottled Tornado"},{"floor":24.0,"key":"Mango"},{"floor":27.0,"key":"MealTicket"},{"floor":31.0,"key":"hexamod:SoulConsumer"},{"floor":41.0,"key":"HornCleat"},{"floor":46,"key":"Sundial"}],"event_choices":[{"cards_removed":["hexamod:Defend"],"damage_healed":0.0,"max_hp_gain":0.0,"max_hp_loss":0.0,"gold_gain":0.0,"event_name":"The Cleric","player_choice":"Card Removal","floor":14.0,"gold_loss":0.0,"damage_taken":0.0},{"damage_healed":0.0,"max_hp_gain":0.0,"max_hp_loss":0.0,"gold_gain":0.0,"event_name":"Addict","player_choice":"Stole Relic","floor":21.0,"gold_loss":0.0,"damage_taken":0.0,"relics_obtained":["MawBank"],"cards_obtained":["Pride"]},{"damage_healed":0.0,"max_hp_gain":0.0,"max_hp_loss":31.0,"gold_gain":0.0,"event_name":"Vampires","player_choice":"Became a vampire","floor":28.0,"gold_loss":0.0,"damage_taken":0.0,"cards_obtained":["Bite","Bite","Bite","Bite","Bite"]}],"is_beta":false,"boss_relics":[{"not_picked":["bronze:MakeshiftBattery","SacredBark"],"picked":"Coffee Dripper"},{"not_picked":["Runic Dome","Philosopher\u0027s Stone"],"picked":"Busted Crown"}],"items_purged_floors":[12,38,45],"is_endless":false,"potions_floor_spawned":[3,5,10,15,16,27,31,32,33,37,40,46,48],"ascension_level":0}}