{"host":"yq9izw6r1wt570l5","time":1614053880,"event":{"mods":["AchievementEnabler","BaseMod","BetterRewards","Colored Powertips","Downfall","Hermit","Infinite Spire","Jorbs\u0027s Wanderer Trilogy","Minty Spire (QoL Compilation)","Replay The Spire","StSLib","The Bladedancer","The Cursed","The Runesmith"],"gold_per_floor":[110,285,285,68,68,101,101,26,75,91,91,123,137,154,154,258,258,274,290,310,0,50,50,50,50],"floor_reached":24,"language":"ENG","playtime":916,"items_purged":["Doubt"],"score":240,"play_id":"8eb9cea0-34fc-41a0-a2f0-ef4907ed501d","local_time":"20210223011800","is_ascension_mode":true,"campfire_choices":[{"data":"Apotheosis","floor":7,"key":"SMITH"},{"data":"Genetic Algorithm","floor":11,"key":"SMITH"},{"floor":15,"key":"RECALL"},{"floor":23,"key":"REST"}],"circlet_count":0,"master_deck":["Strike_B+1","Strike_B","Strike_B","Strike_B","Defend_B","Defend_B","Defend_B","Defend_B","Zap","Dualcast","Aggregate","Apotheosis+1","Loop+1","Genetic Algorithm+1","Force Field","ReplayTheSpireMod:GoodbyeWorld","Static Discharge","Echo Form","Static Discharge","ReplayTheSpireMod:Echoes of Time","Panic Button+1"],"relics":["Cracked Core","NeowsBlessing","Divine Protection","ReplayTheSpireMod:Shallot","Philosopher\u0027s Stone","OrangePellets","Tiny House"],"acts_visited":["Exordium","TheCity"],"potions_floor_usage":[12,16,18,20,22,24,24,24],"damage_taken":[{"damage":0,"enemies":"Small Slimes","floor":1,"turns":1},{"damage":0,"enemies":"Gremlin Nob","floor":6,"turns":1},{"damage":0,"enemies":"2 Louse","floor":10,"turns":1},{"damage":23,"enemies":"3 Sentries","floor":12,"turns":7},{"damage":0,"enemies":"Cultist","floor":13,"turns":3},{"damage":2,"enemies":"Blue Slaver","floor":14,"turns":3},{"damage":20,"enemies":"Hexaghost","floor":16,"turns":8},{"damage":7,"enemies":"Spheric Guardian","floor":18,"turns":5},{"damage":20,"enemies":"2 Thieves","floor":19,"turns":5},{"damage":42,"enemies":"3 Cultists","floor":20,"turns":6},{"damage":42,"enemies":"Slavers","floor":24,"turns":4}],"seed_played":"1475337022361801578","potions_obtained":[{"floor":1,"key":"LiquidBronze"},{"floor":10,"key":"SkillPotion"},{"floor":13,"key":"Energy Potion"},{"floor":18,"key":"SpeedPotion"},{"floor":22,"key":"EntropicBrew"}],"is_trial":false,"path_per_floor":["M","?","?","$","?","E","R","$","T","M","R","E","M","M","R","B",null,"M","M","M","?","AVR","R","E"],"character_chosen":"DEFECT","items_purchased":["Apotheosis","Loop+1"],"campfire_rested":1,"item_purchase_floors":[4,4],"current_hp_per_floor":[75,75,75,75,75,75,75,75,75,75,75,52,52,50,50,30,75,68,48,6,6,11,35,0,0],"gold":50,"neow_bonus":"THREE_ENEMY_KILL","is_daily":false,"chose_seed":false,"campfire_upgraded":2,"win_rate":0.0,"timestamp":1614053880,"path_taken":["M","?","?","$","?","E","R","$","T","M","R","E","M","?","R","BOSS","M","M","M","?","AVR","R","E"],"items_purchased_type":["Card","Card"],"build_version":"2020-12-22","purchased_purges":1,"victory":false,"max_hp_per_floor":[75,75,75,75,75,75,75,75,75,75,75,75,75,75,75,75,75,75,75,75,75,80,80,80,80],"card_choices":[{"not_picked":["Barrage","Rebound"],"picked":"Aggregate","floor":1},{"not_picked":["Skim","Streamline"],"picked":"Genetic Algorithm","floor":6},{"not_picked":["Rebound","Cold Snap"],"picked":"Force Field","floor":10},{"not_picked":["Stack","Hologram"],"picked":"ReplayTheSpireMod:GoodbyeWorld","floor":12},{"not_picked":["Stack","Cold Snap"],"picked":"Static Discharge","floor":13},{"not_picked":["Coolheaded","Conserve Battery","Compile Driver"],"picked":"SKIP","floor":14},{"not_picked":["Buffer","Biased Cognition"],"picked":"Echo Form","floor":16},{"not_picked":["Beam Cell","Compile Driver","Go for the Eyes"],"picked":"SKIP","floor":18},{"not_picked":["Beam Cell","Compile Driver","Go for the Eyes"],"picked":"SKIP","floor":18},{"not_picked":["Ball Lightning","Skim","Streamline"],"picked":"SKIP","floor":19},{"not_picked":["Cold Snap","Redo+1"],"picked":"Static Discharge","floor":20},{"not_picked":["Turbo+1","Compile Driver+1"],"picked":"Panic Button+1","floor":22}],"player_experience":93714,"relics_obtained":[{"floor":6,"key":"Divine Protection"},{"floor":12,"key":"ReplayTheSpireMod:Shallot"}],"event_choices":[{"damage_healed":0,"gold_gain":175,"player_choice":"AGREE","damage_taken":0,"max_hp_gain":0,"max_hp_loss":0,"event_name":"Liars Game","floor":2,"gold_loss":0,"cards_obtained":["Doubt"]},{"damage_healed":0,"gold_gain":0,"player_choice":"0 cards matched","damage_taken":0,"max_hp_gain":0,"max_hp_loss":0,"event_name":"Match and Keep!","floor":5,"gold_loss":0,"cards_obtained":[]},{"damage_healed":0,"gold_gain":0,"player_choice":"Paid Fearfully","damage_taken":0,"max_hp_gain":0,"max_hp_loss":0,"event_name":"Masked Bandits","floor":21,"gold_loss":310}],"is_beta":false,"boss_relics":[{"not_picked":["infinitespire:Cupcake","FrozenCore"],"picked":"Philosopher\u0027s Stone"}],"items_purged_floors":[8],"is_endless":false,"potions_floor_spawned":[1,10,13,18],"killed_by":"Slavers","ascension_level":1}}