{"host":"3vooxnyv2lwdr2a7","time":1614076111,"event":{"mods":["BaseMod","Marisa£®ÏF”Í°°ƒß¿Ì…≥£©","Minty Spire (QoL Compilation)","Remilia£®¿Ÿ√◊¿Ú—«£©","Shapeshifter Mod","StSLib","The Cursed","The Servant 0.9.4","Youmu£®ªÍ∆«—˝√Œ£©"],"gold_per_floor":[113,127,139,157,176,205,205,250,250,261,308,308,337,365,365,365,365],"floor_reached":16,"language":"ZHS","playtime":605,"items_purged":[],"score":166,"play_id":"17a1a741-82b8-41ca-8003-c20e1a17ddd5","local_time":"20210223182831","is_ascension_mode":true,"campfire_choices":[{"data":"EscapeVelocity","floor":7,"key":"SMITH"},{"floor":12,"key":"REST"},{"floor":15,"key":"REST"}],"circlet_count":0,"master_deck":["Strike_MRS","Strike_MRS","Strike_MRS","Strike_MRS","Defend_MRS","Defend_MRS","Defend_MRS","Defend_MRS","MasterSpark","UpSweep","EscapeVelocity+1","ShootingEcho","6A","GrandCross","DoubleSpark","LuminesStrike","WitchOfGreed","Robbery","ChargingUp+1","NonDirectionalLaser","IllusionStar+1","GalacticHalo+1"],"relics":["MiniHakkero","AntiCross","Toxic Egg 2","HornCleat","Tiny Chest"],"acts_visited":["Exordium"],"potions_floor_usage":[6,8,8,8,11],"damage_taken":[{"damage":0,"enemies":"Cultist","floor":1,"turns":4},{"damage":12,"enemies":"Jaw Worm","floor":2,"turns":3},{"damage":0,"enemies":"2 Louse","floor":3,"turns":3},{"damage":8,"enemies":"Exordium Wildlife","floor":4,"turns":4},{"damage":12,"enemies":"Looter","floor":5,"turns":3},{"damage":19,"enemies":"Gremlin Nob","floor":6,"turns":4},{"damage":4,"enemies":"3 Sentries","floor":8,"turns":3},{"damage":18,"enemies":"Large Slime","floor":10,"turns":2},{"damage":0,"enemies":"Gremlin Nob","floor":11,"turns":3},{"damage":9,"enemies":"Lots of Slimes","floor":13,"turns":3},{"damage":3,"enemies":"Blue Slaver","floor":14,"turns":3},{"damage":0,"enemies":"Hexaghost","floor":16,"turns":1}],"seed_played":"-3634404467027328547","potions_obtained":[{"floor":4,"key":"EntropicBrew"},{"floor":5,"key":"Regen Potion"},{"floor":6,"key":"Dexterity Potion"},{"floor":8,"key":"LiquidMemories"},{"floor":11,"key":"SteroidPotion"},{"floor":11,"key":"DistilledChaos"}],"is_trial":false,"path_per_floor":["M","M","M","M","M","E","R","E","T","M","E","R","M","M","R","B"],"character_chosen":"MARISA","items_purchased":[],"campfire_rested":2,"item_purchase_floors":[],"current_hp_per_floor":[75,63,63,55,43,36,36,32,32,14,14,36,27,24,46,46,46],"gold":365,"neow_bonus":"ONE_RANDOM_RARE_CARD","is_daily":false,"chose_seed":false,"campfire_upgraded":1,"win_rate":0.0,"timestamp":1614076111,"path_taken":["M","M","M","M","M","E","R","E","T","M","E","R","M","M","R","BOSS"],"items_purchased_type":[],"build_version":"2020-12-22","purchased_purges":0,"victory":false,"max_hp_per_floor":[75,75,75,75,75,75,75,75,75,75,75,75,75,75,75,75,75],"card_choices":[{"not_picked":["IllusionStar","PowerUp"],"picked":"ShootingEcho","floor":1},{"not_picked":["DragonMeteor","GrandCross"],"picked":"6A","floor":2},{"not_picked":["DarkSpark","StarlightTyphoon"],"picked":"GrandCross","floor":3},{"not_picked":["BigCrunch","ShootingEcho"],"picked":"DoubleSpark","floor":4},{"not_picked":["SporeBomb","WitchOfGreed"],"picked":"LuminesStrike","floor":5},{"not_picked":["OpenUniverse","MilkyWay"],"picked":"WitchOfGreed","floor":6},{"not_picked":["SuperNova","SporeBomb+1"],"picked":"Robbery","floor":8},{"not_picked":["WitchLeyline","OpenUniverse+1"],"picked":"ChargingUp+1","floor":10},{"not_picked":["GrandCross","SatelliteIllusion"],"picked":"NonDirectionalLaser","floor":11},{"not_picked":["MeteoricShower","EnergyFlow"],"picked":"IllusionStar+1","floor":13},{"not_picked":["WitchLeyline","IllusionStar+1"],"picked":"GalacticHalo+1","floor":14}],"player_experience":942942,"relics_obtained":[{"floor":6,"key":"AntiCross"},{"floor":8,"key":"Toxic Egg 2"},{"floor":9,"key":"HornCleat"},{"floor":11,"key":"Tiny Chest"}],"event_choices":[],"is_beta":false,"boss_relics":[],"items_purged_floors":[],"is_endless":false,"potions_floor_spawned":[4,5,6,11,14],"killed_by":"Hexaghost","ascension_level":2}}