{"host":"ec3b6qygjurkg9iw","time":1614104526,"event":{"mods":["AchievementEnabler","Act Like it!","BaseMod","BetterRewards","Bossed Relics","Colored Map","Dio Mod","Downfall","Extra Virgin Snecko Oil","GifTheSpireLib","Good Game Mod","Hermit","Highlight Path","Hubris","Infinite Spire","Lobotomy","Minty Spire (QoL Compilation)","Pale of the Ancients","Reliquary","Replay The Spire","Small Relic Pack","Spicy Shops","StSLib","Stuff the Spire","The Blue Laboratory","The Exalted","The Runesmith","Thieving Mod","Wandering Minibosses"],"gold_per_floor":[119,119,119,163,174,174,174,208,208,238,251,351,351,368,368,471,471,484,484,484,494,509,509,509],"floor_reached":23,"language":"ENG","playtime":3045,"items_purged":[],"score":224,"play_id":"a68711b8-9f51-4581-b70b-c65342575854","local_time":"20210223132206","is_ascension_mode":false,"campfire_choices":[{"floor":6,"key":"REST"},{"floor":13,"key":"REST"},{"floor":15,"key":"REST"}],"circlet_count":0,"master_deck":["Bromod:Strike_Bro","Bromod:Strike_Bro","Bromod:Strike_Bro","Bromod:Defend_Bro","Bromod:Defend_Bro","Bromod:Defend_Bro","Bromod:SlashDash","Bromod:SlashDash","Bromod:SlashDash+1","Replay:Dark Deal","Porccubus","Bromod:PointStrike","Bromod:HeatedCharge","Bromod:OrganShatter","BlackSwan","Bromod:SlashDash+1","WallGazer","SpiderBud","MHz","UniverseFragment","Bromod:ContagiousSpread","SnowQueen","Bromod:FashionFrame","Bromod:PressurePoint+1","DreamingCurrent"],"relics":["Bromod:Ordis","Bromod:AscarisDevice","REME:ComplimentaryCards","CogitoBucket","relicPack:DSword","Blue Candle","Bottled Lightning","Boot","hubris:MysteriousPyramids","reliquary:SilkGlove","AspirationHeart","hubris:Backtick","hubris:IronBody"],"acts_visited":["Exordium","TheCity"],"potions_floor_usage":[23],"damage_taken":[{"damage":0,"enemies":"Small Slimes","floor":1,"turns":3},{"damage":3,"enemies":"Jaw Worm","floor":5,"turns":2},{"damage":24,"enemies":"3 Sentries","floor":8,"turns":7},{"damage":18,"enemies":"Gremlin Nob","floor":10,"turns":3},{"damage":0,"enemies":"2 Louse","floor":11,"turns":2},{"damage":28,"enemies":"2 Fungi Beasts","floor":14,"turns":4},{"damage":13,"enemies":"Fading Forest","floor":16,"turns":9},{"damage":9,"enemies":"3 Byrds","floor":18,"turns":5},{"damage":34,"enemies":"2 Thieves","floor":21,"turns":3},{"damage":23,"enemies":"Snake Plant","floor":22,"turns":3},{"damage":25,"enemies":"Book of Stabbing","floor":23,"turns":2}],"seed_played":"5499916362739713088","potions_obtained":[{"floor":1,"key":"SteroidPotion"},{"floor":8,"key":"SneckoOil"},{"floor":11,"key":"blueLaboratory:Moonshine"}],"is_trial":false,"path_per_floor":["M","?","?","?","M","R","?","E","T","E","M","?","R","M","R","B",null,"M","?","?","M","M","E"],"character_chosen":"THE_EXALTED","items_purchased":[],"campfire_rested":3,"item_purchase_floors":[],"current_hp_per_floor":[75,40,35,35,32,54,54,30,30,12,12,12,34,16,41,38,85,76,76,76,42,19,0,0],"gold":509,"neow_bonus":"","is_daily":false,"chose_seed":false,"campfire_upgraded":0,"win_rate":0.0,"timestamp":1614104526,"path_taken":["M","?","?","?","?","R","?","E","T","E","M","?","R","M","R","BOSS","M","?","?","M","M","E"],"items_purchased_type":[],"build_version":"2020-12-22","purchased_purges":0,"victory":false,"max_hp_per_floor":[75,75,75,75,75,75,75,75,75,75,75,75,75,85,85,85,85,85,85,85,85,85,85,85],"card_choices":[{"not_picked":["PunishingBird","WallGazer"],"picked":"Porccubus","floor":1},{"not_picked":["Bromod:FastHands","Bromod:BriefRespite"],"picked":"Bromod:PointStrike","floor":1},{"not_picked":["Bromod:OrganShatter","Bromod:PointStrike"],"picked":"Bromod:HeatedCharge","floor":4},{"not_picked":["Bromod:ArchwingLauncher","Bromod:TacticalPump"],"picked":"Bromod:OrganShatter","floor":4},{"not_picked":["BeautyBeast","LittleHelper"],"picked":"BlackSwan","floor":5},{"not_picked":["Bromod:PointStrike","Bromod:ReflexCoil"],"picked":"Bromod:SlashDash","floor":5},{"not_picked":["Variant","CherryBlossoms"],"picked":"WallGazer","floor":8},{"not_picked":["Bromod:TargetCracker","Bromod:SteelCharge","Bromod:RadialBlind"],"picked":"SKIP","floor":8},{"not_picked":["CherryBlossoms","LaLuna"],"picked":"SpiderBud","floor":10},{"not_picked":["Bromod:Foundry","Bromod:FastHands","Bromod:Reflection"],"picked":"SKIP","floor":10},{"not_picked":["Bromod:Foundry","Bromod:FastHands","Bromod:Reflection"],"picked":"SKIP","floor":10},{"not_picked":["CrumblingArmor","Funeral"],"picked":"MHz","floor":11},{"not_picked":["Bromod:Foundry","Bromod:ShatteringImpact","Bromod:FastHands"],"picked":"SKIP","floor":11},{"not_picked":["FairyFestival","PunishingBird"],"picked":"UniverseFragment","floor":14},{"not_picked":["Bromod:Maglev","Bromod:Foundry"],"picked":"Bromod:ContagiousSpread","floor":14},{"not_picked":["LittleHelper","QueenBee"],"picked":"SnowQueen","floor":16},{"not_picked":["Bromod:Intensify","Bromod:Frostbite"],"picked":"Bromod:FashionFrame","floor":16},{"not_picked":["Bromod:RadialBlind","Bromod:PointStrike","Bromod:TargetCracker+1"],"picked":"SKIP","floor":18},{"not_picked":["Bromod:SteelCharge","Bromod:SpeedTrigger+1","Bromod:PointStrike+1"],"picked":"SKIP","floor":21},{"not_picked":["Bromod:PointStrike","Bromod:Stretch"],"picked":"Bromod:PressurePoint+1","floor":22},{"not_picked":["Rudolta","CherryBlossoms"],"picked":"DreamingCurrent","floor":22}],"player_experience":100190,"relics_obtained":[{"floor":4,"key":"Bottled Lightning"},{"floor":8,"key":"Boot"},{"floor":9,"key":"hubris:MysteriousPyramids"},{"floor":10,"key":"reliquary:SilkGlove"}],"event_choices":[{"damage_healed":0,"gold_gain":0,"player_choice":"Ignored","damage_taken":0,"max_hp_gain":0,"max_hp_loss":0,"event_name":"Shining Light","floor":7,"gold_loss":0},{"damage_healed":0,"gold_gain":100,"player_choice":"Pray","damage_taken":0,"max_hp_gain":0,"max_hp_loss":0,"event_name":"Golden Shrine","floor":12,"gold_loss":0}],"is_beta":false,"boss_relics":[{"not_picked":["ChewingGum","Painkiller Herb"],"picked":"hubris:Backtick"}],"items_purged_floors":[],"is_endless":false,"potions_floor_spawned":[1,8,11,18],"killed_by":"Book of Stabbing","ascension_level":0}}