{"host":"6ve8qn5s1am4lo6s","time":1614121460,"event":{"mods":["AchievementEnabler","Act Like it!","BaseMod","Better Altar","Better Match","Better Note","Better Vampires","BetterRewards","CapriCore","Displayed Cursed Tome","Evolution","Minty Spire (QoL Compilation)","Permanent Neow","Relic Stats","StSLib","The Animator"],"gold_per_floor":[119,65,65,65,75,108,108,39,39,39,55,80,80,5,5,104,104,123,123,139,139,153,153,153,166,190,190,190,210,210,227,227,328,328,344,33,51,67,118,118,146,146,146,165,165,165,194,209,209,209,209,209,131,166,166],"floor_reached":56,"language":"ENG","playtime":4789,"items_purged":["Defend_R"],"score":1488,"play_id":"5674401d-c467-4756-acde-e82854553771","local_time":"20210223180420","is_ascension_mode":false,"campfire_choices":[{"data":"Armaments","floor":7.0,"key":"SMITH"},{"data":"Fire Breathing","floor":10.0,"key":"SMITH"},{"floor":15.0,"key":"RECALL"},{"data":"Evolve","floor":24.0,"key":"SMITH"},{"data":"Juggernaut","floor":27.0,"key":"SMITH"},{"data":"Warcry","floor":30.0,"key":"SMITH"},{"data":"Warcry","floor":32.0,"key":"SMITH"},{"data":"Fire Breathing","floor":40.0,"key":"SMITH"},{"data":"Warcry","floor":42.0,"key":"SMITH"},{"data":"Exhume","floor":45.0,"key":"SMITH"},{"data":"Warcry","floor":49.0,"key":"SMITH"},{"data":"Panacea","floor":52.0,"key":"SMITH"}],"circlet_count":0,"master_deck":["Pommel Strike","Pommel Strike","Pommel Strike","Defend_R","Defend_R","Bash","Fire Breathing+1","Sever Soul","Armaments+1","True Grit","Warcry+1","Power Through","Immolate","Feel No Pain","Warcry+1","Bandage Up","Power Through","Juggernaut+1","Reckless Charge","Evolve+1","Uppercut","Warcry+1","Writhe","RitualDagger","Warcry+1","Reaper","CurseOfTheBell","Fire Breathing+1","Panacea+1","Exhume+1","Warcry+1","Ghostly Armor+1","Parasite","Warcry+1","Dark Embrace","Armaments+1"],"relics":["Burning Blood","EVO:Axolotl","TungstenRod","Charon\u0027s Ashes","Medical Kit","Toy Ornithopter","Bottled Tornado","Meat on the Bone","Cursed Key","Nilry\u0027s Codex","Lantern","Calling Bell","Thread and Needle","HornCleat","Ancient Tea Set","CaptainsWheel","Toxic Egg 2","Pantograph","Pen Nib","Bronze Scales","Ginger"],"acts_visited":["Exordium","TheCity","TheBeyond","TheEnding"],"potions_floor_usage":[55,55,55],"damage_taken":[{"damage":0.0,"enemies":"Cultist","floor":1.0,"turns":3.0},{"damage":0.0,"enemies":"2 Louse","floor":5.0,"turns":2.0},{"damage":22.0,"enemies":"Lagavulin","floor":6.0,"turns":5.0},{"damage":0.0,"enemies":"Small Slimes","floor":11.0,"turns":2.0},{"damage":12.0,"enemies":"Gremlin Nob","floor":12.0,"turns":4.0},{"damage":6.0,"enemies":"Hexaghost","floor":16.0,"turns":10.0},{"damage":1.0,"enemies":"2 Thieves","floor":18.0,"turns":4.0},{"damage":0.0,"enemies":"Spheric Guardian","floor":20.0,"turns":4.0},{"damage":0.0,"enemies":"Snake Plant","floor":22.0,"turns":4.0},{"damage":0.0,"enemies":"Sentry and Sphere","floor":25.0,"turns":4.0},{"damage":16.0,"enemies":"Snecko","floor":29.0,"turns":5.0},{"damage":4.0,"enemies":"3 Cultists","floor":31.0,"turns":3.0},{"damage":53.0,"enemies":"Champ","floor":33.0,"turns":8.0},{"damage":0.0,"enemies":"3 Darklings","floor":35.0,"turns":4.0},{"damage":5.0,"enemies":"Orb Walker","floor":37.0,"turns":3.0},{"damage":3.0,"enemies":"3 Darklings","floor":38.0,"turns":2.0},{"damage":7.0,"enemies":"2 Orb Walkers","floor":39.0,"turns":3.0},{"damage":0.0,"enemies":"Giant Head","floor":41.0,"turns":5.0},{"damage":0.0,"enemies":"Spire Growth","floor":44.0,"turns":4.0},{"damage":7.0,"enemies":"Nemesis","floor":47.0,"turns":7.0},{"damage":0.0,"enemies":"Sphere and 2 Shapes","floor":48.0,"turns":3.0},{"damage":44.0,"enemies":"Awakened One","floor":50.0,"turns":8.0},{"damage":0.0,"enemies":"Shield and Spear","floor":54.0,"turns":3.0},{"damage":39,"enemies":"The Heart","floor":55,"turns":8}],"seed_played":"1971613355925158566","potions_obtained":[{"floor":1.0,"key":"SteroidPotion"},{"floor":6.0,"key":"DistilledChaos"},{"floor":12.0,"key":"Energy Potion"},{"floor":25.0,"key":"Regen Potion"},{"floor":33.0,"key":"SkillPotion"},{"floor":38.0,"key":"Energy Potion"},{"floor":39.0,"key":"Weak Potion"},{"floor":47.0,"key":"AttackPotion"},{"floor":48.0,"key":"Block Potion"}],"is_trial":false,"path_per_floor":["M","$","?","?","M","E","R","$","T","R","M","E","T","?","R","B",null,"M","?","M","?","M","?","R","M","T","R","?","M","R","M","R","B",null,"M","$","M","M","?","R","E","R","T","M","R","?","E","M","R","B",null,"R","$","E","B",null],"character_chosen":"IRONCLAD","items_purchased":["Fire Breathing","Medical Kit","Sever Soul","True Grit","Immolate","Panacea","Exhume","Dark Embrace"],"campfire_rested":0,"item_purchase_floors":[0,0,0,2,8,36,36,53],"current_hp_per_floor":[49,49,49,49,55,39,39,39,39,39,45,44,44,44,44,50,80,80,80,80,80,80,68,68,74,74,74,69,63,63,69,69,38,80,80,80,80,80,80,80,80,80,80,80,80,80,80,80,80,54,80,80,80,80,66],"gold":166,"neow_bonus":"","is_daily":false,"chose_seed":false,"campfire_upgraded":11,"win_rate":0.0,"timestamp":1614121460,"path_taken":["M","$","?","?","?","E","R","?","T","R","M","E","?","?","R","BOSS","M","?","M","?","M","?","R","M","T","R","?","M","R","M","R","BOSS","M","$","M","M","?","R","E","R","T","M","R","?","E","M","R","BOSS","R","$","E","BOSS"],"items_purchased_type":["Card","Relic","Card","Card","Card","Card","Card","Card"],"build_version":"2020-12-22","purchased_purges":1,"victory":true,"max_hp_per_floor":[80,80,80,80,80,80,80,80,80,80,80,80,80,80,80,80,80,80,80,80,80,80,80,80,80,80,80,80,80,80,80,80,80,80,80,80,80,80,80,80,80,80,80,80,80,80,80,80,80,80,80,80,80,80,80],"relic_stats":{"counters":[53,275],"Charon\u0027s Ashes":[662],"Pen Nib":[3],"Ginger":[4],"Medical Kit":[42],"Cursed Key":2,"Burning Blood":225,"Pantograph":0,"Bronze Scales":[165],"obtain_stats":[{"Gremlin Horn":0,"Nilry\u0027s Codex":0,"Vajra":54,"EVO:Axolotl":0,"Ginger":53,"Bottled Tornado":0,"Boot":6,"Blood Vial":0,"Centennial Puzzle":0,"HornCleat":34,"Sundial":28,"Strawberry":48,"Kunai":0,"Toxic Egg 2":29,"Happy Flower":23,"Blue Candle":0,"Oddly Smooth Stone":43,"Charon\u0027s Ashes":0,"Pen Nib":46,"War Paint":41,"Akabeko":0,"Du-Vu Doll":47,"Runic Dome":0,"Shuriken":52,"Bronze Scales":54,"Molten Egg 2":0,"Black Star":17,"Meat on the Bone":13,"Lantern":26,"Juzu Bracelet":32,"Bag of Preparation":45,"Smiling Mask":29,"Cursed Key":17,"Ancient Tea Set":34,"Burning Blood":0,"Nunchaku":0,"Dream Catcher":0,"Shovel":0,"Pantograph":43,"Tiny Chest":9,"Red Skull":0,"InkBottle":40,"Potion Belt":0,"Golden Idol":0,"Thread and Needle":34,"Medical Kit":0,"White Beast Statue":0,"Mercury Hourglass":23,"Calling Bell":34,"Anchor":0,"CaptainsWheel":39,"Coffee Dripper":34,"Art of War":49,"Champion Belt":0,"TungstenRod":0,"Toy Ornithopter":6},{"Gremlin Horn":0,"Nilry\u0027s Codex":0,"Vajra":28,"EVO:Axolotl":0,"Ginger":27,"Bottled Tornado":0,"Boot":3,"Blood Vial":0,"Centennial Puzzle":0,"HornCleat":42,"Sundial":14,"Strawberry":26,"Kunai":0,"Toxic Egg 2":15,"Happy Flower":13,"Blue Candle":0,"Oddly Smooth Stone":23,"Charon\u0027s Ashes":29,"Pen Nib":48,"War Paint":22,"Akabeko":0,"Du-Vu Doll":26,"Runic Dome":0,"Shuriken":27,"Bronze Scales":28,"Molten Egg 2":0,"Black Star":8,"Meat on the Bone":34,"Lantern":39,"Juzu Bracelet":17,"Bag of Preparation":24,"Smiling Mask":15,"Cursed Key":35,"Ancient Tea Set":42,"Burning Blood":0,"Nunchaku":0,"Dream Catcher":0,"Shovel":0,"Pantograph":47,"Tiny Chest":4,"Red Skull":0,"InkBottle":22,"Potion Belt":0,"Golden Idol":0,"Thread and Needle":42,"Medical Kit":29,"White Beast Statue":0,"Mercury Hourglass":13,"Calling Bell":42,"Anchor":0,"CaptainsWheel":46,"Coffee Dripper":18,"Art of War":26,"Champion Belt":0,"TungstenRod":29,"Toy Ornithopter":32},{"Gremlin Horn":0,"Nilry\u0027s Codex":0,"Vajra":164,"EVO:Axolotl":0,"Ginger":157,"Bottled Tornado":0,"Boot":13,"Blood Vial":0,"Centennial Puzzle":0,"HornCleat":225,"Sundial":75,"Strawberry":147,"Kunai":0,"Toxic Egg 2":81,"Happy Flower":69,"Blue Candle":0,"Oddly Smooth Stone":128,"Charon\u0027s Ashes":167,"Pen Nib":246,"War Paint":122,"Akabeko":0,"Du-Vu Doll":147,"Runic Dome":0,"Shuriken":157,"Bronze Scales":164,"Molten Egg 2":0,"Black Star":38,"Meat on the Bone":183,"Lantern":209,"Juzu Bracelet":91,"Bag of Preparation":140,"Smiling Mask":81,"Cursed Key":193,"Ancient Tea Set":225,"Burning Blood":0,"Nunchaku":0,"Dream Catcher":0,"Shovel":0,"Pantograph":242,"Tiny Chest":18,"Red Skull":0,"InkBottle":122,"Potion Belt":0,"Golden Idol":0,"Thread and Needle":225,"Medical Kit":167,"White Beast Statue":0,"Mercury Hourglass":69,"Calling Bell":225,"Anchor":0,"CaptainsWheel":237,"Coffee Dripper":104,"Art of War":147,"Champion Belt":0,"TungstenRod":167,"Toy Ornithopter":177}],"TungstenRod":58,"Toy Ornithopter":15,"Meat on the Bone":24},"card_choices":[{"not_picked":["Flex","Cleave"],"picked":"Armaments","floor":1.0},{"not_picked":["Blood for Blood","Sword Boomerang"],"picked":"Warcry","floor":5.0},{"not_picked":["Hemokinesis","Clash"],"picked":"Power Through","floor":6.0},{"not_picked":["Anger","True Grit"],"picked":"Feel No Pain","floor":11.0},{"not_picked":["Searing Blow","Cleave"],"picked":"Warcry","floor":12.0},{"not_picked":["PanicButton","Deep Breath"],"picked":"Bandage Up","floor":14.0},{"not_picked":["Second Wind","Entrench"],"picked":"Power Through","floor":14.0},{"not_picked":["Berserk","Fiend Fire"],"picked":"Juggernaut","floor":16.0},{"not_picked":["Inflame","Seeing Red"],"picked":"Reckless Charge","floor":18.0},{"not_picked":["Headbutt+1","Iron Wave+1","Clothesline"],"picked":"SKIP","floor":20.0},{"not_picked":["Second Wind","Headbutt","Anger"],"picked":"SKIP","floor":22.0},{"not_picked":["Thunderclap","Flex"],"picked":"Warcry+1","floor":25.0},{"not_picked":["Clash","Entrench"],"picked":"Warcry","floor":29.0},{"not_picked":["Pommel Strike","Sword Boomerang","Clash"],"picked":"SKIP","floor":31.0},{"not_picked":["Bludgeon","Immolate"],"picked":"Reaper","floor":33.0},{"not_picked":["True Grit+1","Sword Boomerang+1"],"picked":"Fire Breathing","floor":35.0},{"not_picked":["Thunderclap","Twin Strike+1","Bloodletting+1"],"picked":"SKIP","floor":37.0},{"not_picked":["Sword Boomerang","Armaments","Cleave"],"picked":"SKIP","floor":38.0},{"not_picked":["Cleave+1","Sword Boomerang+1"],"picked":"Warcry","floor":39.0},{"not_picked":["Infernal Blade+1","Pommel Strike"],"picked":"Ghostly Armor+1","floor":41.0},{"not_picked":["Thunderclap","Havoc+1","Dropkick"],"picked":"SKIP","floor":44.0},{"not_picked":["Demon Form","Corruption","Perfected Strike+1"],"picked":"SKIP","floor":47.0},{"not_picked":["Headbutt","Perfected Strike+1"],"picked":"Warcry+1","floor":48.0},{"not_picked":["Cleave+1","Body Slam+1"],"picked":"Armaments+1","floor":54}],"player_experience":452380,"relics_obtained":[{"floor":6.0,"key":"Toy Ornithopter"},{"floor":12.0,"key":"Bottled Tornado"},{"floor":13.0,"key":"Meat on the Bone"},{"floor":26.0,"key":"Lantern"},{"floor":34.0,"key":"Thread and Needle"},{"floor":34.0,"key":"HornCleat"},{"floor":34.0,"key":"Ancient Tea Set"},{"floor":39.0,"key":"CaptainsWheel"},{"floor":41.0,"key":"Toxic Egg 2"},{"floor":43.0,"key":"Pantograph"},{"floor":47.0,"key":"Bronze Scales"},{"floor":54,"key":"Ginger"}],"event_choices":[{"damage_healed":0.0,"max_hp_gain":0.0,"max_hp_loss":0.0,"gold_gain":0.0,"event_name":"Liars Game","player_choice":"Ignored","floor":3.0,"gold_loss":0.0,"damage_taken":0.0},{"cards_removed":["Strike_R"],"damage_healed":0.0,"max_hp_gain":0.0,"max_hp_loss":0.0,"gold_gain":0.0,"event_name":"Bonfire Elementals","player_choice":"Offered Basic","floor":4.0,"gold_loss":0.0,"damage_taken":0.0},{"damage_healed":0.0,"max_hp_gain":0.0,"max_hp_loss":0.0,"gold_gain":0.0,"event_name":"betterMatch:BetterMatch","player_choice":"1","floor":14.0,"gold_loss":0.0,"damage_taken":0.0,"cards_obtained":["betterMatch:ColorlessUncommonCard","betterMatch:UncommonCard"]},{"cards_removed":["Strike_R"],"damage_healed":0.0,"max_hp_gain":0.0,"max_hp_loss":0.0,"gold_gain":0.0,"event_name":"betterNote:BetterNote","player_choice":"Give","floor":19.0,"gold_loss":0.0,"damage_taken":0.0,"cards_obtained":["Strike_R"]},{"damage_healed":0.0,"max_hp_gain":0.0,"max_hp_loss":0.0,"gold_gain":0.0,"cards_transformed":["Strike_R","Defend_R"],"event_name":"Drug Dealer","player_choice":"Became Test Subject","floor":21.0,"gold_loss":0.0,"damage_taken":0.0,"cards_obtained":["Evolve","Uppercut"]},{"damage_healed":0.0,"max_hp_gain":0.0,"max_hp_loss":0.0,"gold_gain":0.0,"event_name":"Cursed Tome","player_choice":"Obtained Book","floor":23.0,"gold_loss":0.0,"damage_taken":16.0},{"damage_healed":0.0,"max_hp_gain":0.0,"max_hp_loss":0.0,"gold_gain":0.0,"event_name":"Nest","player_choice":"Joined the Cult","floor":28.0,"gold_loss":0.0,"damage_taken":6.0,"cards_obtained":["RitualDagger"]},{"damage_healed":0.0,"max_hp_gain":0.0,"max_hp_loss":0.0,"gold_gain":0.0,"event_name":"Mysterious Sphere","player_choice":"Fight","floor":39.0,"gold_loss":0.0,"damage_taken":0.0},{"damage_healed":0.0,"max_hp_gain":0.0,"max_hp_loss":0.0,"gold_gain":0.0,"event_name":"WeMeetAgain","player_choice":"Gave Potion","floor":46.0,"gold_loss":0.0,"damage_taken":0.0,"relics_obtained":["Pen Nib"]}],"is_beta":false,"boss_relics":[{"not_picked":["Velvet Choker","Philosopher\u0027s Stone"],"picked":"Cursed Key"},{"not_picked":["Black Blood","Busted Crown"],"picked":"Calling Bell"}],"items_purged_floors":[36],"is_endless":false,"potions_floor_spawned":[1,6,12,25,33,38,39,44,47,48],"ascension_level":0}}