{"host":"2l5k2wp87eek7qja","time":1614112614,"event":{"mods":["BaseMod","Colored Map","Minty Spire (QoL Compilation)","Relic Stats"],"gold_per_floor":[116,126,126,51,130,156,167,195,218,49,49,49,62,81,81,158,158,177,177,77,92,112,112,112,112],"floor_reached":24,"language":"ENG","playtime":605,"items_purged":["Pain","Strike_G"],"score":512,"play_id":"cc04ce48-1550-45c1-b7fa-380c7789983f","local_time":"20210223223654","is_ascension_mode":true,"campfire_choices":[{"data":"All Out Attack","floor":12,"key":"SMITH"},{"data":"Crippling Poison","floor":15,"key":"SMITH"},{"data":"Noxious Fumes","floor":23,"key":"SMITH"}],"circlet_count":0,"master_deck":["AscendersBane","Strike_G","Strike_G","Strike_G","Strike_G","Defend_G","Defend_G","Defend_G","Defend_G","Defend_G","Survivor","Neutralize","Crippling Poison+1","Masterful Stab","Poisoned Stab","Bane","All Out Attack+1","Cloak And Dagger","Malaise","Noxious Fumes","Noxious Fumes+1","Deflect","Flechettes+1"],"relics":["Ring of the Snake","NeowsBlessing","WarpedTongs","HornCleat","StoneCalendar","Nunchaku","Vajra","Potion Belt","Runic Pyramid"],"acts_visited":["Exordium","TheCity"],"potions_floor_usage":[8,21,22],"damage_taken":[{"damage":0,"enemies":"Cultist","floor":1,"turns":1},{"damage":0,"enemies":"2 Louse","floor":2,"turns":1},{"damage":0,"enemies":"Lagavulin","floor":6,"turns":1},{"damage":0,"enemies":"Small Slimes","floor":7,"turns":3},{"damage":0,"enemies":"Gremlin Nob","floor":8,"turns":3},{"damage":0,"enemies":"Exordium Thugs","floor":13,"turns":2},{"damage":7,"enemies":"Exordium Wildlife","floor":14,"turns":4},{"damage":24,"enemies":"Slime Boss","floor":16,"turns":7},{"damage":0,"enemies":"Chosen","floor":18,"turns":4},{"damage":15,"enemies":"Shell Parasite","floor":21,"turns":5},{"damage":20,"enemies":"Cultist and Chosen","floor":22,"turns":7},{"damage":22,"enemies":"Book of Stabbing","floor":24,"turns":5}],"seed_played":"6546683243110101073","potions_obtained":[{"floor":1,"key":"PowerPotion"},{"floor":2,"key":"SmokeBomb"},{"floor":7,"key":"Fire Potion"},{"floor":8,"key":"SkillPotion"}],"is_trial":false,"path_per_floor":["M","M","?","$","T","E","M","E","T","$","?","R","M","M","R","B",null,"M","?","$","M","M","R","E"],"character_chosen":"THE_SILENT","items_purchased":["Potion Belt"],"campfire_rested":0,"item_purchase_floors":[10],"current_hp_per_floor":[59,59,59,59,59,59,59,59,59,59,59,59,59,52,52,28,57,57,57,57,42,22,22,0,0],"gold":112,"neow_bonus":"THREE_ENEMY_KILL","is_daily":false,"chose_seed":false,"campfire_upgraded":3,"win_rate":0.0,"timestamp":1614112614,"path_taken":["M","?","?","$","?","E","M","E","T","$","?","R","M","M","R","BOSS","M","?","?","M","M","R","E"],"items_purchased_type":["Relic"],"build_version":"2020-12-22","purchased_purges":2,"victory":false,"max_hp_per_floor":[66,66,66,66,66,66,66,66,66,66,66,66,66,66,66,66,66,66,66,66,66,66,66,66,66],"relic_stats":{"Nunchaku":[6],"counters":[12,43],"StoneCalendar":[74],"obtain_stats":[{"Potion Belt":10,"Nunchaku":8,"HornCleat":5,"NeowsBlessing":0,"Vajra":9,"StoneCalendar":6,"Ring of the Snake":0,"WarpedTongs":3,"Runic Pyramid":17},{"Potion Belt":5,"Nunchaku":5,"HornCleat":2,"NeowsBlessing":0,"Vajra":5,"StoneCalendar":3,"Ring of the Snake":0,"WarpedTongs":2,"Runic Pyramid":8},{"Potion Belt":9,"Nunchaku":9,"HornCleat":2,"NeowsBlessing":0,"Vajra":9,"StoneCalendar":3,"Ring of the Snake":0,"WarpedTongs":2,"Runic Pyramid":22}],"Ring of the Snake":[24],"WarpedTongs":[41]},"card_choices":[{"not_picked":["Outmaneuver","Acrobatics"],"picked":"Crippling Poison","floor":1},{"not_picked":["Prepared","Bane"],"picked":"Masterful Stab","floor":2},{"not_picked":["Slice","Bullet Time"],"picked":"Poisoned Stab","floor":6},{"not_picked":["Deflect","Flying Knee"],"picked":"Bane","floor":7},{"not_picked":["Dodge and Roll","Sucker Punch"],"picked":"All Out Attack","floor":8},{"not_picked":["Deflect","Outmaneuver","Distraction"],"picked":"SKIP","floor":13},{"not_picked":["Prepared","Dodge and Roll"],"picked":"Cloak And Dagger","floor":14},{"not_picked":["Storm of Steel","Die Die Die"],"picked":"Malaise","floor":16},{"not_picked":["Underhanded Strike","Reflex"],"picked":"Noxious Fumes","floor":18},{"not_picked":["Blade Dance","Cloak And Dagger"],"picked":"Deflect","floor":21},{"not_picked":["Dodge and Roll","Prepared"],"picked":"Flechettes+1","floor":22}],"player_experience":873410,"relics_obtained":[{"floor":5,"key":"HornCleat"},{"floor":6,"key":"StoneCalendar"},{"floor":8,"key":"Nunchaku"},{"floor":9,"key":"Vajra"}],"event_choices":[{"damage_healed":0,"gold_gain":0,"player_choice":"Rummage","damage_taken":0,"relics_obtained":["WarpedTongs"],"max_hp_gain":0,"max_hp_loss":0,"event_name":"Accursed Blacksmith","floor":3,"gold_loss":0,"cards_obtained":["Pain"]},{"damage_healed":0,"gold_gain":0,"player_choice":"Leave","damage_taken":0,"max_hp_gain":0,"max_hp_loss":0,"event_name":"The Cleric","floor":11,"gold_loss":0},{"damage_healed":0,"gold_gain":0,"player_choice":"Copied","damage_taken":0,"max_hp_gain":0,"max_hp_loss":0,"event_name":"Duplicator","floor":19,"gold_loss":0,"cards_obtained":["Noxious Fumes"]}],"is_beta":false,"boss_relics":[{"not_picked":["Busted Crown","Runic Dome"],"picked":"Runic Pyramid"}],"items_purged_floors":[4,20],"is_endless":false,"potions_floor_spawned":[1,2,7,8],"killed_by":"Book of Stabbing","ascension_level":20}}