{"host":"x7y91x7aldx8qr8a","time":1614091437,"event":{"mods":["BaseMod","BetterRewards","DNKmod","Friendly Minions","Minty Spire (QoL Compilation)","Quick Restart","StSLib"],"gold_per_floor":[1012,1030,1048,1065,720,720,752,752,827,860,860,876,909,920,920,1025,1025,1039,608,618,635,635,635,654,680,680,680,693,399,399,426,426,531,531,548,564,486,502,551,582,582,615,668,608,331,340,360,380,380,380,380,380,203,241,241],"floor_reached":56,"language":"ZHS","playtime":2420,"items_purged":["Strike_P","Defend_P"],"score":2480,"play_id":"e8d1529b-90f8-40b8-8fa4-9073df53d2ba","local_time":"20210223224357","is_ascension_mode":true,"campfire_choices":[{"data":"Strike_P","floor":6,"key":"PURGE"},{"data":"Defend_P","floor":8,"key":"PURGE"},{"data":"Ragnarok","floor":11,"key":"SMITH"},{"floor":15,"key":"RECALL"},{"data":"Magnetism","floor":23,"key":"SMITH"},{"data":"Adaptation","floor":27,"key":"SMITH"},{"data":"FearNoEvil","floor":30,"key":"SMITH"},{"data":"Worship","floor":32,"key":"SMITH"},{"floor":41,"key":"REST"},{"data":"DevaForm","floor":49,"key":"SMITH"},{"floor":52,"key":"REST"}],"circlet_count":0,"master_deck":["AscendersBane","Eruption+1","Vigilance+1","JustLucky+1","Ragnarok+1","Worship+1","FearNoEvil+1","Devotion+1","LessonLearned+1","MentalFortress+1","Scrawl+1","Magnetism+1","Adaptation+1","MentalFortress+1","ConjureBlade+1","CurseOfTheBell","Panacea+1","DevaForm+1","MentalFortress","Halt+1"],"relics":["PureWater","Singing Bowl","Peace Pipe","TeardropLocket","FossilizedHelix","Bottled Flame","Blood Vial","MealTicket","Pandora\u0027s Box","Membership Card","Happy Flower","White Beast Statue","StrikeDummy","Meat on the Bone","ClockworkSouvenir","Art of War","Pocketwatch","Darkstone Periapt","Calling Bell","CeramicFish","Gremlin Horn","Prayer Wheel","Anchor","Calipers","Thread and Needle","Boot","Frozen Eye","Juzu Bracelet","Kunai","Damaru","Bronze Scales","Toy Ornithopter"],"acts_visited":["Exordium","TheCity","TheBeyond","TheEnding"],"potions_floor_usage":[4,25,50,55],"damage_taken":[{"damage":0,"enemies":"Cultist","floor":1,"turns":3},{"damage":0,"enemies":"Jaw Worm","floor":2,"turns":3},{"damage":0,"enemies":"Small Slimes","floor":3,"turns":3},{"damage":0,"enemies":"2 Fungi Beasts","floor":4,"turns":3},{"damage":41,"enemies":"Gremlin Nob","floor":7,"turns":5},{"damage":0,"enemies":"Lagavulin","floor":10,"turns":3},{"damage":1,"enemies":"Exordium Thugs","floor":12,"turns":3},{"damage":0,"enemies":"Gremlin Nob","floor":13,"turns":3},{"damage":0,"enemies":"Blue Slaver","floor":14,"turns":1},{"damage":3,"enemies":"The Guardian","floor":16,"turns":5},{"damage":0,"enemies":"2 Thieves","floor":18,"turns":2},{"damage":0,"enemies":"Spheric Guardian","floor":20,"turns":2},{"damage":0,"enemies":"Snake Plant","floor":21,"turns":2},{"damage":0,"enemies":"3 Cultists","floor":24,"turns":3},{"damage":21,"enemies":"Slavers","floor":25,"turns":2},{"damage":0,"enemies":"Sentry and Sphere","floor":28,"turns":3},{"damage":0,"enemies":"Book of Stabbing","floor":31,"turns":2},{"damage":10,"enemies":"Collector","floor":33,"turns":5},{"damage":30,"enemies":"3 Shapes","floor":35,"turns":3},{"damage":0,"enemies":"Orb Walker","floor":36,"turns":1},{"damage":37,"enemies":"4 Shapes","floor":38,"turns":4},{"damage":17,"enemies":"2 Orb Walkers","floor":39,"turns":4},{"damage":0,"enemies":"Giant Head","floor":40,"turns":5},{"damage":32,"enemies":"Nemesis","floor":42,"turns":5},{"damage":0,"enemies":"Sphere and 2 Shapes","floor":47,"turns":4},{"damage":0,"enemies":"Maw","floor":48,"turns":5},{"damage":76,"enemies":"Awakened One","floor":50,"turns":11},{"damage":20,"enemies":"Shield and Spear","floor":54,"turns":6},{"damage":7,"enemies":"The Heart","floor":55,"turns":9}],"seed_played":"2479177665956615207","potions_obtained":[{"floor":2,"key":"Fire Potion"},{"floor":3,"key":"SpeedPotion"},{"floor":7,"key":"ColorlessPotion"},{"floor":18,"key":"DistilledChaos"},{"floor":25,"key":"GamblersBrew"},{"floor":54,"key":"SpeedPotion"}],"is_trial":false,"path_per_floor":["M","M","M","M","$","R","E","R","T","E","R","M","E","M","R","B",null,"M","$","M","M","?","R","M","E","T","R","M","$","R","E","R","B",null,"M","M","$","M","?","E","R","E","T","?","$","?","M","M","R","B",null,"R","$","E","B",null],"character_chosen":"WATCHER","items_purchased":["Singing Bowl","Peace Pipe","TeardropLocket","Membership Card","Happy Flower","White Beast Statue","Magnetism","ClockworkSouvenir","Art of War","Pocketwatch","Anchor","Frozen Eye","Juzu Bracelet","Kunai","Damaru","Bronze Scales","MentalFortress"],"campfire_rested":2,"item_purchase_floors":[0,0,5,19,19,19,19,29,29,29,37,45,45,45,53,53,53],"current_hp_per_floor":[90,92,94,96,96,96,55,55,55,55,55,58,62,64,64,63,98,102,112,114,114,90,90,94,75,75,75,79,94,94,98,98,90,122,98,104,119,88,75,79,123,95,95,95,110,104,110,114,114,52,132,159,159,139,139],"gold":241,"neow_bonus":"","is_daily":false,"chose_seed":false,"campfire_upgraded":6,"win_rate":0.0,"timestamp":1614091437,"path_taken":["M","M","M","M","$","R","E","R","T","E","R","M","E","?","R","BOSS","M","$","M","M","?","R","M","E","T","R","M","$","R","E","R","BOSS","M","M","$","M","?","E","R","E","T","?","$","?","M","M","R","BOSS","R","$","E","BOSS"],"items_purchased_type":["Relic","Relic","Relic","Relic","Relic","Relic","Card","Relic","Relic","Relic","Relic","Relic","Relic","Relic","Relic","Relic","Card"],"build_version":"2020-12-22","purchased_purges":2,"victory":true,"max_hp_per_floor":[100,102,104,106,106,106,106,106,106,106,106,108,110,110,110,110,110,112,112,114,114,119,119,121,121,121,121,123,123,123,125,125,125,131,135,139,139,143,145,147,147,149,149,149,149,153,157,159,159,159,159,159,159,159,159],"card_choices":[{"not_picked":["Wireheading","CrushJoints"],"picked":"JustLucky","floor":1},{"not_picked":["FlyingSleeves","PathToVictory","Evaluate"],"picked":"Singing Bowl","floor":2},{"not_picked":["WindmillStrike","Halt","DeceiveReality"],"picked":"Singing Bowl","floor":3},{"not_picked":["Conclude","Swivel","Halt"],"picked":"Singing Bowl","floor":4},{"not_picked":["Halt","Worship"],"picked":"Ragnarok","floor":7},{"not_picked":["CrushJoints","Prostrate"],"picked":"Worship","floor":10},{"not_picked":["InnerPeace","PathToVictory","WindmillStrike"],"picked":"Singing Bowl","floor":12},{"not_picked":["EmptyFist","Consecrate","ClearTheMind"],"picked":"Singing Bowl","floor":13},{"not_picked":["Prostrate","DeceiveReality"],"picked":"FearNoEvil","floor":14},{"not_picked":["Vault","SpiritShield"],"picked":"Devotion","floor":16},{"not_picked":["SignatureMove","FollowUp","FlyingSleeves"],"picked":"Singing Bowl","floor":18},{"not_picked":["FlyingSleeves+1","Study","DeceiveReality"],"picked":"Singing Bowl","floor":20},{"not_picked":["JustLucky","TalkToTheHand+1"],"picked":"Adaptation","floor":21},{"not_picked":["FollowUp","Weave","PathToVictory"],"picked":"Singing Bowl","floor":24},{"not_picked":["Perseverance+1","ClearTheMind"],"picked":"MentalFortress+1","floor":25},{"not_picked":["FollowUp","Protect","EmptyFist"],"picked":"Singing Bowl","floor":28},{"not_picked":["FollowUp","Perseverance","ForeignInfluence"],"picked":"Singing Bowl","floor":31},{"not_picked":["Omniscience","SpiritShield"],"picked":"ConjureBlade","floor":33},{"not_picked":["Worship+1","PathToVictory+1","Crescendo+1"],"picked":"Singing Bowl","floor":35},{"not_picked":["Wireheading","Weave+1","FlurryOfBlows"],"picked":"Singing Bowl","floor":35},{"not_picked":["Weave+1","Evaluate+1","Tantrum"],"picked":"Singing Bowl","floor":36},{"not_picked":["JustLucky+1","CutThroughFate+1","EmptyMind"],"picked":"Singing Bowl","floor":36},{"not_picked":["WaveOfTheHand+1","CrushJoints+1","EmptyFist"],"picked":"Singing Bowl","floor":38},{"not_picked":["EmptyFist+1","BowlingBash","SashWhip"],"picked":"Singing Bowl","floor":38},{"not_picked":["ReachHeaven","FlurryOfBlows+1","FollowUp+1"],"picked":"Singing Bowl","floor":39},{"not_picked":["Nirvana","Evaluate","CrushJoints+1"],"picked":"Singing Bowl","floor":40},{"not_picked":["Swivel","SignatureMove+1","Prostrate"],"picked":"Singing Bowl","floor":42},{"not_picked":["Metamorphosis","Madness"],"picked":"Panacea","floor":46},{"not_picked":["Flash of Steel","Trip","Blind"],"picked":"Singing Bowl","floor":46},{"not_picked":["Transmutation","Panache","Impatience"],"picked":"Singing Bowl","floor":46},{"not_picked":["Prostrate+1","EmptyFist+1","Swivel+1"],"picked":"Singing Bowl","floor":47},{"not_picked":["WheelKick","BowlingBash","WaveOfTheHand+1"],"picked":"Singing Bowl","floor":47},{"not_picked":["Evaluate","Tantrum+1","FlyingSleeves"],"picked":"Singing Bowl","floor":48},{"not_picked":["Wallop","ClearTheMind"],"picked":"DevaForm","floor":48},{"not_picked":["EmptyMind+1","Evaluate"],"picked":"Halt+1","floor":54}],"player_experience":794692,"relics_obtained":[{"floor":7,"key":"FossilizedHelix"},{"floor":9,"key":"Bottled Flame"},{"floor":10,"key":"Blood Vial"},{"floor":13,"key":"MealTicket"},{"floor":25,"key":"StrikeDummy"},{"floor":26,"key":"Meat on the Bone"},{"floor":31,"key":"Darkstone Periapt"},{"floor":34,"key":"CeramicFish"},{"floor":34,"key":"Gremlin Horn"},{"floor":34,"key":"Prayer Wheel"},{"floor":39,"key":"Calipers"},{"floor":40,"key":"Thread and Needle"},{"floor":42,"key":"Boot"},{"floor":54,"key":"Toy Ornithopter"}],"event_choices":[{"damage_healed":0,"gold_gain":0,"player_choice":"Shed Blood","damage_taken":29,"max_hp_gain":5,"max_hp_loss":0,"event_name":"Forgotten Altar","floor":22,"gold_loss":0},{"damage_healed":0,"gold_gain":0,"player_choice":"Fight","damage_taken":0,"max_hp_gain":0,"max_hp_loss":0,"event_name":"Mysterious Sphere","floor":39,"gold_loss":0},{"cards_removed":["Consecrate"],"damage_healed":0,"gold_gain":0,"player_choice":"Single Remove","damage_taken":0,"max_hp_gain":0,"max_hp_loss":0,"event_name":"Designer","floor":44,"gold_loss":60},{"damage_healed":0,"gold_gain":0,"player_choice":"Memory 3","damage_taken":10,"max_hp_gain":0,"max_hp_loss":0,"event_name":"SensoryStone","floor":46,"gold_loss":0}],"is_beta":false,"boss_relics":[{"not_picked":["HolyWater","Ectoplasm"],"picked":"Pandora\u0027s Box"},{"not_picked":["SacredBark","Cursed Key"],"picked":"Calling Bell"}],"items_purged_floors":[0,5],"is_endless":false,"potions_floor_spawned":[2,3,7,14,16,18,20,21,24,25,28,31,33,35,36,38,39,40,42,47,48,54],"ascension_level":11}}