{"host":"uyfpom4rlahfoee4","time":1614111284,"event":{"mods":["BaseMod","Downfall","Minty Spire (QoL Compilation)","StSLib"],"gold_per_floor":[99,118,180,190,190,207,276,288,315,333,333,350,370,545,556,653,653,653,667,683,126,137,151,151,151,168,168,187,29,41,57,75,177,177,177,191,143,143,19,45,70,70,70,70,88,88,88,105,117,117],"floor_reached":51,"language":"ENG","playtime":3634,"items_purged":["Doubt"],"score":737,"play_id":"80e19e54-ded5-43b0-96e4-24ad13613b98","local_time":"20210223121444","is_ascension_mode":false,"campfire_choices":[{"data":"Slimebound:Split","floor":1,"key":"SMITH"},{"floor":11,"key":"REST"},{"data":"Slimebound:SpikyOuterGoop","floor":18,"key":"SMITH"},{"data":"Apotheosis","floor":25,"key":"SMITH"},{"data":"Slimebound:SpikyOuterGoop","floor":27,"key":"SMITH"},{"data":"Slimebound:Grow","floor":35,"key":"SMITH"},{"data":"Slimebound:OozeBath","floor":42,"key":"SMITH"},{"data":"Slimebound:Prepare","floor":44,"key":"SMITH"},{"data":"Slimebound:SelfFormingGoo","floor":46,"key":"SMITH"}],"circlet_count":0,"master_deck":["Slimebound:Strike_Slimebound","Slimebound:Strike_Slimebound","Slimebound:Strike_Slimebound","Slimebound:Tackle","Slimebound:Defend_Slimebound","Slimebound:Defend_Slimebound","Slimebound:Defend_Slimebound","Slimebound:Defend_Slimebound","Slimebound:Split+1","Slimebound:CorrosiveSpit","Slimebound:MegaLick","Slimebound:SpikyOuterGoop+1","Slimebound:LeechEnergy","Slimebound:ComboTackle","Slimebound:HauntingLick","Slimebound:LeechingTouch","Slimebound:PressTheAttack","Slimebound:Grow+1","Slimebound:SplitBruiser","Slimebound:SelfFormingGoo","Slimebound:GoopSpray+1","Slimebound:SplitSpecialist+1","Slimebound:SplitLeeching+1","Apotheosis+1","Slimebound:SlimeSpikes","Slimebound:SplitAcid+1","Slimebound:LeechingTouch+1","Slimebound:SpikyOuterGoop+1","Slimebound:GoopSpray","Slimebound:HauntingLick","Slimebound:Repurpose","Slimebound:RollThrough+1","Slimebound:SelfFormingGoo+1","CurseOfTheBell","Slimebound:ViciousTackle+1","Slimebound:Prepare+1","Slimebound:Grow+1","Slimebound:OozeBath+1","Slimebound:HauntingLick+1","Jack Of All Trades","Slimebound:SlimeTap","Slimebound:SplitMire+1","Slimebound:SplitLeeching+1"],"relics":["Slimebound:AbsorbEndCombat","Pocketwatch","downfall:ShatteredFragment","Eternal Feather","Bronze Scales","Slimebound:TarBlob","HornCleat","War Paint","Blood Vial","Calling Bell","Lantern","The Courier","Slimebound:SlimedTailRelic","Meat on the Bone","Strange Spoon","Frozen Eye","Du-Vu Doll","PreservedInsect"],"acts_visited":["Exordium","TheCity","TheBeyond"],"potions_floor_usage":[3,16,16,23],"damage_taken":[{"damage":1,"enemies":"Jaw Worm","floor":2,"turns":4},{"damage":16,"enemies":"Lagavulin Event","floor":3,"turns":8},{"damage":0,"enemies":"Small Slimes","floor":4,"turns":3},{"damage":3,"enemies":"2 Louse","floor":6,"turns":2},{"damage":3,"enemies":"Lots of Slimes","floor":8,"turns":3},{"damage":15,"enemies":"Lagavulin","floor":9,"turns":6},{"damage":5,"enemies":"downfall:LooterAlt","floor":10,"turns":2},{"damage":1,"enemies":"Exordium Wildlife","floor":12,"turns":3},{"damage":3,"enemies":"Red Slaver","floor":13,"turns":3},{"damage":11,"enemies":"Blue Slaver","floor":15,"turns":2},{"damage":15,"enemies":"WA_ARCHETYPE_RETAIN","floor":16,"turns":6},{"damage":0,"enemies":"Chosen","floor":19,"turns":3},{"damage":5,"enemies":"Spheric Guardian","floor":20,"turns":4},{"damage":13,"enemies":"downfall:FleeingMerchant","floor":21,"turns":4},{"damage":2,"enemies":"3 Cultists","floor":22,"turns":4},{"damage":5,"enemies":"Shelled Parasite and Fungi","floor":23,"turns":4},{"damage":0,"enemies":"Snake Plant","floor":26,"turns":3},{"damage":6,"enemies":"3 Cultists","floor":28,"turns":4},{"damage":0,"enemies":"downfall:FleeingMerchant","floor":29,"turns":4},{"damage":11,"enemies":"Snecko","floor":30,"turns":5},{"damage":0,"enemies":"Cultist and Chosen","floor":31,"turns":5},{"damage":0,"enemies":"Chosen and Byrds","floor":32,"turns":4},{"damage":14,"enemies":"DF_ARCHETYPE_CLAW","floor":33,"turns":6},{"damage":0,"enemies":"3 Darklings","floor":36,"turns":4},{"damage":1,"enemies":"downfall:FleeingMerchant","floor":37,"turns":4},{"damage":11,"enemies":"Reptomancer","floor":40,"turns":6},{"damage":0,"enemies":"3 Shapes","floor":45,"turns":3},{"damage":9,"enemies":"Spire Growth","floor":48,"turns":4},{"damage":0,"enemies":"Transient","floor":49,"turns":5},{"damage":0,"enemies":"SI_POISON_ARCHETYPE","floor":50,"turns":13}],"seed_played":"-5205065669230383912","potions_obtained":[{"floor":2,"key":"SpeedPotion"},{"floor":4,"key":"Slimebound:ThreeZeroPotion"},{"floor":8,"key":"SpeedPotion"},{"floor":9,"key":"Fire Potion"},{"floor":20,"key":"PowerPotion"},{"floor":22,"key":"Ancient Potion"},{"floor":28,"key":"Energy Potion"},{"floor":31,"key":"champ:CounterPotion"},{"floor":40,"key":"SmokeBomb"}],"is_trial":false,"path_per_floor":["R","M","?","M","?","M","T","M","E","M","R","M","M","?","M","B",null,"R","M","M","$","M","M","T","R","M","R","M","$","M","M","M","B",null,"R","M","$","?","$","E","T","R","$","R","M","R","?","M","M","B",null],"character_chosen":"SLIMEBOUND","items_purchased":["HornCleat","Apotheosis","Slimebound:SlimeSpikes","Blood Vial","Meat on the Bone","Slimebound:Grow","Strange Spoon","Frozen Eye"],"campfire_rested":1,"item_purchase_floors":[21,21,21,29,37,37,37,39],"current_hp_per_floor":[71,71,61,69,51,52,52,57,50,47,71,71,71,71,60,53,71,71,71,70,62,68,65,65,71,71,71,65,71,64,71,71,60,71,71,71,71,71,71,60,60,71,71,71,71,71,71,64,71,71],"gold":117,"neow_bonus":"TEN_PERCENT_HP_BONUS","is_daily":false,"chose_seed":false,"campfire_upgraded":8,"win_rate":0.0,"timestamp":1614111284,"path_taken":["R","M","?","M","?","M","T","M","E","M","R","M","M","?","M","BOSS","R","M","M","$","M","M","T","R","M","R","M","$","M","M","M","BOSS","R","M","$","?","$","E","T","R","$","R","M","R","?","?","M","BOSS"],"items_purchased_type":["Relic","Card","Card","Relic","Relic","Card","Relic","Relic"],"build_version":"2020-12-22","purchased_purges":1,"victory":true,"max_hp_per_floor":[71,71,71,71,71,71,71,71,71,71,71,71,71,71,71,71,71,71,71,71,71,71,71,71,71,71,71,71,71,71,71,71,71,71,71,71,71,71,71,71,71,71,71,71,71,71,71,71,71,71],"card_choices":[{"not_picked":["Slimebound:HauntingLick","Slimebound:ForwardTackle"],"picked":"Slimebound:MegaLick","floor":2},{"not_picked":["Slimebound:ServeAndProtect","Slimebound:LeechingTouch"],"picked":"Slimebound:SpikyOuterGoop","floor":3},{"not_picked":["Slimebound:TongueLash","Slimebound:ForwardTackle"],"picked":"Slimebound:LeechEnergy","floor":4},{"not_picked":["Slimebound:ItLooksTasty","Slimebound:SlimeBarrage"],"picked":"Slimebound:ComboTackle","floor":6},{"not_picked":["Slimebound:SplitAcid","Slimebound:SlimeBarrage"],"picked":"Slimebound:HauntingLick","floor":8},{"not_picked":["Slimebound:Prepare","Slimebound:FlameTackle"],"picked":"Slimebound:LeechingTouch","floor":9},{"not_picked":["Slimebound:Chomp","Slimebound:Dissolve","Slimebound:AcidTongue"],"picked":"SKIP","floor":10},{"not_picked":["Slimebound:SelfFormingGoo","Slimebound:ProtectTheBoss"],"picked":"Slimebound:PressTheAttack","floor":12},{"not_picked":["Slimebound:Prepare","Slimebound:GoopTackle"],"picked":"Slimebound:Grow","floor":13},{"not_picked":["Slimebound:Nibble","Slimebound:LivingWall"],"picked":"Slimebound:SplitBruiser","floor":15},{"not_picked":["Slimebound:MinionMaster","Slimebound:WasteNot"],"picked":"Slimebound:SelfFormingGoo","floor":16},{"not_picked":["Slimebound:TongueLash","Slimebound:Recollect"],"picked":"Slimebound:GoopSpray","floor":19},{"not_picked":["Slimebound:SamplingLick","Slimebound:LivingWall"],"picked":"Slimebound:SplitSpecialist+1","floor":20},{"not_picked":["Slimebound:SplitBruiser","Slimebound:FinishingTackle+1"],"picked":"Slimebound:SplitLeeching+1","floor":21},{"not_picked":["Slimebound:RejuvenatingLick","Slimebound:LeechEnergy"],"picked":"Slimebound:SplitAcid","floor":22},{"not_picked":["Slimebound:AcidTongue+1","Slimebound:PressTheAttack"],"picked":"Slimebound:LeechingTouch+1","floor":23},{"not_picked":["Slimebound:GoopSpray","Slimebound:PressTheAttack"],"picked":"Slimebound:SpikyOuterGoop","floor":26},{"not_picked":["Slimebound:GoopTackle","Slimebound:RejuvenatingLick"],"picked":"Slimebound:GoopSpray","floor":28},{"not_picked":["Slimebound:SlimeSlap","Slimebound:LeechEnergy"],"picked":"Slimebound:HauntingLick","floor":29},{"not_picked":["Slimebound:Prepare","Slimebound:RollThrough"],"picked":"Slimebound:Repurpose","floor":30},{"not_picked":["Slimebound:Prepare","Slimebound:Replication","Slimebound:BestDefense+1"],"picked":"SKIP","floor":31},{"not_picked":["Slimebound:ProtectTheBoss+1","Slimebound:LivingWall"],"picked":"Slimebound:RollThrough+1","floor":32},{"not_picked":["Slimebound:RallyTheTroops","Slimebound:SlimeSlap"],"picked":"Slimebound:SelfFormingGoo","floor":33},{"not_picked":["Slimebound:Recollect","Slimebound:HungryTackle+1"],"picked":"Slimebound:ViciousTackle+1","floor":36},{"not_picked":["Slimebound:ProtectTheBoss","Slimebound:Nibble"],"picked":"Slimebound:Prepare","floor":37},{"not_picked":["Slimebound:FlameTackle","Slimebound:BestDefense"],"picked":"Slimebound:OozeBath","floor":40},{"not_picked":["Slimebound:LeechingTouch","Slimebound:Nibble"],"picked":"Slimebound:HauntingLick+1","floor":45},{"not_picked":["Slimebound:RejuvenatingLick","Slimebound:SpikyOuterGoop"],"picked":"Slimebound:SplitMire+1","floor":48},{"not_picked":["Slimebound:ItLooksTasty","Slimebound:Dissolve"],"picked":"Slimebound:SplitLeeching+1","floor":49}],"player_experience":137303,"relics_obtained":[{"floor":3,"key":"Pocketwatch"},{"floor":7,"key":"Eternal Feather"},{"floor":9,"key":"Bronze Scales"},{"floor":24,"key":"War Paint"},{"floor":34,"key":"Lantern"},{"floor":34,"key":"The Courier"},{"floor":34,"key":"Slimebound:SlimedTailRelic"},{"floor":40,"key":"Du-Vu Doll"},{"floor":41,"key":"PreservedInsect"}],"event_choices":[],"is_beta":false,"boss_relics":[{"not_picked":["Pandora\u0027s Box","SacredBark"],"picked":"Slimebound:TarBlob"},{"not_picked":["bronze:MakeshiftBattery","Cursed Key"],"picked":"Calling Bell"}],"items_purged_floors":[21],"is_endless":false,"potions_floor_spawned":[2,4,8,9,15,20,22,28,31,33,36,40,49],"ascension_level":0}}