{"host":"7bvt9h5xvpviio59","time":1614080875,"event":{"mods":["BaseMod","Colored Powertips","Conspire","Hubris","Infinite Spire","Minty Spire (QoL Compilation)","Rare Cards Sparkle","Replay The Spire","StSLib"],"gold_per_floor":[116,116,134,145,160,195,212,212,260,260,273,293,310,336,336,412,412,428,441,441,127,143,143,153,164,164,179,179,179,179],"floor_reached":29,"language":"ENG","playtime":1530,"items_purged":["Decay"],"score":475,"play_id":"b3337f49-490d-4fd5-a3e8-27a77539d6d4","local_time":"20210223194755","is_ascension_mode":true,"campfire_choices":[{"data":"Feed","floor":8.0,"key":"SMITH"},{"data":"Armaments","floor":10.0,"key":"SMITH"},{"floor":15.0,"key":"REST"},{"data":"Demon Form","floor":23.0,"key":"SMITH"}],"circlet_count":0,"master_deck":["AscendersBane","Strike_R","Strike_R","Strike_R","Strike_R","Strike_R","Defend_R","Defend_R","Defend_R","Bash+1","Armaments+1","Clash","Iron Wave","Dual Wield","Feed+1","Shockwave","Flame Barrier","Spot Weakness","Demon Form+1","Perfected Strike+1","Shrug It Off","Clothesline+1","Cleave","Heavy Blade+1","Thunderclap","Heavy Blade+1"],"relics":["Black Blood","Orichalcum","Red Skull","Self Forming Clay","Eternal Feather","Juzu Bracelet"],"acts_visited":[],"potions_floor_usage":[],"damage_taken":[{"damage":4.0,"enemies":"Jaw Worm","floor":1.0,"turns":4.0},{"damage":1.0,"enemies":"Cultist","floor":3.0,"turns":3.0},{"damage":0.0,"enemies":"2 Louse","floor":4.0,"turns":2.0},{"damage":33.0,"enemies":"Lots of Slimes","floor":5.0,"turns":5.0},{"damage":24.0,"enemies":"Gremlin Nob","floor":6.0,"turns":4.0},{"damage":3.0,"enemies":"3 Louse","floor":7.0,"turns":4.0},{"damage":0.0,"enemies":"2 Fungi Beasts","floor":11.0,"turns":2.0},{"damage":0.0,"enemies":"Exordium Wildlife","floor":12.0,"turns":5.0},{"damage":15.0,"enemies":"Lots of Slimes","floor":13.0,"turns":5.0},{"damage":21.0,"enemies":"3 Sentries","floor":14.0,"turns":10.0},{"damage":43.0,"enemies":"Hexaghost","floor":16.0,"turns":11.0},{"damage":41.0,"enemies":"Shell Parasite","floor":18.0,"turns":10.0},{"damage":4.0,"enemies":"Chosen","floor":19.0,"turns":6.0},{"damage":23.0,"enemies":"Snake Plant","floor":22.0,"turns":4.0},{"damage":36.0,"enemies":"Centurion and Healer","floor":24.0,"turns":12.0},{"damage":24.0,"enemies":"Chosen and Byrds","floor":25.0,"turns":7.0},{"damage":10.0,"enemies":"Cultist and Chosen","floor":27.0,"turns":6.0},{"damage":43,"enemies":"Shelled Parasite and Fungi","floor":29,"turns":5}],"seed_played":"9041551258379097940","potions_obtained":[{"floor":3.0,"key":"SteroidPotion"},{"floor":5.0,"key":"AttackPotion"},{"floor":7.0,"key":"BlessingOfTheForge"},{"floor":11.0,"key":"Block Potion"},{"floor":27.0,"key":"PowerPotion"}],"is_trial":false,"path_per_floor":["M","?","M","M","M","E","M","R","T","R","M","M","M","E","R","B",null,"M","M","?","$","M","R","M","M","T","M","?","M"],"character_chosen":"IRONCLAD","items_purchased":["Eternal Feather"],"campfire_rested":1,"item_purchase_floors":[21],"current_hp_per_floor":[70,70,75,75,48,30,36,36,36,36,46,56,51,40,68,31,78,53,61,61,61,50,62,42,34,34,36,36,0,0],"gold":179,"neow_bonus":"UPGRADE_CARD","is_daily":false,"chose_seed":false,"campfire_upgraded":3,"win_rate":0.0,"timestamp":1614080875,"path_taken":["M","?","M","M","M","E","M","R","T","R","?","?","M","E","R","BOSS","M","M","?","$","M","R","M","M","T","M","?","M"],"items_purchased_type":["Relic"],"build_version":"2020-12-22","purchased_purges":1,"victory":false,"max_hp_per_floor":[75,75,75,75,75,75,78,78,78,78,82,86,90,94,94,94,94,98,98,98,98,98,98,102,106,106,106,106,110,110],"card_choices":[{"not_picked":["Twin Strike","Anger"],"picked":"Armaments","floor":1.0},{"not_picked":["Carnage","Sever Soul"],"picked":"Clash","floor":3.0},{"not_picked":["Wild Strike","Warcry"],"picked":"Iron Wave","floor":4.0},{"not_picked":["Evolve","Anger"],"picked":"Dual Wield","floor":5.0},{"not_picked":["Shrug It Off","Power Through"],"picked":"Feed","floor":6.0},{"not_picked":["Havoc","True Grit"],"picked":"Shockwave","floor":7.0},{"not_picked":["True Grit","Havoc"],"picked":"Flame Barrier","floor":11.0},{"not_picked":["Anger","Havoc","Clash"],"picked":"SKIP","floor":12.0},{"not_picked":["Warcry","Dropkick","Uppercut"],"picked":"SKIP","floor":13.0},{"not_picked":["Intimidate","Sword Boomerang"],"picked":"Spot Weakness","floor":14.0},{"not_picked":["Bludgeon","Double Tap"],"picked":"Demon Form","floor":16.0},{"not_picked":["Warcry","Flex"],"picked":"Perfected Strike+1","floor":18.0},{"not_picked":["Perfected Strike","Armaments"],"picked":"Shrug It Off","floor":19.0},{"not_picked":["Bloodletting","Anger+1"],"picked":"Clothesline+1","floor":22.0},{"not_picked":["Offering","Intimidate"],"picked":"Cleave","floor":24.0},{"not_picked":["Clothesline","Warcry"],"picked":"Heavy Blade+1","floor":25.0},{"not_picked":["Rage","Heavy Blade"],"picked":"Thunderclap","floor":27.0}],"player_experience":487051,"relics_obtained":[{"floor":6.0,"key":"Orichalcum"},{"floor":9.0,"key":"Red Skull"},{"floor":14.0,"key":"Self Forming Clay"},{"floor":26.0,"key":"Juzu Bracelet"}],"event_choices":[{"cards_removed":["Defend_R"],"damage_healed":0.0,"max_hp_gain":0.0,"max_hp_loss":0.0,"gold_gain":0.0,"event_name":"Purifier","player_choice":"Purged","floor":2.0,"gold_loss":0.0,"damage_taken":0.0},{"damage_healed":0.0,"max_hp_gain":0.0,"max_hp_loss":0.0,"gold_gain":0.0,"event_name":"Forgotten Altar","player_choice":"Smashed Altar","floor":20.0,"gold_loss":0.0,"damage_taken":0.0,"cards_obtained":["Decay"]},{"damage_healed":0.0,"max_hp_gain":0.0,"max_hp_loss":0.0,"gold_gain":0.0,"event_name":"Duplicator","player_choice":"Copied","floor":28.0,"gold_loss":0.0,"damage_taken":0.0,"cards_obtained":["Heavy Blade"]}],"is_beta":false,"boss_relics":[{"not_picked":["Philosopher\u0027s Stone","Tiny House"],"picked":"Black Blood"}],"items_purged_floors":[21],"is_endless":false,"potions_floor_spawned":[3,5,7,11,16,22,25,27],"killed_by":"Shelled Parasite and Fungi","ascension_level":15}}