{"host":"72n3jwtrlpjobydj","time":1614119988,"event":{"mods":["AchievementEnabler","Act Like it!","Arknights","BaseMod","CapriCore","DeckTracker","Hermit","Koishi","Lobotomy","Marisa£¨Ùöéë¡¡Øª×âÞÞ£©","Minty Spire (QoL Compilation)","Permanent Neow","StSLib","SuperFastMode","The Cursed","The Gatherer","The Hierophant","The Immortal"],"gold_per_floor":[110,110,134,153,177,217,217,261,261,301,35,35,76,92,92,213,213,232,63,83,102,118,118,118,118],"floor_reached":24,"language":"KOR","playtime":875,"items_purged":["Flex","Spot Weakness"],"score":239,"play_id":"96b829ce-22e0-4539-96ac-cda8507443a4","local_time":"20210224073948","is_ascension_mode":true,"campfire_choices":[{"floor":7,"key":"REST"},{"floor":15,"key":"REST"},{"floor":23,"key":"REST"}],"circlet_count":0,"master_deck":["Bash","Bludgeon","Shockwave","Shrug It Off","Barricade","Armaments","Bloodletting","Power Through","Fiend Fire","Headbutt","Inflame","Clothesline","Second Wind","Uppercut","Hemokinesis","Body Slam","Impervious","True Grit","Entrench+1"],"relics":["Burning Blood","Golden Idol","Eternal Feather","Sundial","Ginger","Oddly Smooth Stone","Akabeko","Pandora\u0027s Box"],"acts_visited":["Exordium","TheCity"],"potions_floor_usage":[5,6,13,16,20,24],"damage_taken":[{"damage":0,"enemies":"2 Louse","floor":1,"turns":2},{"damage":5,"enemies":"Small Slimes","floor":3,"turns":2},{"damage":3,"enemies":"Jaw Worm","floor":4,"turns":3},{"damage":2,"enemies":"Blue Slaver","floor":5,"turns":2},{"damage":21,"enemies":"Lagavulin","floor":6,"turns":5},{"damage":14,"enemies":"Gremlin Nob","floor":8,"turns":3},{"damage":50,"enemies":"3 Sentries","floor":10,"turns":8},{"damage":19,"enemies":"Lagavulin","floor":13,"turns":7},{"damage":0,"enemies":"Exordium Wildlife","floor":14,"turns":3},{"damage":19,"enemies":"Slime Boss","floor":16,"turns":9},{"damage":10,"enemies":"2 Thieves","floor":18,"turns":4},{"damage":24,"enemies":"3 Byrds","floor":20,"turns":7},{"damage":15,"enemies":"Snecko","floor":21,"turns":6},{"damage":71,"enemies":"Sentry and Sphere","floor":22,"turns":13},{"damage":46,"enemies":"Slavers","floor":24,"turns":2}],"seed_played":"4265864054637291880","potions_obtained":[{"floor":1,"key":"Energy Potion"},{"floor":3,"key":"Energy Potion"},{"floor":12,"key":"FairyPotion"},{"floor":12,"key":"DistilledChaos"},{"floor":12,"key":"GamblersBrew"},{"floor":13,"key":"DistilledChaos"},{"floor":22,"key":"LiquidMemories"}],"is_trial":false,"path_per_floor":["M","?","M","M","M","E","R","E","T","E","$","?","E","M","R","B",null,"M","$","M","M","M","R","E"],"character_chosen":"IRONCLAD","items_purchased":["Bloodletting","Oddly Smooth Stone","Impervious"],"campfire_rested":3,"item_purchase_floors":[11,11,19],"current_hp_per_floor":[80,60,61,64,68,53,80,72,72,28,28,28,15,21,54,41,80,76,76,58,49,11,44,0,0],"gold":118,"neow_bonus":"ONE_RANDOM_RARE_CARD","is_daily":false,"chose_seed":false,"campfire_upgraded":0,"win_rate":0.0,"timestamp":1614119988,"path_taken":["M","?","M","M","M","E","R","E","T","E","$","?","E","?","R","BOSS","M","$","M","M","M","R","E"],"items_purchased_type":["Card","Relic","Card"],"build_version":"2020-12-22","purchased_purges":2,"victory":false,"max_hp_per_floor":[80,80,80,80,80,80,80,80,80,80,80,80,80,80,80,80,80,80,80,80,80,80,80,80,80],"card_choices":[{"not_picked":["Dark Embrace","Havoc"],"picked":"Shockwave","floor":1},{"not_picked":["Havoc","Armaments"],"picked":"Shrug It Off","floor":3},{"not_picked":["Havoc","Perfected Strike"],"picked":"Flex","floor":4},{"not_picked":["Clash","Twin Strike"],"picked":"Barricade","floor":5},{"not_picked":["Perfected Strike","Heavy Blade","Demon Form"],"picked":"SKIP","floor":6},{"not_picked":["Dropkick","Pommel Strike","Pummel"],"picked":"SKIP","floor":8},{"not_picked":["Heavy Blade","Disarm"],"picked":"Armaments","floor":10},{"not_picked":["Searing Blow","Spot Weakness","Cleave"],"picked":"SKIP","floor":13},{"not_picked":["Clothesline","Flame Barrier"],"picked":"Power Through","floor":14},{"not_picked":["Flex+1","Flame Barrier","Anger"],"picked":"SKIP","floor":18},{"not_picked":["Warcry+1","Headbutt","Reckless Charge"],"picked":"SKIP","floor":20},{"not_picked":["Infernal Blade","Power Through"],"picked":"True Grit","floor":21},{"not_picked":["Spot Weakness","Thunderclap"],"picked":"Entrench+1","floor":22}],"player_experience":134672,"relics_obtained":[{"floor":6,"key":"Eternal Feather"},{"floor":8,"key":"Sundial"},{"floor":10,"key":"Ginger"},{"floor":13,"key":"Akabeko"}],"event_choices":[{"damage_healed":0,"gold_gain":0,"player_choice":"Take Damage","damage_taken":20,"relics_obtained":["Golden Idol"],"max_hp_gain":0,"max_hp_loss":0,"event_name":"Golden Idol","floor":2,"gold_loss":0},{"damage_healed":0,"gold_gain":0,"player_choice":"Got Potions","damage_taken":0,"max_hp_gain":0,"max_hp_loss":0,"event_name":"Lab","floor":12,"gold_loss":0}],"is_beta":false,"boss_relics":[{"not_picked":["Fusion Hammer","Cursed Key"],"picked":"Pandora\u0027s Box"}],"items_purged_floors":[11,19],"is_endless":false,"potions_floor_spawned":[1,3,13,14,22],"killed_by":"Slavers","ascension_level":1}}