{"host":"2hz3p8f82lqex3pd","time":1614115856,"event":{"mods":["AchievementEnabler","BaseMod","Minty Spire (QoL Compilation)"],"gold_per_floor":[110,125,138,155,155,155,185,207,207,219,219,230,246,2,2,2,2],"floor_reached":16,"language":"ENG","playtime":952,"items_purged":[],"score":104,"play_id":"c49a1cc4-1f40-4823-b747-0b0ca52ecec2","local_time":"20210223163056","is_ascension_mode":false,"campfire_choices":[{"data":"CutThroughFate","floor":6,"key":"SMITH"},{"floor":11,"key":"REST"},{"floor":15,"key":"REST"}],"circlet_count":0,"master_deck":["Strike_P","Strike_P","Strike_P","Strike_P","Defend_P","Defend_P","Defend_P","Defend_P","Eruption","Vigilance","Nirvana","Swivel","CutThroughFate+1","WaveOfTheHand","JustLucky","Perseverance","CutThroughFate","JustLucky"],"relics":["PureWater","Dream Catcher","TungstenRod","Odd Mushroom","Frozen Egg 2","Matryoshka"],"acts_visited":["Exordium"],"potions_floor_usage":[7,16,16],"damage_taken":[{"damage":0,"enemies":"Cultist","floor":1,"turns":2},{"damage":1,"enemies":"Jaw Worm","floor":2,"turns":3},{"damage":0,"enemies":"2 Louse","floor":3,"turns":3},{"damage":0,"enemies":"Exordium Wildlife","floor":4,"turns":3},{"damage":26,"enemies":"3 Sentries","floor":7,"turns":9},{"damage":31,"enemies":"The Mushroom Lair","floor":8,"turns":6},{"damage":7,"enemies":"3 Louse","floor":10,"turns":4},{"damage":1,"enemies":"Looter","floor":12,"turns":4},{"damage":14,"enemies":"2 Fungi Beasts","floor":13,"turns":2},{"damage":42,"enemies":"Hexaghost","floor":16,"turns":21}],"seed_played":"-7261836735448449788","potions_obtained":[{"floor":1,"key":"Block Potion"},{"floor":12,"key":"EssenceOfSteel"},{"floor":13,"key":"SpeedPotion"}],"is_trial":false,"path_per_floor":["M","M","M","M","?","R","E","?","T","M","R","M","M","$","R","B"],"character_chosen":"WATCHER","items_purchased":["Matryoshka"],"campfire_rested":2,"item_purchase_floors":[14],"current_hp_per_floor":[72,71,71,71,71,71,45,14,14,7,28,27,13,13,34,0,0],"gold":2,"neow_bonus":"RANDOM_COMMON_RELIC","is_daily":false,"chose_seed":false,"campfire_upgraded":1,"win_rate":0.0,"timestamp":1614115856,"path_taken":["M","M","?","M","?","R","E","?","T","M","R","M","M","?","R","BOSS"],"items_purchased_type":["Relic"],"build_version":"2020-12-22","purchased_purges":0,"victory":false,"max_hp_per_floor":[72,72,72,72,72,72,72,72,72,72,72,72,72,72,72,72,72],"card_choices":[{"not_picked":["Evaluate","Consecrate"],"picked":"Nirvana","floor":1},{"not_picked":["LikeWater","TalkToTheHand"],"picked":"Swivel","floor":2},{"not_picked":["MentalFortress","Evaluate","Crescendo"],"picked":"SKIP","floor":3},{"not_picked":["Prostrate","EmptyMind"],"picked":"CutThroughFate","floor":4},{"not_picked":["Indignation","FearNoEvil"],"picked":"WaveOfTheHand","floor":7},{"not_picked":["PathToVictory","BowlingBash"],"picked":"JustLucky","floor":8},{"not_picked":["Consecrate","Protect"],"picked":"Perseverance","floor":10},{"not_picked":["Crescendo","WreathOfFlame"],"picked":"CutThroughFate","floor":11},{"not_picked":["Vault","FlyingSleeves","Prostrate"],"picked":"SKIP","floor":12},{"not_picked":["LikeWater+1","SignatureMove"],"picked":"JustLucky","floor":13}],"player_experience":192910,"relics_obtained":[{"floor":7,"key":"TungstenRod"},{"floor":8,"key":"Odd Mushroom"},{"floor":9,"key":"Frozen Egg 2"}],"event_choices":[{"damage_healed":0,"gold_gain":0,"player_choice":"Ignored","damage_taken":0,"max_hp_gain":0,"max_hp_loss":0,"event_name":"Liars Game","floor":5,"gold_loss":0},{"damage_healed":0,"gold_gain":0,"player_choice":"Fought Mushrooms","damage_taken":0,"max_hp_gain":0,"max_hp_loss":0,"event_name":"Mushrooms","floor":8,"gold_loss":0}],"is_beta":false,"boss_relics":[],"items_purged_floors":[],"is_endless":false,"potions_floor_spawned":[1,12,13],"killed_by":"Hexaghost","ascension_level":0}}