{"host":"121m0oxswv9tg9hk","time":1614121521,"event":{"mods":["BaseMod","Better Altar","Better Third Choice","Hubris","Ironclad Rager","MarisaÅiñ∂âJÅ@ñÇóùçπÅj","Minty Spire (QoL Compilation)","Replay The Spire","StSLib","The Cursed","The Gatherer","The Hierophant"],"gold_per_floor":[99,7,7,28,42,77,77,109,133,136,136,165,165,196,196,166,166],"floor_reached":16,"language":"ENG","playtime":1050,"items_purged":[],"score":154,"play_id":"7e777fa6-5505-4463-8556-369d1537c415","local_time":"20210224000521","is_ascension_mode":true,"campfire_choices":[{"floor":7,"key":"REST"},{"data":"hierophant:Chorus","floor":11,"key":"SMITH"},{"floor":13,"key":"REST"},{"data":"hierophant:ChurchCoffers","floor":15,"key":"SMITH"}],"circlet_count":0,"master_deck":["hierophant:Strike_Hierophant","hierophant:Strike_Hierophant","hierophant:Strike_Hierophant","hierophant:Punish","hierophant:Defend_Hierophant","hierophant:Defend_Hierophant","hierophant:Defend_Hierophant","hierophant:Defend_Hierophant","hierophant:ChurchCoffers+1","hierophant:Chorus+1","hierophant:OrnateBuckler","hierophant:Smite","hierophant:Endure","hierophant:EyeForCoin+1","hierophant:Doubloon+1","hierophant:Doubloon+1","hierophant:Smite","hierophant:Rebuild+1","hierophant:HolyVerse+1","hierophant:Doubloon+1","hierophant:Doubloon+1"],"relics":["hierophant:PropheticMaskRelic","hubris:SlimyHat","Prayer Wheel","Toxic Egg 2","Potion Belt"],"acts_visited":["Exordium"],"potions_floor_usage":[6,12],"damage_taken":[{"damage":4,"enemies":"Jaw Worm","floor":1,"turns":3},{"damage":5,"enemies":"Cultist","floor":4,"turns":4},{"damage":0,"enemies":"2 Louse","floor":5,"turns":1},{"damage":48,"enemies":"Gremlin Nob","floor":6,"turns":5},{"damage":4,"enemies":"Replay:BlueRogue","floor":8,"turns":8},{"damage":4,"enemies":"Red Slaver","floor":10,"turns":7},{"damage":6,"enemies":"Exordium Wildlife","floor":12,"turns":5},{"damage":0,"enemies":"Exordium Thugs","floor":14,"turns":1},{"damage":52,"enemies":"Hexaghost","floor":16,"turns":11}],"seed_played":"1886525134205409668","potions_obtained":[{"floor":5,"key":"Energy Potion"},{"floor":8,"key":"Fire Potion"},{"floor":10,"key":"FearPotion"},{"floor":12,"key":"LiquidBronze"}],"is_trial":false,"path_per_floor":["M","?","$","M","M","E","R","E","T","M","R","M","R","M","R","B"],"character_chosen":"HIEROPHANT","items_purchased":[],"campfire_rested":2,"item_purchase_floors":[],"current_hp_per_floor":[71,71,71,66,66,18,40,36,36,32,32,26,48,48,48,0,0],"gold":166,"neow_bonus":"TRANSFORM_CARD","is_daily":false,"chose_seed":false,"campfire_upgraded":2,"win_rate":0.0,"timestamp":1614121521,"path_taken":["M","?","?","?","M","E","R","E","T","M","R","M","R","M","R","BOSS"],"items_purchased_type":[],"build_version":"2020-12-22","purchased_purges":0,"victory":false,"max_hp_per_floor":[75,75,75,75,75,75,75,75,75,75,75,75,75,75,75,75,75],"card_choices":[{"not_picked":["hierophant:Zeal","hierophant:RepressedViolence"],"picked":"hierophant:OrnateBuckler","floor":1},{"not_picked":["hierophant:Encroach","hierophant:Sermon"],"picked":"hierophant:Smite","floor":4},{"not_picked":["hierophant:MorningPrayer","hierophant:DisplayOfPower"],"picked":"hierophant:Endure","floor":5},{"not_picked":["hierophant:MorningPrayer","hierophant:SecretStash","hierophant:ThreeLashes"],"picked":"SKIP","floor":6},{"not_picked":["hierophant:Generosity","hierophant:WrathOfGod"],"picked":"hierophant:EyeForCoin+1","floor":8},{"not_picked":["hierophant:Encroach+1","hierophant:FaithHealing+1"],"picked":"hierophant:Doubloon+1","floor":10},{"not_picked":["hierophant:Zeal","hierophant:Sermon+1"],"picked":"hierophant:Smite","floor":10},{"not_picked":["hierophant:FlamingChariot","hierophant:HolyVerse+1"],"picked":"hierophant:Rebuild+1","floor":12},{"not_picked":["hierophant:Empathy+1","hierophant:Smite"],"picked":"hierophant:HolyVerse+1","floor":12},{"not_picked":["hierophant:Flagellation+1","hierophant:Prophecy+1"],"picked":"hierophant:Doubloon+1","floor":14},{"not_picked":["hierophant:Zeal","hierophant:HammerAndAnvil+1","hierophant:Remorse"],"picked":"SKIP","floor":14}],"player_experience":2484824,"relics_obtained":[{"floor":6,"key":"Prayer Wheel"},{"floor":8,"key":"Toxic Egg 2"},{"floor":9,"key":"Potion Belt"}],"event_choices":[{"damage_healed":0,"gold_gain":0,"player_choice":"Paid Gold","damage_taken":0,"relics_obtained":["hubris:SlimyHat"],"max_hp_gain":0,"max_hp_loss":0,"event_name":"WeMeetAgain","floor":2,"gold_loss":92}],"is_beta":false,"boss_relics":[],"items_purged_floors":[],"is_endless":false,"potions_floor_spawned":[5,8,10,12],"killed_by":"Hexaghost","ascension_level":3}}