{"host":"jsd6g3c2vo13e69c","time":1614099143,"event":{"mods":["2.2 Compatiblity","Act Like it!","BaseMod","Better Altar","Better Match","Better Note","Better Sensory Stone","Better Third Choice","BetterRewards","Colored Map","Colored Powertips","Downfall","Friendly Minions","GifTheSpireLib","Googly Eyes","Gremlin Mod","Hermit","Hubris","Infinite Spire","Melee Mod","Minty Spire (QoL Compilation)","Permanent Neow","Quick Restart","Random Character Button","Replay The Spire","Shop Mod","Spire Arcade","StSLib","The Cursed","The Disciple","The Forsaken","thorton"],"gold_per_floor":[148,187,362,31,31,31,72,72,72,126,152,205,217,271,283,425,437,494,544,584,621,621,621],"floor_reached":21,"language":"ENG","playtime":1166,"items_purged":["Normality"],"score":189,"play_id":"8d42635c-84ec-4df1-9fa7-03a3b8be2c69","local_time":"20210223115223","is_ascension_mode":false,"campfire_choices":[{"data":"thethorton:SheetShred","floor":6,"key":"SMITH"},{"floor":13,"key":"REST"},{"data":"Bandage Up","floor":15,"key":"SMITH"}],"circlet_count":0,"master_deck":["thethorton:Strike","thethorton:Strike","thethorton:Strike","thethorton:Defend","thethorton:Defend","thethorton:Defend","thethorton:Defend","thethorton:Heckle","thethorton:CreditCard","thethorton:Fortune","thethorton:CoinShield","thethorton:SheetShred+1","thethorton:ElbowSmash","Bandage Up+1","Headbutt","Ghostly Armor","Headbutt","thethorton:ScalingIsWin","thethorton:BusinessCard+1","Inflame","thethorton:CashBash+1"],"relics":["thethorton:CouragePotion","hubris:DisguiseKit","Replay:Baseball","Incense Burner","Turnip","MawBank","Black Star"],"acts_visited":["Exordium","TheCity"],"potions_floor_usage":[18,20,20],"damage_taken":[{"damage":6,"enemies":"2 Louse","floor":1,"turns":7},{"damage":9,"enemies":"Small Slimes","floor":2,"turns":7},{"damage":36,"enemies":"Gremlin Nob","floor":7,"turns":6},{"damage":11,"enemies":"Lagavulin","floor":10,"turns":8},{"damage":0,"enemies":"Jaw Worm","floor":11,"turns":4},{"damage":0,"enemies":"Exordium Wildlife","floor":14,"turns":4},{"damage":12,"enemies":"Hexaghost","floor":16,"turns":11},{"damage":6,"enemies":"Shell Parasite","floor":18,"turns":8},{"damage":20,"enemies":"Spheric Guardian","floor":19,"turns":7},{"damage":44,"enemies":"Cultist and Chosen","floor":20,"turns":8},{"damage":30,"enemies":"Snecko","floor":21,"turns":7}],"seed_played":"7860920921961768116","potions_obtained":[{"floor":10,"key":"Block Potion"},{"floor":11,"key":"DuplicationPotion"},{"floor":14,"key":"Languid Potion"},{"floor":18,"key":"SteroidPotion"}],"is_trial":false,"path_per_floor":["M","M","?","$","?","R","E","?","T","E","M","T","R","M","R","B",null,"M","M","M","M"],"character_chosen":"THE_THORT","items_purchased":["hubris:DisguiseKit"],"campfire_rested":1,"item_purchase_floors":[4],"current_hp_per_floor":[62,53,53,53,46,46,10,10,10,3,7,7,27,31,31,25,68,66,52,20,0,0,0],"gold":621,"neow_bonus":"TRANSFORM_CARD","is_daily":false,"chose_seed":false,"campfire_upgraded":2,"win_rate":0.0,"timestamp":1614099143,"path_taken":["M","M","?","$","?","R","E","?","T","E","?","?","R","M","R","BOSS","M","M","M","M"],"items_purchased_type":["Relic"],"build_version":"2020-12-22","purchased_purges":1,"victory":false,"max_hp_per_floor":[68,68,68,68,68,68,68,68,68,68,68,68,68,68,68,68,68,68,68,68,68,68,68],"card_choices":[{"not_picked":["thethorton:GoldBuffer","thethorton:SnowDay"],"picked":"thethorton:CoinShield","floor":1},{"not_picked":["thethorton:AngerMoment","thethorton:PocketChange"],"picked":"thethorton:SheetShred","floor":2},{"not_picked":["thethorton:RunningFeint","thethorton:SicklyRun","True Grit"],"picked":"thethorton:ElbowSmash","floor":7},{"not_picked":["Poisoned Strike","Replay:Bootleg Shield Generator"],"picked":"Bandage Up","floor":8},{"not_picked":["thethorton:StumblingSlap","thethorton:StampSmack","thethorton:ElbowSmash"],"picked":"Headbutt","floor":10},{"not_picked":["thethorton:FearfulRun","thethorton:RunningKick","thethorton:CallIn"],"picked":"Ghostly Armor","floor":11},{"not_picked":["thethorton:FeelNoBrain","thethorton:TakeAccounts","thethorton:Crash"],"picked":"Headbutt","floor":14},{"not_picked":["thethorton:SummonProfit","thethorton:CardboardBox","Juggernaut"],"picked":"thethorton:ScalingIsWin","floor":16},{"not_picked":["thethorton:ElbowSmash","thethorton:TakeAccounts","Rupture"],"picked":"thethorton:BusinessCard+1","floor":18},{"not_picked":["thethorton:Crash+1","thethorton:DualBap","thethorton:FearfulRun+1"],"picked":"Inflame","floor":19},{"not_picked":["thethorton:BusinessBoom","thethorton:BusinessCard","True Grit"],"picked":"thethorton:CashBash+1","floor":20}],"player_experience":418706,"relics_obtained":[{"floor":7,"key":"Replay:Baseball"},{"floor":9,"key":"Incense Burner"},{"floor":10,"key":"Turnip"},{"floor":12,"key":"MawBank"}],"event_choices":[{"damage_healed":0,"gold_gain":175,"player_choice":"AGREE","damage_taken":187,"max_hp_gain":0,"max_hp_loss":0,"event_name":"betterThird:BetterSerpent","floor":3,"gold_loss":0},{"cards_removed":["Doubt"],"damage_healed":0,"gold_gain":0,"player_choice":"Card Removal","damage_taken":7,"max_hp_gain":0,"max_hp_loss":0,"event_name":"Golden Wing","floor":5,"gold_loss":0},{"damage_healed":0,"gold_gain":1,"player_choice":"1","damage_taken":0,"max_hp_gain":0,"max_hp_loss":0,"event_name":"betterStone:BetterStone","floor":8,"gold_loss":0}],"is_beta":false,"boss_relics":[{"not_picked":["SlaversCollar","hubris:VirtuousBlindfold"],"picked":"Black Star"}],"items_purged_floors":[4],"is_endless":false,"potions_floor_spawned":[10,11,14,18],"killed_by":"Snecko","ascension_level":0}}