{"host":"qrfkyfrpo74atslb","time":1614068692,"event":{"mods":["Bartender","BaseMod","Beaked The Cultist","CapriCore","Colored Map","Colored Powertips","Conspire","DeckTracker","Downfall","Hermit","Hubris","Koishi","LagranYue(???·?)","Marisa????????","Minty Spire (QoL Compilation)","Prisma Mod","Remilia??????","StSLib","The Alterego","The Cursed","The Immortal","The Mystic","The Necromancer","The Servant 0.9.4","The Wild Card","Yakumo Yukari mod","Yuyuko"],"gold_per_floor":[112,287,287,306,322,351,351,365,444,444,463,488,488,506,506,609,609,621,621,639,650,450,500,551,576,576,503,615,686,698,757,769,878,890,915,124,224,235,245,245],"floor_reached":39,"language":"ENG","playtime":1730,"items_purged":["Defend_RM"],"score":508,"play_id":"36be8c5d-102b-4515-bfff-6f585618d77b","local_time":"20210223212452","is_ascension_mode":false,"campfire_choices":[{"data":"theWildCard:Thanatos","floor":10,"key":"SMITH"},{"data":"RedNightlessCastle","floor":13,"key":"SMITH"},{"data":"EternalNight","floor":15,"key":"SMITH"},{"floor":30,"key":"REST"},{"data":"SuperhumanBloodyKnife","floor":32,"key":"SMITH"}],"circlet_count":0,"master_deck":["theWildCard:Thanatos+1","Strike_RM","Strike_RM","Strike_RM","Defend_RM","Defend_RM","Defend_RM","RedMoon","ScarletShoot","DiffusionOfMisfortune","StarOfDavid","VampireKiss","DiffusionOfMisfortune","Stigmanizer","RedNightlessCastle+1","CharismaGuard","EternalNight+1","HeartBreak","TwelveNightmare","BloodRain","BloodHunter","NightDance","conspire:SpireCoStock","conspire:SpireCoStock","conspire:SpireCoStock","conspire:SpireCoStock","FitfulNightmare","BombardNight+1","DiffusionOfMisfortune","Clumsy","ForecastOfChange","Normality","downfall:Malfunctioning","StarOfDavid","BombardNight","SuperhumanBloodyKnife+1","BatForm","PrismaMod:IllyaInstallSaber","ScarletSymphony","Apotheosis","conspire:Banana","MastersStateliness+1"],"relics":["ScarletHat","LagranYue:RandomDrawCardRelic","NeowsBlessing","FairyMaid","Shuriken","Dream Catcher","LagranYue:ContractPerformanceRelic","Potion Belt","Pen Nib","MawBank","InkBottle","downfall:ExtraCursedKey","beaked:SacredDeck","Omamori","Nunchaku","conspire:TreasureMap"],"acts_visited":["Exordium","TheCity","TheBeyond"],"potions_floor_usage":[12,16,25,31,33,39],"damage_taken":[{"damage":0,"enemies":"Jaw Worm","floor":1,"turns":1},{"damage":0,"enemies":"Cultist","floor":4,"turns":1},{"damage":0,"enemies":"2 Louse","floor":5,"turns":1},{"damage":6,"enemies":"Gremlin Nob","floor":6,"turns":3},{"damage":6,"enemies":"Red Slaver","floor":8,"turns":4},{"damage":0,"enemies":"3 Louse","floor":11,"turns":2},{"damage":10,"enemies":"3 Sentries","floor":12,"turns":3},{"damage":2,"enemies":"Looter","floor":14,"turns":3},{"damage":29,"enemies":"Hexaghost","floor":16,"turns":5},{"damage":2,"enemies":"Shell Parasite","floor":18,"turns":2},{"damage":7,"enemies":"Chosen","floor":20,"turns":3},{"damage":0,"enemies":"Snake Plant","floor":21,"turns":2},{"damage":28,"enemies":"Book of Stabbing","floor":23,"turns":6},{"damage":16,"enemies":"Shelled Parasite and Fungi","floor":24,"turns":4},{"damage":4,"enemies":"Gremlin Leader","floor":25,"turns":4},{"damage":14,"enemies":"Cultist and Chosen","floor":29,"turns":4},{"damage":43,"enemies":"Snake Plant","floor":31,"turns":3},{"damage":20,"enemies":"conspire:MysteriousRune","floor":33,"turns":5},{"damage":45,"enemies":"3 Darklings","floor":35,"turns":4},{"damage":33,"enemies":"3 Shapes","floor":38,"turns":1},{"damage":12,"enemies":"Maw","floor":39,"turns":2}],"seed_played":"1911423934702855518","potions_obtained":[{"floor":1,"key":"champ:CounterPotion"},{"floor":8,"key":"ColorlessPotion"},{"floor":12,"key":"BlessingOfTheForge"},{"floor":14,"key":"DuplicationPotion"},{"floor":18,"key":"AttackPotion"},{"floor":20,"key":"SteroidPotion"},{"floor":23,"key":"Ancient Potion"},{"floor":33,"key":"Swift Potion"},{"floor":35,"key":"sneckomod:MuddlingPotion"},{"floor":38,"key":"ColorlessPotion"}],"is_trial":false,"path_per_floor":["M","?","?","M","M","E","?","M","T","R","M","E","R","M","R","B",null,"M","?","M","M","?","E","M","E","T","?","?","M","R","M","R","B",null,"M","$","?","M","M"],"character_chosen":"REMILIA","items_purchased":["Omamori","Nunchaku","conspire:TreasureMap","Apotheosis","conspire:Banana"],"campfire_rested":1,"item_purchase_floors":[36,36,36,36,36],"current_hp_per_floor":[75,75,75,75,75,71,71,67,67,67,67,61,61,61,61,49,75,74,74,72,74,74,55,44,46,46,46,51,38,62,39,39,20,80,35,35,35,2,0,0],"gold":245,"neow_bonus":"THREE_ENEMY_KILL","is_daily":false,"chose_seed":false,"campfire_upgraded":4,"win_rate":0.0,"timestamp":1614068692,"path_taken":["M","?","?","M","?","E","?","M","T","R","M","E","R","M","R","BOSS","M","?","?","M","?","E","M","E","T","?","?","M","R","M","R","BOSS","M","$","?","M","?"],"items_purchased_type":["Relic","Relic","Relic","Card","Card"],"build_version":"2020-12-22","purchased_purges":1,"victory":false,"max_hp_per_floor":[75,75,75,75,75,75,75,75,75,75,75,75,75,75,75,75,75,75,75,75,75,75,75,75,75,75,75,80,80,80,80,80,80,80,80,80,80,80,80,80],"card_choices":[{"not_picked":["FitfulNightmare","EndlessAdversity"],"picked":"DiffusionOfMisfortune","floor":1},{"not_picked":["ScarletDevilSign","BlasphemousPunishment"],"picked":"StarOfDavid","floor":4},{"not_picked":["RedRainbow","CurseOfVladTepes"],"picked":"VampireKiss","floor":5},{"not_picked":["VampireKiss","Stigmanizer"],"picked":"DiffusionOfMisfortune","floor":6},{"not_picked":["VampireKiss","ScarletImprint"],"picked":"Stigmanizer","floor":8},{"not_picked":["ScarletNetherworld","UnderTheZenith"],"picked":"RedNightlessCastle","floor":11},{"not_picked":["KillingBlow","BombardNight"],"picked":"CharismaGuard","floor":12},{"not_picked":["BadLadyScramble","LeisurelyOfLord"],"picked":"EternalNight","floor":14},{"not_picked":["ChaoticDestiny","BloodyHallows"],"picked":"HeartBreak","floor":16},{"not_picked":["UnderTheZenith","MillenniumVampire"],"picked":"TwelveNightmare","floor":18},{"not_picked":["RedRainbow","CharismaGuard"],"picked":"BloodHunter","floor":20},{"not_picked":["HunterOfTheNight","RedRainbow"],"picked":"NightDance","floor":21},{"not_picked":["EternalNight","VampireSweep"],"picked":"FitfulNightmare","floor":23},{"not_picked":["CharismaGuard","ForbiddenFruit"],"picked":"BombardNight+1","floor":24},{"not_picked":["BloodySeventeenLaser","Septette+1"],"picked":"DiffusionOfMisfortune","floor":25},{"not_picked":["MastersStateliness","ForbiddenFruit"],"picked":"StarOfDavid","floor":29},{"not_picked":["StarOfDavid","BloodyHallows"],"picked":"BombardNight","floor":30},{"not_picked":["ScarletNetherworld","StarOfDavid"],"picked":"SuperhumanBloodyKnife","floor":31},{"not_picked":["TransientEternity","BloodySeventeenLaser"],"picked":"BatForm","floor":33},{"not_picked":["ScarletDevil","Stigmanizer+1"],"picked":"ScarletSymphony","floor":35},{"not_picked":["EmergencyRegeneration","BlasphemousPunishment+1"],"picked":"MastersStateliness+1","floor":38}],"player_experience":122210,"relics_obtained":[{"floor":6,"key":"FairyMaid"},{"floor":9,"key":"Shuriken"},{"floor":12,"key":"Dream Catcher"},{"floor":23,"key":"Potion Belt"},{"floor":25,"key":"Pen Nib"},{"floor":26,"key":"MawBank"}],"event_choices":[{"damage_healed":0,"gold_gain":175,"player_choice":"AGREE","damage_taken":0,"max_hp_gain":0,"max_hp_loss":0,"event_name":"Liars Game","floor":2,"gold_loss":0,"cards_obtained":["Doubt"]},{"cards_removed":["Doubt"],"damage_healed":0,"gold_gain":0,"player_choice":"Purged","damage_taken":0,"max_hp_gain":0,"max_hp_loss":0,"event_name":"Purifier","floor":3,"gold_loss":0},{"damage_healed":0,"gold_gain":0,"player_choice":"Ignored","damage_taken":0,"max_hp_gain":0,"max_hp_loss":0,"event_name":"NoteForYourself","floor":7,"gold_loss":0},{"damage_healed":0,"gold_gain":0,"cards_transformed":["Strike_RM"],"player_choice":"Transformed","damage_taken":0,"max_hp_gain":0,"max_hp_loss":0,"event_name":"Transmorgrifier","floor":19,"gold_loss":0,"cards_obtained":["BloodRain"]},{"damage_healed":0,"gold_gain":0,"player_choice":"Invest 4","damage_taken":0,"max_hp_gain":0,"max_hp_loss":0,"event_name":"conspire:Investor","floor":22,"gold_loss":0},{"damage_healed":0,"gold_gain":0,"player_choice":"Obtained Relic","damage_taken":0,"relics_obtained":["InkBottle"],"max_hp_gain":0,"max_hp_loss":0,"event_name":"Addict","floor":27,"gold_loss":85},{"damage_healed":0,"gold_gain":100,"player_choice":"Pray","damage_taken":0,"max_hp_gain":0,"max_hp_loss":0,"event_name":"Golden Shrine","floor":37,"gold_loss":0}],"is_beta":false,"boss_relics":[{"not_picked":["hubris:TerracottaHorce","conspire:RunicOctahedron"],"picked":"LagranYue:ContractPerformanceRelic"},{"not_picked":["conspire:SlowCooker","hubris:BlackHole"],"picked":"beaked:SacredDeck"}],"items_purged_floors":[36],"is_endless":false,"potions_floor_spawned":[1,8,12,14,18,20,23,33,35,38],"killed_by":"Maw","ascension_level":0}}