{"host":"vpaavrwbmey593fx","time":1614055255,"event":{"mods":["AchievementEnabler","BaseMod","Bestiary","Colored Map","Colored Powertips","DeckTracker","Minty Spire (QoL Compilation)","Relic Sorter"],"gold_per_floor":[111,111,111,127,142,142,22,22,22,22,33,33,88,103,103,198,198,211,236,39,53,71,71,71],"floor_reached":23,"language":"ENG","playtime":1690,"items_purged":[],"score":272,"play_id":"7719340a-c9d2-452c-9d0d-d4cb2fe48614","local_time":"20210222204055","is_ascension_mode":true,"campfire_choices":[{"data":"Leg Sweep","floor":6,"key":"SMITH"},{"data":"Noxious Fumes","floor":8,"key":"SMITH"},{"data":"Flechettes","floor":12,"key":"SMITH"},{"floor":15,"key":"REST"}],"circlet_count":0,"master_deck":["AscendersBane","Survivor","Neutralize","Leg Sweep+1","Noxious Fumes+1","Backflip","Dodge and Roll","Flechettes+1","Backflip","Bullet Time","Slice","Dagger Spray","Envenom","Riddle With Holes","Dash","Dagger Spray","Malaise","Cloak And Dagger","Escape Plan","Cloak And Dagger+1","Well Laid Plans","Footwork","Dodge and Roll"],"relics":["Ring of the Snake","Happy Flower","Calipers","Turnip","PreservedInsect","Pandora\u0027s Box","Red Mask","Oddly Smooth Stone"],"acts_visited":["Exordium","TheCity"],"potions_floor_usage":[16,19,23],"damage_taken":[{"damage":7,"enemies":"Small Slimes","floor":1,"turns":6},{"damage":5,"enemies":"Jaw Worm","floor":4,"turns":8},{"damage":3,"enemies":"Cultist","floor":5,"turns":6},{"damage":16,"enemies":"Lots of Slimes","floor":11,"turns":5},{"damage":0,"enemies":"Blue Slaver","floor":14,"turns":5},{"damage":26,"enemies":"The Guardian","floor":16,"turns":12},{"damage":0,"enemies":"2 Thieves","floor":18,"turns":4},{"damage":34,"enemies":"Masked Bandits","floor":19,"turns":5},{"damage":0,"enemies":"Spheric Guardian","floor":21,"turns":5},{"damage":5,"enemies":"Snake Plant","floor":22,"turns":7},{"damage":23,"enemies":"Slavers","floor":23,"turns":3}],"seed_played":"5459004439901943400","potions_obtained":[{"floor":4,"key":"LiquidMemories"},{"floor":5,"key":"Ancient Potion"},{"floor":19,"key":"FearPotion"}],"is_trial":false,"path_per_floor":["M","?","?","M","M","R","$","R","T","?","M","R","T","M","R","B",null,"M","?","$","M","M","E"],"character_chosen":"THE_SILENT","items_purchased":["Noxious Fumes","Backflip","Oddly Smooth Stone","Well Laid Plans"],"campfire_rested":1,"item_purchase_floors":[7,7,20,20],"current_hp_per_floor":[56,61,43,38,35,35,35,35,35,35,19,19,19,19,39,13,54,54,20,20,20,15,0,0],"gold":71,"neow_bonus":"ONE_RARE_RELIC","is_daily":false,"chose_seed":false,"campfire_upgraded":3,"win_rate":0.0,"timestamp":1614055255,"path_taken":["M","?","?","M","M","R","?","R","T","?","?","R","?","?","R","BOSS","M","?","$","M","M","E"],"items_purchased_type":["Card","Card","Relic","Card"],"build_version":"2020-12-22","purchased_purges":0,"victory":false,"max_hp_per_floor":[63,68,68,68,68,68,68,68,68,68,68,68,68,68,68,68,68,68,68,68,68,68,68,68],"card_choices":[{"not_picked":["Bane","Quick Slash","Prepared"],"picked":"SKIP","floor":1},{"not_picked":["Sucker Punch","Setup"],"picked":"Leg Sweep","floor":4},{"not_picked":["Eviscerate","Sucker Punch","Quick Slash"],"picked":"SKIP","floor":5},{"not_picked":["Dodge and Roll","Acrobatics"],"picked":"Flechettes","floor":11},{"not_picked":["Finisher","Outmaneuver"],"picked":"Backflip","floor":14},{"not_picked":["Wraith Form v2","Malaise"],"picked":"Bullet Time","floor":16},{"not_picked":["Slice","Bane"],"picked":"Cloak And Dagger+1","floor":18},{"not_picked":["Endless Agony","Distraction+1"],"picked":"Footwork","floor":21},{"not_picked":["Flying Knee","Cloak And Dagger+1"],"picked":"Dodge and Roll","floor":22}],"player_experience":409105,"relics_obtained":[{"floor":9,"key":"Calipers"},{"floor":13,"key":"Happy Flower"},{"floor":19,"key":"Red Mask"}],"event_choices":[{"damage_healed":0,"gold_gain":0,"player_choice":"Donut","damage_taken":0,"max_hp_gain":5,"max_hp_loss":0,"event_name":"Big Fish","floor":2,"gold_loss":0},{"damage_healed":0,"gold_gain":0,"player_choice":"Success","damage_taken":18,"relics_obtained":["PreservedInsect"],"max_hp_gain":0,"max_hp_loss":0,"event_name":"Scrap Ooze","floor":3,"gold_loss":0},{"damage_healed":0,"gold_gain":0,"cards_transformed":["Defend_G"],"player_choice":"Change","damage_taken":0,"max_hp_gain":0,"max_hp_loss":0,"event_name":"Living Wall","floor":10,"gold_loss":0,"cards_obtained":["Dodge and Roll"]},{"damage_healed":0,"gold_gain":0,"player_choice":"Fought Bandits","damage_taken":0,"max_hp_gain":0,"max_hp_loss":0,"event_name":"Masked Bandits","floor":19,"gold_loss":0}],"is_beta":false,"boss_relics":[{"not_picked":["SacredBark","Ectoplasm"],"picked":"Pandora\u0027s Box"}],"items_purged_floors":[],"is_endless":false,"potions_floor_spawned":[4,5,19],"killed_by":"Slavers","ascension_level":10}}