{"host":"1hw3ks68c0zl1mxv","time":1614060789,"event":{"mods":["2.2 Compatiblity","Act Like it!","Aspiration","BaseMod","Beaked The Cultist","BetterRewards","Colored Map","Colored Powertips","Conspire","Downfall","Energized Spire","GungeonMod","Halation","Hallownest","Hubris","Infinite Spire","Marisa????????","Mimic Mod","Minty Spire (QoL Compilation)","Quick Restart","Replay The Spire","Shop Mod","StSLib","The Bug Knight","The Construct","The Elementalist","The Necromancer","The Saiyan","The Servant 0.9.4","TheHero"],"gold_per_floor":[117,137,137,155,155,155,185,185,218,234,247,263,263,279,279,382,382,396,396,407,140,140,140,40,65,65,90,90,15,94,126,126,226,226,246,156,169,222,444,473,105,105,141,162,162,185,202,238,238,238],"floor_reached":51,"language":"ENG","playtime":3324,"items_purged":["Strike_B"],"score":1118,"play_id":"15d9dae8-34a6-4831-b866-9a26288baf0a","local_time":"20210222231309","is_ascension_mode":false,"campfire_choices":[{"data":"Crystallizer","floor":6,"key":"SMITH"},{"data":"Reboot","floor":8,"key":"SMITH"},{"data":"Blizzard","floor":15,"key":"SMITH"},{"data":"hubris:PowerSurge","floor":23,"key":"SMITH"},{"data":"Defragment","floor":28,"key":"SMITH"},{"floor":32,"key":"REST"},{"data":"Consume","floor":45,"key":"SMITH"},{"floor":49,"key":"REST"}],"circlet_count":0,"master_deck":["Strike_B","Defend_B","Defend_B","Defend_B","Defend_B","Zap","Dualcast","Capacitor","Crystallizer+1","Glacier","Reboot+1","Cold Snap","hubris:PowerSurge+1","Blizzard+1","Echo Form","Consume+1","Defragment+1","Fission+1","Crystallizer+1","Hologram+1","hubris:Greed","FIFO Queue","hubris:SpecializedCircuitry"],"relics":["Cracked Core","Runic Capacitor","infinitespire:Joker Card","aspiration:HummingbirdHeart","conspire:BottledYoYo","halation:PinkSoulGem","MerchantsRug","DemoMod:BlueGuonStone","Enchiridion","halation:PrussianBluePaint","Shuriken","hubris:RGBLights","infinitespire:FocusingShard","Red Mask","Cursed Key","Prayer Wheel","WingedGreaves","Mango","hubris:TenFootPole","BranchBurnRelic","Happy Flower"],"acts_visited":["Exordium","TheCity","TheBeyond"],"potions_floor_usage":[20,38,48,50,50],"damage_taken":[{"damage":2,"enemies":"Small Slimes","floor":1,"turns":3},{"damage":1,"enemies":"Cultist","floor":2,"turns":4},{"damage":2,"enemies":"2 Louse","floor":4,"turns":4},{"damage":11,"enemies":"3 Sentries","floor":7,"turns":7},{"damage":2,"enemies":"Exordium Wildlife","floor":9,"turns":6},{"damage":3,"enemies":"Exordium Wildlife","floor":10,"turns":4},{"damage":0,"enemies":"Blue Slaver","floor":11,"turns":4},{"damage":0,"enemies":"Looter","floor":12,"turns":2},{"damage":0,"enemies":"Large Slime","floor":14,"turns":7},{"damage":0,"enemies":"Hexaghost","floor":16,"turns":12},{"damage":11,"enemies":"Chosen","floor":18,"turns":5},{"damage":0,"enemies":"conspire:FuzzyDice","floor":20,"turns":8},{"damage":0,"enemies":"HollowMod:Nosk","floor":25,"turns":9},{"damage":22,"enemies":"Slavers","floor":27,"turns":8},{"damage":0,"enemies":"Masked Bandits","floor":31,"turns":5},{"damage":35,"enemies":"hubris:MusketHawk","floor":33,"turns":12},{"damage":2,"enemies":"Orb Walker","floor":35,"turns":3},{"damage":0,"enemies":"3 Darklings","floor":37,"turns":8},{"damage":8,"enemies":"2 Orb Walkers","floor":38,"turns":11},{"damage":2,"enemies":"Giant Head","floor":40,"turns":7},{"damage":3,"enemies":"Spire Growth","floor":43,"turns":9},{"damage":4,"enemies":"Spire Growth","floor":44,"turns":3},{"damage":0,"enemies":"4 Shapes","floor":46,"turns":4},{"damage":0,"enemies":"Transient","floor":47,"turns":5},{"damage":19,"enemies":"Reptomancer","floor":48,"turns":10},{"damage":6,"enemies":"Time Eater","floor":50,"turns":12}],"seed_played":"-2318936697968633197","potions_obtained":[{"floor":1,"key":"Strength Potion"},{"floor":20,"key":"Explosive Potion"},{"floor":40,"key":"Weak Potion"}],"is_trial":false,"path_per_floor":["M","M","?","M","?","R","E","R","MIM","M","M","M","?","M","R","B",null,"M","?","M","$","?","R","$","E","T","E","R","?","T","?","R","B",null,"M","?","M","?","?","E","$","?","MIM","M","R","M","M","E","R","B",null],"character_chosen":"DEFECT","items_purchased":["Capacitor","Runic Capacitor","Crystallizer","LiquidBronze","Energy Potion","MerchantsRug","DemoMod:BlueGuonStone","Consume","FocusPotion","Mango"],"campfire_rested":2,"item_purchase_floors":[0,0,0,0,0,21,21,24,24,41],"current_hp_per_floor":[73,72,72,70,70,70,59,59,57,54,54,54,54,54,54,54,75,64,64,64,64,48,48,48,48,48,26,26,26,26,26,48,13,75,73,73,73,65,65,63,77,77,74,70,70,82,82,63,89,89],"gold":238,"neow_bonus":"","is_daily":false,"chose_seed":false,"campfire_upgraded":6,"win_rate":0.0,"timestamp":1614060789,"path_taken":["M","M","?","M","?","R","E","R","MIM","M","M","M","?","M","R","BOSS","M","?","M","$","?","R","?","E","T","E","R","?","?","?","R","BOSS","M","?","?","?","?","E","$","?","MIM","?","R","M","M","E","R","BOSS"],"items_purchased_type":["Card","Relic","Card","Potion","Potion","Relic","Relic","Card","Potion","Relic"],"build_version":"2020-12-22","purchased_purges":1,"victory":true,"max_hp_per_floor":[75,75,75,75,75,75,75,75,75,75,75,75,75,75,75,75,75,75,75,75,75,75,75,75,75,75,75,75,75,75,75,75,75,75,75,75,75,75,75,75,89,89,89,89,89,89,89,89,89,89],"card_choices":[{"not_picked":["Sweeping Beam","Ball Lightning"],"picked":"Glacier","floor":1},{"not_picked":["ReplaySolidLightProjector","conspire:Rain","Steam"],"picked":"SKIP","floor":2},{"not_picked":["Steam","Rebound","Recycle"],"picked":"SKIP","floor":4},{"not_picked":["ReplayRNGCard","Fusion"],"picked":"Reboot","floor":7},{"not_picked":["ReplayGash","Compile Driver"],"picked":"Cold Snap","floor":10},{"not_picked":["Turbo","Reprogram"],"picked":"hubris:PowerSurge","floor":11},{"not_picked":["ReplaySolidLightProjector","Time Bomb","ReplayTheSpireMod:Repulse"],"picked":"SKIP","floor":12},{"not_picked":["ReplayRNGCard","Gash"],"picked":"Blizzard","floor":14},{"not_picked":["hubris:Prefetch","All For One"],"picked":"Echo Form","floor":16},{"not_picked":["Streamline+1","conspire:Rain+1","Panic Button+1"],"picked":"SKIP","floor":18},{"not_picked":["Compile Driver","Redo","Heatsinks"],"picked":"SKIP","floor":20},{"not_picked":["Auto Shields","ReplayTheSpireMod:GoodbyeWorld","Streamline"],"picked":"SKIP","floor":25},{"not_picked":["Turbo+1","Steam"],"picked":"Defragment","floor":27},{"not_picked":["All For One","Reboot"],"picked":"ReplayTheSpireMod:Fabricate Wheel","floor":33},{"not_picked":["Rebound+1","Time Bomb+1"],"picked":"Fission","floor":35},{"not_picked":["Leap","Barrage","Panic Button+1"],"picked":"SKIP","floor":35},{"not_picked":["BasicCrystalCard+1","Leap+1"],"picked":"Crystallizer+1","floor":37},{"not_picked":["Skim","Sweeping Beam+1","Redo+1"],"picked":"SKIP","floor":37},{"not_picked":["BootSequence","Panic Button+1"],"picked":"Hologram+1","floor":40},{"not_picked":["Rebound","Gash"],"picked":"FIFO Queue","floor":44},{"not_picked":["Stack","Cold Snap","Chaos"],"picked":"SKIP","floor":44},{"not_picked":["hubris:Ukulele+1","Sweeping Beam+1"],"picked":"hubris:SpecializedCircuitry","floor":46},{"not_picked":["Beam Cell","Hello World","Leap+1"],"picked":"SKIP","floor":46},{"not_picked":["Reinforced Body","Go for the Eyes+1","Steam+1"],"picked":"SKIP","floor":47},{"not_picked":["Turbo+1","Sweeping Beam+1","Melter+1"],"picked":"SKIP","floor":47},{"not_picked":["Ball Lightning","Scrape+1","ReplayTheSpireMod:Repulse+1"],"picked":"SKIP","floor":48}],"player_experience":1619712,"relics_obtained":[{"floor":3,"key":"infinitespire:Joker Card"},{"floor":7,"key":"aspiration:HummingbirdHeart"},{"floor":9,"key":"conspire:BottledYoYo"},{"floor":22,"key":"Enchiridion"},{"floor":25,"key":"halation:PrussianBluePaint"},{"floor":26,"key":"Shuriken"},{"floor":27,"key":"hubris:RGBLights"},{"floor":30,"key":"infinitespire:FocusingShard"},{"floor":31,"key":"Red Mask"},{"floor":38,"key":"WingedGreaves"},{"floor":40,"key":"Dead Branch"},{"floor":43,"key":"hubris:TenFootPole"},{"floor":48,"key":"Happy Flower"}],"event_choices":[{"damage_healed":0,"gold_gain":0,"player_choice":"Ignored","damage_taken":0,"max_hp_gain":0,"max_hp_loss":0,"event_name":"Transmorgrifier","floor":5,"gold_loss":0},{"damage_healed":0,"gold_gain":0,"player_choice":"Leave","damage_taken":0,"max_hp_gain":0,"max_hp_loss":0,"event_name":"conspire:Investor","floor":13,"gold_loss":0},{"damage_healed":0,"gold_gain":0,"player_choice":"Obtained Book","damage_taken":16,"max_hp_gain":0,"max_hp_loss":0,"event_name":"Cursed Tome","floor":22,"gold_loss":0},{"cards_removed":["Strike_B"],"damage_healed":0,"gold_gain":0,"player_choice":"Gave Gold","damage_taken":0,"max_hp_gain":0,"max_hp_loss":0,"event_name":"Beggar","floor":29,"gold_loss":75},{"damage_healed":0,"gold_gain":0,"player_choice":"Fought Bandits","damage_taken":0,"max_hp_gain":0,"max_hp_loss":0,"event_name":"Masked Bandits","floor":31,"gold_loss":0},{"cards_removed":["Strike_B"],"damage_healed":0,"gold_gain":0,"player_choice":"Upgrade and Remove","damage_taken":0,"max_hp_gain":0,"max_hp_loss":0,"event_name":"Designer","floor":36,"gold_loss":90,"cards_upgraded":["Fission"]},{"damage_healed":0,"gold_gain":0,"player_choice":"Fight","damage_taken":0,"max_hp_gain":0,"max_hp_loss":0,"event_name":"Mysterious Sphere","floor":38,"gold_loss":0},{"damage_healed":0,"gold_gain":222,"player_choice":"Wore Mask","damage_taken":0,"max_hp_gain":0,"max_hp_loss":0,"event_name":"Tomb of Lord Red Mask","floor":39,"gold_loss":0},{"damage_healed":0,"gold_gain":0,"player_choice":"Bought 0 Potions","damage_taken":0,"max_hp_gain":0,"max_hp_loss":0,"event_name":"The Woman in Blue","floor":42,"gold_loss":0}],"is_beta":false,"boss_relics":[{"not_picked":["halation:SmartPhone","Abe\u0027s Treasure"],"picked":"halation:MonkeysPaw"},{"not_picked":["Painkiller Herb","hubris:HollowSoul"],"picked":"Cursed Key"}],"items_purged_floors":[41],"is_endless":false,"potions_floor_spawned":[1,4,7,12,16,18,20,37,40,47],"ascension_level":0}}