{"host":"k2fk6k4lf3fy23m9","time":1614116825,"event":{"mods":["AchievementEnabler","BaseMod","Card Forge","Colored Map","DeckTracker","FoggyMod","Fox Events","Minty Spire (QoL Compilation)","READ ME - Snecko Mod","SIMod","Shop Mod","StSLib","Synergy Search","UnlockEverythingMod","Waifu the Spire","WarShipGirlsR/????R mod"],"gold_per_floor":[111,127,127,147,147,180,197,472,522,538,538,538,128,128,128,229,229,239,239,239,239,239,265,180,195,268,268,268,16,48,60,60,156,156,156],"floor_reached":34,"language":"DEU","playtime":1382,"items_purged":[],"score":391,"play_id":"81ef71e1-9b94-4c6d-94e9-efe548be0e1a","local_time":"20210223224705","is_ascension_mode":false,"campfire_choices":[{"floor":15.0,"key":"REST"},{"floor":32.0,"key":"RECALL"}],"circlet_count":0,"master_deck":["rmod:strick+1","rmod:strick+1","rmod:strick+1","rmod:strick+1","rmod:defend+1","rmod:defend+1","rmod:defend+1","rmod:defend+1","rmod:basicallowance+1","rmod:maingunfire+1","rmod:luckystar+1","rmod:circuitoustactics+1","rmod:maintain+1","rmod:victimresponsibility+1","rmod:intelligenceanalysis+1","rmod:fuelsupply+1","rmod:highspeedmaneuver+1","rmod:windflower+1","rmod:diamondstrike+1","rmod:combined+1","rmod:goodsister+1","rmod:advancebysurprise+1","rmod:expedition+1","rmod:seals"],"relics":["Hammer of Thor","Seething Fire","Anvil of the Gods","Busted Crown","Mummified Hand","Boot","Orichalcum","MerchantsRug","Bottled Lightning","Cursed Key","Tiny Chest","MutagenicStrength","Lantern","rmod:extraamm","Shuriken","Medical Kit","Potion Belt","White Beast Statue"],"acts_visited":[],"potions_floor_usage":[],"damage_taken":[{"damage":0.0,"enemies":"Cultist","floor":1.0,"turns":3.0},{"damage":8.0,"enemies":"Small Slimes","floor":2.0,"turns":2.0},{"damage":2.0,"enemies":"2 Louse","floor":4.0,"turns":2.0},{"damage":24.0,"enemies":"Lagavulin","floor":6.0,"turns":4.0},{"damage":2.0,"enemies":"Looter","floor":7.0,"turns":2.0},{"damage":6.0,"enemies":"2 Fungi Beasts","floor":10.0,"turns":2.0},{"damage":6.0,"enemies":"The Guardian","floor":16.0,"turns":9.0},{"damage":0.0,"enemies":"Spheric Guardian","floor":18.0,"turns":4.0},{"damage":0.0,"enemies":"Chosen","floor":25.0,"turns":2.0},{"damage":2.0,"enemies":"Gremlin Leader","floor":30.0,"turns":5.0},{"damage":4.0,"enemies":"3 Cultists","floor":31.0,"turns":5.0},{"damage":30.0,"enemies":"Collector","floor":33.0,"turns":8.0}],"seed_played":"-878622778959670278","potions_obtained":[{"floor":2.0,"key":"Weak Potion"},{"floor":4.0,"key":"DistilledChaos"},{"floor":7.0,"key":"DistilledChaos"},{"floor":16.0,"key":"Weak Potion"},{"floor":25.0,"key":"ColorlessPotion"},{"floor":31.0,"key":"SteroidPotion"},{"floor":33.0,"key":"Strength Potion"}],"is_trial":false,"path_per_floor":["M","M","?","M","?","E","M","?","T","M","?","?","$","T","R","B",null,"M","?","?","?","?","T","?","M","T","?","T","$","E","M","R","B",null],"character_chosen":"PRAEFECT","items_purchased":["Boot","Orichalcum","MerchantsRug","Medical Kit","Potion Belt"],"campfire_rested":1,"item_purchase_floors":[13,13,13,29,29],"current_hp_per_floor":[75,67,67,65,65,41,39,39,39,33,33,33,33,33,55,49,75,75,75,75,75,75,75,75,75,75,75,75,75,73,69,69,39,39,39],"gold":156,"neow_bonus":"BOSS_RELIC","is_daily":false,"chose_seed":false,"campfire_upgraded":0,"win_rate":0.0,"timestamp":1614116825,"path_taken":["M","?","?","?","?","E","?","?","T","?","?","?","?","?","R","BOSS","M","?","?","?","?","?","?","?","T","?","?","?","E","?","R","BOSS"],"items_purchased_type":["Relic","Relic","Relic","Relic","Relic"],"build_version":"2020-12-22","purchased_purges":0,"victory":false,"max_hp_per_floor":[75,75,75,75,75,75,75,75,75,75,75,75,75,75,75,75,75,75,75,75,75,75,75,75,75,75,75,75,75,75,75,75,75,75,75],"card_choices":[{"not_picked":[],"picked":"rmod:luckystar","floor":1.0},{"not_picked":[],"picked":"rmod:circuitoustactics","floor":2.0},{"not_picked":[],"picked":"rmod:maintain","floor":4.0},{"not_picked":[],"picked":"rmod:victimresponsibility","floor":6.0},{"not_picked":[],"picked":"rmod:intelligenceanalysis","floor":7.0},{"not_picked":[],"picked":"rmod:fuelsupply","floor":10.0},{"not_picked":[],"picked":"rmod:highspeedmaneuver","floor":11.0},{"not_picked":[],"picked":"rmod:windflower","floor":16.0},{"not_picked":[],"picked":"rmod:diamondstrike","floor":18.0},{"not_picked":[],"picked":"rmod:combined","floor":25.0},{"not_picked":[],"picked":"rmod:advancebysurprise","floor":30.0},{"not_picked":[],"picked":"rmod:expedition","floor":31.0},{"not_picked":[],"picked":"rmod:seals","floor":33.0}],"player_experience":218135,"relics_obtained":[{"floor":6.0,"key":"Omamori"},{"floor":14.0,"key":"Bottled Lightning"},{"floor":23.0,"key":"Lantern"},{"floor":26.0,"key":"Shuriken"},{"floor":28.0,"key":"War Paint"},{"floor":30.0,"key":"White Beast Statue"}],"event_choices":[{"damage_healed":0.0,"max_hp_gain":0.0,"max_hp_loss":0.0,"gold_gain":0.0,"event_name":"The Woman in Blue","player_choice":"Bought 0 Potions","floor":3.0,"gold_loss":0.0,"damage_taken":0.0},{"damage_healed":0.0,"max_hp_gain":0.0,"max_hp_loss":0.0,"gold_gain":0.0,"event_name":"WeMeetAgain","player_choice":"Gave Potion","floor":5.0,"gold_loss":0.0,"damage_taken":0.0,"relics_obtained":["Mummified Hand"]},{"damage_healed":0.0,"max_hp_gain":0.0,"max_hp_loss":0.0,"gold_gain":275.0,"event_name":"Golden Shrine","player_choice":"Desecrate","floor":8.0,"gold_loss":0.0,"damage_taken":0.0,"cards_obtained":["Regret"]},{"damage_healed":0.0,"max_hp_gain":0.0,"max_hp_loss":0.0,"gold_gain":0.0,"event_name":"Golden Wing","player_choice":"Ignored","floor":12.0,"gold_loss":0.0,"damage_taken":0.0},{"damage_healed":0.0,"max_hp_gain":0.0,"max_hp_loss":0.0,"gold_gain":0.0,"event_name":"The Mausoleum","player_choice":"Opened","floor":19.0,"gold_loss":0.0,"damage_taken":0.0,"relics_obtained":["Tiny Chest"]},{"damage_healed":0.0,"max_hp_gain":0.0,"max_hp_loss":0.0,"gold_gain":0.0,"event_name":"Vampires","player_choice":"Ignored","floor":20.0,"gold_loss":0.0,"damage_taken":0.0},{"damage_healed":0.0,"max_hp_gain":0.0,"max_hp_loss":0.0,"gold_gain":0.0,"event_name":"Drug Dealer","player_choice":"Inject Mutagens","floor":21.0,"gold_loss":0.0,"damage_taken":0.0,"relics_obtained":["MutagenicStrength"]},{"damage_healed":0.0,"max_hp_gain":0.0,"max_hp_loss":0.0,"gold_gain":0.0,"event_name":"Beggar","player_choice":"Ignored","floor":22.0,"gold_loss":0.0,"damage_taken":0.0},{"damage_healed":0.0,"max_hp_gain":0.0,"max_hp_loss":0.0,"gold_gain":0.0,"event_name":"Addict","player_choice":"Obtained Relic","floor":24.0,"gold_loss":85.0,"damage_taken":0.0,"relics_obtained":["rmod:extraamm"]},{"damage_healed":0.0,"max_hp_gain":0.0,"max_hp_loss":0.0,"gold_gain":0.0,"event_name":"The Library","player_choice":"Read","floor":27.0,"gold_loss":0.0,"damage_taken":0.0,"cards_obtained":["rmod:goodsister"]}],"is_beta":false,"boss_relics":[{"not_picked":["Empty Cage","Velvet Choker"],"picked":"Cursed Key"}],"items_purged_floors":[],"is_endless":false,"potions_floor_spawned":[2,4,7,16,25,31,33],"ascension_level":0}}