{"host":"ekyl8r8j8fco3zlk","time":1614104657,"event":{"mods":["Act Like it!","Arknights","BaseMod","CapriCore","Dota2Spire","Friendly Minions","Gensokyo","GifTheSpireLib","Library of Ruina","Marisa（霧雨　魔理沙）","Minty Spire (QoL Compilation)","READ ME - Guardian Mod","Reimu（博???）","StSLib","The Alterego","The Animator","The Immortal","TheWitcher","Waifu the Spire","WarShipGirlsR/??少女R mod","Yakumo Yukari mod","【?物卡牌】REMEMod"],"gold_per_floor":[120,139,314,326,346,346,307,307,332,21,33,43,43,75,75,180,180,196,213,223,223,236,236,271,271,271,271,15,40,60,80,80,176,176,188,198,211,228,247,247,259,259,259,289,289,304,304,321,321,321,321,321,51,81,81],"floor_reached":56,"language":"ZHS","playtime":2990,"items_purged":["Doubt","Reload","Parasite"],"score":1300,"play_id":"d38cf864-6d04-432c-862d-afac548db2c7","local_time":"20210224022417","is_ascension_mode":false,"campfire_choices":[{"data":"Outburst","floor":6,"key":"SMITH"},{"data":"FocusedStrikes","floor":8,"key":"SMITH"},{"data":"FleetFootsteps","floor":13,"key":"SMITH"},{"data":"Observe","floor":15,"key":"SMITH"},{"data":"SnakesPrey","floor":23,"key":"SMITH"},{"data":"RulesOfTheBackstreets","floor":25,"key":"SMITH"},{"data":"Ripple","floor":27,"key":"SMITH"},{"data":"EnergyCycle","floor":32,"key":"SMITH"},{"data":"RagingStormLove","floor":40,"key":"SMITH"},{"floor":42,"key":"REST"},{"floor":47,"key":"REST"},{"floor":49,"key":"RECALL"},{"data":"Endure","floor":52,"key":"SMITH"}],"circlet_count":0,"master_deck":["Dodge","LightDefense","LightAttack","LightAttack","LightAttack","LightDefense+1","LightDefense+1","LightDefense","ChargeAndCover","FocusedStrikes+1","Endure+1","FleetFootsteps+1","Outburst+1","RulesOfTheBackstreets+1","Ripple+1","FlowOfTheSword","Observe+1","RagingStormLove+1","NonstopAssault","SnakesPrey+1","EnergyCycle+1","Punishment","Gamble+1","StayCalm+1","Diversion+1","CoordinatedAssault+1","SharpenedBlade+1","Overcharge+1","PreparedMind+1","Leap_lor+1"],"relics":["PageOfLibrarian","REME_ComplimentaryCards","NeowsBlessing","PageOfBloodbath","ClockworkSouvenir","Dota2Spire:UrnOfShadows","REME_LowDesire","Centennial Puzzle","Anchor","PageOfDeadButterflies","PageOfAspirationHeart","Dota2Spire:Vanguard","Dota2Spire:LotusOrb","SacredBark","PageOfPorccubus","War Paint","Bag of Preparation"],"acts_visited":["Exordium","TheCity","TheBeyond","TheEnding"],"potions_floor_usage":[16,19,24,24,24,24,24,29,33,33,50,50,55],"damage_taken":[{"damage":0,"enemies":"ats:Genji","floor":1,"turns":1},{"damage":0,"enemies":"Jaw Worm","floor":2,"turns":1},{"damage":0,"enemies":"2 Louse","floor":4,"turns":1},{"damage":0,"enemies":"Looter","floor":5,"turns":4},{"damage":3,"enemies":"Blue Slaver","floor":11,"turns":3},{"damage":0,"enemies":"Large Slime","floor":12,"turns":4},{"damage":11,"enemies":"3 Sentries","floor":14,"turns":5},{"damage":38,"enemies":"The Guardian","floor":16,"turns":6},{"damage":13,"enemies":"Spheric Guardian","floor":18,"turns":4},{"damage":7,"enemies":"2 Thieves","floor":19,"turns":4},{"damage":0,"enemies":"Snake Plant","floor":20,"turns":4},{"damage":4,"enemies":"Centurion and Healer","floor":22,"turns":5},{"damage":0,"enemies":"Gremlin Leader","floor":24,"turns":7},{"damage":12,"enemies":"Slavers","floor":29,"turns":3},{"damage":8,"enemies":"Shelled Parasite and Fungi","floor":30,"turns":5},{"damage":0,"enemies":"Snake Plant","floor":31,"turns":2},{"damage":18,"enemies":"Collector","floor":33,"turns":5},{"damage":0,"enemies":"Orb Walker","floor":35,"turns":3},{"damage":5,"enemies":"3 Shapes","floor":36,"turns":4},{"damage":0,"enemies":"3 Darklings","floor":37,"turns":2},{"damage":32,"enemies":"Writhing Mass","floor":38,"turns":4},{"damage":7,"enemies":"Sphere and 2 Shapes","floor":39,"turns":3},{"damage":17,"enemies":"Jaw Worm Horde","floor":41,"turns":4},{"damage":46,"enemies":"Giant Head","floor":44,"turns":7},{"damage":0,"enemies":"4 Shapes","floor":46,"turns":1},{"damage":44,"enemies":"Transient","floor":48,"turns":5},{"damage":21,"enemies":"Donu and Deca","floor":50,"turns":8},{"damage":38,"enemies":"Shield and Spear","floor":54,"turns":7},{"damage":138,"enemies":"The Heart","floor":55,"turns":10}],"seed_played":"-2901416451773738350","potions_obtained":[{"floor":1,"key":"Weak Potion"},{"floor":5,"key":"EntropicBrew"},{"floor":14,"key":"LiquidBronze"},{"floor":16,"key":"EntropicBrew"},{"floor":19,"key":"Regen Potion"},{"floor":22,"key":"Dexterity Potion"},{"floor":33,"key":"FairyPotion"},{"floor":36,"key":"GamblersBrew"},{"floor":37,"key":"EssenceOfSteel"},{"floor":38,"key":"Dexterity Potion"},{"floor":48,"key":"Fire Potion"},{"floor":54,"key":"ColorlessPotion"}],"is_trial":false,"path_per_floor":["M","M","?","M","M","R","?","R","T","$","M","M","R","E","R","B",null,"M","M","M","?","M","R","E","R","T","R","$","E","M","M","R","B",null,"M","M","M","M","M","R","M","R","T","E","?","M","R","M","R","B",null,"R","$","E","B",null],"character_chosen":"Librarian","items_purchased":["RulesOfTheBackstreets","ClockworkSouvenir","Dota2Spire:Vanguard","War Paint"],"campfire_rested":2,"item_purchase_floors":[10,10,28,53],"current_hp_per_floor":[60,60,60,60,62,62,62,62,62,62,59,61,61,52,52,20,70,57,50,50,50,46,46,62,62,62,62,62,58,56,61,61,58,244,61,56,56,30,29,29,15,88,88,15,15,15,40,12,12,7,84,84,81,50,6],"gold":81,"neow_bonus":"THREE_ENEMY_KILL","is_daily":false,"chose_seed":false,"campfire_upgraded":10,"win_rate":0.0,"timestamp":1614104657,"path_taken":["M","M","?","M","M","R","?","R","T","$","M","M","R","E","R","BOSS","M","M","M","?","M","R","E","R","T","R","?","E","M","M","R","BOSS","M","M","M","M","M","R","M","R","T","E","?","M","R","M","R","BOSS","R","$","E","BOSS"],"items_purchased_type":["Card","Relic","Relic","Relic"],"build_version":"2020-12-22","purchased_purges":3,"victory":true,"max_hp_per_floor":[62,70,70,70,70,70,70,70,70,70,70,70,70,70,70,70,70,70,70,70,70,70,70,70,70,70,70,70,70,70,70,95,244,244,244,244,244,244,244,244,244,244,244,84,84,84,84,84,84,84,84,84,81,74,74],"card_choices":[{"not_picked":["WaitUp","SteelKnuckles","RushDown"],"picked":"Reload","floor":1},{"not_picked":["SmokingPipe","SnakesPrey","StartinOutLightly"],"picked":"FleetFootsteps","floor":2},{"not_picked":["Standoff","BackAttack","FleetEdge","SnakesPrey"],"picked":"SKIP","floor":4},{"not_picked":["ViolentFlame","JiaoTu","YoureAHindrance"],"picked":"Outburst","floor":5},{"not_picked":["FierceCharge","FierceOnslaught","DarkCloud"],"picked":"Ripple","floor":11},{"not_picked":["FrontalAssault","GatherIntel","CutIn"],"picked":"FlowOfTheSword","floor":12},{"not_picked":["GuardingStance","TasteMyFlamingBat","FierceCharge"],"picked":"Observe","floor":14},{"not_picked":["EmotionalTurbulence","SuanNi"],"picked":"RagingStormLove","floor":16},{"not_picked":["UnforgettableMelody","Parry2+1","RushDown","RulesOfTheBackstreets+1","PanicButton+1"],"picked":"SKIP","floor":18},{"not_picked":["Outburst","InnerArdor","YoureAHindrance","SunsetBlade","REME_PuzzleBox"],"picked":"SKIP","floor":19},{"not_picked":["StartinOutLightly","GuardingStance","SuanNi","REME_MawOfCthun"],"picked":"NonstopAssault","floor":20},{"not_picked":["UnavoidableGaze","WaitUp","Parry2","Metamorphosis"],"picked":"SnakesPrey","floor":22},{"not_picked":["MindPrepared","Observe","Parry2","REME_EyeOfCthun"],"picked":"EnergyCycle","floor":24},{"not_picked":["SmokingPipe","SunsetBlade+1","SummaryJudgment","NonstopAssault","Magnetism"],"picked":"SKIP","floor":29},{"not_picked":["GuardingStance","Reload","SnakesPrey+1","SilentNight","Madness"],"picked":"SKIP","floor":30},{"not_picked":["FierceCharge+1","FleetFootsteps","TheArtOfRapidSteps","ShrineToMusic","Apotheosis"],"picked":"SKIP","floor":31},{"not_picked":["Observe","ScratchThat","Dramatic Entrance"],"picked":"Punishment","floor":33},{"not_picked":["YoureAHindrance","GuardingStance+1","UnavoidableGaze","REME_BattleFury"],"picked":"Gamble+1","floor":35},{"not_picked":["Standoff+1","SnakesPrey+1","Zzzzzap+1","REME_BodyOfCthun"],"picked":"StayCalm+1","floor":36},{"not_picked":["ViolentFlame","BiAn+1","ScratchThat","Dark Shackles+1"],"picked":"Diversion+1","floor":37},{"not_picked":["HiddenBlade","BackAttack+1","Crush+1","Jack Of All Trades+1"],"picked":"CoordinatedAssault+1","floor":38},{"not_picked":["Standoff","ShrineToMusic+1","SharpSwipe+1","Magnetism"],"picked":"SharpenedBlade+1","floor":39},{"not_picked":["Standoff","HiddenBlade","FrontalAssault","Zzzzzap","Metamorphosis"],"picked":"SKIP","floor":41},{"not_picked":["BiAn","SummaryJudgment+1","ShockingBlow+1","HandOfGreed"],"picked":"Overcharge+1","floor":44},{"not_picked":["BiAn+1","EmotionalTurbulence","SetFire+1","Master of Strategy"],"picked":"PreparedMind+1","floor":46},{"not_picked":["CoordinatedAssault+1","ShockingBlow","HiddenBlade+1","Forethought"],"picked":"Leap_lor+1","floor":48},{"not_picked":["ClassAndRespect","FocusFire+1","LossOfSenses+1","SharpSwipe","Chrysalis"],"picked":"SKIP","floor":54}],"player_experience":713497,"relics_obtained":[{"floor":9,"key":"PageOfBloodbath"},{"floor":14,"key":"Dota2Spire:UrnOfShadows"},{"floor":17,"key":"Centennial Puzzle"},{"floor":17,"key":"Anchor"},{"floor":24,"key":"PageOfDeadButterflies"},{"floor":26,"key":"PageOfAspirationHeart"},{"floor":29,"key":"Dota2Spire:LotusOrb"},{"floor":44,"key":"PageOfPorccubus"},{"floor":54,"key":"Bag of Preparation"}],"event_choices":[{"damage_healed":0,"gold_gain":175,"player_choice":"AGREE","damage_taken":0,"max_hp_gain":0,"max_hp_loss":0,"event_name":"Liars Game","floor":3,"gold_loss":0,"cards_obtained":["Doubt"]},{"damage_healed":0,"gold_gain":0,"player_choice":"Left Gold","damage_taken":0,"max_hp_gain":0,"max_hp_loss":0,"event_name":"World of Goop","floor":7,"gold_loss":39},{"damage_healed":0,"gold_gain":0,"player_choice":"Ignored","damage_taken":0,"max_hp_gain":0,"max_hp_loss":0,"event_name":"N\u0027loth","floor":21,"gold_loss":0},{"damage_healed":0,"gold_gain":0,"player_choice":"Memory 1","damage_taken":0,"max_hp_gain":0,"max_hp_loss":0,"event_name":"SensoryStone","floor":45,"gold_loss":0}],"is_beta":false,"boss_relics":[{"not_picked":["Calling Bell","Cursed Key"],"picked":"REME_LowDesire"},{"not_picked":["Sozu","Pandora\u0027s Box"],"picked":"SacredBark"}],"items_purged_floors":[10,28,53],"is_endless":false,"potions_floor_spawned":[1,5,14,16,19,20,22,29,33,36,37,38,48,54],"ascension_level":0}}