{"host":"t75twhtg6c476ygg","time":1614122753,"event":{"mods":["AchievementEnabler","BaseMod","Colored Powertips","Minty Spire (QoL Compilation)","Quick Restart","Relic Stats","StSLib","SuperFastMode"],"gold_per_floor":[144,189,189,65,110,200,162,264,276,378,480,492,504,516,528,840,852,909,966,328,373,373,463,463,553,553,1153,704,794,794,884,884,1184,1184,1229,1229,1229,1274,699,789,879,879,904,1054,1054,1154,319,409,409,409,409,409,69,159,159],"floor_reached":56,"language":"ENG","playtime":2266,"items_purged":["True Grit","Warcry","Flex","Armaments+1"],"score":1681,"play_id":"8c403ee7-0a1f-4222-8d11-7a1c513894ac","local_time":"20210223232553","daily_mods":["Draft","Flight","Midas"],"is_ascension_mode":false,"campfire_choices":[{"floor":12.0,"key":"REST"},{"floor":13.0,"key":"REST"},{"floor":15.0,"key":"REST"},{"floor":30.0,"key":"REST"},{"floor":32.0,"key":"REST"},{"floor":42.0,"key":"REST"},{"floor":45.0,"key":"REST"},{"floor":49.0,"key":"REST"},{"floor":52.0,"key":"REST"}],"circlet_count":0,"master_deck":["Spot Weakness","Battle Trance+1","Shrug It Off","Flex","Heavy Blade+1","Flex","Heavy Blade","Pummel","Heavy Blade+1","Battle Trance","Sword Boomerang","Flex","Spot Weakness+1","Flame Barrier","Headbutt+1","Offering","Sword Boomerang+1","Limit Break+1","Armaments+1","Reaper+1","Flex+1","Feed+1","Master of Strategy+1","Berserk","Sword Boomerang+1","Bloodletting+1","Flex+1","Flex+1"],"relics":["Burning Blood","MawBank","InkBottle","Centennial Puzzle","Molten Egg 2","Calipers","Sozu","ClockworkSouvenir","Ancient Tea Set","Paper Frog","Akabeko","Bird Faced Urn","MutagenicStrength","Dream Catcher","Toxic Egg 2","Old Coin","Singing Bowl","Happy Flower","Pantograph","Unceasing Top","Ice Cream","War Paint","Gremlin Horn","Black Star","Vajra","Brimstone","Whetstone","Red Skull","Thread and Needle","Anchor","Eternal Feather","Orichalcum","CaptainsWheel","The Courier","Membership Card","FossilizedHelix","Omamori","Toy Ornithopter","Bottled Lightning","Self Forming Clay","Orrery","Nunchaku","Juzu Bracelet","Charon\u0027s Ashes","HornCleat","Art of War","Ornamental Fan","Lantern","Bronze Scales","Strawberry","Oddly Smooth Stone","Bottled Tornado","Pen Nib"],"acts_visited":["Exordium","TheCity","TheBeyond","TheEnding"],"potions_floor_usage":[],"damage_taken":[{"damage":0.0,"enemies":"Jaw Worm","floor":1.0,"turns":3.0},{"damage":0.0,"enemies":"Cultist","floor":2.0,"turns":2.0},{"damage":0.0,"enemies":"2 Louse","floor":5.0,"turns":2.0},{"damage":15.0,"enemies":"Gremlin Nob","floor":6.0,"turns":3.0},{"damage":9.0,"enemies":"3 Sentries","floor":8.0,"turns":4.0},{"damage":6.0,"enemies":"Lagavulin","floor":10.0,"turns":4.0},{"damage":0.0,"enemies":"Gremlin Nob","floor":11.0,"turns":2.0},{"damage":56.0,"enemies":"Hexaghost","floor":16.0,"turns":6.0},{"damage":6.0,"enemies":"Chosen","floor":18.0,"turns":2.0},{"damage":10.0,"enemies":"Shell Parasite","floor":19.0,"turns":2.0},{"damage":0.0,"enemies":"Centurion and Healer","floor":21.0,"turns":2.0},{"damage":17.0,"enemies":"Gremlin Leader","floor":23.0,"turns":3.0},{"damage":6.0,"enemies":"Slavers","floor":25.0,"turns":1.0},{"damage":6.0,"enemies":"Colosseum Slavers","floor":27.0,"turns":1.0},{"damage":0.0,"enemies":"Colosseum Nobs","floor":27.0,"turns":1.0},{"damage":13.0,"enemies":"Book of Stabbing","floor":29.0,"turns":2.0},{"damage":7.0,"enemies":"Slavers","floor":31.0,"turns":2.0},{"damage":26.0,"enemies":"Collector","floor":33.0,"turns":3.0},{"damage":0.0,"enemies":"Orb Walker","floor":35.0,"turns":1.0},{"damage":0.0,"enemies":"3 Darklings","floor":38.0,"turns":2.0},{"damage":12.0,"enemies":"Reptomancer","floor":40.0,"turns":2.0},{"damage":16.0,"enemies":"Nemesis","floor":41.0,"turns":3.0},{"damage":0.0,"enemies":"Mind Bloom Boss Battle","floor":44.0,"turns":1.0},{"damage":3.0,"enemies":"Giant Head","floor":48.0,"turns":2.0},{"damage":3.0,"enemies":"Awakened One","floor":50.0,"turns":3.0},{"damage":3,"enemies":"Shield and Spear","floor":54,"turns":1},{"damage":118,"enemies":"The Heart","floor":55,"turns":4}],"seed_played":"-7386017133472573341","potions_obtained":[{"floor":1.0,"key":"DistilledChaos"},{"floor":2.0,"key":"Dexterity Potion"},{"floor":8.0,"key":"LiquidBronze"}],"is_trial":false,"path_per_floor":["M","M","?","$","M","E","?","E","T","E","E","R","R","?","R","B",null,"M","M","$","M","?","E","?","E","T","?","$","E","R","E","R","B",null,"M","?","?","M","$","E","E","R","T","?","R","?","$","E","R","B",null,"R","$","E","B",null],"character_chosen":"IRONCLAD","items_purchased":["Flex","ClockworkSouvenir","Ancient Tea Set","Paper Frog","Happy Flower","Pantograph","Flex+1","Vajra","Brimstone","Whetstone","FossilizedHelix","Omamori","Toy Ornithopter","Bottled Lightning","Self Forming Clay","Orrery","Nunchaku","Juzu Bracelet","Charon\u0027s Ashes","Flex+1","Ornamental Fan","Lantern","Bronze Scales","Strawberry","Oddly Smooth Stone"],"campfire_rested":9,"item_purchase_floors":[4,20,20,20,28,28,28,39,39,39,47,47,47,47,47,47,47,47,47,47,53,53,53,53,53],"current_hp_per_floor":[80,80,80,80,80,71,71,68,68,68,74,80,80,80,80,30,80,80,76,76,80,80,69,69,69,69,77,77,84,86,87,90,70,90,92,92,92,94,94,90,100,100,100,102,104,104,110,112,114,118,118,120,127,129,17],"gold":159,"neow_bonus":"","is_daily":true,"chose_seed":false,"campfire_upgraded":0,"win_rate":0.0,"timestamp":1614122753,"path_taken":["M","M","?","$","?","E","?","E","T","E","E","R","R","?","R","BOSS","M","M","$","M","?","E","?","E","T","?","$","E","R","E","R","BOSS","M","?","?","?","$","E","E","R","T","?","R","?","$","E","R","BOSS","R","$","E","BOSS"],"items_purchased_type":["Card","Relic","Relic","Relic","Relic","Relic","Card","Relic","Relic","Relic","Relic","Relic","Relic","Relic","Relic","Relic","Relic","Relic","Relic","Card","Relic","Relic","Relic","Relic","Relic"],"build_version":"2020-12-22","purchased_purges":4,"victory":true,"max_hp_per_floor":[80,80,80,80,80,80,80,80,80,80,80,80,80,80,80,80,80,80,80,80,80,80,80,80,80,80,82,82,84,86,88,90,90,90,92,92,92,94,94,96,100,100,100,102,104,104,110,112,114,118,118,120,127,129,129],"relic_stats":{"Singing Bowl":34,"Gremlin Horn":[8,10],"Juzu Bracelet":0,"Whetstone":["Heavy Blade","Heavy Blade"],"Burning Blood":94,"Sozu":7,"Centennial Puzzle":[41],"Dream Catcher":6,"Nunchaku":[2],"Pantograph":0,"InkBottle":[20],"Happy Flower":[8],"counters":[27,64],"Self Forming Clay":[39],"Eternal Feather":0,"Charon\u0027s Ashes":[39],"Pen Nib":[0],"War Paint":["Spot Weakness","Battle Trance"],"Orichalcum":[0],"MawBank":168,"Ornamental Fan":[4],"Bird Faced Urn":[2],"Bronze Scales":[39],"Black Star":4,"Art of War":[0],"obtain_stats":[{"Ice Cream":28,"Calipers":11,"Gremlin Horn":31,"Vajra":39,"Whetstone":39,"Bottled Tornado":54,"Old Coin":27,"Sozu":17,"Centennial Puzzle":9,"HornCleat":48,"Strawberry":53,"Toxic Egg 2":26,"Happy Flower":28,"Oddly Smooth Stone":53,"Eternal Feather":41,"Charon\u0027s Ashes":47,"Pen Nib":54,"War Paint":29,"Akabeko":22,"Brimstone":39,"Bird Faced Urn":23,"MutagenicStrength":24,"Bronze Scales":53,"Molten Egg 2":10,"Black Star":34,"Unceasing Top":28,"Lantern":53,"Singing Bowl":27,"Juzu Bracelet":47,"Ancient Tea Set":20,"Burning Blood":0,"ClockworkSouvenir":20,"Dream Catcher":25,"Nunchaku":47,"Pantograph":28,"InkBottle":8,"Red Skull":40,"Paper Frog":20,"Self Forming Clay":47,"Thread and Needle":40,"The Courier":46,"Omamori":47,"Orichalcum":43,"MawBank":6,"Anchor":41,"CaptainsWheel":44,"Ornamental Fan":53,"Orrery":47,"Art of War":48,"Membership Card":46,"Bottled Lightning":47,"FossilizedHelix":47,"Toy Ornithopter":47},{"Ice Cream":15,"Calipers":7,"Gremlin Horn":17,"Vajra":20,"Whetstone":20,"Bottled Tornado":26,"Old Coin":15,"Sozu":8,"Centennial Puzzle":5,"HornCleat":24,"Strawberry":25,"Toxic Egg 2":13,"Happy Flower":15,"Oddly Smooth Stone":25,"Eternal Feather":22,"Charon\u0027s Ashes":23,"Pen Nib":26,"War Paint":16,"Akabeko":11,"Brimstone":20,"Bird Faced Urn":12,"MutagenicStrength":12,"Bronze Scales":25,"Molten Egg 2":6,"Black Star":18,"Unceasing Top":15,"Lantern":25,"Singing Bowl":15,"Juzu Bracelet":23,"Ancient Tea Set":10,"Burning Blood":0,"ClockworkSouvenir":10,"Dream Catcher":13,"Nunchaku":23,"Pantograph":15,"InkBottle":5,"Red Skull":21,"Paper Frog":10,"Self Forming Clay":23,"Thread and Needle":21,"The Courier":23,"Omamori":23,"Orichalcum":22,"MawBank":4,"Anchor":22,"CaptainsWheel":23,"Ornamental Fan":25,"Orrery":23,"Art of War":24,"Membership Card":23,"Bottled Lightning":23,"FossilizedHelix":23,"Toy Ornithopter":23},{"Ice Cream":38,"Calipers":20,"Gremlin Horn":42,"Vajra":48,"Whetstone":48,"Bottled Tornado":60,"Old Coin":38,"Sozu":26,"Centennial Puzzle":14,"HornCleat":56,"Strawberry":59,"Toxic Egg 2":36,"Happy Flower":38,"Oddly Smooth Stone":59,"Eternal Feather":53,"Charon\u0027s Ashes":54,"Pen Nib":60,"War Paint":40,"Akabeko":32,"Brimstone":48,"Bird Faced Urn":35,"MutagenicStrength":35,"Bronze Scales":59,"Molten Egg 2":18,"Black Star":45,"Unceasing Top":38,"Lantern":59,"Singing Bowl":38,"Juzu Bracelet":54,"Ancient Tea Set":30,"Burning Blood":0,"ClockworkSouvenir":30,"Dream Catcher":36,"Nunchaku":54,"Pantograph":38,"InkBottle":14,"Red Skull":50,"Paper Frog":30,"Self Forming Clay":54,"Thread and Needle":50,"The Courier":54,"Omamori":54,"Orichalcum":53,"MawBank":10,"Anchor":53,"CaptainsWheel":54,"Ornamental Fan":59,"Orrery":54,"Art of War":56,"Membership Card":54,"Bottled Lightning":54,"FossilizedHelix":54,"Toy Ornithopter":54}],"Unceasing Top":[8],"Toy Ornithopter":0},"card_choices":[{"not_picked":["Entrench","Thunderclap"],"picked":"Spot Weakness","floor":0.0},{"not_picked":["True Grit","Evolve"],"picked":"Battle Trance","floor":0.0},{"not_picked":["Body Slam","Iron Wave"],"picked":"Armaments","floor":0.0},{"not_picked":["Searing Blow","Flame Barrier"],"picked":"Shrug It Off","floor":0.0},{"not_picked":["Heavy Blade","Shockwave"],"picked":"Flex","floor":0.0},{"not_picked":["Clash","Wild Strike"],"picked":"Heavy Blade","floor":0.0},{"not_picked":["Infernal Blade","Thunderclap"],"picked":"Flex","floor":0.0},{"not_picked":["Iron Wave","Body Slam"],"picked":"Heavy Blade","floor":0.0},{"not_picked":["Pommel Strike","Rampage"],"picked":"True Grit","floor":0.0},{"not_picked":["Reckless Charge","Headbutt"],"picked":"Pummel","floor":0.0},{"not_picked":["Cleave","Body Slam"],"picked":"Flex","floor":0.0},{"not_picked":["Anger","Perfected Strike"],"picked":"Heavy Blade","floor":0.0},{"not_picked":["Heavy Blade","Iron Wave"],"picked":"Warcry","floor":0.0},{"not_picked":["Uppercut","Pommel Strike"],"picked":"Battle Trance","floor":0.0},{"not_picked":["Perfected Strike","Headbutt"],"picked":"True Grit","floor":0.0},{"not_picked":["Heavy Blade","Anger"],"picked":"Sword Boomerang","floor":1.0},{"not_picked":["Armaments","Entrench","Shrug It Off"],"picked":"SKIP","floor":2.0},{"not_picked":["True Grit","Battle Trance"],"picked":"Flex","floor":5.0},{"not_picked":["Shrug It Off","Perfected Strike"],"picked":"Spot Weakness","floor":6.0},{"not_picked":["Intimidate","Flame Barrier","Evolve"],"picked":"SKIP","floor":8.0},{"not_picked":["Intimidate","Evolve"],"picked":"Flame Barrier","floor":8.0},{"not_picked":["Fire Breathing","Feel No Pain"],"picked":"Headbutt+1","floor":10.0},{"not_picked":["Thunderclap+1","Rage","Metallicize"],"picked":"SKIP","floor":11.0},{"not_picked":["Brutality","Berserk"],"picked":"Offering","floor":16.0},{"not_picked":["Thunderclap+1","Heavy Blade+1","Dropkick+1"],"picked":"SKIP","floor":18.0},{"not_picked":["Evolve+1","Havoc"],"picked":"Sword Boomerang+1","floor":19.0},{"not_picked":["Pummel+1","Perfected Strike+1","Infernal Blade"],"picked":"SKIP","floor":21.0},{"not_picked":["Twin Strike+1","Iron Wave+1"],"picked":"Armaments+1","floor":23.0},{"not_picked":["Flex","Thunderclap+1"],"picked":"Reaper+1","floor":25.0},{"not_picked":["Shockwave+1","Clash+1","Thunderclap+1"],"picked":"Singing Bowl","floor":27.0},{"not_picked":["Flex+1","Anger+1","Carnage+1"],"picked":"Singing Bowl","floor":29.0},{"not_picked":["Rage+1","Dropkick+1","Fire Breathing"],"picked":"Singing Bowl","floor":30.0},{"not_picked":["Warcry+1","Demon Form","Wild Strike+1"],"picked":"Singing Bowl","floor":31.0},{"not_picked":["Second Wind+1","Headbutt+1","Heavy Blade+1"],"picked":"Singing Bowl","floor":32.0},{"not_picked":["Barricade","Brutality"],"picked":"Feed+1","floor":33.0},{"not_picked":["Power Through+1","Thunderclap+1","True Grit+1"],"picked":"Singing Bowl","floor":35.0},{"not_picked":["Madness+1","Good Instincts+1"],"picked":"Master of Strategy+1","floor":36.0},{"not_picked":["Warcry+1","Pommel Strike+1","Heavy Blade+1"],"picked":"Singing Bowl","floor":38.0},{"not_picked":["True Grit+1","Thunderclap+1","Blood for Blood+1"],"picked":"Singing Bowl","floor":40.0},{"not_picked":["Headbutt+1","Pommel Strike+1"],"picked":"Berserk","floor":41.0},{"not_picked":["Heavy Blade+1","Perfected Strike+1"],"picked":"Sword Boomerang+1","floor":42.0},{"not_picked":["Pommel Strike+1","Twin Strike+1","Feel No Pain"],"picked":"Singing Bowl","floor":44.0},{"not_picked":["Wild Strike+1","Ghostly Armor+1","Immolate+1"],"picked":"Singing Bowl","floor":45.0},{"not_picked":["Blood for Blood+1","Demon Form","Shrug It Off+1"],"picked":"Singing Bowl","floor":47.0},{"not_picked":["Cleave+1","Warcry+1"],"picked":"Bloodletting+1","floor":47.0},{"not_picked":["Heavy Blade+1","Cleave+1","Twin Strike+1"],"picked":"Singing Bowl","floor":47.0},{"not_picked":["Second Wind+1","Clash+1"],"picked":"Flex+1","floor":47.0},{"not_picked":["Burning Pact+1","Thunderclap+1","Iron Wave+1"],"picked":"Singing Bowl","floor":47.0},{"not_picked":["Iron Wave+1","Second Wind+1","Twin Strike+1"],"picked":"Singing Bowl","floor":48.0},{"not_picked":["Iron Wave+1","True Grit+1","Entrench+1"],"picked":"Singing Bowl","floor":49.0},{"not_picked":["Barricade","Rupture+1","Rage+1"],"picked":"Singing Bowl","floor":52.0},{"not_picked":["Reckless Charge+1","Headbutt+1","Iron Wave+1"],"picked":"Singing Bowl","floor":54}],"player_experience":471982,"relics_obtained":[{"floor":6.0,"key":"MawBank"},{"floor":8.0,"key":"InkBottle"},{"floor":9.0,"key":"Centennial Puzzle"},{"floor":10.0,"key":"Molten Egg 2"},{"floor":11.0,"key":"Calipers"},{"floor":23.0,"key":"Bird Faced Urn"},{"floor":25.0,"key":"Dream Catcher"},{"floor":26.0,"key":"Toxic Egg 2"},{"floor":27.0,"key":"Old Coin"},{"floor":27.0,"key":"Singing Bowl"},{"floor":29.0,"key":"War Paint"},{"floor":31.0,"key":"Gremlin Horn"},{"floor":40.0,"key":"Red Skull"},{"floor":40.0,"key":"Thread and Needle"},{"floor":41.0,"key":"Anchor"},{"floor":41.0,"key":"Eternal Feather"},{"floor":43.0,"key":"Orichalcum"},{"floor":44.0,"key":"CaptainsWheel"},{"floor":48.0,"key":"HornCleat"},{"floor":48.0,"key":"Art of War"},{"floor":54,"key":"Bottled Tornado"},{"floor":54,"key":"Pen Nib"}],"event_choices":[{"damage_healed":0.0,"max_hp_gain":0.0,"max_hp_loss":0.0,"gold_gain":0.0,"event_name":"The Woman in Blue","player_choice":"Bought 0 Potions","floor":3.0,"gold_loss":0.0,"damage_taken":0.0},{"cards_removed":["True Grit"],"damage_healed":0.0,"max_hp_gain":0.0,"max_hp_loss":0.0,"gold_gain":0.0,"event_name":"The Cleric","player_choice":"Card Removal","floor":7.0,"gold_loss":50.0,"damage_taken":0.0},{"damage_healed":0.0,"max_hp_gain":0.0,"max_hp_loss":0.0,"gold_gain":0.0,"event_name":"Living Wall","player_choice":"Grow","floor":14.0,"gold_loss":0.0,"damage_taken":0.0,"cards_upgraded":["Armaments"]},{"damage_healed":0.0,"max_hp_gain":0.0,"max_hp_loss":0.0,"gold_gain":0.0,"event_name":"The Mausoleum","player_choice":"Opened","floor":22.0,"gold_loss":0.0,"damage_taken":0.0,"relics_obtained":["Akabeko"],"cards_obtained":["Writhe"]},{"damage_healed":0.0,"max_hp_gain":0.0,"max_hp_loss":0.0,"gold_gain":0.0,"event_name":"Drug Dealer","player_choice":"Inject Mutagens","floor":24.0,"gold_loss":0.0,"damage_taken":0.0,"relics_obtained":["MutagenicStrength"]},{"damage_healed":0.0,"max_hp_gain":0.0,"max_hp_loss":0.0,"gold_gain":0.0,"event_name":"Colosseum","player_choice":"Fight","floor":27.0,"gold_loss":0.0,"damage_taken":0.0},{"damage_healed":0.0,"max_hp_gain":0.0,"max_hp_loss":0.0,"gold_gain":0.0,"event_name":"Colosseum","player_choice":"Fought Nobs","floor":27.0,"gold_loss":0.0,"damage_taken":0.0},{"damage_healed":0.0,"max_hp_gain":0.0,"max_hp_loss":0.0,"gold_gain":0.0,"event_name":"SensoryStone","player_choice":"Memory 1","floor":36.0,"gold_loss":0.0,"damage_taken":0.0},{"cards_removed":["Flex"],"damage_healed":0.0,"max_hp_gain":0.0,"max_hp_loss":0.0,"gold_gain":0.0,"event_name":"Purifier","player_choice":"Purged","floor":37.0,"gold_loss":0.0,"damage_taken":0.0},{"damage_healed":0.0,"max_hp_gain":0.0,"max_hp_loss":0.0,"gold_gain":0.0,"event_name":"MindBloom","player_choice":"Fight","floor":44.0,"gold_loss":0.0,"damage_taken":0.0},{"damage_healed":0.0,"max_hp_gain":0.0,"max_hp_loss":0.0,"gold_gain":100.0,"event_name":"Golden Shrine","player_choice":"Pray","floor":46.0,"gold_loss":0.0,"damage_taken":0.0}],"is_beta":false,"boss_relics":[{"not_picked":["Snecko Eye","Astrolabe"],"picked":"Sozu"},{"not_picked":["SlaversCollar","Tiny House"],"picked":"Black Star"}],"items_purged_floors":[4,20,39,47],"is_endless":false,"potions_floor_spawned":[1,2,8,11,21,23,27,29,31,41,48,54],"ascension_level":0}}