{"host":"prxrhpgaxnj4om9r","time":1614047502,"event":{"mods":["AchievementEnabler","BaseMod","Colored Map","DeckTracker","Minty Spire (QoL Compilation)"],"gold_per_floor":[110,110,110,122,47,75,92,122,173,205,205,205,233,248,248,349,349,366,386,36,53,253,281,59,71,71,71,89,122,122,136,136,237,287,305,305,355,355,81,81,115,115,142,91,120,134,21,33,33,33,33],"floor_reached":50,"language":"KOR","playtime":2600,"items_purged":["Regret"],"score":846,"play_id":"735567ee-f40f-4d45-86a9-8a407c178f28","local_time":"20210223113142","is_ascension_mode":true,"campfire_choices":[{"data":"Barricade","floor":12,"key":"SMITH"},{"data":"Perfected Strike","floor":15,"key":"SMITH"},{"floor":27,"key":"REST"},{"data":"Limit Break","floor":32,"key":"SMITH"},{"data":"Reaper","floor":40,"key":"SMITH"},{"data":"Spot Weakness","floor":49,"key":"SMITH"}],"circlet_count":0,"master_deck":["Strike_R+1","Strike_R+1","Strike_R+1","Strike_R+1","Strike_R+1","Defend_R+1","Defend_R+1","Defend_R+1","Bash","Reckless Charge","Hemokinesis","Perfected Strike+1","Spot Weakness+1","Wild Strike","Barricade+1","Ghostly Armor","Wild Strike","Battle Trance","Reaper+1","CurseOfTheBell","Metallicize+1","Feel No Pain+1","Body Slam+1","Blood for Blood","Limit Break+1","Flex+1","Cleave","Reaper+1","Shrug It Off+1","Berserk+1","Burning Pact+1","Perfected Strike+1","Evolve+1","Bandage Up","HandOfGreed","Fire Breathing+1","Dark Embrace+1","Carnage+1"],"relics":["Burning Blood","NeowsBlessing","HornCleat","PreservedInsect","Bag of Preparation","Anchor","Potion Belt","Meat on the Bone","Calling Bell","Juzu Bracelet","Blue Candle","FossilizedHelix","Frozen Egg 2","Sundial","Blood Vial","Mercury Hourglass","Toy Ornithopter","Tiny House","Champion Belt","Eternal Feather","Spirit Poop","Art of War","Orichalcum","InkBottle"],"acts_visited":["Exordium","TheCity","TheBeyond"],"potions_floor_usage":[8,13,18,25,45,45,46,50,50,50],"damage_taken":[{"damage":0,"enemies":"2 Louse","floor":1,"turns":1},{"damage":0,"enemies":"Jaw Worm","floor":4,"turns":1},{"damage":0,"enemies":"3 Sentries","floor":6,"turns":1},{"damage":2,"enemies":"Cultist","floor":7,"turns":2},{"damage":0,"enemies":"Gremlin Nob","floor":8,"turns":2},{"damage":13,"enemies":"3 Sentries","floor":10,"turns":5},{"damage":0,"enemies":"Gremlin Nob","floor":13,"turns":2},{"damage":0,"enemies":"2 Fungi Beasts","floor":14,"turns":2},{"damage":28,"enemies":"Slime Boss","floor":16,"turns":11},{"damage":16,"enemies":"3 Byrds","floor":18,"turns":6},{"damage":49,"enemies":"Shell Parasite","floor":19,"turns":8},{"damage":42,"enemies":"Snecko","floor":21,"turns":7},{"damage":37,"enemies":"Slavers","floor":23,"turns":5},{"damage":2,"enemies":"Centurion and Healer","floor":25,"turns":3},{"damage":0,"enemies":"3 Cultists","floor":28,"turns":6},{"damage":50,"enemies":"Book of Stabbing","floor":29,"turns":6},{"damage":18,"enemies":"Snake Plant","floor":31,"turns":5},{"damage":71,"enemies":"Champ","floor":33,"turns":13},{"damage":44,"enemies":"3 Darklings","floor":35,"turns":11},{"damage":0,"enemies":"Mind Bloom Boss Battle","floor":37,"turns":8},{"damage":11,"enemies":"3 Shapes","floor":41,"turns":6},{"damage":136,"enemies":"Giant Head","floor":45,"turns":8},{"damage":22,"enemies":"3 Darklings","floor":46,"turns":5},{"damage":26,"enemies":"Jaw Worm Horde","floor":48,"turns":6},{"damage":120,"enemies":"Time Eater","floor":50,"turns":12}],"seed_played":"6695770893065763011","potions_obtained":[{"floor":7,"key":"BlessingOfTheForge"},{"floor":10,"key":"Strength Potion"},{"floor":16,"key":"Fire Potion"},{"floor":21,"key":"SpeedPotion"},{"floor":23,"key":"Energy Potion"},{"floor":29,"key":"FairyPotion"},{"floor":33,"key":"Dexterity Potion"},{"floor":34,"key":"FairyPotion"},{"floor":41,"key":"Fire Potion"},{"floor":45,"key":"AttackPotion"},{"floor":48,"key":"Weak Potion"}],"is_trial":false,"path_per_floor":["M","?","?","M","$","E","M","E","T","E","?","R","E","M","R","B",null,"M","M","$","M","?","E","$","M","T","R","M","E","?","M","R","B",null,"M","?","?","?","$","R","M","?","T","$","E","M","?","M","R","B"],"character_chosen":"IRONCLAD","items_purchased":["Frozen Egg 2","FairyPotion","Blood Vial","Limit Break","Eternal Feather","Fire Breathing+1","Block Potion"],"campfire_rested":1,"item_purchase_floors":[20,20,24,24,39,39,44],"current_hp_per_floor":[78,78,78,80,80,80,80,80,80,73,73,73,79,80,80,58,75,68,37,37,42,42,37,37,55,55,79,80,58,58,63,63,39,75,57,78,85,80,80,85,85,85,85,85,43,77,77,63,84,0,0],"gold":33,"neow_bonus":"THREE_ENEMY_KILL","is_daily":false,"chose_seed":false,"campfire_upgraded":5,"win_rate":0.0,"timestamp":1614047502,"path_taken":["M","?","?","M","$","E","M","E","T","E","?","R","E","M","R","BOSS","M","M","$","M","?","E","?","M","T","R","M","E","?","M","R","BOSS","M","?","?","?","$","R","M","?","T","$","E","M","?","M","R","BOSS"],"items_purchased_type":["Relic","Potion","Relic","Card","Relic","Card","Potion"],"build_version":"2020-12-22","purchased_purges":1,"victory":false,"max_hp_per_floor":[80,80,80,80,80,80,80,80,80,80,80,80,80,80,80,80,80,80,80,80,80,80,80,80,80,80,80,80,80,80,80,80,80,85,85,85,85,85,85,85,85,85,85,85,85,85,85,85,85,85,85],"card_choices":[{"not_picked":["Warcry","Armaments"],"picked":"Reckless Charge","floor":1},{"not_picked":["Shockwave","Armaments"],"picked":"Perfected Strike","floor":4},{"not_picked":["Shrug It Off","Ghostly Armor"],"picked":"Spot Weakness","floor":6},{"not_picked":["Feel No Pain","Searing Blow"],"picked":"Wild Strike","floor":7},{"not_picked":["Twin Strike","Inflame"],"picked":"Barricade","floor":8},{"not_picked":["Sword Boomerang","Headbutt"],"picked":"Ghostly Armor","floor":10},{"not_picked":["Havoc","Uppercut"],"picked":"Wild Strike","floor":13},{"not_picked":["Searing Blow","Wild Strike"],"picked":"Battle Trance","floor":14},{"not_picked":["Impervious","Berserk"],"picked":"Reaper","floor":16},{"not_picked":["Carnage","Disarm"],"picked":"Metallicize+1","floor":18},{"not_picked":["Havoc","Sword Boomerang"],"picked":"Feel No Pain+1","floor":19},{"not_picked":["Battle Trance+1","Havoc"],"picked":"Body Slam+1","floor":21},{"not_picked":["Armaments","Body Slam"],"picked":"Blood for Blood","floor":23},{"not_picked":["Burning Pact","Dropkick"],"picked":"Flex+1","floor":25},{"not_picked":["Sword Boomerang+1","Havoc"],"picked":"Cleave","floor":28},{"not_picked":["True Grit","Warcry"],"picked":"Reaper","floor":29},{"not_picked":["Heavy Blade","Searing Blow"],"picked":"Shrug It Off+1","floor":31},{"not_picked":["Exhume","Double Tap"],"picked":"Berserk+1","floor":33},{"not_picked":["Body Slam","Reckless Charge+1"],"picked":"Burning Pact+1","floor":34},{"not_picked":["Shockwave","Cleave+1"],"picked":"Perfected Strike+1","floor":35},{"not_picked":["Cleave+1","Armaments+1"],"picked":"Evolve+1","floor":37},{"not_picked":["Metamorphosis","The Bomb"],"picked":"Bandage Up","floor":38},{"not_picked":["Forethought","Dramatic Entrance"],"picked":"HandOfGreed","floor":38},{"not_picked":["Perfected Strike","Shockwave+1","Metallicize+1"],"picked":"SKIP","floor":41},{"not_picked":["Body Slam","Sword Boomerang+1"],"picked":"Dark Embrace+1","floor":45},{"not_picked":["Clash","Battle Trance"],"picked":"Carnage+1","floor":46},{"not_picked":["Havoc+1","Shrug It Off","Clothesline+1"],"picked":"SKIP","floor":48}],"player_experience":597805,"relics_obtained":[{"floor":6,"key":"PreservedInsect"},{"floor":8,"key":"Bag of Preparation"},{"floor":9,"key":"Anchor"},{"floor":10,"key":"Potion Belt"},{"floor":13,"key":"Meat on the Bone"},{"floor":17,"key":"Juzu Bracelet"},{"floor":17,"key":"Blue Candle"},{"floor":17,"key":"FossilizedHelix"},{"floor":23,"key":"Sundial"},{"floor":26,"key":"Mercury Hourglass"},{"floor":29,"key":"Toy Ornithopter"},{"floor":37,"key":"Champion Belt"},{"floor":43,"key":"Art of War"},{"floor":45,"key":"Orichalcum"}],"event_choices":[{"damage_healed":0,"gold_gain":0,"player_choice":"Box","damage_taken":0,"relics_obtained":["HornCleat"],"max_hp_gain":0,"max_hp_loss":0,"event_name":"Big Fish","floor":2,"gold_loss":0,"cards_obtained":["Regret"]},{"damage_healed":0,"gold_gain":0,"cards_transformed":["Defend_R"],"player_choice":"Change","damage_taken":0,"max_hp_gain":0,"max_hp_loss":0,"event_name":"Living Wall","floor":3,"gold_loss":0,"cards_obtained":["Hemokinesis"]},{"damage_healed":0,"gold_gain":0,"player_choice":"Leave","damage_taken":0,"max_hp_gain":0,"max_hp_loss":0,"event_name":"The Cleric","floor":11,"gold_loss":0},{"damage_healed":0,"gold_gain":200,"player_choice":"Gold","damage_taken":0,"max_hp_gain":0,"max_hp_loss":0,"event_name":"Wheel of Change","floor":22,"gold_loss":0},{"damage_healed":0,"gold_gain":0,"player_choice":"Simplicity","damage_taken":0,"max_hp_gain":0,"max_hp_loss":0,"event_name":"Back to Basics","floor":30,"gold_loss":0,"cards_upgraded":["Strike_R","Strike_R","Strike_R","Strike_R","Strike_R","Defend_R","Defend_R","Defend_R"]},{"damage_healed":21,"gold_gain":0,"player_choice":"Writhe","damage_taken":0,"max_hp_gain":0,"max_hp_loss":0,"event_name":"Winding Halls","floor":36,"gold_loss":0,"cards_obtained":["Writhe"]},{"damage_healed":0,"gold_gain":0,"player_choice":"Fight","damage_taken":0,"max_hp_gain":0,"max_hp_loss":0,"event_name":"MindBloom","floor":37,"gold_loss":0},{"damage_healed":0,"gold_gain":0,"player_choice":"Memory 2","damage_taken":5,"max_hp_gain":0,"max_hp_loss":0,"event_name":"SensoryStone","floor":38,"gold_loss":0},{"cards_removed":["Writhe"],"damage_healed":0,"gold_gain":0,"player_choice":"Offered Curse","damage_taken":0,"relics_obtained":["Spirit Poop"],"max_hp_gain":0,"max_hp_loss":0,"event_name":"Bonfire Elementals","floor":42,"gold_loss":0},{"damage_healed":0,"gold_gain":0,"player_choice":"Paid Gold","damage_taken":0,"relics_obtained":["InkBottle"],"max_hp_gain":0,"max_hp_loss":0,"event_name":"WeMeetAgain","floor":47,"gold_loss":113}],"is_beta":false,"boss_relics":[{"not_picked":["Pandora\u0027s Box","Cursed Key"],"picked":"Calling Bell"},{"not_picked":["Fusion Hammer","Philosopher\u0027s Stone"],"picked":"Tiny House"}],"items_purged_floors":[5],"is_endless":false,"potions_floor_spawned":[7,10,16,21,23,29,33,41,45,48],"killed_by":"Time Eater","ascension_level":6}}