{"host":"p15wz9ezm2y4vyo6","time":1614074891,"event":{"mods":["BaseMod","Better Third Choice","Colored Map","Colored Powertips","Custom Start","Defuse TimeMaze Blight","Disable Question Mark Monsters","Displayed Cursed Tome","Downfall","Friendly Minions","Hermit","Hubris","Infinite Spire","Minty Spire (QoL Compilation)","Quick Restart","Rare Cards Sparkle","Replay The Spire","StSLib","SuperFastMode","The Construct","The Servant 0.9.4"],"gold_per_floor":[219,19,19,19,32,63,81,81,81,35,35,35,53,53,53,53,53,53],"floor_reached":16,"language":"ENG","playtime":480,"items_purged":["champ:Strike"],"score":98,"play_id":"c5b2026f-acbb-4eef-a4cc-f9ad59a1c527","local_time":"20210223100811","is_ascension_mode":false,"campfire_choices":[{"data":"champ:PerfectedStrike","floor":11,"key":"SMITH"},{"data":"champ:Taunt","floor":15,"key":"SMITH"}],"circlet_count":0,"master_deck":["champ:Strike","champ:Strike","champ:Strike","champ:Defend","champ:Defend","champ:Defend","champ:Defend","champ:Execute","champ:Taunt+1","champ:GutPunch","champ:FocusedBerserking+1","champ:EndlessRage","champ:HeartStrike","champ:ShieldWall","champ:BladeFlurry","champ:PerfectedStrike+1","champ:FanOfKnives"],"relics":["Replay:Wanted Poster","Oddly Smooth Stone","Akabeko","hubris:Icosahedron"],"acts_visited":["Exordium"],"potions_floor_usage":[],"damage_taken":[{"damage":15,"enemies":"2 Louse","floor":1,"turns":3},{"damage":15,"enemies":"Small Slimes","floor":5,"turns":4},{"damage":80,"enemies":"Lagavulin","floor":6,"turns":6},{"damage":19,"enemies":"Cultist","floor":7,"turns":4},{"damage":22,"enemies":"Large Slime","floor":13,"turns":4},{"damage":37,"enemies":"Hexaghost","floor":16,"turns":4}],"seed_played":"8616311403042675085","potions_obtained":[{"floor":6,"key":"Dexterity Potion"},{"floor":7,"key":"Block Potion"},{"floor":13,"key":"champ:CounterPotion"}],"is_trial":false,"path_per_floor":["M","$","?","?","M","E","M","?","T","$","R","?","M","?","R","B"],"character_chosen":"THE_CHAMP","items_purchased":["champ:FocusedBerserking+1","champ:EndlessRage","champ:PerfectedStrike"],"campfire_rested":0,"item_purchase_floors":[2,2,10],"current_hp_per_floor":[85,85,90,90,90,50,41,41,41,41,41,41,34,34,34,0,0,0],"gold":53,"neow_bonus":"BOSS_RELIC","is_daily":false,"chose_seed":false,"campfire_upgraded":2,"win_rate":0.0,"timestamp":1614074891,"path_taken":["M","$","?","?","M","E","?","?","T","?","R","?","M","?","R","BOSS"],"items_purchased_type":["Card","Card","Card"],"build_version":"2020-12-22","purchased_purges":1,"victory":false,"max_hp_per_floor":[90,90,95,95,95,95,95,95,95,95,95,95,95,95,95,95,95,95],"card_choices":[{"not_picked":["champ:RapidStrikes","champ:FanOfKnives"],"picked":"champ:GutPunch","floor":1},{"not_picked":["champ:EnGarde","champ:SetATrap"],"picked":"champ:HeartStrike","floor":5},{"not_picked":["champ:Backstep","champ:DefensiveShout"],"picked":"champ:ShieldWall","floor":6},{"not_picked":["champ:CalledShot","champ:EnGarde"],"picked":"champ:BladeFlurry","floor":7},{"not_picked":["champ:FaceSlap","champ:ArenaPreparation"],"picked":"champ:FanOfKnives","floor":13}],"player_experience":1115974,"relics_obtained":[{"floor":4,"key":"Oddly Smooth Stone"},{"floor":6,"key":"Akabeko"}],"event_choices":[{"damage_healed":0,"gold_gain":0,"player_choice":"Donut","damage_taken":0,"max_hp_gain":5,"max_hp_loss":0,"event_name":"Big Fish","floor":3,"gold_loss":0},{"damage_healed":0,"gold_gain":0,"player_choice":"Relic","damage_taken":0,"max_hp_gain":0,"max_hp_loss":0,"event_name":"Wheel of Change","floor":4,"gold_loss":0},{"damage_healed":0,"gold_gain":0,"player_choice":"Leave","damage_taken":0,"max_hp_gain":0,"max_hp_loss":0,"event_name":"The Cleric","floor":8,"gold_loss":0}],"is_beta":false,"boss_relics":[],"items_purged_floors":[2],"is_endless":false,"potions_floor_spawned":[6,7,13],"killed_by":"Hexaghost","ascension_level":0}}