{"host":"f0gpob8hq9vgebej","time":1614083045,"event":{"mods":["AchievementEnabler","BaseMod","Minty Spire (QoL Compilation)","Quick Restart","SuperFastMode"],"gold_per_floor":[14,26,40,55,72,72,72,72,72,82,94,126,126,137,137,137,137],"floor_reached":16,"language":"KOR","playtime":715,"items_purged":[],"score":196,"play_id":"7132be31-3676-4495-bdbd-481f5b43465c","local_time":"20210223212405","is_ascension_mode":true,"campfire_choices":[{"data":"Dash","floor":6.0,"key":"SMITH"},{"data":"Well Laid Plans","floor":8.0,"key":"SMITH"},{"data":"Outmaneuver","floor":13.0,"key":"SMITH"},{"data":"Poisoned Stab","floor":15.0,"key":"SMITH"}],"circlet_count":0,"master_deck":["AscendersBane","Strike_G","Strike_G","Strike_G","Defend_G","Defend_G","Defend_G","Defend_G","Survivor","Neutralize","Masterful Stab","Leg Sweep","Well Laid Plans+1","Dash+1","PiercingWail","Dagger Spray","Poisoned Stab+1","Outmaneuver+1","Escape Plan"],"relics":["Ring of the Snake","Darkstone Periapt","InkBottle"],"acts_visited":["Exordium"],"potions_floor_usage":[],"damage_taken":[{"damage":3.0,"enemies":"Small Slimes","floor":1.0,"turns":4.0},{"damage":0.0,"enemies":"Jaw Worm","floor":2.0,"turns":4.0},{"damage":0.0,"enemies":"Cultist","floor":3.0,"turns":3.0},{"damage":0.0,"enemies":"Gremlin Gang","floor":4.0,"turns":6.0},{"damage":10.0,"enemies":"Large Slime","floor":5.0,"turns":8.0},{"damage":0.0,"enemies":"Looter","floor":10.0,"turns":3.0},{"damage":2.0,"enemies":"3 Louse","floor":11.0,"turns":4.0},{"damage":4.0,"enemies":"3 Sentries","floor":12.0,"turns":8.0},{"damage":0.0,"enemies":"Blue Slaver","floor":14.0,"turns":3.0},{"damage":0,"enemies":"Hexaghost","floor":16,"turns":1}],"seed_played":"7123848299865005588","potions_obtained":[{"floor":1.0,"key":"Dexterity Potion"},{"floor":3.0,"key":"CunningPotion"},{"floor":10.0,"key":"SkillPotion"},{"floor":12.0,"key":"Energy Potion"}],"is_trial":false,"path_per_floor":["M","M","M","M","M","R","?","R","T","M","M","E","R","M","R","B"],"character_chosen":"THE_SILENT","items_purchased":[],"campfire_rested":0,"item_purchase_floors":[],"current_hp_per_floor":[56,56,56,56,46,46,39,39,39,39,37,33,33,33,33,33,33],"gold":137,"neow_bonus":"REMOVE_TWO","is_daily":false,"chose_seed":false,"campfire_upgraded":4,"win_rate":0.0,"timestamp":1614083045,"path_taken":["M","M","M","M","M","R","?","R","T","M","M","E","R","M","R","BOSS"],"items_purchased_type":[],"build_version":"2020-12-22","purchased_purges":0,"victory":false,"max_hp_per_floor":[66,66,66,66,66,66,66,66,66,66,66,66,66,66,66,66,66],"card_choices":[{"not_picked":["Bouncing Flask","Prepared"],"picked":"Masterful Stab","floor":1.0},{"not_picked":["Prepared","Acrobatics"],"picked":"Leg Sweep","floor":2.0},{"not_picked":["Outmaneuver","Escape Plan"],"picked":"Well Laid Plans","floor":3.0},{"not_picked":["Slice","Outmaneuver"],"picked":"Dash","floor":4.0},{"not_picked":["Outmaneuver","Cloak And Dagger"],"picked":"PiercingWail","floor":5.0},{"not_picked":["Bane","Dagger Throw"],"picked":"Dagger Spray","floor":10.0},{"not_picked":["Dodge and Roll","Slice"],"picked":"Poisoned Stab","floor":11.0},{"not_picked":["Dagger Spray","Cloak And Dagger"],"picked":"Outmaneuver","floor":12.0},{"not_picked":["Dagger Spray","Deflect"],"picked":"Escape Plan","floor":14.0}],"player_experience":396847,"relics_obtained":[{"floor":9.0,"key":"Darkstone Periapt"},{"floor":12.0,"key":"InkBottle"}],"event_choices":[{"cards_removed":["Strike_G"],"damage_healed":0.0,"max_hp_gain":0.0,"max_hp_loss":0.0,"gold_gain":0.0,"event_name":"Golden Wing","player_choice":"Card Removal","floor":7.0,"gold_loss":0.0,"damage_taken":7.0}],"is_beta":false,"boss_relics":[],"items_purged_floors":[],"is_endless":false,"potions_floor_spawned":[1,3,10,12,14],"killed_by":"Hexaghost","ascension_level":17}}