{"host":"0qlrtuw7bw78ucw4","time":1614061191,"event":{"mods":["BaseMod","Downfall","Minty Spire (QoL Compilation)","StSLib"],"gold_per_floor":[99,117,132,187,187,97,97,109,109,137,148,148,217,252,272,350,350,350,367,379,264,264,264,290,290,310,170,170,180,199,217,227,305,305,305,324,342,356,368,401,452,252,263,263,263,281,292,185,201,201],"floor_reached":51,"language":"ENG","playtime":3659,"items_purged":["Slimebound:Strike_Slimebound","Slimebound:Strike_Slimebound","Slimebound:Defend_Slimebound","Slimebound:Defend_Slimebound"],"score":1231,"play_id":"93c96e01-a7b7-4b98-bf2d-023d1e4266e0","local_time":"20210223171951","is_ascension_mode":true,"campfire_choices":[{"data":"Slimebound:SlimeSlap","floor":1.0,"key":"SMITH"},{"data":"Slimebound:SamplingLick","floor":12,"key":"SMITH"},{"data":"Slimebound:DuplicatedForm","floor":18,"key":"SMITH"},{"data":"Slimebound:HauntingLick","floor":23,"key":"SMITH"},{"data":"Slimebound:Prepare","floor":28,"key":"SMITH"},{"floor":35,"key":"RECALL"},{"floor":42,"key":"REST"}],"circlet_count":0,"master_deck":["AscendersBane","Slimebound:Split","Slimebound:CorrosiveSpit+1","Slimebound:SlimeSlap+1","Slimebound:GoopSpray","Slimebound:LivingWall","Slimebound:Prepare+1","Slimebound:SplitAcid","Slimebound:DuplicatedForm+1","Slimebound:SamplingLick+1","Slimebound:HauntingLick+1","Slimebound:OozeBath","Slimebound:SpikyOuterGoop","Slimebound:LivingWall","Slimebound:RainOfGoop","Slimebound:SplitSpecialist"],"relics":["Slimebound:AbsorbEndCombat","Shuriken","Pear","Lizard Tail","Incense Burner","SlaversCollar","Slimebound:AggressiveSlimeRelic","Fusion Hammer","Whetstone","MealTicket","downfall:HeartBlessingRed","downfall:HeartBlessingGreen","Red Mask","downfall:RedIOUUpgrade","OrangePellets"],"acts_visited":["Exordium","TheCity","TheBeyond"],"potions_floor_usage":[14,14,16,20,21,32,38,50,50],"damage_taken":[{"damage":4,"enemies":"Cultist","floor":2,"turns":4},{"damage":0,"enemies":"Jaw Worm","floor":3,"turns":3},{"damage":25,"enemies":"3 Sentries","floor":4,"turns":9},{"damage":8,"enemies":"downfall:FleeingMerchant","floor":6,"turns":4},{"damage":0,"enemies":"Small Slimes","floor":8,"turns":3},{"damage":29,"enemies":"3 Sentries","floor":10,"turns":6},{"damage":1,"enemies":"downfall:LooterAlt","floor":11,"turns":3},{"damage":6,"enemies":"Gremlin Nob","floor":14,"turns":4},{"damage":27,"enemies":"Exordium Thugs","floor":15,"turns":5},{"damage":29,"enemies":"WA_ARCHETYPE_RETAIN","floor":16,"turns":6},{"damage":10,"enemies":"Spheric Guardian","floor":19,"turns":4},{"damage":5,"enemies":"downfall:LooterAlt2","floor":20,"turns":4},{"damage":21,"enemies":"downfall:FleeingMerchant","floor":21,"turns":4},{"damage":0,"enemies":"downfall:FleeingMerchant","floor":25,"turns":5},{"damage":27,"enemies":"3 Cultists","floor":26,"turns":5},{"damage":4,"enemies":"downfall:FleeingMerchant","floor":27,"turns":4},{"damage":4,"enemies":"Cultist and Chosen","floor":29,"turns":4},{"damage":28,"enemies":"Snake Plant","floor":30,"turns":3},{"damage":20,"enemies":"Centurion and Healer","floor":31,"turns":4},{"damage":27,"enemies":"Cultist and Chosen","floor":32,"turns":5},{"damage":13,"enemies":"SI_MIRROR_ARCHETYPE","floor":33,"turns":9},{"damage":15,"enemies":"Orb Walker","floor":36,"turns":3},{"damage":15,"enemies":"3 Shapes","floor":37,"turns":4},{"damage":41,"enemies":"3 Darklings","floor":38,"turns":5},{"damage":12,"enemies":"Spire Growth","floor":39,"turns":5},{"damage":18,"enemies":"Giant Head","floor":40,"turns":6},{"damage":23,"enemies":"Writhing Mass","floor":43,"turns":5},{"damage":30,"enemies":"Transient","floor":46,"turns":5},{"damage":10,"enemies":"3 Darklings","floor":47,"turns":8},{"damage":15,"enemies":"downfall:FleeingMerchant","floor":48,"turns":3},{"damage":15,"enemies":"Spire Growth","floor":49,"turns":4},{"damage":57,"enemies":"DF_ARCHETYPE_ORBS","floor":50,"turns":6}],"seed_played":"3741279144754988560","potions_obtained":[{"floor":8,"key":"Slimebound:SlimedPotion"},{"floor":10,"key":"hexamod:SoulburnPotion"},{"floor":14,"key":"PowerPotion"},{"floor":15,"key":"AttackPotion"},{"floor":19,"key":"SteroidPotion"},{"floor":20,"key":"Block Potion"},{"floor":30,"key":"Energy Potion"},{"floor":32,"key":"SpeedPotion"},{"floor":38,"key":"BlessingOfTheForge"},{"floor":39,"key":"SpeedPotion"},{"floor":43,"key":"DuplicationPotion"}],"is_trial":false,"path_per_floor":["R","M","M","?","?","$","T","M","?","E","M","R","T","E","M","B",null,"R","M","M","$","?","R","T","?","M","$","R","M","M","M","M","B",null,"R","M","M","M","M","E","T","R","M","?","?","M","M","$","M","B",null],"character_chosen":"SLIMEBOUND","items_purchased":["Slimebound:RainOfGoop","OrangePellets","Slimebound:SplitSpecialist"],"campfire_rested":1,"item_purchase_floors":[48,48,48],"current_hp_per_floor":[53,53,59,42,42,40,50,56,56,50,55,55,55,53,49,43,63,63,59,62,64,64,64,64,69,48,65,65,69,60,63,57,61,67,67,69,69,50,59,64,64,69,67,67,67,60,66,69,69,33],"gold":201,"neow_bonus":"ONE_RANDOM_RARE_CARD","is_daily":false,"chose_seed":false,"campfire_upgraded":5,"win_rate":0.0,"timestamp":1614061191,"path_taken":["R","M","?","?","?","$","T","M","?","E","?","R","?","E","M","BOSS","R","M","M","$","?","R","T","?","?","$","R","?","M","M","M","BOSS","R","M","M","M","M","E","T","R","M","?","?","M","M","$","M","BOSS"],"items_purchased_type":["Card","Relic","Card"],"build_version":"2020-12-22","purchased_purges":4,"victory":true,"max_hp_per_floor":[59,59,59,59,59,59,69,69,69,69,69,69,69,69,69,69,69,69,69,69,69,69,69,69,69,69,69,69,69,69,69,69,69,69,69,69,69,69,69,69,69,69,69,69,69,69,69,69,69,69],"card_choices":[{"not_picked":["Slimebound:LeechEnergy","Slimebound:LivingWall"],"picked":"Slimebound:GoopSpray","floor":2},{"not_picked":["Slimebound:ProtectTheBoss","Slimebound:LeechEnergy"],"picked":"Slimebound:LivingWall","floor":3},{"not_picked":["Slimebound:HungryTackle","Slimebound:SplitAcid"],"picked":"Slimebound:Prepare","floor":4},{"not_picked":["Slimebound:DivideAndConquer","Slimebound:SplitBruiser"],"picked":"Slimebound:SplitAcid","floor":6},{"not_picked":["Slimebound:LivingWall","Slimebound:SplitMire"],"picked":"Slimebound:DuplicatedForm","floor":8},{"not_picked":["Slimebound:HungryTackle","Slimebound:RollThrough","Slimebound:ViciousTackle"],"picked":"SKIP","floor":10},{"not_picked":["Slimebound:Equalize","Slimebound:MegaLick"],"picked":"Slimebound:SamplingLick","floor":11},{"not_picked":["Slimebound:ProtectTheBoss","Slimebound:LivingWall"],"picked":"Slimebound:HauntingLick","floor":14},{"not_picked":["Slimebound:Schlurp","Slimebound:LeechingTouch"],"picked":"Slimebound:SlimeBarrage","floor":15},{"not_picked":["Slimebound:CheckThePlaybook","Slimebound:LeechLife"],"picked":"Slimebound:OozeBath","floor":16},{"not_picked":["Slimebound:SamplingLick","Slimebound:Dissolve","Slimebound:Nibble"],"picked":"SKIP","floor":19},{"not_picked":["Slimebound:ItLooksTasty","Slimebound:TongueLash","Slimebound:PressTheAttack"],"picked":"SKIP","floor":20},{"not_picked":["Slimebound:MinionMaster","Slimebound:LivingWall","Slimebound:ProtectTheBoss+1"],"picked":"SKIP","floor":21},{"not_picked":["Slimebound:FinishingTackle+1","Slimebound:Nibble","Slimebound:SplitMire"],"picked":"SKIP","floor":26},{"not_picked":["Slimebound:Grow","Slimebound:MassFeed"],"picked":"Slimebound:SpikyOuterGoop","floor":27},{"not_picked":["Slimebound:ForwardTackle","Slimebound:LivingWall","Slimebound:LeechEnergy+1"],"picked":"SKIP","floor":29},{"not_picked":["Slimebound:SplitMire","Slimebound:Gluttony","Slimebound:HauntingLick"],"picked":"SKIP","floor":30},{"not_picked":["Slimebound:SlimeTap+1","Slimebound:FinishingTackle","Slimebound:SplitAcid+1"],"picked":"SKIP","floor":31},{"not_picked":["Slimebound:SlimeTap+1","Slimebound:ProtectTheBoss","Slimebound:SplitMire"],"picked":"SKIP","floor":32},{"not_picked":["Slimebound:HauntingLick","Slimebound:RollThrough","Slimebound:Nibble"],"picked":"SKIP","floor":36},{"not_picked":["Slimebound:SamplingLick","Slimebound:GrowthPunch","Slimebound:LivingWall"],"picked":"SKIP","floor":37},{"not_picked":["Slimebound:LeechEnergy+1","Slimebound:Schlurp+1","Slimebound:SplitAcid"],"picked":"SKIP","floor":38},{"not_picked":["Slimebound:RollThrough","Slimebound:LeechEnergy","Slimebound:FinishingTackle"],"picked":"SKIP","floor":39},{"not_picked":["Slimebound:HungryTackle","Slimebound:SplitBruiser+1","Slimebound:MassFeed"],"picked":"SKIP","floor":40},{"not_picked":["Slimebound:PressTheAttack","Slimebound:LivingWall","Slimebound:DivideAndConquer"],"picked":"SKIP","floor":43},{"not_picked":["Slimebound:Schlurp+1","Slimebound:SlimeBarrage","Slimebound:Prepare"],"picked":"SKIP","floor":46},{"not_picked":["Slimebound:SplitAcid","Slimebound:SplitBruiser"],"picked":"Slimebound:LivingWall","floor":47},{"not_picked":["Slimebound:PressTheAttack","Slimebound:CheckThePlaybook","Slimebound:Replication"],"picked":"SKIP","floor":48},{"not_picked":["Slimebound:SplitLeeching","Slimebound:SplitMire+1","Slimebound:GoopSpray"],"picked":"SKIP","floor":49}],"player_experience":1040334,"relics_obtained":[{"floor":7,"key":"Pear"},{"floor":10,"key":"Lizard Tail"},{"floor":13,"key":"InkBottle"},{"floor":14,"key":"Incense Burner"},{"floor":24,"key":"Slimebound:AggressiveSlimeRelic"},{"floor":40,"key":"Whetstone"},{"floor":41,"key":"MealTicket"}],"event_choices":[{"cards_removed":["Slimebound:Defend_Slimebound"],"damage_healed":0,"gold_gain":0,"player_choice":"Card Removal","damage_taken":0,"max_hp_gain":0,"max_hp_loss":0,"event_name":"The Cleric","floor":5,"gold_loss":0},{"cards_removed":["Slimebound:Defend_Slimebound"],"damage_healed":0,"gold_gain":0,"player_choice":"Offered Basic","damage_taken":0,"max_hp_gain":0,"max_hp_loss":0,"event_name":"Bonfire Elementals","floor":45,"gold_loss":0}],"is_beta":false,"boss_relics":[{"not_picked":["Pandora\u0027s Box","Slimebound:AbsorbEndCombatUpgraded"],"picked":"SlaversCollar"},{"not_picked":["Tiny House","Velvet Choker"],"picked":"Fusion Hammer"}],"items_purged_floors":[6,21,27,48],"is_endless":false,"potions_floor_spawned":[8,10,14,15,19,20,30,32,33,38,39,43,46],"ascension_level":16}}