{"host":"93bjq340p293ukqy","time":1614115148,"event":{"mods":["BaseMod","Hermit","Minty Spire (QoL Compilation)","StSLib","The Cursed"],"gold_per_floor":[112,131,151,11,30,30,57,57,106,106,139,154,254,268,268,373,373,389,389,389,416,56,56,56],"floor_reached":23,"language":"ENG","playtime":1303,"items_purged":[],"score":269,"play_id":"4e7cd489-0485-46b9-8422-b60b9f3dc2a6","local_time":"20210223231908","is_ascension_mode":true,"campfire_choices":[{"floor":6,"key":"RECALL"},{"floor":10,"key":"REST"},{"floor":15,"key":"REST"}],"circlet_count":0,"master_deck":["Strike_R","Strike_R","Defend_R","Defend_R","Defend_R","Defend_R","Bash","Flame Barrier","Wild Strike","Uppercut","Dark Embrace","Cleave","Havoc","Barricade","Spot Weakness+1","Pummel+1","Disarm+1","Shrug It Off","Flame Barrier","Thinking Ahead","Bandage Up","Entrench"],"relics":["Fusion Hammer","Matryoshka","Art of War","Juzu Bracelet","Lantern","Sundial","Astrolabe","Akabeko","Happy Flower"],"acts_visited":["Exordium","TheCity"],"potions_floor_usage":[5,16,16,18],"damage_taken":[{"damage":0,"enemies":"Cultist","floor":1,"turns":3},{"damage":0,"enemies":"Small Slimes","floor":2,"turns":3},{"damage":2,"enemies":"Jaw Worm","floor":3,"turns":3},{"damage":5,"enemies":"2 Fungi Beasts","floor":5,"turns":5},{"damage":23,"enemies":"3 Sentries","floor":7,"turns":8},{"damage":32,"enemies":"Gremlin Nob","floor":11,"turns":5},{"damage":4,"enemies":"Lots of Slimes","floor":12,"turns":2},{"damage":8,"enemies":"3 Louse","floor":14,"turns":3},{"damage":8,"enemies":"The Guardian","floor":16,"turns":10},{"damage":4,"enemies":"Shell Parasite","floor":18,"turns":4},{"damage":72,"enemies":"Gremlin Leader","floor":23,"turns":6}],"seed_played":"-1070618834986230397","potions_obtained":[{"floor":1,"key":"SkillPotion"},{"floor":3,"key":"Dexterity Potion"},{"floor":12,"key":"DuplicationPotion"},{"floor":16,"key":"Block Potion"}],"is_trial":false,"path_per_floor":["M","M","M","$","M","R","E","?","T","R","E","M","?","M","R","B",null,"M","?","?","T","$","E"],"character_chosen":"IRONCLAD","items_purchased":["Berserk","Thinking Ahead","Bandage Up","Entrench"],"campfire_rested":2,"item_purchase_floors":[4,22,22,22],"current_hp_per_floor":[72,72,70,70,65,65,42,39,39,63,31,27,27,19,43,35,69,65,65,65,65,65,0,0],"gold":56,"neow_bonus":"BOSS_RELIC","is_daily":false,"chose_seed":false,"campfire_upgraded":0,"win_rate":0.0,"timestamp":1614115148,"path_taken":["M","M","M","$","?","R","E","?","T","R","E","M","?","M","R","BOSS","M","?","?","?","$","E"],"items_purchased_type":["Card","Card","Card","Card"],"build_version":"2020-12-22","purchased_purges":0,"victory":false,"max_hp_per_floor":[80,80,80,80,80,80,80,80,80,80,80,80,80,80,80,80,80,80,80,80,80,80,80,80],"card_choices":[{"not_picked":["Combust","Anger"],"picked":"Flame Barrier","floor":1},{"not_picked":["Rampage","Headbutt"],"picked":"Wild Strike","floor":2},{"not_picked":["Armaments","Perfected Strike"],"picked":"Uppercut","floor":3},{"not_picked":["Heavy Blade","Flex","Armaments"],"picked":"SKIP","floor":5},{"not_picked":["Impervious","Rampage"],"picked":"Dark Embrace","floor":7},{"not_picked":["Headbutt","Clash"],"picked":"Cleave","floor":11},{"not_picked":["Body Slam","Headbutt","Reckless Charge"],"picked":"SKIP","floor":12},{"not_picked":["Sever Soul","Second Wind"],"picked":"Havoc","floor":14},{"not_picked":["Impervious","Brutality"],"picked":"Barricade","floor":16},{"not_picked":["Clash","Clothesline"],"picked":"Shrug It Off","floor":18}],"player_experience":277318,"relics_obtained":[{"floor":7,"key":"Matryoshka"},{"floor":9,"key":"Juzu Bracelet"},{"floor":9,"key":"Lantern"},{"floor":11,"key":"Sundial"},{"floor":21,"key":"Akabeko"},{"floor":21,"key":"Happy Flower"}],"event_choices":[{"damage_healed":0,"gold_gain":0,"player_choice":"Success","damage_taken":3,"relics_obtained":["Art of War"],"max_hp_gain":0,"max_hp_loss":0,"event_name":"Scrap Ooze","floor":8,"gold_loss":0},{"damage_healed":0,"gold_gain":100,"player_choice":"Pray","damage_taken":0,"max_hp_gain":0,"max_hp_loss":0,"event_name":"Golden Shrine","floor":13,"gold_loss":0},{"cards_removed":["Berserk"],"damage_healed":0,"gold_gain":0,"player_choice":"Purged","damage_taken":0,"max_hp_gain":0,"max_hp_loss":0,"event_name":"Purifier","floor":19,"gold_loss":0},{"damage_healed":0,"gold_gain":0,"player_choice":"Copied","damage_taken":0,"max_hp_gain":0,"max_hp_loss":0,"event_name":"Duplicator","floor":20,"gold_loss":0,"cards_obtained":["Flame Barrier"]}],"is_beta":false,"boss_relics":[{"not_picked":["Runic Cube","SlaversCollar"],"picked":"Astrolabe"}],"items_purged_floors":[],"is_endless":false,"potions_floor_spawned":[1,3,12,16],"killed_by":"Gremlin Leader","ascension_level":7}}