{"host":"fbdlh90rovbiajun","time":1614054573,"event":{"mods":["AchievementEnabler","BaseMod","Colored Map","Keyboard Shortcuts","Minty Spire (QoL Compilation)","SuperFastMode"],"gold_per_floor":[118,118,118,43,62,98,123,157,157,182,205,238,138,159,159,159,159],"floor_reached":16,"language":"KOR","playtime":490,"items_purged":["Defend_P","Strike_P"],"score":221,"play_id":"e6e071a2-9e1f-4dfb-a287-34b5e4fcfbb2","local_time":"20210223132933","is_ascension_mode":true,"campfire_choices":[{"data":"Eruption","floor":15,"key":"SMITH"}],"circlet_count":0,"master_deck":["Strike_P","Strike_P","Strike_P","Defend_P","Defend_P","Defend_P","Eruption+1","Vigilance","TalkToTheHand","SandsOfTime","InnerPeace"],"relics":["PureWater","NeowsBlessing","Golden Idol","Pen Nib","Singing Bowl","Orichalcum","MealTicket","Blue Candle"],"acts_visited":["Exordium"],"potions_floor_usage":[12,16,16],"damage_taken":[{"damage":0,"enemies":"Jaw Worm","floor":1,"turns":1},{"damage":0,"enemies":"2 Louse","floor":5,"turns":1},{"damage":0,"enemies":"3 Sentries","floor":6,"turns":2},{"damage":0,"enemies":"Cultist","floor":7,"turns":4},{"damage":28,"enemies":"Gremlin Nob","floor":8,"turns":3},{"damage":2,"enemies":"Blue Slaver","floor":10,"turns":4},{"damage":0,"enemies":"Lagavulin","floor":12,"turns":4},{"damage":4,"enemies":"Looter","floor":14,"turns":3},{"damage":34,"enemies":"Hexaghost","floor":16,"turns":10}],"seed_played":"8051353228887900082","potions_obtained":[{"floor":1,"key":"Weak Potion"},{"floor":5,"key":"DuplicationPotion"},{"floor":7,"key":"SkillPotion"},{"floor":8,"key":"StancePotion"}],"is_trial":false,"path_per_floor":["M","?","?","$","M","E","M","E","T","M","T","E","$","M","R","B"],"character_chosen":"WATCHER","items_purchased":[],"campfire_rested":0,"item_purchase_floors":[],"current_hp_per_floor":[65,65,47,47,47,47,47,21,21,21,21,23,38,34,34,0,0],"gold":159,"neow_bonus":"THREE_ENEMY_KILL","is_daily":false,"chose_seed":false,"campfire_upgraded":1,"win_rate":0.0,"timestamp":1614054573,"path_taken":["M","?","?","$","M","E","M","E","T","M","?","E","$","M","R","BOSS"],"items_purchased_type":[],"build_version":"2020-12-22","purchased_purges":2,"victory":false,"max_hp_per_floor":[72,72,72,72,72,72,72,74,74,76,76,78,78,78,78,78,78],"card_choices":[{"not_picked":["ClearTheMind","FlyingSleeves","Prostrate"],"picked":"SKIP","floor":1},{"not_picked":["WindmillStrike","Study"],"picked":"TalkToTheHand","floor":5},{"not_picked":["FlyingSleeves","ThirdEye"],"picked":"SandsOfTime","floor":6},{"not_picked":["FollowUp","Consecrate","ThirdEye"],"picked":"SKIP","floor":7},{"not_picked":["Vault","DeusExMachina","CutThroughFate"],"picked":"Singing Bowl","floor":8},{"not_picked":["Worship","FlurryOfBlows","CarveReality"],"picked":"Singing Bowl","floor":10},{"not_picked":["FollowUp","FlurryOfBlows","WreathOfFlame"],"picked":"Singing Bowl","floor":12},{"not_picked":["FollowUp","FlyingSleeves"],"picked":"InnerPeace","floor":14}],"player_experience":119098,"relics_obtained":[{"floor":6,"key":"Pen Nib"},{"floor":8,"key":"Singing Bowl"},{"floor":9,"key":"Orichalcum"},{"floor":11,"key":"MealTicket"},{"floor":12,"key":"Blue Candle"}],"event_choices":[{"damage_healed":0,"gold_gain":0,"player_choice":"Ignored","damage_taken":0,"max_hp_gain":0,"max_hp_loss":0,"event_name":"Liars Game","floor":2,"gold_loss":0},{"damage_healed":0,"gold_gain":0,"player_choice":"Take Damage","damage_taken":18,"relics_obtained":["Golden Idol"],"max_hp_gain":0,"max_hp_loss":0,"event_name":"Golden Idol","floor":3,"gold_loss":0}],"is_beta":false,"boss_relics":[],"items_purged_floors":[4,13],"is_endless":false,"potions_floor_spawned":[1,5,7,8],"killed_by":"Hexaghost","ascension_level":6}}