{"host":"mi0eibewekhugwl1","time":1614093437,"event":{"mods":["AchievementEnabler","BaseMod","Colored Map","Colored Powertips","DeckTracker","Keyboard Shortcuts","Minty Spire (QoL Compilation)","Quick Restart","Rare Cards Sparkle","Relic Stats","StSLib","SuperFastMode","everything is the same but u backflip on backflip"],"gold_per_floor":[118,131,131,131,131,170,170,16,16,16,34,49,49,65,65,163,163,188,188,188,43,43,43],"floor_reached":22,"language":"KOR","playtime":319,"items_purged":["Strike_B","Strike_B"],"score":414,"play_id":"8bcf2d4a-6791-4fc5-abe8-964f185abd57","local_time":"20210224001717","is_ascension_mode":true,"campfire_choices":[{"data":"Beam Cell","floor":7,"key":"SMITH"},{"data":"Self Repair","floor":10,"key":"SMITH"},{"data":"Chaos","floor":13,"key":"SMITH"},{"data":"Sunder","floor":15,"key":"SMITH"}],"circlet_count":0,"master_deck":["AscendersBane","Strike_B","Strike_B","Defend_B","Defend_B","Defend_B","Defend_B","Zap","Dualcast","Beam Cell+1","Loop+1","Chaos+1","Self Repair+1","Heatsinks","Compile Driver","Sunder+1","Creative AI","Ball Lightning","Consume"],"relics":["Cracked Core","NeowsBlessing","Golden Idol","Pantograph","HornCleat","Inserter","FaceOfCleric"],"acts_visited":["Exordium","TheCity"],"potions_floor_usage":[16],"damage_taken":[{"damage":0,"enemies":"Small Slimes","floor":1,"turns":1},{"damage":0,"enemies":"Jaw Worm","floor":2,"turns":1},{"damage":0,"enemies":"3 Sentries","floor":6,"turns":1},{"damage":2,"enemies":"2 Louse","floor":11,"turns":3},{"damage":32,"enemies":"Exordium Wildlife","floor":12,"turns":5},{"damage":9,"enemies":"Red Slaver","floor":14,"turns":4},{"damage":59,"enemies":"Hexaghost","floor":16,"turns":10},{"damage":33,"enemies":"2 Thieves","floor":18,"turns":4},{"damage":38,"enemies":"3 Byrds","floor":22,"turns":5}],"seed_played":"-983635066685723799","potions_obtained":[{"floor":11,"key":"Ancient Potion"},{"floor":12,"key":"BlessingOfTheForge"}],"is_trial":false,"path_per_floor":["M","M","?","?","?","E","R","$","T","R","M","M","R","M","R","B",null,"M","?","?","$","M"],"character_chosen":"DEFECT","items_purchased":["Self Repair","Consume"],"campfire_rested":0,"item_purchase_floors":[8,21],"current_hp_per_floor":[64,64,69,69,69,69,69,69,69,69,69,47,47,48,48,20,57,34,34,34,34,0,0],"gold":43,"neow_bonus":"THREE_ENEMY_KILL","is_daily":false,"chose_seed":false,"campfire_upgraded":4,"win_rate":0.0,"timestamp":1614093437,"path_taken":["M","M","?","?","?","E","R","$","T","R","M","M","R","M","R","BOSS","M","?","?","$","?"],"items_purchased_type":["Card","Card"],"build_version":"2020-12-22","purchased_purges":2,"victory":false,"max_hp_per_floor":[71,71,76,76,69,69,69,69,69,69,69,69,69,69,69,69,69,69,69,69,69,69,69],"relic_stats":{"Inserter":[4],"FaceOfCleric":0,"counters":[9,34],"Golden Idol":43,"Pantograph":21,"obtain_stats":[{"HornCleat":9,"Inserter":17,"NeowsBlessing":0,"FaceOfCleric":20,"Golden Idol":5,"Pantograph":6,"Cracked Core":0},{"HornCleat":3,"Inserter":7,"NeowsBlessing":0,"FaceOfCleric":8,"Golden Idol":2,"Pantograph":3,"Cracked Core":0},{"HornCleat":3,"Inserter":25,"NeowsBlessing":0,"FaceOfCleric":29,"Golden Idol":2,"Pantograph":3,"Cracked Core":0}]},"card_choices":[{"not_picked":["Rebound","Conserve Battery"],"picked":"Beam Cell","floor":1},{"not_picked":["Conserve Battery","Rebound"],"picked":"Loop","floor":2},{"not_picked":["Conserve Battery","Reinforced Body"],"picked":"Chaos","floor":6},{"not_picked":["Machine Learning","Beam Cell"],"picked":"Heatsinks","floor":11},{"not_picked":["Reinforced Body","Chill"],"picked":"Compile Driver","floor":12},{"not_picked":["Leap","Auto Shields"],"picked":"Sunder","floor":14},{"not_picked":["Reboot","Meteor Strike"],"picked":"Creative AI","floor":16},{"not_picked":["Go for the Eyes","Genetic Algorithm"],"picked":"Ball Lightning","floor":18}],"player_experience":1820605,"relics_obtained":[{"floor":6,"key":"Pantograph"},{"floor":9,"key":"HornCleat"}],"event_choices":[{"damage_healed":0,"gold_gain":0,"player_choice":"Donut","damage_taken":0,"max_hp_gain":5,"max_hp_loss":0,"event_name":"Big Fish","floor":3,"gold_loss":0},{"damage_healed":0,"gold_gain":0,"player_choice":"Grow","damage_taken":0,"max_hp_gain":0,"max_hp_loss":0,"event_name":"Living Wall","floor":4,"gold_loss":0,"cards_upgraded":["Loop"]},{"damage_healed":0,"gold_gain":0,"player_choice":"Lose Max HP","damage_taken":0,"relics_obtained":["Golden Idol"],"max_hp_gain":0,"max_hp_loss":7,"event_name":"Golden Idol","floor":5,"gold_loss":0},{"damage_healed":0,"gold_gain":0,"player_choice":"Ignored","damage_taken":0,"max_hp_gain":0,"max_hp_loss":0,"event_name":"Ghosts","floor":19,"gold_loss":0},{"damage_healed":0,"gold_gain":0,"player_choice":"Trade","damage_taken":0,"relics_obtained":["FaceOfCleric"],"max_hp_gain":0,"max_hp_loss":0,"event_name":"FaceTrader","floor":20,"gold_loss":0}],"is_beta":false,"boss_relics":[{"not_picked":["Astrolabe","Sozu"],"picked":"Inserter"}],"items_purged_floors":[8,21],"is_endless":false,"potions_floor_spawned":[11,12,14],"killed_by":"3 Byrds","ascension_level":20}}